4202 6250
466 346 600 405 H29

1051 456 1272 514 CAPUT
1314 456 1427 510 XX.

935 566 1009 620 De
1038 570 1253 622 numeris
1275 568 1467 622 solidis.

542 698 679 752 IIinc
706 712 833 751 vero
858 697 921 749 ad
956 695 1146 765 ﬁguras
1175 696 1369 748 solidas
1395 696 1601 749 facilior
1643 696 1724 750 via
1768 706 1870 750 est.
1897 697 2038 750 Prm-

466 787 684 849 (ξηκυίιο
711 785 851 838 enim
881 783 1003 851 quid
1033 784 1083 835 in
1117 783 1284 849 planis
1325 798 1672 836 numerorum
1716 785 1897 852 ﬁguris
1957 787 2039 838 vis

468 876 583 938 ipsa
612 871 921 940 quantitatis
952 870 1256 923 naturaliter
1292 879 1567 935 operetur,
1606 872 1669 924 ad
1711 872 1911 925 solidos
1943 890 2040 925 nu-

468 976 649 1014 meros
691 976 794 1012 non
820 959 923 1013 erit
967 959 1072 1011 ulla
1102 961 1393 1014 cunctatio.
1435 961 1587 1015 Sicut
1624 962 1766 1015 enim
1816 962 2040 1030 longitu-

468 1049 578 1100 dini
619 1060 958 1099 numerorum
999 1046 1138 1099 aliud
1186 1046 1549 1112 intervallum,
1585 1048 1639 1102 id
1683 1054 1766 1102 est
1813 1051 2040 1117 superﬁ-

465 1137 622 1198 ciem,
650 1145 707 1188 ut
742 1135 962 1188 latitudo
988 1135 1381 1200 ostenderetur,
1429 1136 1744 1203 adiecimus,
1784 1138 1857 1190 ita
1902 1152 2042 1191 nunc

468 1223 732 1276 latitudini
754 1223 799 1276 si
827 1223 945 1291 quis
975 1222 1133 1276 addat
1160 1238 1277 1277 eam
1310 1239 1427 1291 qua:
1464 1224 1596 1277 alias
1631 1225 1877 1287 altitudo,
1907 1225 2041 1277 alias

458 1311 788 1375 crassitudo,
817 1312 948 1363 alias
974 1310 1308 1378 profunditas
1328 1312 1654 1381 appellatur,
1687 1313 1914 1368 solidum
1944 1330 2040 1367 nu-

470 1398 605 1451 meri
634 1413 823 1466 corpus
853 1398 1113 1467 explebit.

1056 1544 1279 1602 CAPUT
1314 1544 1459 1600 XXI.

476 1663 553 1716 De
582 1663 866 1731 pyramide,
901 1662 1036 1730 quod
1060 1676 1118 1713 ea
1145 1662 1207 1713 sit
1232 1661 1510 1713 solidorum
1538 1662 1818 1731 ﬁgurarum
1846 1663 2044 1732 princi-

542 1754 702 1822 pium,
731 1754 857 1804 sicut
886 1752 1172 1821 triangulus
1196 1753 1486 1819 planorum,
1512 1763 1558 1806 et
1587 1756 1647 1806 de
1686 1755 1966 1823 speciebus.

538 1905 766 1960 'Vidctur
807 1915 983 1959 autem
1036 1904 1483 1973 quemadmodum
1539 1906 1591 1959 in
1637 1904 1809 1972 planis
1862 1904 2040 1973 ﬁguris

477 1997 769 2065 triangulus
800 2009 1055 2049 numerus
1085 1996 1287 2062 primus
1308 2002 1411 2057 est,
1433 1995 1509 2048 sic
1529 1994 1581 2047 iu
1613 1995 1802 2048 solidis
1829 1995 1916 2063 qui
1945 2009 2013 2048 vo

474 2094 626 2138 catur
668 2084 899 2154 pyramis
944 2083 1320 2151 profunditatis
1364 2098 1482 2139 esse
1528 2085 1870 2153 principium.
1918 2087 2042 2138 Um-

477 2176 619 2225 nium
650 2173 843 2240 quippe
870 2184 1104 2225 ratarum
1137 2173 1189 2225 in
1218 2174 1457 2227 numeris
1507 2172 1793 2242 ﬁgurarum
1823 2188 2043 2229 necesse

462 2272 560 2317 est
599 2264 838 2317 invenire
874 2263 1183 2331 primordia.
1220 2263 1310 2315 Est
1350 2272 1528 2317 autem
1561 2265 1795 2334 pyramis
1848 2265 1980 2318 alias
2014 2280 2042 2317 a

474 2352 735 2420 triangula
760 2351 869 2404 basi
900 2351 952 2404 in
982 2352 1317 2406 altitudinem
1346 2367 1465 2407 sese
1491 2354 1723 2422 erigens,
1743 2354 1877 2408 alias
1904 2370 1931 2406 a
1962 2363 2043 2409 te-

474 2451 719 2510 tragona,
751 2441 884 2495 alias
905 2455 933 2493 a
959 2451 1275 2509 pentagona,
1304 2451 1358 2497 et
1386 2443 1677 2497 secundum
1706 2445 2041 2513 sequentium

479 2530 841 2584 multitudines
890 2531 1205 2599 angulorum
1249 2533 1312 2585 ad
1345 2547 1504 2586 unum
1554 2533 1848 2590 cacuminis
1880 2539 2042 2591 verti-

462 2638 593 2676 cem
624 2622 915 2675 sublevata.
946 2622 1126 2675 Posito
1153 2623 1297 2676 enim
1345 2623 1615 2694 triangqu
1654 2635 1814 2695 atque
1858 2628 2042 2696 dispo-

480 2714 603 2774 sito,
632 2714 673 2765 si
700 2726 794 2781 per
818 2723 923 2766 tres
946 2713 1165 2781 angulos
1204 2714 1424 2781 singula:
1454 2700 1799 2770 rectte'ltneu:
1844 2727 2046 2770 stantes

480 2813 765 2870 ponantur,
806 2804 995 2872 [neque
1039 2812 1147 2857 tres
1198 2806 1521 2857 inclinentur
1545 2813 1603 2857 ut
1642 2806 1705 2859 ad
1735 2822 1899 2858 unum
1929 2822 2041 2860 rne-

480 2892 624 2943 dirnn
672 2902 917 2958 punctum
966 2893 1192 2946 vertices
1237 2892 1475 2961 jungunt,
1528 2894 1582 2945 ﬁt
1631 2895 1889 2963 pyramis.
1918 2895 2047 2959 Qua:

482 2994 601 3032 rum
633 2994 660 3030 a
687 2980 941 3046 triangula
984 2979 1094 3032 basi
1126 2979 1363 3047 profecta
1390 2979 1486 3043 sit,
1560 2980 1725 3034 tribus
1772 2980 2047 3049 triangulis

482 3083 576 3135 per
611 3068 779 3121 latera
811 3068 1146 3122 concluditur
1176 3067 1276 3121 hoc
1301 3069 1457 3122 modo
1490 3087 1500 3121 :
1532 3068 1616 3143 Sit
1642 3085 1691 3135 a,
1720 3070 1772 3132 b,
1799 3085 1848 3137 c,
1883 3073 2045 3125 trian-

479 3159 681 3224 gutum,
714 3159 757 3211 si
787 3157 909 3212 huic
939 3159 1098 3227 igitur
1125 3159 1391 3227 triangulo
1414 3174 1506 3227 per
1540 3167 1646 3214 tres
1681 3162 1899 3229 angulos
1933 3164 2036 3217 eri-

482 3261 669 3316 gantur
713 3250 893 3312 linem,
936 3261 991 3303 et
1029 3250 1094 3302 ad
1143 3266 1304 3303 unum
1348 3262 1602 3318 punctum
1648 3262 2039 3317 convertantur,

481 3343 619 3409 quod
651 3350 730 3393 est
759 3341 814 3402 d,
848 3342 917 3393 ita
964 3337 1023 3393 ut
1053 3342 1083 3393 d
1118 3352 1366 3410 punctum
1413 3358 1517 3397 non
1548 3344 1617 3397 sit
1654 3345 1704 3397 in
1751 3346 1910 3413 plano
1950 3346 2041 3398 sed

479 3430 737 3496 pendens,
771 3430 875 3482 illa:
905 3444 962 3483 se
987 3430 1108 3483 licet
1140 3432 1295 3485 lineae
1327 3433 1390 3485 ad
1425 3435 1599 3499 ipsum
1645 3445 1837 3487 erectas
1881 3435 2042 3488 verti-

479 3534 618 3585 cem,
651 3527 702 3573 et
723 3520 1116 3588 quodammodo
1142 3536 1395 3577 cacumen
1426 3524 1456 3577 d
1489 3526 1703 3589 facient,
1736 3537 1789 3580 et
1825 3529 1926 3580 erit
1954 3528 2045 3581 ba-
2090 3520 2097 3523 ⁷

470 3612 554 3661 sis
584 3624 634 3673 a,
667 3611 718 3671 Ι),
752 3626 801 3674 c,
833 3624 992 3662 unum
1029 3611 1374 3681 triangulum,
1417 3630 1514 3683 per
1556 3614 1718 3669 latera
1763 3633 1910 3680 vero,
1944 3618 2042 3669 tria

482 3697 767 3764 triangula,
802 3698 850 3751 id
884 3709 1141 3753 estunum
1169 3704 1484 3770 trEangulum
1516 3719 1567 3769 a,
1591 3705 1646 3768 d,
1675 3707 1723 3769 Ir,
1744 3705 1884 3759 aliud
1917 3720 2043 3759 vero

474 3784 531 3848 εΙι,
565 3786 619 3843 d.
650 3801 702 3847 c,
736 3790 946 3843 tertium
981 3804 1107 3845 vero
1130 3804 1179 3856 e,
1213 3792 1268 3856 (Ι,
1296 3806 1343 3844 a.

1053 4990 1278 5045 CAPUT
1320 4990 1482 5045 XXII.

464 5112 545 5167 De
574 5116 649 5167 his
675 5114 954 5186 pyramidis
990 5133 1102 5184 qua:
1129 5134 1160 5168 a
1189 5119 1454 5186 quadratis
1492 5119 1570 5171 vel
1610 5136 1641 5171 a
1678 5119 1871 5172 cancris
1902 5118 2038 5171 mul—

805 5183 1045 5255 tiangulis
1073 5183 1253 5256 ﬁguris
1280 5188 1697 5259 proﬁciscuntur.

534 5310 663 5363 Item
689 5311 731 5364 si
758 5326 786 5363 a
818 5319 1092 5379 tetragona
1121 5313 1235 5367 basi
1261 5315 1644 5382 proﬁciscatur,
1677 5326 1733 5371 et
1765 5318 1831 5372 ad
1865 5335 2027 5372 unum

459 5401 719 5454 verticem
750 5400 864 5467 ejus
896 5402 1053 5454 linea:
1081 5403 1395 5471 dirigantur,
1418 5407 1519 5459 erit
1540 5408 1776 5475 pyramis
1806 5419 2037 5477 quatuor

457 5489 845 5557 triangulorum
901 5504 995 5557 per
1042 5492 1231 5560 latera,
1265 5511 1369 5549 uno
1419 5506 1622 5552 tantum
1671 5508 1949 5568 tetragono
1981 5501 2031 5552 in

457 5580 570 5632 basi
606 5580 801 5646 posito,
834 5592 996 5647 super
1027 5597 1184 5649 quam
1216 5583 1381 5653 ﬁgura
1432 5588 1544 5656 ipsa
1587 5588 1798 5643 fundata
1846 5599 1948 5649 est,
1980 5597 2033 5642 et

458 5670 500 5724 si
522 5685 546 5720 a
575 5679 874 5737 pentagono
900 5680 1120 5738 surgant
1141 5674 1370 5742 quinque
1388 5676 1561 5742 lineze,
1580 5678 1810 5747 quinque
1832 5692 2019 5732 rursus

737 5760 1007 5818 PATBOL.
1056 5757 1277 5818 LXIII.

1650 344 1738 399 DE
1776 338 2237 399 ARITIIMETICA
2268 338 2392 397 LIB.
2436 339 2501 394 Il.

2060 452 2108 508 Α
2140 450 2375 517 pyramis
2397 447 2674 517 triangulis
2703 447 3092 513 continebitur,
3122 458 3176 503 et
3204 448 3245 502 si
3286 448 3351 503 ab
3400 445 3700 517 hexagono,

2076 1142 2770 2155 ς

2065 4472 2121 4529 D

3565 339 3703 393 1150

2139 555 2229 593 sex
2254 540 2528 609 triangulis
2556 540 2918 603 nihilominus,
2947 549 3000 593 et
3028 547 3463 608 quantoseunque
3481 542 3703 609 angulos

2141 629 2387 684 habuerit
2414 630 2576 698 ﬁgura
2606 644 2767 698 super
2792 645 2947 698 quam
2985 629 3448 699 pyramisresidet,
3480 639 3559 684 tot
3587 632 3703 700 ipsa

2140 734 2237 789 per
2266 720 2430 773 latera
2460 719 2738 787 triangulis
2777 719 3101 785 continetur,
3136 726 3194 771 ut
3226 718 3283 772 in
3308 718 3562 787 subjectis
3580 719 3706 775 des-

2141 807 2494 876 criptionibus
2524 808 2697 875 palam
2723 819 2824 861 est.

2226 1012 2453 1074 ’Pyramis
2476 1024 2539 1061 ex
2557 1017 2811 1074 tetragono
2965 1010 3179 1073 Pyramis
3199 1024 3258 1062 ex
3287 1018 3559 1075 pentagouo

3022 2172 3063 2219 Ε
3432 2168 3478 2215 1)

2344 2300 2555 2359 Pyramis
2838 2300 3052 2360 Pyramis
3300 2302 3508 2359 l'yrarnis

2271 2372 2332 2407 ex
2377 2361 2633 2421 lrexuguno
2778 2373 2840 2409 ex
2867 2361 3121 2423 ogdugouo
3234 2377 3293 2411 ex
3325 2366 3597 2471 lruﬂtagouo

2916 2843 2922 2849 '
3224 2826 3229 2839 ί
3391 2656 3576 3109 b

2069 3118 2117 3182 ο
2168 3124 2173 3129 ,

2703 3246 2931 3307 CAPUT
2961 3250 3148 3307 XXIII.

2400 3342 2697 3398 Solidorum
2731 3344 2989 3411 generatio
3015 3357 3358 3395 numerorum.

2220 3454 2476 3509 Dicuntur
2502 3463 2680 3508 autem
2713 3453 3012 3521 Itujusntodi
3049 3454 3349 3523 pyramides
3381 3456 3479 3511 hoc
3505 3453 3705 3509 modo:

2146 3540 2323 3596 Prima
2351 3545 2584 3612 pyramis
2629 3544 2695 3597 de
2720 3545 3002 3612 triangttlo,
3027 3544 3255 3596 Secunda
3285 3544 3516 3613 pyratnis
3545 3544 3609 3598 de
3640 3555 3706 3599 te-

2150 3640 2401 3697 tragono,
2437 3633 2587 3684 tertia
2621 3631 2851 3701 pyramis
2882 3631 2947 3684 de
2978 3641 3295 3699 pentagono,
3336 3643 3517 3699 quarta
3564 3647 3706 3700 pyra~

2151 3720 2250 3791 ruis
2279 3720 2345 3773 de
2369 3719 2663 3789 hexagono,
2683 3720 2863 3788 quinta
2887 3721 3115 3789 pyramis
3143 3721 3209 3774 de
3232 3721 3544 3788 ltcptaguno.
3575 3722 3708 3777 Idem

2150 3809 2203 3861 iu
2241 3811 2449 3863 caeteris
2493 3819 2703 3862 constat
2742 3811 2994 3862 numeris.
3030 3810 3159 3862 Nam
3205 3812 3449 3876 quoniam
3490 3809 3710 3867 lineares

2138 3912 2401 3951 numeros
2424 3913 2543 3952 esse
2569 3898 2800 3951 diximus
2853 3898 2938 3964 qui
2969 3898 3035 3951 ab
3060 3914 3165 3951 uno
3194 3898 3412 3966 profecti
3454 3900 3503 3950 in
3536 3898 3709 3951 inﬁni-

2155 3996 2263 4038 tum
2292 3993 2591 4050 currerent,
2614 3996 2670 4038 ut
2696 3995 2817 4038 sunt
2843 4004 2854 4037 ξ

3356 4116 3479 4199 tuo;

2144 4245 2246 4298 IIs
2290 4258 2465 4300 autem
2508 4248 2788 4301 ordinatim
2840 4251 3164 4318 compositis,
3206 4262 3257 4304 et
3296 4250 3346 4303 in
3390 4264 3447 4302 se
3495 4250 3714 4309 invicem

2150 4350 2269 4388 cum
2301 4336 2550 4392 distantia
2580 4339 2799 4407 junctis,
2830 4341 3136 4408 superficies
3178 4341 3557 4402 nascebantur,
3586 4352 3640 4394 ut
3671 4343 3717 4398 si

2150 4439 2311 4478 unum
2341 4438 2394 4480 et
2425 4429 2530 4480 duo
2554 4428 2823 4496 jungeres,
2850 4430 3046 4495 primus
3071 4429 3362 4496 triangulus
3389 4440 3715 4497 nasceretur,

2155 4513 2204 4564 id
2233 4523 2314 4566 est
2334 4516 2386 4577 ὅ,
2419 4524 2471 4567 et
2493 4529 2610 4568 curn
2638 4516 2719 4568 bis
2740 4516 3143 4583 adiungere-mus
3169 4516 3402 4579 tertium,
3434 4516 3483 4569 id
3507 4529 3588 4571 est
3613 4528 3716 4572 ter—

2154 4603 2401 4665 narium,
2436 4604 2676 4656 senarius
2724 4604 3015 4671 triangulus
3065 4617 3244 4657 rursus
3290 4617 3631 4671 occurreret,
3666 4619 3718 4669 et

2152 4699 2270 4755 post
2297 4688 2413 4749 bos,
2449 4693 2728 4758 tetragoni,
2764 4705 2867 4743 uno
2911 4692 3232 4757 intermisso,
3269 4698 3550 4764 pentagoni
3594 4714 3717 4752 vero

2153 4777 2382 4845 duobus,
2415 4779 2678 4849 ltexagoni
2704 4782 2887 4848 tribus,
2910 4785 3219 4853 'lreptagoni,
3254 4789 3448 4843 relictis
3473 4801 3716 4858 quatuor.

2154 4871 2522 4926 nascebantur.
2552 4874 2699 4927 Nunc
2727 4888 2854 4927 vero
2879 4875 2942 4927 ad
2975 4876 3266 4931 solidorum
3290 4894 3571 4947 corporum
3600 4899 3716 4951 pro~

2151 4963 2500 5029 creationem,
2550 4964 2675 5032 ipsa:
2704 4964 2856 5019 nobis
2897 4969 3206 5036 superﬁcies
3248 4972 3555 5025 naturaliter
3584 4973 3717 5041 ﬁgu-

2153 5059 2279 5105 ratae
2310 5053 2645 5119 provenient,
2676 5062 2731 5109 et
2755 5055 2819 5109 ad
2870 5056 3135 5112 faciendas
3177 5060 3387 5129 quidem
3417 5063 3717 5131 pyramidas

2151 5155 2179 5193 a
2212 5140 2473 5211 triangqu
2504 5143 2604 5212 ipsi
2633 5145 2784 5200 nobis
2809 5149 3052 5217 trianguli
3083 5151 3433 5218 componendi
3462 5161 3604 5205 sunt.
3638 5154 3717 5207 Ad

2141 5238 2505 5302 procreandas
2549 5253 2676 5292 vero
2705 5242 3004 5309 pyramidas
3037 5258 3066 5296 a
3107 5253 3400 5313 tetragono,
3434 5250 3714 5316 tetragoni,

2152 5323 2216 5376 ad
2248 5338 2338 5378 eas
2368 5341 2496 5380 vero
2528 5342 2647 5395 quae
2678 5341 2799 5383 sunt
2826 5345 2853 5383 a
2886 5340 3202 5399 pentagono,
3233 5324 3522 5404 pentagoni
3556 5352 3714 5405 copu-

2151 5413 2292 5466 landi
2315 5425 2456 5479 sunt,
2491 5424 2546 5469 et
2575 5417 2678 5471 illas
2723 5435 2840 5486 quce
2868 5428 2992 5473 sunt
3015 5422 3082 5474 ab
3108 5423 3380 5491 ltexagono
3412 5426 3496 5479 vel
3535 5428 3714 5495 hepta-

2148 5515 2309 5570 gono,
2340 5518 2445 5556 non
2475 5505 2573 5557 nisi
2618 5505 3012 5575 hexagonorum
3055 5510 3134 5562 vel
3182 5512 3595 5580 Ineptagonorum
3628 5531 3713 5569 co-

2140 5592 2410 5660 pulatione
2426 5603 2729 5650 nascentur.
2748 5597 2956 5652 Primus
2978 5614 3103 5669 ergo
3122 5610 3378 5668 potestate
3396 5606 3709 5675 triangulus,

2142 5683 2313 5735 unitas
2342 5692 2446 5747 est,
2475 5685 2823 5757 eant/lemque
2847 5688 3006 5743 etiam
3041 5705 3295 5759 ponemus
3324 5694 3516 5751 virtute
3556 5714 3708 5767 pyra-

3355 5783 3431 5842 36
