4202 6250
334 385 471 446 “55

1536 374 1619 429 DE
1656 368 2119 429 ARITINETICA
2158 367 2284 421 LIB.
2324 368 2386 419 ll.

3439 380 3572 425 1154

324 498 582 568 quoniam
620 494 674 549 hi
704 492 870 549 solam
901 488 1280 560 longitudinem
1316 483 1752 551 latitudinemque
1777 495 1897 533 sor-
1923 483 1978 541 Α
2001 478 2109 568 ciat
2137 475 2218 530 bis
2254 484 2360 568 tres
2384 478 2590 540 quater,
2618 470 2812 568 velter
2844 480 3030 568 quater
3054 473 3361 568 quinquies,
3392 485 3445 530 et
3471 477 3567 568 alia

334 588 418 643 titi
450 593 595 649 sunt,
636 594 690 639 et
739 582 1016 637 altitudine
1060 586 1264 639 carent,
1305 576 1349 629 si
1381 589 1475 642 per
1520 574 1681 626 latera
1728 570 1895 623 solam

333 691 493 729 unam
521 672 1008 743 multiplicationem
1028 665 1575 737 recipiant,aaqualem
1597 661 1899 731 provehunt

326 767 768 834 proltlndttatem.
798 763 927 816 Nam
953 768 1179 831 quatuor
1210 767 1541 825 tetragonus,
1574 754 1709 807 duos
1740 751 1899 806 habet

328 874 383 920 tn
427 861 614 919 latere,
646 864 698 909 et
726 864 881 906 natus
906 861 989 906 est
1018 866 1085 903 ex
1121 849 1203 902 bis
1238 848 1463 902 duobus.
1497 845 1584 899 Bis
1621 844 1762 898 enim
1791 842 1897 895 duo

334 955 565 1015 quatuor
603 944 813 997 faciunt.
847 942 952 994 llos
979 954 1107 1008 ergo
1148 939 1283 991 duos
1321 952 1387 992 ex
1433 929 1595 1005 ipsius
1640 934 1805 987 latere
1851 932 1897 986 si

338 1035 654 1102 multiplices
691 1032 989 1100 aequaliter,
1022 1028 1144 1084 cubi
1189 1029 1354 1083 forma
1388 1036 1654 1091 nascetur.
1688 1024 1817 1077 Nam
1852 1024 1895 1076 si

336 1125 420 1179 bis
461 1126 609 1178 binos
649 1123 728 1177 bis
774 1121 959 1185 facies,
986 1121 1253 1175 octonaria
1293 1118 1559 1189 quantitas
1605 1116 1816 1178 crescit,
1844 1121 1898 1168 et

335 1224 415 1268 est
444 1212 641 1281 primus
671 1212 756 1266 hic
780 1211 967 1265 cubus.
1006 1210 1206 1264 Novem
1239 1223 1368 1263 vero
1401 1216 1729 1274 tetragonus,
1764 1218 1898 1272 quo—

335 1306 476 1358 niam
503 1306 537 1358 5
565 1302 722 1356 habet
760 1302 811 1355 in
843 1302 1042 1363 latere,
1070 1309 1123 1354 et
1152 1298 1319 1353 factus
1346 1306 1431 1352 est
1459 1311 1525 1350 ex
1556 1296 1725 1349 tribus
1758 1294 1808 1346 in
1836 1306 1897 1346 se

324 1394 715 1462 multiplicatis,
744 1392 789 1445 si
824 1391 964 1445 enim
995 1404 1155 1443 unam
1195 1388 1377 1442 lateris
1406 1383 1894 1453 multiplicationem

336 1485 663 1554 adiunxeris,
694 1496 877 1537 rursus
920 1481 1054 1534 alius
1098 1479 1265 1534 cubus
1294 1477 1483 1547 aequali
1518 1477 1742 1531 laterum
1781 1472 1896 1526 lor-

336 1576 568 1629 matione
594 1572 803 1627 crescit.
836 1570 943 1625 Ter
968 1572 1108 1625 enim
1146 1578 1253 1622 tres
1294 1569 1337 1621 si
1380 1566 1535 1620 tertio
1561 1564 1800 1628 duxeris,
1827 1562 1895 1617 27

336 1664 458 1719 cubi
490 1663 653 1732 ﬁgura
686 1661 1015 1730 producitur.
1044 1661 1105 1713 Et
1129 1658 1215 1722 16,
1245 1658 1333 1726 qui
1363 1664 1444 1711 est
1465 1671 1527 1709 ex
1554 1657 1609 1719 4,
1638 1655 1681 1709 si
1709 1663 1897 1721 quater

336 1762 602 1824 augescat,
644 1751 917 1820 sexaginta
948 1759 1175 1820 quatuor
1207 1749 1373 1802 cubus
1409 1748 1517 1815 pari
1550 1747 1771 1799 laterum
1814 1744 1895 1797 di-

1999 564 2342 633 hujusmodi,
2395 577 2514 629 qua:
2568 576 2660 629 per
2708 562 2994 629 inaequales
3041 564 3331 629 spatiorum
3378 567 3568 633 gradus

1998 652 2335 720 inaequaliter
2376 648 2755 718 provehantur.
2790 649 2915 703 llaec
2953 658 3129 704 autem
3170 651 3336 705 forma
3382 652 3568 710 (ἔταξοο

1998 741 2216 795 nomine
2244 738 2490 792 scaleuos
2516 746 2755 803 vocatur,
2789 753 2886 791 nos
2928 752 3056 791 vero
3078 739 3349 807 gradatam
3381 757 3569 812 possu-

1997 842 2116 882 mus
2170 827 2366 891 dicere,
2407 826 2547 894 quod
2587 842 2615 878 a
2664 827 2870 879 minore
2923 827 3081 880 modo
3130 828 3274 883 velut
3318 832 3567 899 gradibus

1996 925 2207 971 crescat
2239 916 2305 970 ad
2350 916 2541 987 majus.
2574 915 2777 969 Vocant
2824 926 3002 969 autem
3047 919 3287 974 eamdem
3346 922 3565 991 ﬁguram

1998 1005 2166 1061 Graeci
2190 1005 2402 1074 quidam
2431 1006 2764 1073 sperniscon,
2798 1020 2892 1058 nos
2923 1016 3097 1059 autem
3120 1020 3343 1062 cuneum
3374 1026 3567 1079 possu-

1998 1112 2114 1150 mus
2157 1096 2355 1150 dicere.
2389 1095 2594 1150 Etenim
2642 1110 2775 1162 quos
2815 1095 2880 1148 ad
2932 1098 3220 1163 quamlibet
3263 1099 3405 1153 illam
3454 1118 3567 1157 rem

1996 1187 2457 1256 constringendam
2513 1200 2713 1239 cuneos
2758 1186 3008 1251 formant,
3053 1203 3222 1258 neque
3250 1192 3563 1260 latitudinis,

1999 1296 2169 1349 neque
2200 1279 2565 1348 longitudinis,
2590 1293 2759 1347 neque
2788 1279 3100 1344 altitudinis,
3136 1282 3311 1334 habita
3337 1286 3564 1348 ratione,

1996 1379 2248 1440 quantum
2279 1369 2616 1423 commodum
2641 1369 2817 1433 fuerit,
2844 1378 3043 1421 tantum
3068 1370 3152 1423 vel
3175 1372 3436 1426 altitudini
3466 1374 3565 1427 mi-

1998 1462 2196 1525 nuitur,
2225 1460 2309 1515 vel
2342 1459 2678 1513 crassitudini
2713 1460 3084 1527 profunditatis
3124 1471 3365 1530 augetur.
3395 1464 3565 1532 Atque

1998 1549 2117 1604 ideo
2148 1549 2242 1602 hos
2290 1548 2603 1617 plerumque
2642 1563 2862 1603 necesse
2910 1558 2993 1603 est
3037 1551 3281 1605 omnibus
3328 1554 3565 1620 partibus

1999 1639 2344 1708 inzequalihus
2374 1640 2624 1693 inveniri.
2657 1639 2879 1704 Quidam
2902 1654 3030 1692 vero
3063 1640 3158 1693 ltus
3184 1640 3451 1696 bomiscns
3473 1658 3564 1697 vo-

1998 1738 2140 1791 cant,
2172 1729 2223 1782 id
2250 1739 2332 1784 est
2361 1729 2614 1797 quasdam
2660 1730 2839 1783 arulas
2881 1744 2997 1798 qua:
3028 1729 3079 1782 in
3121 1728 3291 1785 ionica
3344 1732 3565 1789 Grazcia:

336 1818 611 1899 mensione
639 1818 1047 1906 crassahitur,et
1071 1847 1354 1907 sequentes
1375 1826 1587 1906 quidem
1611 1835 1892 1904 tetragoni,
1926 1819 2213 1888 Βτεείυηθ
2263 1821 2351 1888 (ιιι
2398 1818 2471 1872 ait
2522 1818 2910 1885 Nicomac'lusl
2960 1818 3061 1872 hoc
3112 1820 3270 1873 nIOdO
3324 1820 3562 1878 formata

320 1933 624 1990 secundum
637 1932 878 1987 eumdem
896 1930 1135 1995 modum,
1154 1928 1588 2007 multiplicatione
1599 1926 1755 1990 facta,
1773 1941 1895 1991 pro-

334 2025 618 2078 vehantur.
642 2023 741 2076 Tot
772 2031 946 2076 autem
980 2035 1202 2075 necesse
1230 2027 1313 2074 est
1341 2019 1571 2073 unitates
1604 2018 1772 2071 cubus
1803 2017 1894 2068 ha-

318 2112 453 2168 heat
482 2114 532 2165 in
563 2112 748 2174 latere,
780 2119 909 2179 quot
938 2110 1122 2176 habuit
1153 2108 1354 2177 primus
1381 2108 1469 2162 ille
1498 2117 1803 2176 tetragonus
1829 2119 1893 2158 ex

334 2204 439 2272 quo
468 2204 581 2272 ipse
618 2200 904 2270 productus
944 2208 1045 2254 est.
1083 2198 1213 2252 Nam
1240 2197 1489 2267 quoniam
1517 2196 1551 2249 4
1590 2206 1896 2263 tetragonus

314 2294 467 2348 duos
510 2301 714 2346 tantum
747 2304 998 2345 numeros
1028 2289 1185 2343 habet
1226 2288 1278 2342 in
1310 2288 1496 2352 latere,
1524 2287 1656 2341 duos
1684 2300 1896 2354 quoque

332 2382 493 2435 habet
516 2380 823 2434 octonarius
854 2378 1040 2445 cubus,
1084 2386 1136 2431 et
1164 2376 1412 2444 quoniam
1444 2390 1636 2429 novem
1665 2383 1896 2442 tetrago-

330 2488 429 2528 nus
500 2472 667 2526 tribus
719 2484 815 2539 per
868 2470 1004 2521 latus
1056 2467 1344 2521 unitatibus
1395 2466 1735 2534 ﬁgurabatur,
1778 2464 1896 2518 solo

330 2564 564 2618 ternario
589 2562 657 2615 27
684 2560 804 2614 cubi
830 2560 964 2612 latus
997 2567 1233 2627 urgetur.
1264 2556 1331 2610 Et
1360 2556 1613 2625 quoniam
1649 2555 1712 2610 l6
1736 2564 1897 2609 tetra-

332 2667 500 2721 gonus
537 2660 762 2719 quatuor
807 2649 1068 2702 unitatum
1119 2648 1258 2701 latus
1300 2647 1543 2711 habebat,
1576 2646 1794 2702 totidem
1827 2647 1897 2700 64

333 2741 501 2795 cubus
528 2740 578 2794 in
606 2739 767 2793 latere
806 2739 1029 2808 gestabit
1076 2737 1326 2791 unitatcs.
1354 2736 1530 2802 Quare
1568 2738 1727 2791 etiam
1770 2737 1898 2789 viret

333 2839 593 2901 potestate
634 2812 947 2899 cubi,'quod
984 2838 1065 2883 est
1091 2830 1290 2892 unitas,
1321 2842 1456 2881 unus
1482 2828 1584 2881 erit
1614 2829 1665 2880 in
1704 2828 1891 2881 latere.

314 2922 516 2986 Omnis
549 2922 691 2974 enim
732 2927 1039 2988 tetragonus
1070 2932 1172 2971 una
1211 2916 1428 2986 quidem
1466 2917 1773 2984 superﬁcies
1814 2926 1896 2971 est

313 3018 557 3079 quatuor
584 3007 921 3077 angulorum,
949 3007 1280 3074 totidemque
1313 3004 1557 3069 laterum.
1592 3003 1776 3058 Omnis
1797 3019 1893 3057 au-

333 3110 438 3153 tem
470 3098 634 3152 cubus
663 3097 748 3165 qui
780 3112 845 3151 ex
874 3106 1271 3164 tetragonorum
1299 3094 1580 3163 superﬁcie
1602 3095 1654 3147 in
1682 3094 1896 3162 profun-

1998 1911 2228 1976 fuerunt,
2264 1920 2318 1963 ut
2355 1910 2775 1978 neque_altitudo
2801 1910 3087 1975 latitudini,
3122 1927 3289 1980 neque
3318 1913 3430 1968 haec
3456 1916 3562 1970 lon-

1995 2000 2215 2070 gitudini
2238 2001 2607 2054 convenirent.
2635 1998 2867 2054 Vocatur
2895 2011 3073 2054 autem
3102 2002 3221 2056 aliis
3248 2004 3563 2071 quibusdam

1998 2091 2320 2154 nominibus,
2350 2107 2467 2158 qua:
2489 2105 2639 2155 .nunc
2672 2091 2919 2159 prosequi
2952 2106 3333 2159 supervacuum
3358 2093 3563 2162 judica-

1998 2198 2133 2238 mus.
2175 2183 2332 2252 Igitur
2375 2183 2493 2236 cubi
2524 2184 2815 2251 mqunlilius
2865 2185 3051 2251 Spatiis
3081 2198 3139 2238 se
3180 2186 3565 2253 porrigentibus

1997 2284 2051 2328 et
2078 2273 2234 2342 hujus
2265 2272 2469 2338 formai,
2493 2289 2647 2340 quam
2673 2274 2930 2340 diximus,
2954 2274 3170 2342 gradata
3197 2275 3567 2330 distributione

1999 2365 2277 2433 disposita,
2310 2365 2622 2419 medietatcs
2648 2376 2791 2431 sunt,
2823 2383 2938 2435 qua:
2970 2384 3142 2437 neque
3174 2371 3380 2424 cunctis
3410 2371 3567 2438 parti-

1999 2457 2095 2510 bus
2134 2455 2365 2524 aequales
2406 2466 2547 2520 sunt,
2591 2472 2763 2525 neque
2802 2458 3050 2512 omnibus
3093 2458 3402 2527 inaequales,
3433 2476 3567 2529 quos

1998 2546 2169 2601 (ἔτειεοί
2202 2547 2673 2617 parallelepipedos
2713 2550 3109 2604 vocant.Latini
3142 2565 3333 2605 nomen
3368 2552 3469 2605 hoc
3498 2552 3567 2608 ita

1999 2637 2336 2692 uniformiter
2348 2640 2697 2706 compositum
2715 2639 2909 2694 habere
2931 2657 3032 2693 non
3056 2651 3293 2708 possunt.
3310 2642 3376 2695 Ut
3398 2651 3568 2696 tamen

2000 2728 2135 2782 idem
2166 2728 2405 2796 pluribus
2450 2729 2646 2782 dictum
2696 2729 2786 2792 sit,
2836 2744 2896 2782 ea
2942 2745 3171 2798 namque
3216 2732 3315 2784 hoc
3357 2732 3570 2785 nomine

1997 2826 2215 2871 vocatur
2247 2816 2432 2884 ﬁgura,
2463 2833 2595 2885 qum.
2622 2818 2924 2873 alternatim
2972 2819 3158 2885 positis
3194 2819 3568 2874 latitudinibus

1998 2905 2324 2960 Continetur.
2825 2931 2828 2934 η

2561 3074 2786 3130 CAPUT
2830 3076 3016 3132 XXVI.

312 3189 546 3243 ditatem
588 3164 833 3256 corporis
861 3186 1044 3249 crevit,
1090 3201 1184 3253 por
1216 3184 1479 3253 tetragoni
1511 3183 1712 3239 scilicet
1761 3184 1895 3244 latus
1923 3171 1969 3233 C
2004 3182 2075 3237 De
2098 3191 2241 3254 parte
2288 3183 2447 3237 altcra
2491 3185 2804 3253 longioribus
2846 3194 3087 3261 numeris,
3121 3164 3566 3261 aiiIeIOtigioribtts,

329 3277 737 3346 multiplicatus,
771 3275 987 3329 habebit
1014 3274 1227 3344 quidem
1259 3273 1568 3343 superﬁcies
1595 3277 1644 3337 6,
1674 3290 1894 3343 quarum

310 3368 536 3437 singula
580 3367 853 3436 planitudo
887 3376 1163 3435 tetragono
1205 3366 1281 3419 illi
1328 3365 1489 3434 priori
1529 3367 1750 3433 arqualis
1794 3375 1894 3419 est.

332 3460 522 3513 Latera
552 3472 679 3511 vero
709 3456 793 3519 12,
850 3471 1076 3525 quorum
1112 3455 1522 3524 unumquodque
1552 3454 1778 3523 singulis
1817 3455 1899 3508 his

328 3562 447 3618 quae
492 3547 783 3616 superioris
826 3544 975 3599 fuere
1023 3546 1280 3613 tetragoni
1329 3560 1538 3613 aequum
1589 3553 1693 3607 est,
1725 3554 1809 3608 et,
1846 3553 1900 3597 ut

329 3636 570 3706 superius
616 3636 1118 3697 demonsmvimus,
1155 3645 1230 3689 tot
1275 3636 1535 3688 unitatum
1570 3645 1668 3689 est.
1721 3638 1900 3703 Angu-

330 3728 411 3781 los
453 3741 580 3785 vero
620 3726 674 3789 8,
706 3740 929 3794 quorum
960 3725 1201 3794 singulas
1245 3724 1344 3779 sub
1386 3726 1555 3779 tribus
1595 3724 1898 3794 hnjnsmotti

309 3817 654 3882 continetur,
695 3817 876 3884 quales
914 3821 1118 3884 priores
1160 3815 1309 3869 fuere
1353 3817 1608 3886 tetragoni
1640 3818 1778 3870 unde
1809 3833 1899 3870 cu-

314 3908 428 3960 .bus
459 3908 572 3975 ipse
603 3906 888 3975 productus
926 3914 1027 3960 est.
1062 3906 1199 3975 Ergo
1239 3920 1309 3960 ex
1341 3908 1652 3960 naturaliter
1681 3907 1898 3975 profuso

330 4010 587 4060 numero,
618 3995 707 4064 qui
740 3996 790 4049 in
831 3995 1066 4063 subjecta
1099 3994 1265 4049 forma
1305 3995 1554 4064 descripti
1587 4004 1740 4059 sunt,
1772 4002 1896 4051 sub-

331 4085 453 4153 iecti
486 4087 743 4154 tetragoni
793 4096 1111 4148 nascuntur,
1141 4095 1195 4139 et
1225 4102 1290 4140 ex
1342 4085 1424 4140 his
1472 4087 1756 4155 tetragonis
1806 4089 1893 4157 qui

332 4176 596 4229 subnotati
628 4186 751 4228 sunt
781 4176 901 4228 cubi
932 4176 1312 4243 provehantur.

859 4265 1102 4314 Numerus
1126 4266 1374 4315 naturalis.

451 4368 1781 4445 |4|s2»l,5l‘|5l6.l7l

980 4481 1259 4542 Tetragoni.
1292 4484 1295 4487 ’

447 4582 1779 4658 Ιιιιιθιιδιρκιδδιάυι

1045 4699 1181 4748 Cubi.
1421 4693 1424 4697 ’

332 4914 401 4965 Et
419 4915 665 4980 quoniam
683 4912 857 4967 omnis
870 4914 1037 4966 cubus
1051 4912 1117 4965 ab
1139 4911 1464 4979 mquilateris
1478 4908 1748 4977 quadratis
1777 4922 1891 4975 pro-

250 5004 257 5011 ”
329 5004 716 5071 fectus,2cquus
748 5005 861 5072 ipse
882 5004 1126 5059 omnibus
1146 5002 1385 5071 partibus
1405 5010 1517 5064 est,
1547 5014 1666 5053 nam
1696 5007 1747 5052 et
1774 4998 1893 5051 lati-

328 5096 494 5148 tudini
512 5094 808 5163 longitudo,
831 5095 1197 5149 ethisduohus
1226 5109 1444 5163 compar
1470 5101 1553 5148 est
1576 5090 1819 5155 altitudo,
1838 5098 1892 5144 et

327 5185 613 5238 secundum
629 5200 718 5239 sex
734 5194 931 5253 partes,
949 5185 997 5239 id
1013 5195 1088 5240 est
1104 5199 1335 5247 sursum,
1351 5185 1619 5246 deorsum,
1649 5182 1887 5241 dex‘era,

322 5275 556 5341 sinistra,
587 5286 729 5340 ante,
761 5285 900 5345 post,
942 5277 1039 5331 sibi
1070 5278 1324 5344 mqualem
1356 5288 1475 5328 esse
1504 5287 1725 5328 necesse
1766 5280 1847 5324 est
1873 5288 1885 5323 :

322 5366 445 5420 huic
486 5366 786 5435 oppositum
845 5369 1276 5433 contrariumque
1316 5380 1439 5420 esse
1480 5364 1768 5433 oportebit,
1802 5362 1887 5429 qui

322 5470 495 5523 neque
524 5456 902 5525 loogitudinem
936 5459 1227 5521 latitudini,
1268 5470 1440 5525 neque
1487 5456 1601 5508 haec
1628 5454 1731 5506 duo
1760 5468 1887 5520 pro-

318 5548 564 5601 funditati
612 5558 760 5618 gerat
808 5550 1054 5618 (equalia,
1105 5549 1197 5603 sed
1247 5548 1452 5601 cunctis
1500 5543 1887 5610 inaequalibus,

320 5640 562 5707 quamvis
598 5639 765 5693 solida
800 5639 962 5708 ﬁgura
992 5640 1080 5701 sit,
1105 5640 1170 5692 ab
1200 5639 1503 5706 aequalitate
1535 5635 1654 5689 cubi
1685 5634 1887 5703 longis-

319 5726 453 5782 sime
480 5727 679 5784 distare
708 5728 970 5783 videatur.
1006 5730 1066 5783 lli
1098 5738 1274 5783 autem
1316 5737 1468 5789 Sunl,
1503 5735 1560 5779 ut
1594 5726 1637 5779 si
1668 5726 1784 5792 quis
1816 5726 1885 5776 ra-

1925 4524 1977 4582 D

2422 3270 2695 3325 eorumque
2721 3258 3140 3326 generationibus.

2071 3386 2383 3457 llujnsmodi
2411 3401 2537 3439 vero
2580 3387 2775 3441 formas
2806 3388 2990 3456 quales
3021 3398 3142 3443 sunt
3166 3406 3285 3459 qute
3315 3405 3569 3450 vocantur

1999 3492 2027 3531 a
2059 3479 2258 3533 Grazcis
2304 3477 2703 3543 heteromikeis,
2743 3494 2839 3531 nos
2882 3479 3057 3532 dicere
3092 3495 3372 3548 possumus
3425 3496 3573 3552 parte

2000 3568 2165 3621 altera
2198 3567 2484 3636 longiores,
2510 3582 2732 3636 quarum
2766 3569 3049 3637 ﬁgurarum
3080 3586 3332 3651 numerus
3359 3590 3571 3647 quoque

2003 3658 2101 3710 ltoc
2130 3656 2287 3710 modo
2318 3656 2658 3711 dilﬁnicndus
2704 3667 2803 3711 est.
2840 3658 2997 3713 Parte
3040 3661 3208 3714 altera
3244 3663 3451 3734 longior
3494 3676 3572 3724 est

2001 3761 2283 3812 numerus,
2316 3764 2471 3815 quem
2510 3748 2552 3801 si
2586 3749 2634 3801 in
2684 3749 3016 3805 latitudinem
3048 3752 3341 3820 describas,
3375 3768 3427 3808 et
3462 3758 3571 3824 ipso

2002 3837 2212 3905 quidem
2240 3838 2273 3890 4
2300 3838 2542 3905 provenit
2568 3839 2788 3891 laterum
2826 3850 2878 3892 et
2905 3840 2937 3891 4
2967 3841 3303 3908 angulorum,
3335 3844 3426 3896 sed
3467 3861 3572 3898 non

2002 3926 2205 3979 cunt-tis
2254 3927 2567 3994 alqualihus,
2600 3927 2692 3980 sed
2737 3942 2948 3995 semper
2974 3928 3148 3983 minus
3178 3946 3302 3984 uno.
3336 3932 3570 4001 Namque

2004 4031 2102 4070 nec
2139 4018 2301 4070 latera
2334 4018 2611 4081 lateribus,
2653 4026 2841 4070 cuncta
2883 4019 3090 4072 cunctis
3121 4036 3269 4088 aequa
3302 4031 3444 4087 sunt,
3477 4039 3571 4077 nec

1992 4105 2319 4175 longitudini
2367 4107 2606 4168 latitudo,
2640 4106 2733 4159 sed
2767 4108 2857 4174 (ut
2894 4107 3089 4161 dictum
3122 4109 3237 4179 est)
3282 4126 3401 4164 cum
3453 4113 3574 4166 hinc

2003 4198 2169 4249 altera
2201 4212 2323 4266 pars
2351 4198 2519 4265 major
2560 4196 2735 4264 fuerit,
2767 4212 2873 4252 uno
2906 4208 3105 4253 tantum
3137 4203 3395 4257 minorem
3441 4220 3572 4272 pra:-

2001 4287 2145 4341 codit
2189 4304 2252 4342 ac
2297 4297 2533 4357 superat.
2559 4290 2611 4343 Si
2656 4290 2796 4344 enim
2835 4306 3112 4346 numerum
3144 4297 3436 4351 naturalem
3469 4298 3572 4351 dis.

2000 4393 2168 4447 ponas
2216 4379 2267 4431 in
2298 4379 2561 4443 ordinem,
2597 4390 2651 4434 et
2681 4382 2973 4435 secundum
3011 4398 3105 4450 per
3139 4386 3363 4452 primum
3397 4388 3571 4442 multi-

2001 4467 2187 4534 plices,
2214 4469 2329 4520 talis
2376 4481 2621 4523 nascetur
2653 4485 2939 4532 numerus;
2966 4474 3046 4527 vel
3074 4476 3117 4525 si
3159 4476 3449 4528 secundum
3482 4491 3571 4544 per

2003 4556 2213 4607 tertium
2237 4596 2250 4617 ,
2289 4556 2366 4608 vel
2397 4556 2440 4607 si
2475 4557 2685 4608 tertium
2720 4572 2811 4623 per
2843 4567 3109 4624 quartum,
3145 4562 3226 4613 vel
3256 4563 3297 4613 si
3328 4573 3573 4629 quartum

2006 4659 2099 4709 per
2126 4644 2390 4711 quintum,
2414 4658 2704 4710 omnesque
2723 4645 2771 4695 hi
2791 4646 2991 4697 unitate
3016 4655 3216 4700 tantum
3241 4649 3416 4701 addita
3445 4654 3573 4704 mul-

2004 4733 2322 4800 tiplicantur,
2358 4745 2640 4787 nasci-titur
2670 4744 2818 4802 parte
2855 4736 3018 4789 altera
3068 4737 3353 4807 longiores.
3388 4741 3574 4813 Dispo.

2003 4833 2159 4875 natur
2190 4821 2331 4874 enim
2365 4838 2617 4877 numerus
2641 4818 2915 4877 naturalis.

2118 4950 3451 5037 ltlelslwhgTTl—t‘l

2002 5087 2066 5140 Et
2094 5097 2216 5139 tunc
2246 5088 2457 5156 quidem
2494 5090 2768 5144 hactenus.
2802 5094 2855 5145 Si
2886 5095 3004 5162 quis
3034 5095 3189 5164 igitur
3216 5096 3372 5151 faciat
3407 5116 3571 5153 unum

1998 5178 2101 5243 bis,
2136 5178 2293 5231 faciet
2323 5179 2447 5233 duo.
2483 5179 2546 5233 Et
2581 5197 2762 5235 rursus
2791 5184 2871 5236 bis
2897 5194 3003 5238 trcs
3026 5184 3182 5239 faciet
3212 5188 3265 5250 6,
3287 5196 3367 5241 ter
3386 5198 3574 5256 quater

2000 5266 2158 5320 faciet
2200 5269 2286 5334 1'2,
2320 5279 2508 5337 quater
2538 5271 2569 5323 5
2595 5270 2751 5324 faciet
2779 5272 2869 5335 ΞΟ,
2902 5283 2955 5325 et
2986 5275 3087 5328 hoc
3128 5277 3285 5328 modo
3329 5277 3394 5329 ad
3428 5292 3574 5330 eunt-

1997 5359 2116 5412 dvm
2146 5361 2408 5413 ordinem.
2439 5360 2751 5429 Quicunque
2784 5363 2945 5430 igitur
2988 5364 3058 5415 ita
3093 5364 3218 5417 facti
3264 5374 3405 5429 sunt,
3450 5382 3575 5434 pro-

1997 5449 2318 5503 creabuntur
2366 5459 2512 5517 parte
2559 5451 2726 5505 altera
2777 5451 3065 5519 longiores,
3097 5460 3153 5505 ut
3196 5453 3431 5520 subjecta
3478 5454 3573 5506 de-

1993 5544 2209 5612 scriptio
2230 5544 2406 5597 docet.
2432 5545 2486 5597 lu
2515 5560 2637 5612 qua,
2667 5560 2733 5598 ex
2757 5544 2946 5620 quibus
2971 5545 3206 5597 numeris
3233 5544 3568 5611 multiplicati

2000 5641 2288 5701 nascuntur
2314 5642 2463 5701 parte
2492 5635 2658 5687 altera
2685 5633 2971 5702 longiores,
3000 5647 3156 5700 supra
3186 5632 3402 5701 ascripti
3426 5643 3565 5688 sunt.

1993 5725 2092 5793 Qui
2118 5740 2241 5778 vero
2266 5735 2569 5784 nascantur,
2601 5725 2865 5778 suhtcrius
2897 5723 3183 5783 Sttbnotali.
