4160 6256
2139 524 2170 570 6

2174 720 2189 762 I

2172 789 2192 836 1

2170 870 2191 918 1

2172 953 2187 999 1

2171 1032 2190 1079 1

2171 1112 2185 1158 1

1086 498 1386 507 ——-——-.——-..

1586 500 1769 509 “—

2089 597 2116 698 Ξ

1914 522 1936 568 δ

1985 622 2066 696 Δ

2016 712 2033 759 1

2016 787 2037 834 1

2014 868 2033 916 1

2015 946 2036 995 1

2017 1029 2030 1076 1

2014 1110 2030 1155 1

2192 502 2243 1189 l

1506 596 1689 603 κὴ..

1152 597 1228 663 o—
1315 612 1322 669 l
1356 597 1426 599 ᾗ
1446 597 2106 669 t7:me

1260 685 2189 764 ΓΙΤΠΙΤΤΤΓΙἾἯἯ

1358 843 1374 889 ι
1460 845 1477 890 ι
1565 786 2192 913 ιΙ¹¹¹¹Ιὶἲέἒ¹

1668 912 1673 913 ,
2170 870 2189 913 1

1261 867 1375 999 ¹Ι.
1462 974 1478 999 .
1565 867 2191 999 ,ΙίτιιΙῖἶῖἒξ

1356 974 2190 1079 ¹¹¹ΙίίίίΙῖῖίἱί

1260 1103 1370 1158 111
1462 1104 1476 1150 ι
1564 1103 2185 1158 111111111111

702 382 719 437 l
734 388 747 440 l
761 383 823 439 53

729 516 1087 601 “LL;

850 621 877 662 ‘2

746 603 1070 1157 W“

1056 904 1071 949 t

748 965 765 1037 t
958 966 974 1011 1

821 1101 1087 1184 ______’_

1237 1247 1460 1303 CAPUT
1508 1240 1733 1304 XXVII.

694 1341 763 1395 De
806 1340 1229 1409 antelongioribns
1276 1342 1517 1401 numeris,
1570 1350 1614 1392 et
1663 1341 1724 1391 de
1772 1342 2013 1396 vocabulo
2060 1345 2254 1397 numeri

1160 1420 1301 1475 parte
1334 1410 1499 1462 altera
1526 1411 1791 1480 longioris.

758 1502 892 1569 Ergo
920 1503 961 1553 si
993 1501 1059 1553 ab
1090 1501 1289 1553 unitate
1317 1510 1517 1553 tantum
1547 1501 1850 1570 discrepent
1876 1503 1965 1572 qui
1999 1505 2249 1572 multipl‘-

690 1602 889 1652 cantur,
938 1592 1188 1661 descripti
1231 1594 1477 1660 superius
1523 1594 1727 1647 numeri
1760 1595 2158 1663 protendentur.
2198 1597 2250 1651 Si

690 1698 811 1735 vero
835 1683 1012 1749 aliquo
1045 1697 1285 1746 numero,
1320 1694 1375 1736 ut
1409 1694 1489 1736 ter
1519 1694 1743 1752 septem,
1774 1685 1856 1738 vel
1891 1695 1969 1739 ter
1998 1686 2246 1755 quinque,

690 1772 766 1826 vel
797 1773 978 1837 aliquo
1003 1772 1159 1824 modo
1201 1772 1327 1835 alio,
1350 1785 1398 1825 et
1428 1788 1530 1826 non
1559 1787 1743 1828 eorum
1777 1774 1939 1827 latera
1986 1776 2098 1829 sola
2145 1777 2250 1829 dis-

689 1873 904 1931 crepent
945 1864 1180 1925 unitate,
1216 1878 1317 1916 nun
1364 1865 1641 1917 vocabitur
1691 1864 1776 1917 hic
1822 1880 2076 1920 numerus
2108 1877 2253 1933 parte

688 1955 845 2008 altera
892 1955 1115 2022 longior,
1145 1953 1235 2007 sed
1271 1953 1621 2023 antelongior.
1656 1955 1891 2008 Alterum
1936 1955 2080 2010 enim
2112 1958 2249 2025 apud

687 2040 1039 2112 Pythagoram
1088 2044 1169 2096 vel
1218 2045 1492 2106 sapientia:
1529 2046 1645 2111 ejus
1695 2044 1958 2109 hmredes,
2008 2047 2135 2098 nulli
2169 2046 2251 2099 alii

687 2133 785 2185 nisi
831 2140 1030 2185 tantum
1087 2133 1289 2185 binario
1340 2134 1728 2187 ascribehatur.
1779 2136 1930 2189 llunc
1975 2137 2254 2189 alteritatis

686 2222 1001 2289 principium
1033 2238 1153 2278 eise
1180 2223 1447 2278 dicebant.
1484 2225 1736 2279 E-umdem
1780 2234 1954 2279 autem
1988 2236 2251 2289 naturam,

685 2322 737 2365 et
775 2327 986 2381 semper
1033 2312 1131 2367 sibi
1179 2312 1405 2367 similem
1454 2316 2004 2382 consentientemque,
2054 2317 2250 2368 nullam

685 2403 837 2456 aliam
869 2404 969 2456 nisi
1003 2401 1309 2472 primaevam
1345 2404 1811 2472 ingeneratantque
1859 2406 2133 2458 unitatem.
2172 2408 2253 2458 lii-

683 2495 861 2548 uarius
883 2508 1056 2549 autem
1091 2510 1362 2559 numerus,
1396 2495 1600 2563 primus
1628 2505 1710 2550 est
1741 2497 1925 2550 unitati
1956 2499 2247 2564 dissimilia,

682 2589 879 2643 idcirco
925 2588 1062 2655 quod
1110 2590 1310 2655 primus
1352 2587 1419 2640 ab
1464 2589 1663 2641 unitate
1711 2589 2056 2658 disjungitur,
2093 2601 2144 2643 at
2188 2610 2250 2645 uc

680 2678 798 2731 ideo
844 2677 1123 2730 alteritatis
1168 2675 1442 2744 cujusdam
1474 2675 1794 2744 principium
1847 2677 1962 2743 fuit,
2015 2682 2150 2747 quod
2185 2682 2251 2733 ab

680 2768 765 2822 illa
800 2768 963 2835 prima
1005 2778 1056 2821 et
1088 2783 1302 2836 semper
1340 2767 1522 2820 eadem
1565 2768 1879 2833 substantia,
1904 2772 2013 2824 sola
2047 2779 2247 2826 tartzm

679 2869 759 2912 est
789 2860 987 2913 unitate
1009 2860 1304 2912 dissimilis.
1334 2858 1521 2913 Merito
1549 2874 1677 2929 ergo
1701 2860 1943 2915 dicentur
1970 2862 2023 2915 hi
2044 2864 2245 2916 numeri

678 2959 825 3017 parte
856 2950 1020 3003 altera
1055 2949 1339 3017 longiores,
1372 2950 1509 3017 quod
1541 2965 1727 3005 eorum
1752 2950 1917 3004 latera
1946 2953 2102 3005 unius
2139 2963 2248 3004 tan-

678 3050 787 3091 tum
811 3052 929 3092 sese
959 3038 1160 3106 adjecta
1196 3039 1575 3094 numerositate
1606 3040 1932 3107 przecedunt.
1952 3042 2247 3111 Argumen-

676 3140 785 3183 tum
822 3140 903 3185 est
941 3144 1115 3184 auem
1165 3131 1484 3185 alteritatem
1523 3133 1572 3184 in
1626 3132 1829 3187 binario
1862 3135 2245 3202 numerojnste

675 3222 965 3285 constitui,
1002 3220 1140 3288 quod
1184 3236 1285 3273 nou
1331 3221 1524 3275 dicitur
1568 3222 1791 3276 alterum
1837 3223 1936 3277 nisi
1974 3239 2003 3277 ε
2043 3226 2246 3278 duobus

674 3309 741 3361 ab
776 3309 855 3362 his
893 3311 941 3361 in
974 3324 1107 3377 quos
1151 3310 1286 3363 bene
1336 3312 1581 3381 loquendi
1615 3314 1750 3365 ratio
1798 3329 1899 3367 non
1945 3318 2241 3383 negligitur.

675 3399 916 3466 Amplius
958 3403 1096 3467 quod
1151 3402 1319 3466 impar
1362 3418 1634 3466 numerus,
1679 3406 1792 3457 sola
1824 3407 2027 3459 unitate
2070 3408 2242 3473 perliti

675 3497 999 3542 monstratus
1039 3498 1154 3555 est,
1192 3505 1283 3557 par
1326 3507 1451 3545 vero
1482 3494 1591 3546 sola
1625 3493 1896 3559 dualitate,
1931 3496 1980 3549 id
2016 3505 2093 3550 est
2134 3501 2245 3547 ςιιό

676 3577 878 3632 binario
912 3594 1152 3631 numero.
1171 3581 1297 3632 Nam
1321 3582 1681 3651 ettjuscunque
1703 3586 1957 3639 medietas
1983 3595 2062 3641 est
2086 3605 2168 3640 u-u
2196 3605 2239 3649 ς,

676 3669 766 3723 ille
785 3669 951 3736 impar
974 3680 1073 3735 est,
1090 3671 1240 3737 eujus
1261 3687 1383 3724 vero
1407 3673 1458 3737 2,
1487 3673 1572 3727 hic
1591 3674 1812 3741 paritate
1835 3686 2069 3743 recepta,
2088 3679 2137 3729 in
2166 3696 2242 3739 ςες

594 3762 598 3766 Α
676 3762 817 3813 mina
851 3775 999 3829 aequa
1026 3759 1359 3829 disjungitur.
1379 3763 1551 3828 Quare
1580 3764 1865 3818 dicendum
1883 3774 1964 3820 est
1989 3768 2239 3836 impar-«ni

677 3870 976 3917 numerum,
1002 3854 1237 3921 ejusdem
1265 3857 1494 3923 atquein
1529 3871 1620 3909 sua
1655 3873 1712 3910 se
1759 3866 1945 3911 natura
1989 3866 2240 3919 tenentis,

671 3946 1120 4013 Immlll;lIlIIIS(]t|C
1154 3946 1466 4000 substantite
1510 3962 1627 4001 esse
1660 3949 1968 4015 participem
1999 3993 2011 4014 ,
2046 3951 2241 4005 idcirco

677 4036 810 4102 quod
836 4036 900 4087 ab
916 4028 1112 4090 unitate
1131 4038 1402 4103 formetur,
1427 4055 1603 4106 parem
1625 4055 1770 4100 vero.
1788 4041 2006 4094 alterius
2028 4045 2237 4110 plenum

677 4140 789 4179 tsse
818 4134 1036 4187 naturae,
1064 4127 1259 4180 idcirco
1288 4130 1424 4195 quod
1449 4146 1475 4180 a
1498 4129 1750 4183 dualitatc
1777 4132 2073 4199 completur

1219 4237 1441 4294 CAPUT
1475 4241 1708 4296 XXVIII.

674 4327 819 4392 Quod
850 4343 911 4380 ex
948 4327 1221 4396 imparibus
1243 4330 1609 4401 quadrati,“
1657 4335 1857 4399 paribus
1896 4347 2038 4401 parte
2077 4339 2238 4390 altera

1232 4397 1486 4466 longiores
1509 4400 1653 4466 ﬁant.

736 4488 803 4541 At
846 4503 970 4542 vero
1003 4488 1186 4556 posrtis
1228 4488 1277 4541 in
1313 4488 1553 4542 ordinem
1594 4489 1662 4543 ab
1693 4492 1892 4547 unitate
1923 4494 2230 4563 imparibus,

668 4587 719 4632 et
739 4579 837 4633 sub
864 4579 945 4632 his
972 4593 998 4630 a
1029 4579 1281 4632 dualitate
1324 4579 1534 4647 paribus
1570 4582 1871 4651 descriptis,
1900 4591 2234 4639 coacervatio

665 4670 948 4738 imparium
978 4680 1281 4740 tetragonos
1314 4671 1453 4734 facit,
1486 4674 1824 4727 coacervatio
1855 4675 2056 4743 parium
2084 4693 2234 4744 supe-

664 4760 831 4814 t‘iores
862 4761 1020 4816 efﬁcit
1052 4771 1199 4829 parte
1239 4763 1402 4816 altera
1438 4748 1722 4833 longiores.
1753 4765 1949 4831 Quare,
1984 4771 2230 4835 quoniam

664 4858 1058 4918 tetragonorum
1110 4851 1220 4904 lucc
1268 4861 1449 4904 natura
1488 4863 1589 4917 est,
1634 4861 1687 4906 ut
1727 4860 1781 4905 ct
1823 4854 1890 4908 ab
1941 4854 2231 4922 imparibus

662 4951 1048 5006 procreentur,
1098 4941 1183 5007 qui
1226 4950 1350 4992 sunt
1420 4942 1637 4995 unitatis
1682 4943 2001 5012 participes,
2057 4948 2104 4998 id
2152 4960 2230 4999 est

662 5019 897 5100 ejusdem
933 5032 1383 5099 immutabilisque
1410 5034 1738 5101 substantias,
1771 5035 2082 5103 cunctisque
2113 5053 2230 5104 βίη·-

662 5123 801 5175 tibus
841 5122 951 5173 suis
982 5120 1212 5188 aequales
1241 5122 1366 5184 sint,
1406 5125 1543 5190 quod
1592 5132 1646 5177 et
1687 5124 1864 5192 anguli
1901 5127 2143 5192 angulis,
2181 5140 2231 5181 et

660 5211 822 5267 latera
852 5211 1123 5277 lateribus,
1159 5218 1212 5264 et
1250 5210 1562 5279 loagitutlini
1605 5226 1821 5279 compar
1858 5221 1940 5266 est
1982 5213 2055 5266 lat
2079 5221 2225 5280 tuto,

659 5300 943 5355 dicendum
977 5308 1057 5354 est
1104 5299 1399 5369 hujusmndi
1450 5314 1699 5353 numeros
1744 5300 1980 5368 ejusdem
2030 5314 2229 5356 natum:

658 5403 816 5460 atque
860 5388 1202 5442 immutabilis
1230 5388 1545 5442 substantia:
1594 5390 1898 5457 participes.
1947 5390 2072 5445 Illos
2103 5409 2229 5445 vero

660 5499 931 5545 numeros,
971 5496 1104 5549 quos
1137 5490 1284 5547 parte
1328 5480 1493 5532 altera
1538 5479 1803 5549 longiores
1835 5485 2031 5551 paritas
2062 5496 2225 5548 eri-at,

659 5574 876 5626 ulterius
895 5573 1131 5625 dicemus
1147 5584 1264 5625 esse
1279 5570 1607 5624 substantiae.
1628 5570 1756 5624 Nam
1779 5573 2226 5640 quemadmodum

663 5678 795 5715 unus
824 5676 851 5713 a
877 5661 1077 5714 duobus
1104 5676 1209 5713 uno
1241 5669 1443 5713 tantum
1464 5660 1597 5713 alter
1625 5671 1726 5722 est,
1752 5660 1827 5714 sic
1851 5663 2036 5717 horum
2066 5664 2225 5717 latera

666 5761 695 5798 a
725 5762 780 5801 se
813 5759 1010 5803 tantum
1055 5766 1156 5802 uno
1206 5760 1325 5803 sunt
1377 5751 1562 5806 altera.
1594 5760 1645 5804 ct
1692 5766 1793 5806 una
1830 5761 2028 5807 tantum
2075 5755 2225 5809 dilic-

1911 384 2016 438 AN.
2062 382 2267 438 MANL.
2314 378 2461 439 SEV.
2508 378 2728 439 BOETII

2294 500 2336 557 Α
2370 508 2488 549 runt
2520 499 2927 563 unitate.Quare
2952 498 3295 561 dimetiantur
3325 495 3629 553 itiortlinem
3660 514 3851 554 omnes
3876 507 3941 555 ah

3808 387 3830 438 1
3854 389 3942 439 [313

2362 600 2468 637 uno
2500 587 2633 651 iinpa
2644 600 2745 639 res.
2780 596 2830 638 et
2854 586 2951 636 sub
2976 586 3054 637 his
3069 601 3252 638 omnes
3266 604 3292 637 a
3306 586 3511 640 hinario
3528 604 3750 641 numero
3764 604 3935 656 pares.

2568 692 2968 769 11315

2478 782 2966 860 l2l4l6

2364 860 2637 876 ﬂ—d_h

2360 920 2453 973 Est
2490 937 2617 989 ergo
2652 922 2897 989 princeps
2928 924 3151 991 imparis
3181 924 3402 986 ordinis,
3439 926 3633 990 unitas,
3671 942 3791 993 quae
3825 927 3935 993 ipsa

2357 1012 2565 1079 quidem
2589 1014 2831 1068 eliectrix
2865 1023 2918 1068 et
2943 1013 3339 1082 quodammodo
3369 1016 3536 1069 forma
3580 1017 3823 1083 quredam
3859 1030 3938 1071 est

2358 1099 2696 1169 imparitatis.
2752 1103 2882 1166 Quae
2936 1103 3198 1156 intantum
3248 1102 3489 1171 ejusdem
3522 1119 3619 1157 nec
3665 1107 3935 1159 mutabile

2354 1193 2664 1246 substantire
2688 1202 2787 1257 est,
2819 1202 2875 1247 ut
2899 1209 3019 1248 cum
3062 1195 3144 1247 vel
3179 1194 3409 1263 seipsam
3460 1196 3931 1265 multiplicaverit.

2352 1285 2435 1339 vel
2462 1285 2512 1336 in
2542 1285 2892 1351 planitudine,
2925 1285 3010 1338 vel
3058 1286 3108 1338 in
3158 1286 3542 1353 proiunditate,
3576 1288 3656 1340 vel
3695 1291 3741 1342 si
3774 1288 3930 1341 alium

2358 1375 2645 1447 quemlibet
2673 1390 2948 1428 numezum
2978 1388 3070 1443 per
3098 1375 3324 1443 seipsam
3350 1376 3687 1444 multiplicet,
3721 1392 3752 1429 a
3790 1378 3927 1446 prio-

2357 1465 2430 1518 ris
2450 1466 2753 1533 quantitatis
2778 1465 2942 1519 l'orma
2970 1482 3072 1520 non
3104 1467 3395 1536 discrepet.
3425 1468 3664 1537 Namque
3692 1471 3738 1523 si
3772 1486 3921 1523 unum

2353 1557 2516 1610 semel
2550 1558 2732 1615 iacies.
2755 1558 2836 1608 vel
2858 1558 2900 1609 si
2932 1559 3093 1611 semel
3118 1573 3279 1611 unum
3312 1559 3496 1621 semel,
3528 1559 3609 1612 vel
3641 1560 3686 1612 si
3719 1559 3824 1612 duo
3848 1577 3925 1614 se-

2355 1647 2480 1709 mel,
2517 1650 2595 1700 vel
2628 1648 2669 1699 si
2705 1656 2814 1701 tres
2861 1648 3049 1711 semel,
3084 1649 3166 1702 vel
3194 1651 3237 1703 si
3280 1659 3509 1721 quatuor
3555 1651 3745 1711 Semel,
3778 1654 3856 1705 vel
3885 1654 3923 1705 si

2354 1739 2635 1805 quemlibet
2680 1740 2839 1792 alium
2884 1754 3159 1793 numerum
3192 1741 3531 1808 multiplicet,
3573 1758 3597 1791 ιι
3638 1750 3923 1810 quantitate

2284 1846 2329 1905 Β
2356 1843 2446 1880 sua
2481 1830 2524 1882 is
2548 1845 2703 1896 quem
2744 1830 3066 1897 multiplicat
3095 1846 3349 1884 numerus
3386 1847 3489 1884 non
3524 1833 3751 1895 recedit,
3793 1836 3921 1900 quod

2355 1919 2491 1972 circa
2513 1920 2671 1972 alium
2700 1935 2977 1974 numerum
3008 1936 3111 1974 non
3141 1930 3312 1989 potest
3339 1922 3587 1975 inveniri.
3622 1923 3777 1977 Paris
3802 1940 3922 1978 vero

2355 2010 2577 2073 ordinis,
2606 2010 2839 2063 binarius
2864 2025 3119 2065 numerus
3151 2011 3397 2079 princeps
3424 2022 3528 2074 est,
3556 2027 3675 2080 qua:
3702 2013 3923 2065 dua'itas

2353 2114 2473 2152 cum
2506 2100 2553 2151 in
2583 2100 2769 2153 eadem
2800 2099 2987 2153 ordine
3019 2101 3257 2167 puritatis
3300 2102 3390 2167 sit,
3445 2111 3553 2153 tum
3606 2102 3920 2169 principium

2358 2193 2513 2244 totius
2543 2200 2622 2244 est
2648 2193 2950 2245 alter'tatis.
2978 2191 3214 2260 Namque
3254 2192 3295 2245 si
3325 2207 3444 2247 sese
3473 2194 3638 2262 ipsam
3670 2194 3921 2261 multip'i-

2355 2289 2464 2344 cet,
2497 2282 2579 2334 vel
2626 2296 2719 2349 per
2756 2282 3103 2343 latitudinem,
3162 2284 3240 2335 vel
3284 2282 3442 2336 etiam
3492 2282 3793 2351 profundita
3819 2299 3919 2347 em,

2353 2374 2435 2425 vel
2458 2372 2500 2424 si
2531 2387 2684 2439 quem
2708 2388 2981 2424 numerum
3008 2373 3058 2424 in
3082 2387 3228 2425 suain
3245 2374 3529 2441 eongloliet
3548 2378 3731 2441 quanti
3742 2383 3917 2435 tatem,

2351 2464 2600 2516 continuo
2642 2462 2775 2516 alter
2826 2463 3085 2516 exoritur.
3132 2462 3263 2516 Nam
3314 2464 3392 2517 bis
3420 2464 3548 2531 duo,
3581 2465 3668 2519 vel
3719 2466 3794 2518 luis
3819 2466 3921 2517 duo

2354 2551 2453 2614 bis,
2478 2554 2519 2603 si
2546 2552 2732 2617 facias,
2752 2552 2835 2605 vel
2858 2552 2939 2605 bis
2961 2554 3015 2616 5,
3043 2554 3122 2606 vel
3146 2553 3225 2606 bis
3254 2554 3307 2613 4,
3332 2553 3415 2607 vel
3442 2552 3526 2608 bis
3550 2555 3601 2618 5,
3629 2554 3708 2607 vel
3738 2570 3921 2622 quem-

2357 2641 2487 2696 libet
2513 2644 2674 2695 alium
2708 2643 3047 2712 multiplicet,
3077 2644 3317 2711 quisquis
3356 2643 3477 2697 hinc
3508 2646 3758 2709 nascitur,
3787 2647 3922 2696 alius

2350 2752 2505 2804 quam
2537 2735 2706 2803 primo
2747 2736 2938 2797 fuerat,
2991 2736 3277 2788 invenitur.
3313 2734 3609 2789 Nascuntur
3649 2745 3827 2789 autem
3858 2752 3922 2787 ex

2350 2826 2625 2894 superiore
2656 2825 3039 2893 descriptione,
3098 2835 3150 2880 et
3179 2835 3239 2880 ex
3296 2812 3468 2895 primo
3511 2826 3688 2879 ordine
3726 2842 3925 2880 omnes

2351 2916 2606 2985 tetragoni
2637 2916 2735 2970 hoc
2766 2916 2922 2970 modo
2950 2933 2964 2969 :
3010 2917 3180 2970 Unum
3206 2919 3349 2970 enim
3392 2918 3435 2970 si
3465 2918 3777 2983 respexeris,
3810 2923 3923 2985 pri-

2351 3022 2469 3059 mus
2500 3015 2761 3073 potestate
2790 3014 3097 3073 tetragunus
3142 3012 3242 3059 est.
3277 2994 3373 3059 Sin
3402 3019 3528 3058 vero
3559 3019 3720 3058 unum
3752 3006 3921 3057 tribus

2350 3098 2762 3161 coacervaveris,
2791 3097 2823 3148 4
2861 3104 3169 3164 tctragonus
3210 3097 3466 3149 exoritur.
3502 3094 3636 3147 Huic
3667 3095 3712 3147 si
3734 3096 3919 3161 quina-

2274 3186 2317 3245 C
2351 3185 2483 3238 rittm
2512 3186 2751 3255 jungun,
2798 3187 3119 3239 novenarius
3174 3199 3358 3239 rursus
3410 3184 3661 3238 occurrit.
3699 3185 3829 3238 Iluic
3864 3188 3918 3259 si

2349 3276 2566 3344 copules
2609 3277 2662 3340 7,
2713 3275 2777 3328 l6
2808 3275 3049 3343 quadrati
3104 3276 3270 3329 forma
3300 3290 3358 3329 se
3385 3275 3638 3343 suggerit.
3674 3274 3918 3342 Idemque

2348 3371 2391 3421 si
2439 3369 2489 3421 in
2527 3368 2738 3421 caeteris
2784 3368 2969 3434 facias,
3014 3384 3200 3422 omnes
3229 3380 3597 3436 compe'eu'er
3638 3369 3915 3436 quadratos

2347 3458 2528 3513 videas
2558 3461 2846 3527 procreari.
2883 3462 2948 3512 At
2975 3475 3104 3513 vero
3153 3474 3217 3513 ex
3265 3459 3501 3513 secundo
3549 3461 3787 3527 paritatis
3833 3477 3916 3512 or-

2347 3548 2490 3611 dine,
2522 3549 2678 3602 iidem
2701 3551 2876 3603 cuncti
2908 3560 3053 3618 parte
3085 3550 3251 3602 altera
3284 3550 3552 3617 longiores
3579 3549 3728 3602 fiunt.
3763 3550 3915 3602 Nam-

2346 3653 2449 3706 que
2482 3640 2523 3691 si
2553 3640 2687 3693 duos
2719 3642 2917 3708 primos
2958 3654 3260 3708 respexere,
3306 3638 3607 3707 hujusmodi
3652 3639 3780 3692 mihi
3825 3657 3915 3691 nn-

2347 3746 2527 3784 ruerus
2568 3731 2797 3785 ocrurrit
2827 3731 2912 3797 qui
2947 3732 3001 3785 tit
3038 3746 3099 3786 ex
3132 3731 3213 3785 bis
3242 3746 3366 3786 uno.
3409 3730 3538 3785 Cum
3567 3746 3693 3785 vero
3712 3732 3913 3785 duobus

2346 3832 2627 3891 sequentes
2653 3825 2684 3876 4
2707 3823 2951 3890 junxero,
2998 3833 3146 3890 parte
3177 3822 3336 3875 altera
3370 3821 3577 3890 longior
3608 3835 3788 3873 rursus
3817 3832 3912 3874 erit

2347 3913 2612 3981 senarius,
2644 3914 2849 3965 scilicet
2879 3914 2964 3979 qui
2993 3911 3047 3963 ﬁt
3069 3926 3130 3965 ex
3157 3912 3237 3965 bis
3263 3910 3450 3965 tribus.
3481 3908 3579 3963 Cui
3614 3912 3653 3960 si
3685 3924 3909 3977 sequen-

2347 4010 2451 4055 tem
2484 4016 2862 4069 aggregat'ero,
2910 4011 3154 4053 nascetur
3196 3999 3323 4051 mihi
3354 3999 3676 4052 duodenzuria
3723 3998 3908 4052 furius.

2345 4107 2460 4159 etim
2492 4091 2549 4143 lit
2574 4106 2642 4144 ex
2694 4101 2877 4158 quater
2906 4091 3095 4144 tribus.
3140 4089 3287 4155 Quod
3331 4091 3375 4142 si
3420 4090 3765 4142 Continuat‘m
3797 4103 3913 4153 ques

2346 4182 2517 4243 iaciat,
2544 4191 2762 4233 cunctos
2798 4179 3096 4247 huiusmodi
3127 4194 3375 4233 numeros
3398 4179 3449 4231 in
3470 4176 3796 4244 competenti
3825 4194 3910 4225 m‘o

2345 4269 2469 4323 dine
2497 4279 2799 4338 procreatos
2828 4269 3044 4322 videbit.
3078 4269 3245 4335 Quam
3273 4268 3689 4335 descriptionem
3709 4266 3803 4319 scil
3828 4277 3911 4316 cet

2344 4358 2565 4412 inl'erior
2591 4359 2757 4412 forma
2783 4352 3110 4413 dentunstrat
3138 4376 3151 4413 :

3022 4449 3239 4500 Radices.

3688 4558 3791 4609 7,9

2757 4661 3038 4721 'I‘ttragoni,
3068 4662 3109 4709 id
3132 4671 3207 4709 est
3230 4676 3320 4723 qua
3344 4665 3463 4709 'rati.

2350 4764 3373 4840 ltlt|9|,ts|
3595 4776 3653 4818 πῆ

3012 4882 3075 4930 lia
3098 4885 3230 4931 lices.

2665 4998 2691 5043 4
2737 4986 2745 5057 l
2792 4997 2909 5054 2,4.
2946 4999 2976 5046 6
3021 4985 3031 5058 Ι
3079 4983 3375 5054 2,t.u,8l
3452 4994 3794 5047 2.1.6.8,‘0

2821 5100 2967 5147 Parte
2992 5098 3140 5147 altera
3169 5098 3430 5158 longiores.

2734 5200 3024 5272 I12]
3170 5210 3371 5272 eo,
3598 5210 3659 5254 so
3886 5198 3901 5272 gl

2902 5310 3125 5364 CAPUT
3166 5309 3353 5363 XXIX.

2378 5400 2453 5453 De
2477 5402 2795 5469 generatione
2822 5401 3217 5465 lnterculorum,
3247 5414 3520 5465 eorumque
3550 5397 3870 5465 (li/ﬁnitione.

2407 5490 2549 5555 Quos
2574 5500 2748 5543 autem
2780 5490 3021 5556 superius
3048 5488 3330 5543 laterculos
3358 5487 3609 5541 diximus.
3636 5500 3757 5554 qum
3789 5496 3917 5541 sunt

2338 5587 2390 5631 et
2410 5577 2536 5646 ipsa:
2564 5578 2773 5645 quidem
2804 5579 2986 5631 solida:
3015 5579 3215 5647 ﬁgum',
3262 5576 3360 5629 hoc
3397 5576 3555 5629 modo
3579 5576 3731 5630 ﬁunt.
3764 5576 3916 5640 Qun.-

2338 5666 2475 5720 tiens
2509 5667 2799 5731 requalibus
2820 5668 3077 5734 spatiisin
3121 5666 3501 5735 longitudinem
3547 5664 3915 5718 latitudinem-

2338 5770 2439 5824 que
2489 5756 2766 5825 porrectis.
2815 5757 2989 5808 minor
3026 5756 3106 5809 his
3152 5756 3362 5809 additur
3414 5754 3656 5808 altitudo.
3690 5754 3756 5808 Ut
3788 5765 3915 5806 sunt

2354 4986 2613 5060 lele.

2352 5199 2639 5273 lilii
