4160 6256
296 357 431 412 1146

302 490 816 504 .————--—.—_-..

427 487 1259 584 t—TTIT'W

299 717 351 770 Si
382 690 540 782 ig'ntur
570 714 621 764 iu
652 712 889 777 utrisque
922 708 1161 761 versibus
1208 707 1411 771 primos
1462 704 1711 770 aspicias,
1758 703 1873 757 sin-

298 804 449 872 gulos
477 815 610 867 quos
636 800 862 864 iuvenis,
895 796 1139 865 quoniam
1194 793 1454 861 tetragoni
1497 802 1642 856 sunt,
1690 793 1742 844 in
1772 792 1873 844 im-

298 908 424 960 pare
448 891 566 944 Ioco
589 895 709 943 sunt
731 887 1025 949 constituti,
1053 883 1305 953 quoniam
1330 882 1483 951 primi
1506 890 1648 935 sunt.
1668 882 1722 935 Si
1751 894 1874 933 vero

302 986 519 1036 tertium
544 981 715 1033 locum
745 978 1036 1045 repexeris,
1069 978 1101 1030 4
1152 985 1204 1029 et
1234 976 1265 1028 9
1286 974 1514 1035 notabis,
1535 988 1761 1043 quorum
1790 972 1875 1024 hic

299 1093 329 1132 α
374 1079 583 1132 duobus
629 1073 1002 1142 proﬁciscitur,
1063 1072 1207 1124 illum
1250 1070 1515 1123 ternarius
1567 1077 1731 1130 creat,
1784 1065 1874 1134 qui

300 1178 424 1222 sunt
446 1168 561 1220 loco
590 1164 778 1232 impari
803 1161 1101 1217 constituti.
1133 1160 1385 1227 Quintum
1410 1158 1601 1212 deinde
1624 1159 1666 1210 si
1698 1156 1877 1209 videas

300 1260 492 1320 locum,
528 1256 594 1310 16
645 1265 698 1308 ει
739 1253 800 1307 81
837 1253 1111 1322 respicies,
1148 1251 1240 1306 sed
1294 1265 1430 1305 unus
1456 1264 1485 1301 a
1534 1248 1877 1317 quaternario

301 1349 555 1408 nascitur,
586 1346 809 1400 alterum
840 1345 1159 1396 novenarius
1200 1350 1366 1394 creat.
1404 1340 1469 1392 Et
1499 1339 1540 1391 si
1571 1351 1766 1389 nonum
1795 1336 1875 1386 Io-

302 1457 423 1495 cum
442 1455 628 1494 rursus
647 1438 897 1505 aspicias,
924 1445 1228 1503 tetragonos
1247 1432 1550 1501 pernotabis
1569 1430 1696 1493 256,
1715 1428 1845 1482 636i
1861 1470 1875 1493 ,

304 1547 530 1601 quorum
561 1530 807 1596 superior
840 1528 899 1578 lit
928 1541 954 1577 a
987 1524 1073 1591 16,
1102 1523 1319 1577 inferior
1345 1537 1471 1575 vero
1501 1522 1566 1572 ah
1594 1519 1680 1572 8i.
1711 1518 1875 1579 Idem,

306 1625 347 1677 si
378 1627 429 1676 in
462 1623 726 1677 inﬁnitum
767 1618 944 1671 facere
973 1617 1154 1677 libeat,
1193 1612 1615 1680 indiscrepantcr
1636 1607 1875 1662 incurrit.

823 1728 1050 1782 CAPUT
1106 1726 1346 1780 XXXIX.

400 586 665 599 ⁵-

1509 339 1597 400 os
1636 303 2098 409 Amruusrtcs
2138 344 2262 407 LIB.
2305 348 2365 405 ιι.

1902 472 1952 528 Α
1977 466 2169 533 positio
2193 466 2331 533 quod
2362 464 2542 530 efﬁcit,
2565 465 2959 531 proportiouale
2978 483 3023 520 e-
3040 475 3075 519 t.
3102 464 3177 519 Es
3203 467 3393 534 junctis
3407 471 3549 524 enim

3418 328 3550 406 tito

1980 556 2409 623 proportionibus
2461 555 2928 622 proportionalitas
2956 556 3031 608 ﬁt.
3089 558 3140 608 In
3172 558 3339 610 tribus
3372 568 3550 611 autem

1978 645 2217 698 terminis
2250 646 2464 698 minima
2490 644 3256 712 proportionalitasinvenitur.
3293 647 3549 701 Fiteliam

1977 737 2027 788 in
2054 736 2311 803 pluribus,
2337 738 2428 789 sed
2454 737 2679 803 longior,
2731 746 2782 787 ut
2828 736 3067 789 biuarius
3096 737 3162 789 ad
3202 752 3385 800 unum,
3422 754 3553 806 quo-

1977 828 2117 880 niam
2140 827 2246 880 duo
2271 836 2394 879 sunt
2413 826 2643 889 termini,
2669 827 2882 894 duplam
2905 828 3108 880 obtinet
3134 829 3550 894 proportionem,

1976 921 2057 973 sin
2080 935 2207 974 vero
2236 926 2463 984 quatuor
2491 930 2674 974 contra
2732 920 2765 971 2
2796 933 3097 987 compares,
3129 929 3183 972 et
3232 920 3318 972 hic
3345 934 3552 988 quoque

1978 1016 2136 1083 dupla
2169 1015 2442 1083 proportio
2493 1025 2593 1077 est,
2637 1028 2768 1081 quos
2797 1022 2905 1066 tres
2947 1014 3201 1066 terminos
3231 1014 3275 1065 si
3303 1014 3555 1066 continue

1979 1105 2306 1169 consideres,
2331 1119 2393 1157 ex
2415 1105 2615 1157 duabus
2646 1102 3075 1171 proportionibus
3100 1104 3158 1155 lit
3182 1104 3555 1171 proportiona-

1982 1198 2123 1249 litas.
2158 1196 2223 1249 Et
2250 1206 2335 1255 est
2363 1196 2851 1264 praportionalitas,
2900 1211 3061 1248 unum
3106 1196 3170 1248 ad
3202 1196 3327 1261 duo,
3367 1205 3421 1249 et
3450 1196 3557 1249 duo

1980 1288 2046 1339 ad
2075 1298 2316 1355 quatuor.
2356 1287 2445 1341 Est
2467 1286 2607 1340 enim
2636 1286 3119 1355 praportionalitas,
3148 1287 3419 1340 utdictum
3452 1298 3556 1353 est,

1984 1381 2227 1435 cochctio
2277 1380 2681 1446 proportionum
2729 1381 2780 1435 in
2840 1396 3108 1449 unmnquc
3162 1382 3418 1437 redactio.
3476 1384 3557 1441 Fit

1981 1470 2141 1523 etiam
2172 1479 2222 1524 et
2256 1472 2307 1524 in
2332 1470 2675 1538 longioribus.
2699 1469 2827 1523 Nam
2851 1473 2894 1525 si
2927 1484 3155 1540 quatuor
3186 1471 3287 1526 illis
3317 1485 3438 1528 octo
3470 1489 3555 1531 ves

1983 1561 2045 1615 lis
2076 1562 2385 1629 adjuugere,
2419 1571 2471 1614 et
2501 1563 2581 1614 his
2618 1560 2701 1626 I6,
2756 1571 2807 1616 et
2842 1564 2923 1617 his
2963 1562 3051 1629 5'2,
3082 1574 3133 1617 et
3175 1565 3426 1634 deinceps
3457 1569 3558 1621 du—

1985 1650 2101 1718 plos
2129 1650 2222 1718 qui
2250 1660 2565 1719 sequantur,
2599 1651 2656 1704 fit
2689 1652 2741 1704 in
2770 1652 3014 1706 omnibus
3054 1652 3212 1721 dupla
3265 1657 3555 1721 proportio.

1984 1740 2176 1793 nalitas
2221 1755 2289 1794 ex
2334 1742 2767 1807 proportionibus
2795 1743 2986 1812 dnplis.
3006 1742 3166 1813 Igitur
3189 1747 3397 1813 quoties
3426 1764 3556 1799 unus

377 1826 541 1880 Cubos
562 1824 785 1895 ejusdem
810 1823 1118 1898 participare
1146 1820 1441 1872 substantiis
1466 1818 1602 1887 quod
1625 1816 1686 1868 ab
1716 1816 1881 1884 impa-

1994 1841 2141 1898 itque
2181 1829 2322 1882 idem
2354 1829 2638 1894 teminus,
2670 1833 2738 1885 ita
2771 1833 2975 1888 duobus
3008 1850 3208 1888 c.rcum
3233 1851 3291 1889 se
3323 1838 3556 1890 terminis

862 1891 1001 1943 ribus
1024 1899 1319 1942 nascantur.

379 1989 478 2057 Ipsi
532 2002 659 2041 vero
690 1985 831 2052 cubi,
887 1985 974 2053 qui
1017 1995 1315 2051 quanquam
1369 1979 1536 2032 tribus
1588 1977 1882 2031 inti-rvailis

311 2077 502 2130 sublati
531 2083 675 2139 sunt,
710 2083 885 2127 tamen
923 2080 1139 2140 propter
1174 2068 1429 2137 mqualem
1482 2065 1879 2133 multiplicatio-

314 2184 435 2223 nem
466 2166 785 2236 participant
807 2163 1151 2218 immutabilis
1181 2160 1512 2223 substantiae,
1538 2156 1883 2226 ejusdemque

314 2268 516 2312 uatum
565 2265 687 2309 sunt
742 2254 898 2316 socii,
952 2268 1054 2305 non
1112 2250 1333 2303 aliorum
1387 2263 1541 2318 quam
1603 2247 1882 2315 impariom

312 2346 712 2402 coacervatione
760 2343 1069 2409 produntur,
1134 2353 1401 2407 nunquam
1455 2350 1581 2390 vero
1654 2335 1881 2403 parium.

315 2437 443 2489 Nam
471 2436 515 2489 si
541 2448 725 2487 omnes
747 2433 812 2485 ab
841 2432 1040 2483 unitate
1072 2430 1299 2494 impares
1326 2426 1690 2494 disponantur,
1715 2423 1882 2492 juncti

316 2530 510 2595 ﬁguras
529 2524 744 2579 cubicas
770 2518 1128 2587 explicabunt.

426 2612 1313 2702 WWFWs-l
1326 2608 1881 2702 meum?

322 2750 379 2802 In
408 2748 490 2800 bis
516 2746 673 2814 igitur
702 2735 1025 2811 qui'primus
1056 2748 1138 2792 est
1168 2747 1427 2806 potestate
1456 2748 1505 2789 et
1545 2736 1740 2790 virtute
1782 2738 1887 2803 pri-

319 2855 459 2894 tnum
486 2837 679 2892 cubum
721 2834 897 2888 faciet.
937 2830 1111 2885 Juncti
1157 2843 1287 2882 vero
1309 2829 1411 2881 duo
1450 2828 1538 2894 qui
1569 2839 1882 2895 sequuntur,

1326 2610 1578 2619 ..αι-..-

320 2618 621 2630 _________

320 2931 579 2986 ternarias
616 2927 821 2983 scilicet
863 2932 918 2977 et
966 2921 1260 2991 quinarius,
1312 2918 1601 2972 secundum
1648 2918 1888 2972 efficiunt
1924 2924 1927 2927 ’

321 3027 528 3087 rubum,
556 3022 749 3091 quiest
796 3015 1119 3071 octonarius.
1173 3012 1349 3067 Juncti
1384 3020 1559 3065 autem
1602 3010 1749 3079 5qui
1803 3025 1885 3064 se-

322 3121 565 3183 tjuuntur,
591 3106 926 3178 septenarius
950 3101 1379 3170 novenariusqoe
1409 3112 1464 3156 et
1492 3099 1549 3153 11
1579 3100 1771 3154 cubum
1807 3100 1885 3151 fa-

1986 1922 2365 1984 communicat,
2400 1930 2455 1974 ut
2479 1923 2543 1974 ad
2584 1939 2742 1975 unum
2770 1924 2877 1978 dux
2911 1924 3000 1991 sit,
3032 1926 3095 1979 ad
3149 1928 3310 1980 alium
3357 1943 3556 1993 comes,

1989 2012 2099 2064 haec
2134 2013 2597 2079 proportionalitas
2625 2015 2874 2067 continua
2904 2025 3142 2080 vocatur,
3170 2029 3222 2069 ιιι
3255 2033 3409 2082 unus,
3433 2019 3558 2083 duo,

1986 2111 2230 2170 quatuor.
2261 2101 2356 2155 Est
2393 2103 2532 2155 enim
2564 2103 2837 2171 aequalitas
2888 2105 2938 2157 in
2970 2105 3050 2158 his
3082 2108 3459 2174 proportionis,
3509 2120 3558 2165 et

1987 2194 2434 2262 quemadmodum
2465 2206 2588 2248 sunt
2615 2198 2646 2249 4
2678 2197 2741 2249 ad
2772 2198 2827 2261 2,
2862 2200 2938 2252 sic
2984 2209 3109 2253 sunt
3137 2200 3241 2253 duo
3278 2198 3344 2254 ad
3376 2219 3558 2255 mnnn.

1989 2284 2055 2337 Et
2079 2294 2280 2342 rursus.
2308 2286 2757 2353 quemadmodum
2798 2303 2932 2341 unus
2962 2274 3026 2341 ad
3059 2288 3185 2356 don,
3238 2290 3313 2346 sic
3362 2293 3468 2346 duo
3497 2294 3562 2350 ad

1987 2381 2231 2441 quatuwr.
2268 2372 2331 2427 Et
2356 2374 2650 2428 secundum
2690 2377 3039 2445 quantitatem
3070 2394 3279 2449 quoque
3334 2384 3561 2445 numeri,

1988 2466 2177 2520 eodem
2211 2466 2367 2519 modo
2393 2476 2489 2521 est.
2538 2468 2804 2534 Quantum
2823 2473 2963 2524 enim
2997 2480 3102 2525 tres
3127 2484 3380 2541 superant
3409 2472 3559 2528 bina-

1989 2556 2147 2621 rium,
2187 2566 2387 2610 tantum
2419 2557 2467 2610 hi
2496 2559 2655 2611 .arius
2688 2563 2968 2625 un'tatem,
3007 2569 3061 2615 et
3084 2574 3336 2630 quantum
3373 2580 3505 2618 unus
3532 2582 3560 2621 a

1986 2647 2196 2707 duobus
2226 2649 2399 2703 minor
2427 2659 2527 2714 cst,
2570 2658 2771 2704 tantum
2811 2651 3050 2706 biuarius
3076 2657 3357 2709 atcrnario
3397 2672 3557 2726 supe-

1990 2749 2154 2792 ratur.
2204 2738 2295 2792 Sin
2350 2754 2477 2794 vero
2528 2742 2662 2793 alius
2706 2741 2770 2792 ad
2818 2757 2979 2794 unum
3019 2740 3248 2798 refertur
3284 2749 3561 2812 terminus,

1990 2828 2125 2881 alius
2152 2843 2277 2882 vero
2303 2829 2369 2881 ad
2400 2830 2595 2892 alium,
2642 2844 2864 2884 nectrsse
2913 2841 2994 2883 est.
3044 2832 3403 2887 habitudinem
3449 2835 3560 2887 dis-

1987 2920 2223 2984 junctam
2258 2920 2454 2972 vocari.
2502 2919 2564 2974 Ut
2588 2920 2658 2973 ad
2691 2920 3044 2988 mqualitatem
3084 2922 3296 2990 quidem
3344 2939 3560 2991 propor-

1991 3008 2147 3064 tionis
2176 3021 2318 3075 sunt,
2352 3014 2403 3075 1,
2426 3011 2480 3074 2,
2521 3010 2571 3077 ι,
2605 3014 2636 3066 8
2662 3030 2673 3077 ;
2700 3013 2776 3065 sic
2801 3014 2942 3065 enim
2965 3021 3089 3065 sunt
3117 3014 3557 3082 quemadmodum

1991 3101 2096 3154 duo
2130 3104 2195 3155 ad
2228 3118 2409 3166 unum,
2456 3105 2500 3159 si
2549 3115 2669 3158 octo
2717 3104 2782 3158 ad
2837 3114 3086 3175 quatuor,
3146 3116 3201 3160 et
3238 3111 3561 3176 convcrsim,

322 3175 479 3267 riunt,
504 3175 592 3270 qui
631 3175 698 3251 2—7
730 3209 953 3251 numero
989 3193 1314 3258 continetur,
1347 3193 1435 3259 qui
1464 3199 1545 3244 est
1589 3190 1797 3245 tertius.
1829 3189 1893 3243 Et
1917 3175 1962 3237 C
1998 3194 2444 3261 quemadmodum
2477 3210 2609 3249 unus
2630 3196 2693 3249 ad
2717 3198 2842 3263 dno,
2876 3200 2952 3252 sic
2972 3214 3201 3267 quatuor
3230 3200 3293 3254 ad
3323 3211 3469 3257 octo.
3499 3203 3564 3257 Et

323 3308 599 3366 sequentes
652 3300 898 3361 quatuor,
935 3292 1284 3355 quartum,et
1330 3285 1416 3354 qui
1467 3292 1761 3353 sequuntur
1837 3279 1890 3348 5,

325 3388 582 3455 quintum,
608 3394 661 3439 et
697 3382 760 3436 ad
785 3378 1030 3435 eumdem
1047 3376 1261 3431 modum
1281 3384 1471 3444 quotus
1486 3376 1710 3444 quisque
1727 3374 1894 3428 cubus

323 3476 568 3541 efﬁcitur,
600 3481 678 3527 tot
706 3468 1083 3540 Conjunmione
1108 3466 1339 3534 impares
1384 3475 1742 3532 apponuntur.
1787 3464 1896 3517 Hoc

325 3578 494 3621 ..utem
520 3563 828 3632 diligentius
854 3560 1094 3628 subjecta
1128 3556 1415 3623 descriptio
1439 3554 1633 3609 docet:

558 3672 1212 3751 3|5|7I9|tl

326 3667 559 3787 EE:

328 3787 349 4271 l

673 3650 1887 3854 _§_\7I9|tt|13|15|t7j19l

673 3781 1873 3854 ίμ-Ξ-..ξιὲξη

673 3675 1012 3851 _5_\_7_L

488 3724 641 3854 μ

495 3855 540 4078 ὶ-

504 3754 797 3767 ___‘_____.

511 3852 797 3862 _—-——

1268 3857 1277 4078 l
1342 3857 1546 3941 quartus
1576 3891 1602 3926 a
1634 3885 1807 3937 quater
1876 3857 1886 4078 1

1378 3949 1581 4002 quatuor
1601 3945 1775 3999 quater

495 4078 506 4246 Ι
807 4078 821 4246 ι
1268 4078 1276 4247 l
1879 4078 1891 4260 ι

404 3781 811 3837 ιιδι
1012 3781 1274 3837 27|
1551 3781 1613 3827 δι

402 3889 438 3950 g
496 3881 815 3950 |secu_ndus|
879 3881 1207 3950 tertiusttter
1268 3881 1276 3950 ι
1342 3888 1546 3941 quartus
1576 3891 1602 3926 a
1634 3885 1807 3950 quater

404 3942 438 4002 ξ
498 3942 505 4002 I
585 3958 610 3992 a
653 3944 731 3991 bis
808 3942 815 4002 Ι
920 3942 1074 3989 tribus
1098 3947 1173 3988 ter
1269 3942 1276 4002 |
1378 3945 1775 4002 quatuorquatcr

391 4000 437 4057 ’ἒς
498 4000 506 4057 Ι
561 4006 752 4054 duobus

402 4068 437 4137 ξ
497 4067 505 4137 ι
631 4067 703 4114 bis

888 4303 1115 4357 CAPUT
1154 4302 1267 4358 XL.

768 4390 844 4444 De
866 4391 1445 4461 praportionalitatibus.

1996 3284 2354 3353 permutatim,
2405 3287 2851 3354 quemadmodum
2898 3297 3125 3357 quatuor
3175 3290 3240 3343 ad
3269 3306 3462 3357 unum,
3490 3293 3564 3348 sic

1997 3385 2117 3430 octo
2147 3376 2211 3429 ad
2246 3376 2535 3433 biuarium.
2575 3376 2876 3432 Secundum
2922 3380 3269 3447 quantitatem
3305 3396 3432 3435 vero
3471 3398 3564 3436 nu-

1999 3470 2151 3535 meri,
2183 3478 2241 3523 ut
2264 3477 2388 3523 sunt
2416 3471 2466 3535 I,
2495 3470 2547 3532 ἓ,
2580 3471 2631 3535 '5,
2666 3470 2719 3535 4,
2747 3482 3001 3537 quantum
3048 3472 3191 3528 enim
3225 3489 3403 3528 unusa
3435 3474 3566 3528 duo-

1996 3558 2095 3613 bus
2126 3558 2371 3625 vincitur,
2402 3566 2605 3614 tantmn
2634 3563 2896 3616 ternarias
2919 3578 2946 3616 a
2980 3564 3324 3632 quaternarii)
3350 3579 3566 3633 supera-

2001 3656 2104 3701 tur.
2130 3649 2195 3703 Et
2219 3659 2473 3718 quantum
2498 3649 2604 3703 duo
2633 3667 2792 3704 unum
2825 3654 3063 3719 vincunt,
3104 3664 3250 3708 tanto
3281 3656 3569 3708 ternarium
3652 3689 3656 3695 -

1999 3738 2371 3805 quaternarius
2399 3740 2609 3793 transit.
2650 3741 2965 3795 I’ermixtim
2995 3728 3173 3809 etiam,
3212 3753 3408 3812 quanto
3439 3759 3570 3797 unus

2003 3826 2171 3879 trihus
2197 3827 2370 3881 minor
2409 3837 2512 3895 est,
2568 3839 2715 3883 tanto
2778 3831 3021 3887 biutrius
3076 3833 3436 3903 quaternaiio,
3491 3834 3571 3893 vel

2000 3924 2198 3985 quanto
2227 3917 2487 3972 ternarias
2536 3919 2797 3973 unitatem
2845 3932 3063 3989 supcrat
3140 3931 3288 3976 tanto
3317 3921 3572 3975 biuariuni

2005 4007 2386 4074 transgreditur
2413 4009 2805 4078 quaternarius.

2576 4121 2803 4178 CAPUT
2867 4125 3002 4179 XLI.

2076 4209 2204 4273 Qua:
2229 4212 2368 4280 apud
2393 4213 2623 4281 antiquos
2654 4214 3104 4283 praportionalitas
3132 4215 3285 4284 fuerit
3313 4224 3357 4267 et
3387 4231 3514 4284 quas

2529 4285 2716 4354 posteri
2737 4285 3043 4338 addiderint.

2077 4372 2350 4428 Confessa:
2379 4368 2593 4444 quidem
2622 4383 2676 4428 et
2720 4373 2861 4443 apud
2892 4374 3224 4442 antiquiores
3254 4380 3414 4437 ηιιιω,
3444 4389 3577 4441 qua:-

401 4488 468 4541 Et.
494 4485 562 4539 de
590 4484 671 4536 his
700 4482 911 4551 quidem
943 4481 1271 4535 sufficienter
1299 4483 1493 4535 dictum
1513 4492 1613 4536 est.
1644 4482 1791 4537 Nunc
1822 4498 1906 4537 res
1940 4543 1975 4551 _
2006 4477 2109 4532 (ιιιθ
2138 4462 2204 4516 ad
2231 4462 2545 4532 Pyumgom
2574 4464 2656 4516 νθί
2682 4463 2921 4517 Platonis
2960 4464 3041 4515 Vel
3075 4462 3577 4551 A735‘0‘0'35_59ie"‘

332 4578 601 4638 admonet,
653 4543 891 4640 quaedam
935 4570 1001 4624 de
1057 4570 1493 4638 proportionibus
1542 4571 1902 4638 d'spniames’
1936 4543 1983 4602 D
2012 4552 2137 4605 tiam
2166 4559 2541 4619 pervenerunt,
2578 4551 2657 4602 ha:
2688 4561 2797 4604 tres
2830 4551 3144 4603 medietates
3171 4559 3295 4602 sunt
3326 4549 3580 4601 arithmec

333 4685 451 4738 quas
481 4665 635 4720 nobis
660 4662 740 4715 vel
766 4661 830 4714 ad
862 4661 1086 4715 musicas
1107 4661 1515 4728 speculationes,
1543 4659 1624 4714 vel
1649 4661 1713 4714 ad
1741 4670 1910 4713 astro-

333 4758 573 4813 nomicas
596 4752 932 4815 subtilitatos,
959 4750 1042 4803 vel
1072 4750 1138 4802 ad
1160 4751 1497 4818 geometricas
1522 4748 1907 4804 consideratio-

334 4850 419 4903 nis
452 4847 579 4906 vim,
610 4844 691 4897 vel
721 4843 881 4897 etiam
914 4840 978 4892 ad
1011 4850 1250 4894 veterum
1285 4841 1569 4894 lectionum
1604 4839 1905 4907 intelligen-

336 4940 461 4993 tiam
533 4934 788 5004 prodesse
842 4931 1065 4998 possint,
1121 4930 1456 4983 arithmetica
1520 4928 1911 4983 introductione

334 5023 765 5082 commodissime
790 5022 1094 5075 terminare.
1124 5020 1215 5073 Est
1238 5018 1395 5090 igitur
1424 5017 1912 5088 proportionalitas,

336 5120 559 5172 duarum
582 5116 663 5169 vel
679 5114 835 5168 trium
858 5114 943 5167 vel
970 5113 1229 5183 quotlibet
1254 5114 1677 5182 proportiOnum,
1706 5126 1915 5164 assum-

339 5215 448 5281 ptio
473 5212 538 5265 ad
567 5198 728 5265 unum
758 5218 917 5279 atque
946 5207 1213 5263 collectio.
1256 5207 1325 5262 Ut
1352 5216 1528 5261 autem
1560 5205 1915 5261 communiter

338 5303 683 5358 deﬁniamus:
718 5299 1193 5369 Proportionalitas
1216 5307 1299 5354 est
1322 5298 1545 5352 duarum
1574 5297 1654 5351 vel
1686 5297 1911 5365 plurium

339 5393 739 5462 proportionum
769 5390 959 5444 similis
989 5388 1263 5453 habitudo,
1304 5386 1511 5441 etiamsi
1561 5399 1665 5438 non
1710 5384 1910 5448 eisdem

335 5481 715 5550 quantitatibus
727 5488 775 5533 et
800 5477 1111 5532 differentiis
1133 5477 1433 5530 constitutze
1454 5476 1581 5528 sint.
1611 5474 1721 5527 Diil'.
1745 5474 1912 5528 rentia

337 5584 467 5622 vero
510 5577 612 5631 est,
666 5568 805 5620 inter
850 5582 1098 5620 numeros
1155 5566 1443 5633 quantitas.
1502 5563 1779 5632 Propertio
1831 5570 1915 5615 est

336 5659 563 5711 duorum
593 5657 938 5710 terminorum
968 5654 1032 5706 ad
1069 5668 1126 5707 se
1155 5654 1383 5706 invicem
1414 5652 1654 5719 quasdam
1698 5650 1909 5703 habitu-

336 5748 428 5818 do,
455 5758 506 5805 et
527 5746 675 5821 quasi
708 5744 1098 5816 quodammodo
1120 5741 1465 5799 continentia.
1498 5739 1732 5804 Quorum
1766 5753 1909 5793 com-

2015 4640 2137 4699 tica,
2160 4641 2501 4706 geometrica,
2528 4638 2858 4692 harmonica.
2887 4639 3011 4691 Post
3035 4653 3164 4705 quas
3187 4639 3581 4707 proiiortionnnt

2016 4728 2377 4793 habitudines,
2411 4739 2519 4784 tres
2547 4730 2665 4781 alia:
2692 4739 2815 4782 sunt
2845 4746 2961 4795 qua:
2989 4730 3105 4785 sine
3129 4731 3341 4785 nomine
3372 4731 3583 4800 quidem

2016 4815 2279 4870 feruntur.
2307 4818 2578 4871 Vocantur
2600 4828 2775 4873 autem
2805 4829 3010 4887 quarta,
3044 4821 3249 4889 quinta,
3291 4822 3373 4875 vt-l
3417 4833 3584 4885 sexta,

2017 4923 2133 4977 qua:
2155 4910 2401 4977 Superius
2441 4910 2597 4963 dictis
2627 4910 2888 4980 oppositas
2936 4921 3078 4965 sunt.
3114 4915 3182 4965 At
3224 4928 3349 4966 vero
3394 4912 3585 4981 posteri

2018 5007 2235 5066 propter
2273 4998 2476 5054 denarii
2508 5002 2713 5055 numeri
2743 5000 3147 5069 perfectiOncm,
3176 5005 3315 5072 quod
3343 5016 3457 5058 erat
3487 5005 3585 5072 Py~

1981 5140 1987 5149 ,
2018 5090 2252 5159 thagorae
2276 5091 2646 5161 complacitus,
2675 5092 2989 5149 medietates
3020 5094 3151 5150 alias
3180 5094 3404 5166 quatu’or
3441 5096 3585 5149 addi-

2018 5184 2235 5255 derunt,
2266 5195 2321 5238 ut
2351 5186 2405 5239 in
2436 5185 2517 5241 his
2540 5186 3390 5255 proportionalitatihos,denaria:
3419 5206 3585 5259 quau-

2018 5279 2181 5330 titulis
2206 5292 2400 5346 corpus
2429 5277 2723 5333 efﬁcerent.
2773 5276 3081 5335 Secundum
3110 5295 3265 5351 quem
3308 5293 3586 5334 numerum

2018 5374 2071 5419 et
2124 5367 2330 5435 priores
2372 5369 2605 5436 quinque
2660 5368 3001 5426 habitudines
3059 5371 3587 5438 comparationesquu

2020 5457 2301 5526 descripta:
2328 5473 2389 5510 su
2432 5466 2473 5524 t,
2506 5458 2594 5513 ubi
2640 5461 2873 5530 quinque
2912 5460 3203 5530 majoribus
3234 5460 3590 5528 proportioni~

2018 5552 2134 5614 bus,
2159 5566 2292 5619 quos
2334 5550 2636 5604 vocavimus
2662 5550 2824 5606 duces
2855 5552 3090 5606 minores
3129 5550 3423 5617 aptavimus
3456 5551 3590 5608 ειυς

2018 5642 2277 5696 terminos
2305 5656 2440 5710 quos
2466 5643 2690 5697 comites
2724 5642 2980 5696 diximus.
3016 5640 3143 5694 Inde
3169 5640 3328 5693 etiam
3375 5643 3425 5694 in
3466 5642 3587 5694 Ari-

2017 5737 2256 5793 stotelica
2298 5746 2453 5807 atque
2478 5737 2724 5810 Archyta:
2760 5740 2902 5809 prius
2934 5739 3019 5805 I0,
3055 5734 3587 5807 prmdicameut-nrunt
