4160 6256
641 297 773 351 11-17

1842 298 1957 352 an.
1990 289 2035 347 M
2063 293 2206 347 .NL;
2239 295 2386 349 sev.
2429 276 2643 350 nomn

3732 300 3870 352 {Hb

638 409 1015 479 descriptione,
1075 410 1476 479 Pythagoricum
1535 404 1809 463 denarium
1864 409 2200 463 manifestum
2228 407 2275 463 A
2307 405 2512 472 rentiae,
2542 414 2913 474 proportiones
2945 420 3065 460 vero
3081 405 3470 474 alim.Na‘t.quc
3490 406 3677 461 duoad
3705 423 3867 463 unum

637 508 722 551 est
752 500 995 553 inveniri.
1026 498 1459 568 Quandoquidem
1502 510 1556 553 et
1605 499 1751 552 Plato
1780 500 2202 553 studiosissimus

638 589 948 657 Pythagora:
978 590 1263 642 secundum
1303 605 1419 644 eam
1450 589 1864 658 disputationem
1898 589 2117 653 dividit,
2147 598 2202 643 et

636 682 898 750 Archytas
951 681 1324 749 Pythagoricus
1355 691 1478 736 ante
1522 682 1863 737 Aristotelem
1913 682 2059 754 (licet
2087 683 2205 750 qui-

633 772 854 825 busdam
877 774 945 824 sit
964 772 1287 843 ambiguum)
1315 775 1496 829 decem
1523 774 2053 842 lmeprazdicamcnla
2077 786 2205 825 con-

630 862 821 915 stituit.
872 862 995 915 lnde
1035 864 1194 916 etiam
1253 866 1316 919 10
1362 867 1726 919 membrorum
1758 865 2054 933 particulas,
2080 863 2204 917 inde

629 950 731 1003 alia
761 952 1022 1019 permulta
1061 968 1178 1021 qua:
1205 955 1381 1008 omnia
1422 956 1667 1023 persequi
1698 970 1803 1009 non
1850 963 1930 1007 cst
1959 966 2195 1006 necesse.

1204 1064 1429 1123 CAPUT
1467 1068 1623 1123 XLII.

630 1153 781 1217 Quod
808 1156 1025 1222 primum
1054 1156 1115 1227 de
1144 1172 1202 1209 ea
1228 1174 1341 1221 qua:
1388 1168 1594 1210 vocatur
1623 1158 1940 1211 arithmetica
1988 1172 2204 1227 propor-

1051 1226 1330 1279 tioualitate
1354 1228 1618 1299 dicendum
1649 1238 1742 1280 est.

698 1311 847 1365 Nunc
874 1328 999 1365 vero
1027 1313 1092 1365 de
1131 1316 1736 1383 proportionalitntihus.
1786 1317 1956 1384 deque
2006 1316 2203 1370 medic-

628 1406 823 1458 tatibns
850 1405 1133 1459 dicendum
1165 1417 1264 1459 est.
1302 1405 1367 1460 Et
1396 1410 1623 1476 primum
1649 1408 1862 1476 quidem
1892 1408 1958 1462 de
1984 1424 2044 1461 ea
2087 1424 2202 1461 me~

626 1496 824 1550 dietate
900 1497 1289 1563 tractabimus,
1368 1515 1484 1567 qum
1539 1499 1828 1552 sccundwm
1892 1499 2203 1566 quantitatis

626 1584 1001 1652 aequalitatem,
1035 1588 1269 1655 neglecta
1302 1590 1660 1655 proportionis
1686 1589 1971 1657 parilitate.
2004 1590 2203 1642 consti-

627 1683 858 1727 tutorum
889 1676 1233 1729 terminorum
1257 1677 1593 1730 habitudines
1614 1686 1805 1730 servat.
1828 1677 1880 1729 In
1914 1677 1995 1730 his
2022 1687 2197 1730 autum

625 1766 1004 1832 quantitatibus
1044 1768 1300 1822 medietas
1330 1770 1425 1821 ista
1470 1780 1726 1829 versatur,
1777 1770 1935 1834 inque
1966 1771 2045 1822 his
2074 1784 2191 1831 spe-
2223 1751 2270 1810 Β

625 1855 848 1907 culanda
898 1867 998 1920 est,
1035 1858 1086 1910 in
1135 1860 1325 1927 quibus
1381 1862 1626 1927 ascipsis
1658 1862 1867 1913 termini
1917 1862 2191 1915 dill‘erunt.

625 1945 758 2007 Quid
781 1955 956 1998 autem
980 1958 1116 2001 esset
1138 1948 1431 2002 din'erentia
1460 1947 1806 2003 termiuorum
1831 1953 2073 2018 superius
2096 1952 2197 2005 dif-

626 2036 829 2086 tinitum
861 2044 961 2089 est.
996 2037 1140 2089 llanc
1165 2048 1339 2091 autem
1370 2054 1489 2092 esse
1514 2040 1903 2093 arithmeticam
1936 2041 2195 2095 medieta-

626 2132 752 2186 tem,
788 2139 1129 2177 numerorum
1164 2126 1273 2194 ipsa
1305 2128 1441 2180 ratio
1468 2128 1778 2193 declarabit,
1810 2132 2057 2197 quoniam
2082 2132 2196 2196 ejus

630 2215 902 2281 proportio
929 2216 978 2267 in
1005 2218 1215 2268 numeri
1236 2219 1530 2284 quantitate
1569 2220 1829 2271 consistit.
1879 2220 2007 2285 Qum
2038 2220 2198 2288 igitur

627 2315 917 2368 causaest,
951 2306 1249 2373 hujusmodi
1303 2309 1647 2362 lerminorum
1700 2310 2089 2374 habitudinem,
2144 2311 2195 2364 id

625 2406 702 2449 est
752 2397 1161 2465 arithmetictm,
1196 2396 1402 2452 cunctis
1451 2401 1571 2452 aliis
1614 2401 2198 2467 proportionalitatibus

627 2490 1001 2558 anteponere?
1034 2490 1265 2543 Primum
1306 2492 1445 2560 quod
1494 2492 1631 2543 hanc
1672 2491 1902 2543 nobisin
1935 2492 2195 2560 princ’pio

625 2584 735 2651 ipsa
766 2598 1105 2636 numerorum
1142 2592 1347 2645 natura,
1391 2593 1441 2636 et
1474 2583 1552 2635 vis
1575 2584 1830 2635 naturalis
1878 2584 2196 2650 quantitatis

623 2674 861 2739 opponit.
911 2673 1220 2750 Huiusmodi
1277 2671 1416 2725 enim
1447 2674 1815 2740 proportione;
1856 2687 2079 2740 qumque
2127 2668 2193 2725 ad

622 2764 967 2815 tcrn‘iinoruz-n
994 2762 1324 2816 differentias
1355 2763 1651 2829 pertinent,
1683 2772 1737 2815 ut
1770 2763 1929 2830 paulo
1958 2772 2075 2830 post
2102 2762 2196 2816 dc-

623 2854 1023 2917 monstrabitur,
1058 2854 1109 2906 in
1152 2853 1411 2907 naturalis
1443 2854 1673 2922 primum
1722 2855 1928 2907 muneri
1959 2853 2009 2907 di
2049 2853 2193 2919 posi-

622 2944 762 2998 tione
804 2945 1197 3011 cognoscimus.
1240 2944 1489 3009 .Deinde,
1544 2944 1682 3013 quod
1733 2945 2007 3012 superiore
2055 2944 2191 2997 libro

623 3033 1014 3097 disputantibns
1036 3034 1186 3086 nobis
1207 3035 1475 3102 app'ruit,
1504 3035 1892 3087 arithmeticam
1924 3036 2028 3087 vim
2067 3048 2192 3101 geo-

622 3125 835 3178 metrica
864 3136 1020 3193 atque
1050 3126 1249 3179 musica
1273 3141 1392 3180 esse
1417 3126 1791 3194 antiquiOrem,
1821 3135 1873 3179 ct
1899 3124 2039 3194 quod
2070 3124 2191 3177 illa-
2221 3101 2266 3163 (ἶ

622 3226 691 3281 ta,
727 3218 819 3271 has
842 3218 998 3270 simul
1034 3218 1275 3285 inferret,
1310 3220 1516 3272 sublata
1540 3234 1666 3272 vero
1683 3220 1986 3287 perimciet.
2020 3219 2196 3285 Quare

621 3307 809 3360 ordine
836 3307 1125 3373 diSputatio
1153 3310 1511 3377 progreditur,
1536 3312 1577 3361 si
1606 3310 1671 3362 ah
1696 3328 1751 3359 ca
1782 3310 1924 3377 prius
1950 3310 2197 3361 inchoan-

621 3396 743 3450 dum
773 3399 835 3448 sit
870 3398 1175 3461 medietate,
1208 3414 1327 3465 qua:
1357 3401 1409 3450 in
1435 3400 1638 3451 numeri
1660 3399 1979 3463 dillerentia,
2012 3414 2116 3451 non
2142 3397 2194 3451 in

622 3486 981 3555 proportionis
1008 3488 1370 3555 speculatione
1400 3498 1659 3542 versatur.

1183 3576 1408 3630 CAPUT
1456 3576 1633 3631 XLlll.

726 3659 801 3715 De
830 3664 1144 3718 arithmetica
1163 3668 1427 3721 medietate
1452 3670 1658 3738 ejusque
1678 3670 2084 3738 prrprietatibus.

690 3754 1092 3809 Arithmeticam
1150 3758 1489 3811 medietatem
1531 3774 1811 3823 vocamus,
1859 3764 2063 3828 quoties
2110 3762 2194 3818 vel

623 3847 791 3900 tribus
822 3848 900 3900 vel
948 3850 1209 3917 quotlibet
1242 3852 1481 3905 terminis
1527 3854 1680 3919 positi
1716 3894 1730 3916 ,
1781 3854 2000 3919 a-qualis
2037 3863 2195 3923 atque

622 3939 804 3991 eadem
857 3938 1153 3993 dill'ercntia
1211 3943 1344 3995 inter
1399 3957 1585 3995 omnes
1626 3944 1909 4008 dispositos
1940 3946 2197 3999 terminos

622 4030 904 4082 invenitur.
938 4032 991 4083 In
1023 4049 1147 4099 qua,
1182 4034 1422 4099 neglecta
1471 4035 1827 4103 propmtionis
1854 4036 2153 4103 mqualitale
2176 4075 2193 4101 ,

622 4122 969 4173 terminorum
1000 4131 1200 4174 tan'um
1232 4123 1758 4191 diﬂ‘erentiarumquc
1786 4125 2077 4187 simulatio
2106 4140 2199 4177 cu-

622 4211 947 4273 stoditur,ut
980 4210 1025 4272 1,
1054 4212 1107 4275 2,
1143 4215 1195 4275 5,
1220 4215 1274 4276 4,
1306 4214 1357 4275 5,
1387 4217 1440 4278 (ἱ,
1475 4215 1529 4272 7,
1564 4216 1616 4277 8,
1643 4216 1696 4279 9,
1732 4200 1812 4267 10.
1845 4213 1898 4266 In
1930 4213 2027 4267 hac
2053 4214 2197 4267 enim

624 4302 881 4354 naturalis
932 4303 1137 4355 numeri
1170 4302 1556 4369 dispositione,
1599 4305 1640 4356 si
1673 4306 1793 4371 quis
1845 4306 2194 4357 continuatim

623 4392 946 4445 diﬂ‘erentias
988 4393 1337 4446 terminorum
1391 4403 1542 4446 curet
1587 4393 1847 4456 asiiicere,
1903 4394 2194 4447 secundum

622 4481 1009 4541 arithmeticam
1042 4482 1401 4547 medietatem,
1428 4498 1577 4551 mqua
1605 4483 1950 4536 turminorum
1984 4482 2121 4536 inter
2142 4498 2201 4537 se

624 4573 976 4643 discrepantia
1001 4584 1101 4628 est.
1137 4574 1391 4643 Aﬂquales
1420 4573 1561 4626 enim
1590 4582 1713 4626 sunt
1741 4572 1774 4625 d
1799 4572 2076 4631 (Terentiae.
2102 4572 2198 4625 sed

623 4666 807 4718 eadem
842 4666 1112 4732 proportio
1143 4675 1301 4734 atque
1350 4664 1603 4718 habitudo
1643 4650 1763 4719 non
1789 4673 1891 4720 est.
1950 4664 2004 4718 Si
2036 4663 2199 4734 igitur

628 4768 675 4815 in
707 4765 871 4815 trihus
902 4764 1141 4817 terminis
1170 4762 1529 4817 consideratio
1559 4764 1654 4823 sit.
1688 4764 1937 4816 continua
1969 4777 2197 4829 prop-r-
2256 4814 2259 4817 .

626 4854 891 4907 tionalitas
920 4853 1135 4909 dicitur.
1165 4854 1256 4908 Sin
1287 4867 1413 4906 vero
1445 4852 1527 4905 hic
1557 4853 1691 4906 alius
1730 4853 1833 4905 dux
1862 4861 1914 4906 et
1944 4854 2078 4904 alius
2107 4866 2199 4904 eo-

626 4960 761 5009 mes,
795 4945 902 4998 illic
929 4960 1057 4998 vero
1095 4947 1307 5012 utrique
1342 4944 1447 4999 sint
1471 4944 1581 5007 alii,
1615 4944 1891 4997 vocabitur
1935 4942 2205 5009 disjuncta

626 5035 901 5087 medietas.
935 5034 989 5087 Si
1017 5034 1174 5099 igitur
1206 5032 1457 5096 intribns
1487 5041 1689 5085 tantum
1736 5033 1976 5086 terminis
2004 5047 2202 5086 secun-

624 5126 748 5178 dum
781 5124 1087 5177 continuam
1116 5123 1455 5193 medietatem
1489 5122 1856 5191 conSpcxeris,
1882 5122 1963 5176 vel
1994 5121 2049 5175 in
2072 5115 2233 5190 qua-ﬁ

626 5228 763 5281 tuor,
800 5218 878 5269 vel
905 5216 957 5269 in
990 5214 1221 5284 quolibet
1253 5215 1319 5267 ali
1347 5228 1371 5266 s
1394 5215 1683 5269 secundum
1708 5211 2049 5279 disjunctam,
2084 5226 2205 5264 eas-

625 5306 746 5361 dem
771 5320 981 5373 semper
1006 5304 1331 5358 dill‘erentias
1365 5289 1711 5358 lcrminorum
1742 5302 1963 5367 videbis,
2000 5310 2200 5354 tantum

626 5393 755 5449 solis
805 5395 1236 5462 proportionibus
1296 5399 1627 5461 permutatis.
1689 5392 1743 5447 Id
1789 5392 1832 5445 si
1863 5392 1913 5443 in
1954 5390 2199 5459 unoquis

631 5484 865 5547 noverit,
894 5484 1095 5556 reliqua
1148 5498 1267 5536 eum
1301 5483 1435 5537 ratio
1471 5499 1573 5535 non
1608 5482 1807 5535 latebit.
1846 5480 1927 5535 Sit
1955 5480 2203 5534 continua

632 5577 889 5630 medietas
924 5576 968 5639 Ι,
990 5575 1045 5641 2,
1076 5576 1127 5627 5.
1160 5574 1253 5627 llie
1276 5589 1411 5627 uitus
1432 5589 1459 5625 a
1493 5573 1719 5634 duobus,
1752 5580 1805 5625 et
1826 5571 1931 5624 duo
1962 5587 1989 5623 a
2014 5570 2201 5633 trihus,

634 5667 761 5718 solis
795 5674 995 5717 tantum
1025 5664 1245 5729 singu'is
1275 5666 1492 5723 distant,
1546 5674 1596 5716 ct
1646 5672 1766 5715 sunt
1797 5678 1872 5715 ctu
1897 5663 1996 5714 'cm
2042 5660 2070 5712 tl
2102 5660 2195 5712 [Ie-

2304 494 2495 561 duplus
2535 503 2636 558 est,
2671 506 2778 549 tres
2804 495 2869 549 ad
2914 495 3040 561 duo,
3074 495 3408 564 sesquialter,
3455 508 3509 551 et
3560 497 3612 551 in
3660 502 3870 557 cteteris

2304 586 2443 639 idem
2474 586 2698 641 videbis.
2731 586 2822 643 Sin
2849 596 3025 642 autem
3057 589 3377 655 permiscens
3411 597 3465 643 et
3493 590 3703 658 aliquos
3729 606 3866 659 pra:-

2305 674 2504 728 teriens
2525 676 2707 744 eligas,
2727 686 2780 729 et
2806 676 2856 730 in
2875 676 2957 732 b’s
2982 678 3211 745 aliquam
3236 678 3652 746 speculationem
3678 696 3865 749 ponas,

2305 765 2441 819 idem
2466 767 2655 834 poterit
2676 768 2910 821 evenire.
2941 767 3072 821 Nam
3102 768 3147 822 si
3170 769 3402 836 aequales
3425 770 3678 825 terminos
3708 772 3866 826 :‘uter-

2306 855 2504 920 mittas,
2543 864 2596 909 et
2643 870 2761 910 sese
2794 858 2842 910 in
2880 858 3053 926 priore
3077 857 3425 926 dispositione
3455 869 3794 926 praetereant,
3823 862 3865 913 si

2304 941 2537 1011 singulos
2567 944 2907 1009 intermittas,
2927 945 3093 999 solius
3116 945 3300 999 binarii
3327 946 3592 1001 notabitur
3612 948 3867 1002 diﬂ‘eren-

2304 1030 2398 1093 tia,
2425 1030 2505 1084 sin
2527 1044 2653 1085 vero
2682 1030 2788 1084 duo
2817 1041 3119 1101 pra-terens,
3154 1035 3392 1100 temarii,
3420 1035 3464 1089 si
3495 1045 3624 1100 tres,
3650 1046 3865 1104 quater-

2302 1118 2461 1180 narii,
2490 1128 2541 1173 et
2582 1120 2647 1172 ad
2679 1122 2923 1175 eumdem
2955 1123 3168 1176 modum
3202 1139 3307 1177 uno
3346 1125 3463 1194 plus
3493 1140 3651 1193 quam
3707 1126 3866 1180 inter-

2304 1205 2534 1270 miseris,
2564 1209 2660 1261 erit
2679 1208 2767 1261 illa
2794 1224 2951 1278 quam
2980 1213 3266 1279 quarrimus
3291 1214 3584 1267 dideru-ntia
3616 1219 3860 1269 termino-

2303 1310 2440 1347 rum.
2470 1296 2705 1366 Namque
2730 1300 2773 1353 si
2803 1301 2853 1353 in
2883 1301 3051 1356 tribus
3079 1306 3318 1359 terminis
3347 1306 3534 1375 singuli
3563 1307 3861 1375 relinquan-

2305 1393 2408 1450 tur,
2437 1385 2670 1442 binarius
2694 1401 2906 1459 semper
2935 1392 3193 1447 intererit.

2927 1544 3067 1594 Diﬂ'et
3082 1548 3246 1595 cutim.

3199 1652 3443 1715 χρη

2756 1772 2809 1823 2
3358 1788 3410 1837 z

2303 1920 2661 2060 ~-'__
2784 1976 2827 2020 τ
3036 1964 3084 2045 ὅ
3311 1940 3447 2063 ιιζ

2486 2140 2489 2141 ί
3067 2159 3118 2213 z

2939 2390 3205 2440 Interm‘ssi
3217 2427 3229 2439 .

2304 2496 2528 2549 Videsne
2558 2505 2616 2549 ut
2646 2511 2765 2549 cum
2813 2496 3058 2562 superius
3086 2496 3136 2548 iu
3164 2494 3417 2548 naturalis
3448 2496 3653 2548 numeri
3688 2494 3848 2561 dispo

2297 2584 2487 2638 sitione
2511 2599 2569 2639 se
2594 2585 2805 2638 termini
2839 2585 3065 2652 singulis
3102 2584 3452 2652 prmterirent,
3496 2585 3854 2652 pranermissis

2296 2674 2503 2728 duobus
2530 2684 2583 2728 et
2609 2675 2661 2741 4,
2696 2691 2830 2728 unus
2857 2675 2921 2727 ad
2953 2684 3084 2740 tres,
3124 2684 3176 2728 et
3206 2675 3239 2729 '5
3266 2674 3328 2727 ad
3378 2674 3671 2742 quinarium
3715 2688 3855 2725 com.

2299 2764 2490 2829 parati,
2522 2764 2783 2817 binar'um
2813 2764 2984 2817 solum
3011 2765 3061 2816 in
3085 2763 3380 2817 dillerentia
3404 2764 3496 2816 reti
3537 2763 3658 2815 ueri.
3685 2772 3722 2813 t.
3748 2760 3858 2817 Nec

2299 2869 2402 2906 non
2430 2854 2589 2908 etiam
2624 2855 2674 2909 in
2698 2854 2958 2925 disiuncta
2988 2855 3172 2909 eadem
3203 2855 3498 2909 versabitur
3533 2852 3855 2925 observatio.

2924 2983 3245 3035 Diii'erentiae.

2558 3201 2604 3253 Ζ
3392 3193 3437 3240 Ζ

2931 3759 3158 3810 lntcrmis
3184 3759 3216 3805 i.

2298 3865 2514 3920 TalLbus
2540 3863 2701 3933 igitur
2731 3863 2970 3932 vestigiis
2997 3862 3350 3919 insistentem,
3383 3859 3556 3910 uultus
3582 3859 3649 3909 ab
3679 3856 3855 3909 eadem

2296 3954 2650 4011 similitudine
2698 3969 2852 4009 error
2883 3952 3127 4005 abducet.
3184 3950 3420 4017 Namque
3449 3948 3495 4001 si
3525 3948 3658 4000 duos
3702 3948 3855 3999 inter.

2300 4050 2496 4114 mittas,
2556 4048 2819 4101 ternarius
2870 4044 3219 4098 differentiam
3270 4040 3586 4100 continebit,
3634 4039 3679 4091 si
3719 4048 3853 4100 tres,

2298 4138 2695 4207 quaternarius,
2725 4136 2771 4187 si
2800 4144 3049 4201 quatuor,
3083 4131 3379 4200 quinarius,
3411 4145 3563 4196 :eque
3612 4129 3665 4181 in
3700 4128 3857 4181 conti.

2301 4228 2419 4281 nuis
2451 4225 2880 4295 proportionibus
2904 4230 3063 4289 atque
3093 4219 3387 4286 disiunctis.
3414 4219 3654 4282 Qualitas
3692 4228 3860 4271 autem

2302 4316 2658 4385 proportionis
2711 4315 2895 4368 eadem
2941 4327 3044 4365 non
3076 4311 3195 4373 crit,
3250 4308 3489 4376 qua-uvis
3545 4308 3654 4358 sint
3708 4306 3863 4373 aequi!

2303 4404 2514 4458 termini
2541 4403 2857 4457 diﬂercntiis
2886 4399 3174 4455 distribttti.
3206 4398 3284 4462 Qu
3323 4397 3355 4450 d
3388 4396 3430 4449 si
3459 4396 3865 4463 conversimpm

2312 4502 2523 4556 muttur,
2554 4502 2606 4545 ut
2664 4506 2767 4545 non
2817 4490 3018 4544 eisdem
3068 4486 3381 4542 diﬂ‘erentiis
3418 4484 3602 4539 eadem
3648 4484 3864 4550 qualitas

2314 4581 2670 4650 proportionis
2698 4581 2929 4645 eveniat,
2962 4578 3280 4647 geometrica
3319 4576 3437 4628 talis
3463 4571 3867 4642 proportionali-

2312 4679 2411 4733 tas,
2455 4684 2559 4723 non
2619 4668 2948 4722 arithmetica
3001 4666 3329 4720 nominatur.
3379 4663 3474 4716 Est
3523 4669 3691 4713 autem
3748 4673 3865 4723 pro.

2308 4764 2476 4832 prium
2509 4762 2664 4830 hujus
2713 4760 3034 4825 medietatis,
3076 4758 3215 4828 quod
3248 4756 3375 4810 siin
3421 4754 3586 4807 tribus
3632 4749 3866 4803 terminis

2306 4836 2598 4922 specu'atio
2621 4853 2709 4915 sit,
2734 4850 3040 4918 compositis
3080 4846 3525 4905 extremitatibus,
3558 4843 3644 4895 illa
3673 4854 3865 4893 summa

2313 4958 2429 5009 quia
2458 4944 2595 4995 inter
2614 4940 2977 4996 extremitates
3021 4946 3122 4999 est,
3156 4951 3258 4989 ton
3291 4934 3407 4987 loco
3438 4942 3665 4994 tantum,
3694 4942 3868 4982 verum

2312 5036 2475 5087 etiam
2503 5034 2552 5086 lit
2584 5032 2875 5102 quantitate
2900 5028 3177 5083 medietas.
3244 5026 3313 5081 Ut
3358 5025 3403 5078 si
3452 5036 3719 5092 ponan'ur
3748 5022 3798 5081 1,
3821 5019 3868 5081 2,

2312 5122 2365 5187 ’5,
2395 5139 2532 5177 unus
2559 5132 2610 5176 et
2643 5133 2749 5175 tres
2776 5129 3003 5189 quatuor
3045 5116 3288 5171 reddunt.
3336 5116 3447 5168 Duo
3475 5127 3602 5175 vero
3634 5112 3723 5179 qui
3770 5120 3868 5160 ms-

2311 5214 2428 5267 dius
2455 5214 2591 5267 inter
2616 5224 2870 5279 utrosque
2901 5217 3000 5275 est,
3056 5206 3387 5277 quaternarii
3419 5203 3677 5258 medietas
3731 5202 3869 5253 iuve~

2312 5306 2472 5360 nitur.
2502 5303 2653 5367 Quod
2687 5302 2729 5355 si
2755 5303 2835 5355 bis
2861 5300 3198 5355 medietatem
3227 5299 3409 5357 ducas,
3442 5307 3626 5362 mqnus
3652 5292 3753 5345 erit
3783 5302 3870 5341 ex.

2310 5393 2682 5445 tremitatibus.
2713 5391 2801 5443 Bis
2831 5391 2971 5442 enim
3002 5387 3128 5447 duo,
3155 5396 3382 5453 quatuor
3406 5388 3611 5435 creant.
3639 5381 3730 5431 Sin
3754 5389 3871 5429 vero

2306 5479 2566 5547 tlisjuncta
2619 5480 2707 5542 sit,
2762 5479 2898 5547 quod
2956 5477 3011 5528 tit
3058 5491 3120 5528 ex
3172 5475 3408 5540 utrisque
3453 5467 3870 5524 extremitatibut

2306 5568 2639 5635 compositis,
2678 5556 2791 5621 hoc
2823 5582 2885 5621 ex
2935 5566 3141 5619 duabus
3188 5563 3561 5617 medii-tatibus
3617 5558 3869 5613 redditur.

2305 5660 2358 5713 Si
2391 5659 2528 5713 enim
2554 5669 2668 5711 sunt
2702 5659 2749 5719 1,
2796 5659 2849 5724 ‘2,
2884 5658 2934 5725 ὅ,
2970 5656 3023 5721 4,
3067 5670 3200 5708 unus
3245 5665 3296 5707 ct
3326 5654 3549 5722 quatuor
3577 5649 3871 5720 quinarium
