4160 6256
353 343 487 397 1149

1516 326 1600 384 DE
1642 323 2105 384 ARITIIMETICA
2146 323 2272 380 LIB.
2316 320 2381 379 ll.

3444 302 3581 361 1150

354 458 551 514 treant,
577 448 680 503 duo
709 458 761 505 et
786 458 892 507 tres
924 449 1079 506 medii
1116 445 1169 499 in
1198 434 1455 496 eumdem
1495 456 1681 496 rursus
1729 440 1925 510 quina-
1947 442 2000 499 Α
2028 434 2263 489 minores
2278 428 2704 500 comparationes
2727 438 2947 481 necesse
2976 431 3057 479 est
3079 420 3326 477 inveniri.
3347 419 3585 488 Namque

354 542 487 596 rium
517 551 760 609 surgunt.

1021 650 1252 701 Couttnua

545 771 1474 1183 [Χ

461 1162 1212 1290 T.L_;__I.=
1302 1188 1791 1286 .i-3.L

1048 1312 1123 1358 bis
1140 1310 1236 1357 duo

1112 1392 1143 1439 4

985 1472 1295 1522 Discontiuua

1041 1751 1078 1811 δ
1375 1701 1505 1858 \
1965 1756 2005 1812 η

866 2110 1090 2378 \—

362 2440 454 2495 Est
482 2440 557 2494 illi
590 2439 686 2492 hoc
732 2449 939 2505 quoque
984 2432 1065 2487 sol
1088 2430 1152 2485 da
1195 2428 1519 2498 proprietate
1565 2426 1930 2496 coniunctum,

362 2530 502 2597 quod
533 2524 977 2597 quemadmodum
1018 2530 1142 2577 sunt
1171 2534 1296 2576 omn
1332 2535 1357 2573 s
1386 2516 1599 2573 termini
1631 2516 1933 2583 huiusmodi

362 2618 722 2686 dispositionis
752 2615 814 2667 ad
845 2612 1071 2681 seipsos,
1106 2612 1174 2665 ita
1212 2618 1334 2663 sunt
1388 2605 1705 2660 differentiae
1740 2604 1805 2657 ad
1828 2603 1932 2658 dif-

364 2689 618 2765 ferentias
648 2708 966 2762 constitutae.
1002 2702 1240 2768 Namque
1286 2698 1456 2751 omnis
1510 2697 1770 2751 terminus
1828 2694 1929 2750 sibi

364 2800 463 2866 ipsi
492 2797 710 2866 mqualis
728 2803 827 2863 est,
845 2805 896 2847 et
918 2791 1236 2845 dilTerentize
1264 2786 1575 2841 dillerentiis
1601 2795 1723 2838 sunt
1756 2798 1933 2850 coqua-

364 2888 459 2943 les.
489 2887 619 2941 Illud
649 2900 859 2955 quoque
887 2880 1152 2941 subtilius,
1196 2876 1334 2947 quod
1368 2875 1516 2927 multi
1567 2873 1727 2941 hujus
1775 2871 1936 2925 disci-

363 2982 521 3051 plinae
549 2980 725 3049 periti,
758 2978 858 3031 nisi
887 2970 1242 3029 Nicomachus
1296 2981 1561 3034 nunquam
1604 2972 1754 3017 antea
1807 2976 1931 3030 per-

364 3077 670 3138 spexerunt,
696 3066 841 3136 quod
876 3064 927 3117 in
957 3061 1101 3117 omni
1139 3057 1509 3127 dispositione,
1542 3054 1620 3107 vel
1651 3052 1926 3115 continua,

364 3162 446 3214 vel
476 3160 759 3228 disiuncta,
787 3154 924 3222 quod
960 3153 1263 3207 continetur
1292 3147 1391 3201 sub
1424 3145 1627 3199 duabus
1676 3141 1932 3196 extremi-

364 3253 579 3319 tatibus,
611 3251 786 3304 minus
815 3256 897 3301 est
924 3261 988 3300 eo
1030 3257 1251 3298 numero
1273 3238 1360 3308 qui
1390 3253 1452 3292 ex
1483 3236 1762 3289 medietate
1804 3248 1930 3286 con-

365 3340 556 3407 ﬁcitur,
589 3349 789 3393 tantum
812 3345 1064 3406 quantum
1098 3339 1313 3401 possunt
1334 3328 1450 3381 duce
1475 3325 1573 3379 sub
1598 3338 1656 3378 sc
1684 3323 1930 3377 differen-

365 3431 452 3483 tiae
474 3431 764 3492 continere,
794 3441 911 3495 qua:
940 3425 1076 3478 inter
1109 3424 1250 3491 ipsos
1278 3429 1401 3474 sunt
1444 3415 1697 3470 terminos
1734 3413 1931 3467 consti-

362 3528 508 3573 tutaa.
540 3520 805 3572 Ponamus
830 3517 968 3569 enim
1000 3524 1119 3568 tres
1163 3511 1418 3566 terminos
1460 3504 1763 3574 lnijusmodi
1788 3503 1841 3564 5,
1874 3505 1928 3569 5,

364 3607 415 3663 7.
438 3609 489 3663 Si
518 3608 679 3677 igitur
702 3617 809 3660 tres
856 3606 1054 3673 septies
1101 3610 1413 3671 augeantur,
1448 3596 1501 3650 in
1542 3595 1603 3650 ‘21
1650 3608 1925 3648 numerum

363 3701 575 3755 cadunt.
606 3697 759 3764 Quod
788 3697 832 3749 si
864 3696 1093 3750 medium
1121 3693 1421 3757 terminum,
1456 3689 1504 3742 id
1527 3698 1608 3743 est
1647 3686 1701 3751 5,
1752 3686 1803 3738 in
1835 3699 1923 3738 se-

363 3791 641 3855 metipsum
666 3786 1118 3854 multiplieaveris,
1149 3784 1426 3852 quinquies
1455 3779 1686 3848 quinque
1732 3776 1925 3829 faciunt

364 3880 452 3933 25.
485 3881 545 3933 Et
580 3879 667 3931 hic
699 3890 954 3929 numerus
993 3874 1059 3927 ab
1086 3888 1150 3927 eo
1180 3889 1333 3940 quem
1382 3872 1744 3926 extremitates
1776 3866 1925 3921 colli-

366 3977 515 4037 gunt,
548 3966 887 4037 qualernario
915 3964 1084 4032 major
1098 3972 1196 4027 est,
1216 3978 1369 4031 quem
1392 3961 1593 4014 scilicet
1616 3957 1927 4013 dill'erentia:

368 4059 824 4114 tonﬁciuntJnter
845 4059 878 4111 5
897 4056 1038 4109 enim
1072 4065 1122 4109 et
1154 4054 1187 4108 5
1213 4062 1267 4107 et
1296 4056 1325 4105 7
1344 4051 1450 4106 bini
1488 4052 1747 4105 intersunt
1800 4061 1932 4116 quos

366 4151 404 4205 ti
433 4150 485 4205 in
525 4164 645 4204 sese
671 4148 987 4217 multiplices
1016 4148 1049 4201 4
1076 4147 1321 4206 reddunt,
1355 4144 1436 4198 bis
1480 4142 1622 4197 enim
1650 4141 1773 4204 duo,
1806 4152 1934 4204 qua-

367 4247 482 4294 tuor
512 4240 662 4293 ﬁunt.
686 4239 850 4292 Recte
879 4238 1038 4306 igitur
1061 4237 1259 4291 dictum
1291 4243 1393 4298 est,
1422 4234 1475 4286 in
1504 4233 1601 4286 hac
1630 4228 1929 4299 huiusmodi

369 4332 713 4400 dispositione
768 4330 909 4398 quod
978 4331 1281 4383 continetur
1330 4326 1428 4379 sub
1472 4322 1928 4384 extremitatibus.

2025 522 2075 575 in
2098 521 2446 589 dispositione
2471 519 2567 571 hac
2596 517 2646 581 1,
2671 518 2728 579 2,
2753 518 2805 581 ’5,
2840 516 3080 568 minores
3101 522 3223 567 sunt
3245 510 3456 565 termini
3487 510 3512 561 1
3533 513 3588 561 et

2019 601 2075 667 9.,
2110 588 2338 667 majores
2359 598 2393 649 2
2417 598 2552 663 e15,
2584 605 2637 650 et
2669 595 2703 646 2
2730 595 2795 646 ad
2831 608 2992 646 unum
3041 592 3232 659 duplus
3261 597 3369 652 est,
3400 588 3433 640 5
3460 599 3588 640 vero

2021 688 2088 742 ad
2108 688 2143 740 2
2174 688 2511 756 sesquialter.
2538 684 2631 738 sed
2663 683 2830 751 major
2860 690 2941 736 est
2964 679 3238 749 proportio
3259 677 3403 745 dupli
3432 688 3587 743 quam

2024 779 2394 845 sesquialtera.
2429 775 2486 828 In
2518 775 2828 828 harmonica
2868 762 3040 825 autem
3070 769 3381 830 medietate,
3428 779 3589 819 econ-

2026 866 2187 919 trario
2216 865 2433 919 evenire
2457 862 2732 926 contingit.
2768 862 2822 914 ln
2852 859 3144 913 minoribus
3183 856 3323 910 enim
3356 852 3594 907 terminis

2024 954 2259 1007 minores
2282 952 2683 1021 proportiones,
2719 951 2770 1003 in
2811 949 3101 1012 majoribus
3144 945 3312 1013 major
3368 956 3592 1011 propor-

2025 1041 2187 1094 tionis
2224 1040 2492 1110 quantitas
2520 1038 2836 1092 custoditur.
2870 1036 3063 1089 ilarum
3079 1049 3202 1088 vero
3232 1032 3590 1095 medietalum,

2026 1130 2078 1183 id
2129 1138 2212 1184 est
2267 1129 2619 1183 arithmeticzc
2670 1136 2828 1195 atque
2870 1122 3223 1185 harmonicze,
3270 1119 3595 1189 geometrica

2028 1218 2497 1289 proportionalitas
2523 1215 2696 1269 media
2725 1228 2844 1269 esse
2865 1220 3042 1265 notata
3070 1220 3172 1277 est,
3190 1223 3306 1277 quae
3320 1207 3400 1261 vel
3418 1208 3468 1259 in
3488 1196 3611 1258 ma?

2021 1309 2228 1379 joribus
2254 1308 2338 1362 vel
2367 1302 2418 1360 in
2449 1304 2742 1359 minoribus
2765 1300 3025 1363 terminis,
3054 1311 3234 1364 aequas
3255 1307 3596 1349 numerorum

2028 1401 2312 1467 qualitates
2349 1397 2400 1450 in
2433 1391 2929 1465 proportionalitate
2960 1386 3211 1442 custodit.
3267 1384 3407 1437 Inter
3429 1382 3598 1447 majus

2028 1503 2155 1543 vero
2177 1498 2229 1541 et
2259 1486 2432 1540 minus
2451 1524 2466 1548 ,
2491 1482 2770 1551 aequalitas
2801 1479 2920 1531 loco
2950 1477 3164 1546 ponitur
3188 1470 3505 1527 medietatis.
3539 1469 3601 1527 Et

2028 1577 2094 1631 de
2115 1574 2447 1629 aritlunetica
2477 1570 2690 1640 quidem
2729 1567 3016 1623 medietate
3043 1564 3175 1618 satis
3199 1562 3396 1623 dictum
3425 1567 3525 1614 est.

2593 1659 2818 1715 CAPUT
2859 1656 3017 1711 XLIV

2141 1754 2217 1808 De
2245 1754 2541 1823 geometrica
2566 1751 2828 1804 medietate
2853 1751 3061 1818 ejusque
3086 1740 3492 1814 propiietatibus.

2103 1852 2251 1904 Nunc
2283 1864 2409 1904 vero
2430 1863 2545 1915 quae
2580 1846 2714 1897 hanc
2744 1842 2987 1910 sequitur
3006 1835 3328 1907 geometrica
3346 1832 3598 1887 medietas

2034 1940 2364 2009 expediatur,
2383 1952 2501 2005 quae
2524 1934 2639 1988 sola
2658 1932 2739 1986 vel
2767 1930 2997 1983 maxime
3021 1921 3488 1995 proportionalitas
3508 1934 3599 1986 aps

2035 2031 2220 2101 pellari
2254 2036 2449 2099 potest,
2480 2034 2760 2095 propterea
2791 2020 2933 2090 quod
2976 2021 3030 2073 in
3070 2033 3132 2072 ea
3158 2015 3359 2070 eisdem
3388 2027 3600 2082 proper.

2038 2124 2271 2178 tionibus
2306 2119 2651 2174 terminorum
2671 2155 2685 2177 ,
2720 2112 2801 2166 vel
2832 2114 2883 2164 in
2914 2108 3205 2177 majorLbus
3235 2104 3318 2157 vel
3350 2103 3401 2155 in
3432 2102 3601 2154 min0<

2034 2218 2181 2274 ribus
2205 2211 2499 2284 speculatio
2525 2213 2759 2279 ponitur.
2797 2205 2891 2259 llic
2908 2204 3049 2257 enim
3068 2214 3219 2269 :equa
3247 2211 3455 2265 semper
3485 2209 3602 2263 ριός

2034 2308 2209 2378 portio
2226 2304 2544 2365 custoditur,
2577 2295 2785 2353 numeri
2815 2294 3082 2363 quantitas
3104 2286 3488 2353 multitudoque
3510 2297 3603 2336 ne-

2034 2403 2245 2473 gligitur
2270 2398 2534 2454 contrarie
2557 2411 2714 2464 quam
2749 2394 2799 2446 in
2838 2388 3173 2444 arithmetica
3206 2382 3519 2443 medietate,
3550 2383 3603 2433 ul

2035 2466 2160 2547 Ξυιῖι
2185 2492 2235 2554 ι,
2256 2491 2312 2556 2,
2340 2490 2392 2553 λι,
2421 2487 2473 2552 8,
2504 2488 2590 2553 to,
2614 2486 2705 2550 se,
2738 2484 2827 2538 64.
2870 2479 2968 2534 vet
3006 2478 3057 2531 in
3089 2474 3240 2544 lripla
3271 2466 3602 2556 proportione

2037 2585 2087 2647 1,
2120 2582 2174 2649 3,
2200 2581 2253 2644 9,
2278 2579 2367 2644 2'7,
2400 2578 2488 2632 8|.
2527 2576 2619 2630 Vel
2642 2573 2687 2627 si
2721 2569 3013 2643 quadrupla
3037 2607 3051 2633 ,
3103 2565 3185 2619 vel
3215 2564 3257 2617 si
3302 2555 3603 2629 quincupla,

2037 2672 2119 2725 vel
2151 2647 2193 2724 si
2240 2671 2293 2722 in
2333 2667 2620 2737 quamlibet
2667 2662 3110 2730 multiplicitatem
3155 2664 3495 2708 numerorum
3539 2647 3603 2705 sil

2036 2762 2321 2816 constituta
2353 2761 2630 2812 distensio.
2676 2756 2732 2807 lu
2772 2754 2854 2806 his
2883 2752 3024 2805 enim
3064 2746 3319 2816 quotlibet
3351 2739 3602 2795 terminos

2036 2854 2368 2921 sumpseris,
2437 2850 2724 2918 explebunt
2784 2843 3163 2916 geometricam
3232 2824 3601 2898 medietatem,

2036 2942 2482 3013 quemadmodum
2512 2950 2635 2993 ante
2659 2940 2804 3008 prior
2830 2938 2895 2990 ad
2925 2944 3256 3003 sequentem,
3282 2931 3352 2983 ita
3378 2940 3602 2995 sequent

2037 3039 2101 3092 ad
2136 3037 2319 3092 alium.
2355 3036 2419 3090 Et
2446 3048 2629 3089 rursus
2650 3074 2664 3098 ,
2707 3032 2752 3086 si
2786 3030 3047 3098 permixte
3079 3026 3242 3079 facias
3263 3062 3279 3089 ,
3319 3022 3455 3075 idem
3487 3021 3599 3074 erit.

1960 3102 2004 3164 Ο
2036 3130 2093 3183 Si
2121 3129 2262 3183 enim
2294 3133 2559 3195 ponantur
2586 3132 2695 3176 tres
2725 3118 3025 3180 terminiﬁ,
3057 3116 3089 3169 4
3111 3122 3166 3168 et
3189 3113 3240 3177 8,
3261 3109 3599 3181 quemadmo-

2032 3225 2156 3278 dum
2175 3230 2299 3274 sunt
2326 3220 2358 3274 8
2388 3201 2451 3271 ad
2481 3216 2536 3279 4,
2562 3216 2633 3268 ita
2664 3214 2695 3267 4
2729 3212 2794 3265 ad
2826 3212 2882 3263 2.
2916 3212 3089 3276 Atque
3122 3206 3220 3259 hoc
3244 3205 3286 3257 si
3305 3209 3600 3265 convertas,

2032 3307 2477 3381 quemadmodum
2510 3304 2685 3359 suntﬂ
2714 3301 2781 3355 ad
2809 3300 2864 3365 4,
2886 3299 2957 3351 ita
2986 3302 3143 3349 erunt
3174 3294 3207 3346 4
3238 3292 3301 3345 ad
3331 3291 3383 3343 8.

2534 3748 2691 3810 Dupla
2959 3741 3114 3801 Dupla

2036 3832 2129 3908 Vel
2160 3853 2204 3906 si
2232 3853 2282 3905 in
2305 3858 2532 3919 quatuor
2562 3845 2837 3910 terminis,
2890 3851 2949 3897 ut
2974 3849 3096 3894 sunt
3123 3839 3158 3890 2
3188 3846 3241 3889 et
3263 3838 3294 3888 4
3319 3880 3331 3898 ,
3365 3836 3397 3888 8
3419 3844 3469 3887 et
3504 3835 3594 3897 {6,

2034 3939 2479 4009 quemadmodum
2509 3943 2592 3989 est
2621 3935 2825 4002 primus
2853 3930 2919 3984 ad
2946 3928 3187 3986 tertium,
3217 3924 3266 3977 id
3297 3931 3378 3977 est
3401 3923 3437 3975 2
3457 3922 3521 3975 ad
3553 3924 3584 3975 8

2035 4033 2113 4085 sic
2133 4031 2236 4084 erit
2264 4025 2603 4083 secundusad
2632 4032 2900 4091 quartum,
2925 4019 2977 4072 id
3009 4025 3092 4071 est
3111 4017 3142 4069 4
3166 4015 3229 4068 ad
3260 4013 3347 4068 16.
3375 4012 3607 4080 Utraque

2016 4120 2176 4175 -enim
2201 4117 2472 4187 proportio
2498 4114 2788 4185 quadrupla
2824 4120 2923 4166 est.
2958 4110 3022 4162 Et
3050 4104 3351 4162 conversim
3377 4148 3390 4171 ,
3418 4119 3603 4171 quem-

2035 4209 2318 4263 admodum
2347 4216 2571 4277 quartus
2600 4214 2683 4260 est
2711 4204 2772 4256 ad
2795 4201 3105 4263 secundum,
3132 4192 3207 4252 ita
3234 4196 3423 4252 tertius
3457 4205 3603 4249 not.»

2037 4311 2123 4354 tur
2145 4300 2209 4353 ad
2244 4300 2491 4367 primum.
2527 4296 2636 4351 Hoc
2662 4309 2789 4350 vero
2807 4294 2966 4349 etiam
2997 4291 3260 4360 disjuncle
3290 4289 3436 4342 licet.
3472 4286 3603 4339 Nam

372 4377 712 4400 -.υννη-.--η
772 4377 801 4398 Ἰ
825 4377 909 4382 τη
1334 4377 1373 4379 γ
1411 4377 1416 4378 κ
1751 4377 1754 4379 η
1826 4377 1829 4378 ν
1915 4377 1926 4384 ,

370 4425 535 4479 minus
561 4434 680 4481 esse
727 4419 817 4478 illo
845 4432 1064 4476 numero
1090 4418 1176 4490 qui
1202 4419 1255 4472 tit
1281 4430 1349 4473 ex
1381 4415 1683 4482 medietate,
1731 4427 1930 4468 tantum
1960 4412 2013 4473 1)
2038 4391 2481 4467 (ιιιθῐιιειὼηιηιυιη
2508 4403 2587 4447 est
2618 4390 2821 4459 ιπῖίηυε
2850 4385 2914 4439 ad
2938 4382 3256 4444 590"“dum’
3308 4378 3358 4432 id
3388 4385 3471 4432 εει
3495 4377 3604 4433 ²³⁴¹

362 4527 614 4589 quantum
639 4514 951 4571 diﬂerentia:
981 4514 1032 4567 in
1054 4527 1113 4567 sc
1142 4510 1502 4577 multiplicata:
1534 4509 1836 4561 restituunt.

728 4750 949 4846 [ιβ
1136 4682 1139 4683 ί
1459 4664 1678 4831 gl

456 4926 622 5026 ...Ι
702 4861 962 5061 22
1050 4956 1094 5042 Γ
1150 4877 1163 4925 ι
1288 4858 1603 5039 ἷ-ξφῖ
1634 4866 1868 5058 z

790 5347 822 5396 5
1513 5335 1566 5386 2⁷1

364 5456 617 5521 Quartum
642 5463 769 5505 vero
790 5448 1061 5518 proprium
1087 5442 1390 5513 huiusmodi
1430 5435 1794 5508 dispositionis
1838 5448 1932 5487 uo-

368 5556 527 5608 tatur,
559 5540 700 5609 quod
731 5540 1055 5608 antiquiores
1083 5549 1292 5605 quoque
1316 5533 1549 5587 habuere
1575 5527 1927 5589 notissimum,

366 5634 505 5703 quod
530 5634 581 5686 in
614 5630 713 5685 hac
743 5626 1227 5696 proportionalitate
1253 5623 1331 5685 vel
1374 5619 1689 5679 medietate,
1725 5615 1775 5668 in
1823 5613 1926 5667 mi-

366 5723 585 5778 noribus
611 5717 848 5776 terminis
876 5715 1101 5786 majores
1130 5711 1520 5781 proportiones,
1542 5706 1594 5760 in
1628 5703 1917 5774 maioribus

2032 4489 2087 4552 4,
2121 4489 2199 4540 sic
2221 4486 2408 4541 terius
2439 4483 2503 4535 ad
2529 4489 2794 4549 quartum,
2828 4477 2879 4529 id
2908 4483 2991 4529 est
3016 4474 3048 4525 8
3077 4473 3140 4525 ad
3169 4470 3269 4533 16;
3303 4477 3358 4523 et.
3385 4482 3605 4521 convcr-

2030 4581 2154 4643 sim,
2186 4573 2631 4645 quemadmodum
2665 4566 2931 4622 secundus
2960 4564 3024 4617 ad
3056 4563 3285 4631 primum
3306 4600 3319 4621 ,
3367 4558 3419 4610 id
3453 4565 3535 4609 est
3576 4556 3605 4607 d

1996 4704 1999 4709 -
2030 4670 2096 4723 ad
2114 4668 2172 4733 2,
2200 4669 2270 4719 ita
2290 4672 2507 4734 quartus
2538 4660 2602 4713 ad
2636 4657 2872 4723 tertium,
2902 4655 2955 4708 id
2982 4663 3063 4708 est
3096 4653 3163 4705 16
3192 4651 3254 4704 ad
3276 4649 3333 4715 8,
3366 4646 3525 4715 idque
3557 4646 3605 4698 in

2032 4757 2278 4814 omnibus
2311 4762 2420 4808 rata
2451 4746 2885 4805 consideratione
2914 4742 3227 4815 perspicies.

2409 4872 2565 4935 Dupla
2993 4866 3150 4929 Dupla

2244 4993 2544 5157 /“
2821 4996 3274 5219 ,βλ

2261 5248 2308 5293 z
2443 5228 2455 5316 ι
2569 5232 2631 5298 4
2854 5224 2897 5307 ε
3148 5205 3335 5329 ις]

2188 5194 3313 5641 TEZ/

2471 5696 2743 5760 Q'tadrtlpla
2807 5694 3017 5753 Quod“);
3036 5690 3079 5737 L1
