4160 6256
577 317 707 380 “Si

1779 311 1887 369 AN.
1931 308 2134 368 MANL.
2177 309 2326 368 SE‘V.
2373 307 2591 366 ΒΟΕῚῚΙ

3670 303 3810 360 1132

576 435 742 490 liabet
763 447 935 490 autem
967 433 1232 502 proprium
1267 429 1566 499 ltujusmodi
1599 431 1882 492 medietas,
1914 428 2049 494 quod
2083 427 2133 480 in
2170 431 2211 484 Α
2250 433 2471 477 crescat.
2511 424 2576 477 Ut
2606 423 2648 473 si
2679 422 2784 473 sint
2808 418 2864 484 Ξ,
2888 415 2940 479 4.
2970 417 3022 479 8,
3058 416 3142 480 16,
3171 417 3308 485 quod
3339 416 3394 469 ﬁt
3423 433 3486 470 ex
3511 417 3591 470 bis
3623 418 3710 482 16,
3753 420 3806 472 id

577 526 714 574 omni
746 523 1093 588 dispositione
1113 520 1401 574 secundum
1436 519 1574 572 banc
1600 520 2140 586 proportionalitatem

577 611 920 663 termiuorum
952 610 1263 663 differentia:
1294 609 1346 662 in
1372 609 1556 661 eadem
1595 610 1931 676 proportione
1958 619 2142 662 contra

578 715 632 751 se
676 711 814 765 sunt,
848 716 946 767 qua
974 701 1166 753 fuerint
1205 700 1301 768 ipsi
1346 701 1556 753 termini
1601 717 1822 768 quorum
1867 710 1989 753 sunt
2017 702 2144 768 ipsa:

579 789 906 842 differentiae.
936 789 1058 842 Sive
1089 789 1228 842 enim
1277 789 1424 855 dupli
1471 799 1651 839 contra
1680 803 1737 840 se
1770 788 1874 840 sint
1906 789 2142 852 termini,

581 879 747 946 duplze
769 889 924 932 erunt
951 881 1107 932 etiam
1146 881 1458 933 diiferentire
1490 881 1600 933 sive
1638 880 1776 946 tripli
1805 879 1974 946 triplae
1995 921 2010 946 ,
2035 880 2147 933 sive

582 966 866 1019 secundum
897 967 1187 1035 quamlibet
1233 969 1696 1036 multiplicitatem,
1756 968 1938 1020 eadem
1968 968 2017 1020 in
2046 967 2146 1020 dif-

585 1057 818 1109 ferentiis
855 1059 1367 1125 multiplicitas‘erit,
1401 1075 1558 1127 quam
1593 1059 1759 1127 prima
1793 1060 2147 1114 consideratio

587 1147 786 1200 invenit
809 1147 858 1199 itt
893 1148 1158 1203 terminis.
1186 1157 1242 1202 ut
1271 1148 1508 1215 subjecta
1544 1148 1830 1216 descriptio
1854 1160 2054 1202 monet.

1121 1236 1417 1284 Dill‘erentiae
1445 1236 1620 1297 duplae.

1163 1324 1403 1332 ————

596 1503 968 1511 —————

1169 1540 1384 1587 Termini
1421 1541 1571 1602 dupli.

591 1618 727 1671 Nulli
756 1619 1140 1688 igiturdubium
1166 1637 1284 1676 esse
1309 1633 1499 1689 potest,
1528 1623 1666 1691 quod
1691 1638 1809 1675 cum
1841 1635 2027 1674 omnes
2052 1630 2155 1674 lcr-

593 1711 719 1764 tuini
745 1711 888 1779 dupli
919 1714 1056 1779 sint,
1091 1714 1160 1767 ita
1192 1714 1501 1768 diﬂ'ereutire
1525 1732 1733 1783 quoque
1761 1733 1946 1770 eorum
1975 1717 2156 1769 termi-

595 1806 779 1842 nortnn
813 1792 987 1859 dupla:
1014 1808 1132 1846 esse
1163 1794 1468 1856 videantur,
1505 1806 1559 1848 ut
1588 1811 1694 1848 uno
1723 1798 1895 1848 minus
1925 1797 2154 1848 termino

596 1879 644 1928 in
675 1879 990 1934 diderentiis
1013 1920 1028 1944 ,
1069 1897 1256 1937 omnes
1286 1899 1420 1951 pene
1450 1884 1737 1952 dispositos
1763 1885 1946 1940 subter
1979 1886 2159 1939 termi-

597 1981 692 2018 nos
722 1984 947 2035 quorunt
971 1981 1093 2023 sunt
1115 1973 1242 2038 ipsa:
1261 1972 1594 2039 dill'ercntite,
1627 1977 1868 2040 superior
1892 1977 2021 2028 ordo
2051 1977 2162 2030 red-

597 2055 805 2109 diderit.
831 2059 922 2110 E~t
945 2060 1101 2112 etiam
1129 2062 1270 2114 aliud
1290 2065 1579 2130 proprium,
1607 2065 1745 2132 quod
1779 2069 1950 2119 omnis
1978 2068 2040 2119 ad
2067 2070 2160 2120 mi-

600 2163 780 2200 norem
812 2150 979 2216 tnajor
1024 2153 1278 2206 terminus
1306 2166 1645 2222 comparatus
1699 2157 1868 2225 ipsum
1903 2160 2160 2213 minorem

599 2237 789 2290 retinet
817 2238 1187 2293 dilferenliam.
1238 2241 1476 2310 Namque
1533 2245 1766 2298 binarius
1801 2248 1868 2300 ad
1905 2249 2161 2304 ttnitatem

600 2327 707 2392 ipsa
737 2328 938 2380 unitate
963 2328 1170 2394 dilTert,
1203 2336 1649 2399 etquaternarius
1678 2335 1883 2389 biuario
1927 2338 2041 2406 ipso
2083 2341 2164 2392 bi-

607 2417 772 2480 nario,
796 2421 1165 2471 etoctonarius
1187 2417 1530 2487 quaternm-Eo
1563 2423 1678 2490 ipso
1708 2428 2078 2493 quaternario,
2111 2437 2165 2482 et

601 2503 850 2573 deinceps
896 2505 1122 2574 majores
1154 2508 1241 2560 alii
1275 2509 1401 2576 ipsis
1425 2511 1719 2566 minoribus
1749 2513 1815 2566 ab
1845 2516 2043 2570 eisdem
2083 2518 2162 2586 ip~

601 2591 673 2643 sis
719 2591 971 2646 dillerunt
1009 2611 1140 2663 quos
1171 2600 1547 2654 numerositate
1576 2612 1916 2668 praetereunt.
1968 2607 2033 2660 Et
2068 2609 2167 2663 hoc

601 2679 816 2746 quidem
847 2681 898 2734 in
931 2683 1126 2752 duplici
1159 2689 1498 2754 proportione
1546 2691 1707 2744 cadit.
1755 2693 1847 2748 Sin
1886 2711 2012 2750 vero
2061 2699 2168 2752 sint

603 2767 834 2835 triplices
858 2772 1248 2838 proportiones,
1288 2775 1455 2843 major
1481 2780 1734 2834 terminus
1763 2798 1793 2834 a
1826 2785 2031 2838 minore
2057 2796 2162 2840 ter-

603 2856 766 2919 mino,
791 2857 1061 2925 duplicato
1097 2862 1302 2917 minore
1331 2868 1556 2920 termino
1585 2868 1776 2924 ddl‘ert.
1828 2871 1893 2925 Ut
1912 2875 1953 2927 si
1982 2877 2088 2928 sint
2116 2877 2160 2942 l,

541 2985 550 2996 ο
603 2946 653 3009 5,
679 2944 730 3011 9,
767 2955 872 2999 tres
897 2947 962 2999 ab
991 2963 1114 3014 uno,
1158 2950 1362 3004 binario
1393 2953 1677 3021 diﬂ'erunt,
1711 2958 1762 3011 in
1793 2976 1948 3028 quem
1974 2964 2162 3025 un'tas.

608 3035 658 3086 id
685 3046 764 3087 est
793 3035 965 3089 minor
988 3038 1243 3093 terminus
1265 3041 1563 3108 duplicatus
1588 3048 1838 3112 exundat,
1872 3060 1924 3104 et
1956 3052 1987 3106 9
2019 3068 2046 3105 a
2075 3055 2167 3107 tri-

606 3125 699 3176 bus
724 3125 932 3180 senario
955 3127 1220 3196 differunt,
1254 3146 1409 3199 queu
1439 3135 1701 3190 ternztrius
1717 3136 2013 3206 duplicatus
2038 3142 2167 3196 edu-

605 3215 693 3267 cit.
728 3215 794 3269 Et
821 3216 870 3270 in
895 3217 1012 3271 aliis
1042 3219 1247 3274 eunetis
1269 3221 1532 3288 eiusmodi
1567 3225 1702 3279 ratio
1735 3231 2046 3296 reperietur.
2073 3232 2111 3286 S
2135 3250 2166 3286 ιι

607 3318 729 3361 vero
771 3309 1142 3378 quadruplices
1186 3312 1326 3378 sint,
1385 3315 1650 3383 triplicato
1678 3319 1883 3375 minore
1913 3325 2166 3391 termino,

607 3397 772 3464 major
803 3400 1059 3454 terminus
1089 3407 1122 3452 a’
1147 3403 1352 3456 minore
1390 3404 1629 3461 distabit.
1686 3408 1752 3462 Et
1777 3411 1824 3464 si
1869 3413 2164 3482 qttincupli,

609 3485 1033 3553 quadruplicato,
1071 3500 1123 3543 et
1155 3492 1199 3543 si
1231 3495 1467 3562 scxcupli
1493 3537 1507 3560 ,
1538 3497 1963 3566 quincuplicato,
1993 3513 2047 3559 et
2069 3521 2169 3560 una

609 3573 781 3627 minus
808 3575 1244 3644 multiplicatione
1270 3597 1426 3649 quam
1448 3593 1530 3637 est
1559 3587 1666 3653 ipsa
1698 3589 2037 3645 minorumad
2062 3609 2170 3648 ma-

611 3662 747 3730 jores
791 3667 1113 3733 comparatio
1167 3671 1551 3737 tcrtninorum,
1608 3676 1866 3732 minorem
1920 3697 2172 3737 numerus

614 3753 773 3822 major
800 3765 1104 3825 exsuperat.

1138 3847 1442 3899 Diﬂ'erentite
1465 3852 1642 3915 dupla.

741 3925 2039 4012 |__}l2l4|8l'6l52l65l'=’8|

1189 4129 1404 4181 Term'ni
1443 4134 1594 4195 dupli.

1127 4207 1432 4263 Dilfereutiaa
1478 4215 1656 4277 triplze.

991 4311 1964 4396 Ι6Ι18Ι31Ι162Ι4δδΙἙ

979 4419 1009 4464 5
1072 4405 1082 4478 ι
1141 4415 1170 4460 9
1233 4405 2043 4489 jzvjsiﬁmm

1190 4519 1405 4569 Termini
1431 4524 1576 4585 tripli.

1085 4601 1385 4653 Dillereutiae
1405 4606 1701 4668 quadruplze.
1726 4637 1732 4642 -

726 4699 840 4785 |_5
917 4701 926 4776 |
994 4707 1047 4753 t2
1107 4699 2063 4785 [saltuum

1125 4907 1345 4955 Termini
1388 4911 1661 4971 quadrupli.

616 4981 738 5036 Hmc
758 4993 932 5037 autem
969 4989 1431 5054 proportionalitas
1457 5001 1506 5044 et
1553 4992 1604 5043 in
1642 4992 1759 5044 aliis
1787 4994 2066 5059 omnibus,
2102 4997 2183 5050 vel

615 5077 1207 5142 superparticularibus,
1226 5079 1304 5130 vel
1335 5080 1864 5146 superpartientibus,
1894 5083 2178 5148 invenitur,

616 5162 916 5229 ltujusmodi
949 5167 1273 5233 proprietate
1305 5167 1358 5220 in
1401 5169 1645 5224 omnibus
1671 5180 2014 5236 conservata,
2045 5183 2100 5226 ut
2131 5175 2182 5227 in

614 5254 862 5308 continua
897 5258 1271 5326 proportione,
1303 5261 1440 5326 quod
1474 5262 1529 5315 iit
1557 5262 1657 5316 sub
1676 5263 2106 5318 extremitatibus
2137 5267 2180 5319 si

614 5353 721 5399 tres
770 5348 964 5401 fuerint
1020 5350 1258 5414 termini,
1305 5351 1404 5404 hoc
1433 5367 1460 5403 a
1510 5352 1794 5407 medietate
1837 5354 2181 5422 multiplicata

613 5448 917 5505 consurgat.
963 5440 1020 5494 Si
1047 5442 1187 5494 enim
1219 5441 1322 5494 sint
1374 5443 1429 5506 2,
1459 5443 1513 5508 4,
1559 5446 1614 5508 8,
1657 5447 1796 5514 quod
1828 5447 1883 5500 lit
1921 5462 1986 5500 ex
2026 5448 2106 5501 bis
2127 5451 2180 5508 8.

613 5527 749 5582 idem
782 5532 838 5582 lit
861 5547 927 5585 ex
955 5543 1141 5601 quater
1169 5531 1221 5586 4.
1277 5533 1368 5586 Vel
1399 5534 1443 5586 si
1498 5535 1568 5588 sit
1605 5536 1655 5589 in
1687 5545 1914 5605 quatuor
1946 5539 2185 5591 terminis

613 5618 872 5683 d‘sjuncta
904 5622 1201 5686 praportio,
1227 5623 1364 5688 quod
1396 5624 1451 5676 iit
1479 5625 1577 5677 sub
1605 5626 1842 5694 utrisque
1875 5628 2181 5680 extremita-

615 5707 780 5772 tibus,
833 5710 883 5761 id
928 5709 1153 5763 duarum
1193 5711 1531 5765 medietatem
1563 5715 2000 5783 multiplicatione
2051 5706 2205 5770 con-'

2246 527 2309 562 ev
2341 520 2527 578 quater
2557 509 2588 562 8
2620 507 2888 561 reddatur.
2939 503 3226 570 Exemplar
3251 513 3423 556 autem
3460 503 3611 557 nobis
3643 508 3813 558 maxi-

2249 623 2389 658 muto
2415 592 2872 669 certis'simumque
2896 599 2966 652 sit
2993 597 3116 651 illud
3141 598 3227 650 ubi
3256 613 3321 650 ex
3350 598 3650 664 aequalitate
3680 599 3815 651 dixi-

2247 714 2360 762 tnus
2385 709 2570 748 omnes
2592 689 2962 760 ianualitatis
2995 688 3200 755 species
3237 686 3401 739 lundi.
3430 686 3544 739 Illic
3569 686 3731 752 enim,
3759 689 3813 740 in

2248 791 2497 843 (lintribus
2526 789 2606 841 vel
2641 784 3030 853 multiplicibus,
3057 782 3136 834 vel
3171 779 3706 847 superpartieutibus,
3732 783 3812 831 γει

2249 877 2844 945 superparticularibus,
2891 872 2974 925 vel
3009 871 3061 924 in
3111 871 3320 923 caeteris
3350 869 3812 939 conjunctis,geo-

2250 968 2466 1019 metrica
2498 961 2961 1034 proportionalitas
2989 958 3281 1013 custoditur
3301 1001 3313 1022 ,
3351 957 3446 1012 has
3469 960 3655 1012 omnes
3700 975 3818 1026 pro-

2254 1056 2504 1123 prietates
2535 1067 2666 1120 quas
2693 1047 3086 1118 supradiximus
3117 1044 3413 1100 continens.
3463 1046 3658 1112 Quarta
3692 1063 3820 1101 vero

2250 1152 2332 1198 est
2353 1139 2642 1211 praprietas
2673 1139 2893 1206 hujusce
2917 1133 3248 1196 medietatis,
3273 1133 3413 1200 quod
3441 1134 3522 1186 vel
3559 1135 3610 1186 in
3644 1135 3810 1201 tnajn-

2255 1234 2398 1287 ribus
2427 1231 2506 1284 vel
2537 1227 2828 1282 minoribus
2869 1222 3108 1276 terminis
3159 1221 3390 1288 (equales
3440 1235 3653 1290 semper
3701 1241 3817 1289 pru-

2255 1321 2524 1389 portiones
2555 1328 2696 1370 sunt.
2730 1314 2970 1380 Namque
2997 1310 3042 1363 si
3075 1316 3340 1377 ponantur
3367 1310 3423 1374 2,
3457 1311 3510 1375 4,
3535 1310 3590 1374 8,
3627 1312 3709 1373 16,
3730 1315 3818 1374 52,

2256 1411 2323 1466 64
2350 1451 2363 1472 ,
2408 1409 2546 1461 inter
2595 1406 2691 1458 hos
2716 1414 2904 1454 omnes
2933 1399 3092 1467 dupla
3123 1399 3392 1466 proportio
3430 1408 3529 1475 est.
3592 1399 3820 1466 Appare;

2257 1499 2416 1551 etiam
2451 1500 2563 1548 hsce
2607 1489 3068 1561 preporlionalitas
3114 1486 3164 1538 in
3203 1487 3339 1540 binis
3371 1487 3820 1554 proportionibus,

2258 1589 2324 1639 ab
2365 1585 2567 1638 unitate
2610 1579 2908 1634 alternatim
2942 1586 3088 1644 parte
3119 1575 3284 1628 altera
3335 1576 3658 1642 longioribus
3689 1597 3821 1646 qua-

2261 1678 2531 1742 drati~que
2578 1669 2878 1738 dispositis,
2910 1682 2936 1715 a
2973 1665 3137 1732 prima
3188 1665 3588 1730 multiplicitatis
3618 1666 3823 1720 habitu.

2195 1766 2234 1818 Β
2263 1768 2381 1818 «Νι-ε
2403 1804 2416 1828 ,
2445 1763 2494 1815 id
2524 1773 2604 1815 est
2649 1775 2678 1812 a
2710 1756 2904 1824 duplici
2937 1769 3028 1820 per
3073 1763 3288 1806 cunctas
3317 1758 3823 1822 supcrparticulares

2266 1852 2598 1907 habitudines
2646 1845 3121 1916 preportionesque
3151 1841 3452 1896 discurrens
3473 1882 3487 1905 ,
3529 1848 3667 1910 quod
3698 1850 3823 1900 sub-

2260 1947 2399 2013 jecta
2429 1941 2788 2008 descriptione
2819 1937 3078 2000 signatum
3107 1941 3203 1984 est.

2264 2061 2318 2069 ...-

2627 2051 2976 2062 __———-

2373 2055 2626 2066 ’.υ-...-

3295 2051 3478 2060 .——.

3483 2051 3821 2063 —-——-—__.

2329 2146 2576 2155 “—

2839 2506 3084 2513 ———.————-

3085 2507 3306 2515 ——

2323 2060 3309 2154 MEL_L_L_J

2273 2150 2324 2157 m
2359 2172 2502 2218 Parte
2528 2170 2675 2216 altera
2707 2172 2888 2224 lattgittr
2965 2156 2974 2230 Ι
3132 2169 3162 2214 2
3309 2157 3318 2231 Ι
3398 2170 3548 2239 Dupla

2265 2239 2306 2247 κ
2359 2260 2662 2316 Tetragontts
2965 2245 2975 2319 Ι
3129 2257 3158 2303 4
3233 2282 3236 2286 -
3311 2249 3319 2321 Ι
3399 2261 3551 2320 Dupla

2363 2351 2506 2398 Parte
2531 2350 2683 2397 altera
2711 2349 2892 2406 longior
2968 2337 2976 2410 Ι
3131 2348 3161 2394 6
3307 2339 3318 2410 Ι
3393 2337 3718 2410 815(ιυίᾸῆ

2358 2439 2661 2496 'l‘etragoaus
2772 2477 2775 2482 λ
2963 2430 2971 2502 Ι
3128 2443 3158 2486 9
3306 2420 3352 2515 Ι⁸
3387 2443 3724 2500 Ses‘quiallera

2365 2528 2507 2574 Parte
2531 2527 2681 2574 altera
2707 2527 2893 2586 longior
2967 2519 2978 2594 Ι
3120 2531 3176 2577 12
3311 2505 3352 2594 Ι⁸
3399 2535 3713 2590 Sesquitertia

2276 2594 2304 2601 _
2359 2625 2664 2683 Tetragonus
2970 2612 2980 2685 Ι
3120 2613 3180 2672 16
3309 2617 3323 2686 Ι
3399 2626 3714 2687 Sesquitertia

2365 2715 2506 2777 Parte
2529 2714 2683 2762 altera
2708 2695 2931 2765 longior”
2968 2702 2977 2774 Ι
3010 2695 3734 2787 Ἶῖ-Γῖςθειιυῑουπιδ

2279 2781 2313 2788 “
2360 2803 2666 2857 'l‘etratzonus
2969 2808 2976 2865 ι
3114 2806 3175 2853 2⁵5
3309 2796 3328 2870 Ι
3397 2806 3726 2865 Sesqniquarta

2276 2871 2322 2878 —
2362 2891 2504 2939 Parte
2530 2893 2680 2940 altera
2708 2896 2894 2943 longior
2969 2878 2977 2956 Ι
3117 2897 3175 2938 3H
3303 2879 3323 2970 Ι
3400 2899 3729 2955 Sesquiquinta

2281 3159 2663 3228 iungentis
2966 3156 2975 3228 Ι
3117 3168 3168 3211 ιε.
3397 3170 3718 3228 Sesquiscxta

2843 3311 3067 3371 CAPUT
3093 3315 3247 3369 XLV.

2346 3391 2472 3458 Qua:
2494 3395 2802 3464 mediolalcs,
2834 3404 3012 3469 quibus
3029 3421 3192 3456 rerum
3214 3404 3528 3472 publicarum
3553 3401 3769 3452 statibus

2856 3488 2966 3525 com
2973 3484 3232 3541 parentur.

2343 3555 2515 3624 Atque
2544 3558 2665 3614 ideo
2694 3561 3026 3618 arithmetica
3049 3563 3264 3632 quidem
3293 3564 3340 3617 ei
3371 3560 3672 3629 reipublicae
3696 3574 3833 3612 con.

2275 3655 2490 3711 paratur
2517 3665 2635 3716 quae
2660 3654 2841 3720 paucis
2864 3656 3068 3722 regitur
3086 3695 3100 3720 ,
3149 3655 3350 3709 idcirco
3376 3652 3514 3722 quod
3547 3653 3598 3706 in
3626 3651 3835 3705 minori-

2277 3734 2372 3788 bus
2397 3736 2512 3805 ejus
2534 3742 2776 3796 terminis
2807 3744 2977 3812 major
3005 3744 3278 3813 proportio
3305 3742 3394 3796 sit.
3429 3741 3685 3795 Musicam
3715 3755 3836 3792 vero

2278 3826 2617 3884 medietatem
2666 3834 2981 3902 Optimatum
3032 3836 3216 3890 dicunt
3260 3849 3381 3890 esse
3437 3833 3837 3903 rempublicam.

2277 3915 2394 3969 ideo
2423 3919 2561 3986 quod
2595 3920 2646 3974 in
2688 3923 2980 3990 majoribus
3007 3926 3250 3979 terminis
3281 3923 3454 3993 major
3477 3922 3831 3992 proportiona-

2280 4009 2398 4062 litas
2425 4010 2706 4066 invenitur.
2735 4015 3067 4071 Geometrica
3094 4016 3374 4082 med'etas,
3408 4015 3680 4083 popularis
3707 4026 3836 4081 thO-

2189 4120 2208 4130 ο
2279 4099 2569 4156 dammodo
2594 4111 2732 4158 etex
2763 4107 3066 4175 aequalitate
3102 4107 3333 4162 civitatis
3359 4116 3463 4161 est.
3504 4104 3739 4172 Namque
3756 4103 3838 4158 vel

2281 4194 2332 4242 in
2365 4191 2673 4259 majoribus,
2701 4195 2782 4249 vel
2819 4196 2870 4250 in
2901 4197 3215 4262 minoribus,
3239 4197 3428 4266 aequali
3458 4196 3699 4250 omnium
3725 4209 3839 4262 pro-

2281 4281 2673 4346 portionalitate
2699 4286 3059 4354 componitur,
3085 4296 3140 4342 et
3167 4294 3250 4341 est
3279 4287 3416 4341 inter
3435 4300 3627 4340 omnes
3651 4286 3841 4354 paritas

2281 4372 2523 4440 qumdam
2579 4375 2884 4430 medietatis
2931 4393 3139 4447 aequum
3191 4379 3280 4447 jus
3321 4377 3373 4432 in
3423 4375 3844 4446 proportionibus

2211 4464 2256 4524 D
2284 4469 2669 4520 conservantis.

2854 4576 3078 4632 CAPUT
3116 4576 3296 4632 XLVI.

2290 4663 2437 4728 Quod
2484 4665 2775 4732 superﬁcies
2822 4681 2924 4719 una
2952 4662 3145 4719 tantum
3186 4668 3240 4720 in
3294 4664 3844 4734 proportionalitatibm

2359 4734 2617 4804 taediantis
2636 4738 2927 4804 junguntur
2949 4779 2962 4800 ,
3010 4737 3159 4789 solidi
3182 4753 3294 4789 vero
3323 4737 3517 4790 numeri
3541 4734 3727 4788 duabus
3743 4750 3822 4786 me

2359 4803 2626 4855 dietatibus
2657 4805 2708 4856 in
2731 4803 2890 4856 inedia
2930 4806 3242 4858 collocantur

2365 4910 2489 4964 Post
2517 4911 2628 4965 haec
2653 4911 2809 4979 igitur
2853 4921 3060 4980 tempus
3090 4923 3172 4967 est
3218 4924 3275 4966 ut
3323 4913 3669 4982 expediamus
3715 4927 3846 4965 nunc

2293 4998 2540 5065 quiddam
2573 4999 2732 5052 nimis
2783 5000 2911 5054 utile
2944 5001 2994 5054 in
3037 5001 3305 5056 Platonica
3337 5003 3566 5068 quadam
3614 5003 3847 5066 disputa-

2296 5091 2456 5152 tione,
2485 5105 2604 5158 qure
2633 5090 2682 5144 in
2712 5091 2894 5144 Τίτιιωί
2927 5092 3228 5161 cosrnopeia
3265 5093 3398 5146 haud
3432 5092 3572 5146 facili
3609 5093 3849 5160 cuiquam

2295 5181 2376 5232 vel
2408 5180 2722 5248 penetrabili
2748 5182 2952 5235 ratione
2975 5191 3240 5236 versatur.
3281 5181 3480 5237 Omnes
3510 5182 3651 5236 enim
3687 5183 3850 5249 plana!

2299 5269 2476 5335 ﬁgurae
2503 5282 2622 5337 qua:
2648 5270 2788 5322 nulla
2811 5269 3087 5324 altitudine
3103 5282 3366 5337 crescunt,
3395 5288 3495 5325 una
3517 5281 3716 5324 tantum
3746 5285 3852 5322 tne-

2289 5359 2485 5411 dielate
2510 5359 2833 5424 geometrica
2855 5360 3254 5425 continuantur,
3280 5362 3382 5414 alia
3406 5378 3524 5428 qua:
3541 5362 3725 5430 jungat
3749 5376 3852 5412 non

2290 5455 2460 5513 potest
2505 5447 2761 5511 inveniri;
2803 5450 2943 5502 unde
2981 5449 3086 5502 duo
3116 5459 3319 5503 tantum
3356 5453 3406 5503 in
3452 5451 3533 5503 ltis
3579 5449 3852 5503 intervalla

2288 5543 2412 5588 sunt
2433 5536 2746 5599 constituta,
2787 5552 2815 5590 a
2849 5539 3018 5605 primo
3057 5541 3261 5595 scilicet
3311 5541 3374 5593 ad
3419 5541 3684 5604 medium,
3730 5549 3785 5593 et
3825 5555 3854 5590 a

2291 5625 2463 5678 medio
2483 5624 2546 5677 ad
2579 5626 2816 5682 tertium.
2839 5630 2896 5682 Si
2929 5645 3056 5681 vero
3089 5629 3285 5683 fuerint
3314 5631 3455 5686 cnbi.
3488 5631 3621 5683 duas
3649 5641 3853 5684 tanttnn

2293 5716 2555 5771 habebunt
2585 5716 2916 5787 tncdietatcs,
2952 5721 3036 5775 ubi
3069 5722 3220 5774 tertia
3249 5722 3476 5777 inveniri
3500 5738 3602 5776 non
3633 5721 3848 5791 poterit,
