4160 6256
385 395 518 454 1155

1509 396 1512 398 -
1568 355 1664 438 nt:
1707 381 2167 442 anmutertca
2207 380 2331 440 Lm.
2373 379 2438 438 ll.

3482 377 3624 430 ἰιει

383 507 675 561 secundum
703 505 1065 576 geometricam
1093 495 1290 557 scilicet
1327 494 1766 566 proportionem.
1797 497 1948 551 Unde
1980 500 2020 554 Λ
2060 494 2184 546 κῖιιιί
2218 502 2271 547 ει
2299 491 2457 545 medii
2482 498 2662 543 contra
2718 486 3071 543 differentiam
3113 484 3269 538 medii
3321 493 3479 552 atque
3509 502 3625 554 par.

385 597 572 648 lorm:e
626 594 810 648 solida:
859 595 958 648 tria
989 590 1256 648 intervalla
1299 589 1553 642 dicuntur
1587 585 1811 640 habere.
1861 586 1951 637 ιςςι

388 685 529 736 enim
556 699 717 736 unum
751 683 1082 736 intervallum
1113 698 1140 735 a
1173 681 1342 764 pri.m0
1367 673 1430 729 ad
1485 677 1784 730 secundum
1804 715 1819 739 ,
1843 683 1895 728 et
1921 689 1950 724 a

387 769 626 826 secundo
656 773 721 824 ad
753 772 989 838 tertium,
1021 784 1074 826 et
1097 787 1124 824 a
1147 770 1302 824 tertio
1323 768 1388 823 ad
1415 777 1686 836 quartum,
1715 779 1832 833 qua:
1871 769 1953 814 est

386 864 592 917 scilicet
621 867 886 931 postrema
915 864 1187 916 distantia.
1220 862 1398 915 [lectio
1423 857 1581 928 igitur
1612 867 1665 912 et
1691 855 1862 924 plana:
1887 852 1949 904 fi-

387 970 530 1023 gum!
560 955 766 1008 duobus
794 955 1084 1009 intervallis
1110 965 1164 1010 et
1194 955 1376 1007 solida:
1401 953 1571 1006 tribus
1593 947 1852 1005 contineri
1879 946 1955 998 di~

387 1056 596 1100 cuntur.
631 1049 746 1099 Sitit
770 1047 914 1100 enim
945 1048 1054 1116 duo
1082 1047 1366 1115 ’tetragoni,
1399 1047 1431 1102 4
1456 1045 1661 1100 scilicet
1679 1047 1734 1098 cf
1760 1043 1828 1106 9,
1861 1040 1954 1093 ho-

387 1147 503 1186 rum
553 1134 714 1202 igitur
770 1151 902 1189 unus
931 1146 1136 1188 tantum
1180 1135 1388 1190 medius
1431 1139 1480 1188 in
1511 1136 1697 1190 eadem
1729 1145 1952 1202 propor-

387 1221 532 1276 tione
554 1225 800 1278 constitui
836 1236 1029 1295 potest.
1055 1227 1296 1295 Namque
1321 1227 1566 1280 senarius
1596 1224 1661 1278 ad
1692 1223 1725 1275 4
1747 1221 1954 1285 εεειιιιίδ

386 1317 522 1369 alter
549 1324 652 1382 est,
681 1326 735 1370 et
764 1317 796 1370 9
818 1318 890 1374 ad.
909 1318 1179 1371 senarium
1210 1316 1397 1371 eodem
1441 1316 1600 1369 ruodo
1619 1311 1951 1383 sesquialter.

389 1407 500 1461 lloc
529 1393 706 1462 autem
726 1407 933 1462 idcirco
964 1410 1165 1474 evenit,
1198 1409 1340 1476 quod
1371 1407 1577 1476 singula
1620 1407 1808 1467 latera,
1839 1403 1951 1456 sin-

388 1495 632 1564 gulorum
648 1505 1040 1566 tetragonorum
1060 1498 1300 1552 efficiunt
1319 1500 1580 1552 scuariam
1596 1496 1951 1549 medietatem.

391 1583 632 1654 Namque
683 1589 1007 1656 quaternarii
1058 1588 1318 1658 tetragoni
1366 1588 1502 1641 latus
1555 1586 1788 1639 biuarius
1839 1595 1952 1648 est,

395 1676 674 1729 novenarii
703 1680 1002 1749 ternarius;
1039 1676 1092 1729 hi
1138 1691 1263 1746 ergo
1309 1675 1637 1743 multiplicati
1688 1673 1954 1751 senarium

396 1762 752 1829 perfecerunt.
785 1764 872 1818 Bis
902 1765 1044 1819 enim
1076 1775 1182 1822 tres
1205 1767 1444 1820 senarius
1467 1776 1570 1820 est.
1595 1766 1658 1818 Et
1682 1766 1956 1833 quotiens-

2053 582 2258 636 rissimi
2283 591 2644 647 comparatur.
2677 579 2738 632 Ut
2768 580 2811 631 si
2844 577 2949 631 sint
2969 579 3021 640 5,
3051 576 3104 640 4,
3137 576 3194 638 6,
3227 577 3306 629 vel
3341 576 3385 629 si
3413 578 3466 641 2,
3495 577 3547 639 5,
3573 580 3626 630 6.

2050 671 2302 725 Senarius
2323 669 2465 723 enim
2498 666 2894 737 quaternarium
2926 681 3017 719 sua
3037 664 3193 719 tertia
3225 675 3375 732 parte
3391 677 3626 737 superat,

2053 763 2102 816 id
2118 771 2198 815 est
2223 761 2463 826 duobus;
2484 759 2859 830 quaternarius
2881 773 3007 812 vero
3022 759 3316 811 ternarium
3332 771 3423 810 sua
3441 767 3625 824 quarta

2052 864 2202 926 parte
2213 855 2539 922 supervenit,
2559 853 2608 904 id
2632 859 2714 904 est
2727 865 2860 913 uno;
2885 860 2938 904 et
2958 850 3200 902 senarius
3226 848 3512 901 ternarium
3530 863 3624 900 sua

2052 943 2356 1008 medietate,
2383 942 2432 996 id
2454 951 2536 996 est
2565 941 2735 993 tribus
2753 981 2768 1002 ,
2802 939 3066 992 ternarius
3087 951 3216 991 vero
3247 936 3512 990 binarium
3533 949 3626 989 sua

2052 1043 2204 1103 parte
2225 1031 2415 1096 tertia,
2447 1030 2498 1084 id
2532 1039 2614 1084 est
2640 1030 2845 1083 unitate
2868 1026 3215 1080 transcendit.
3263 1026 3439 1091 Quare
3462 1027 3512 1078 in
3547 1025 3626 1079 his

2055 1137 2228 1192 neque
2264 1121 2452 1176 eadem
2483 1119 2753 1189 proportio
2785 1117 3132 1170 terminorum
3169 1125 3272 1181 est,
3307 1129 3478 1184 neque
3498 1113 3628 1168 sunt

2055 1211 2258 1266 eaedem
2285 1209 2621 1264 differentiae.
2661 1207 2755 1260 Est
2780 1213 2957 1258 autem
2984 1204 3430 1273 quemadmodum
3464 1204 3627 1257 maxi-

2057 1316 2176 1356 mus
2198 1303 2455 1356 terminus
2497 1300 2562 1352 ad
2615 1297 2983 1366 parvissimum
3013 1295 3294 1348 terminum
3320 1333 3337 1360 ,
3381 1295 3459 1349 sic
3483 1294 3627 1348 diffe-

2056 1395 2228 1450 rentia
2261 1391 2478 1446 maximi
2507 1401 2559 1444 et
2594 1389 2750 1442 medii
2787 1387 2852 1442 ad
2908 1386 3262 1441 differentiam
3291 1385 3628 1454 mediiatque

2056 1485 2330 1556 postremi.
2354 1482 2592 1552 Namque
2621 1482 2671 1535 in
2697 1481 2795 1535 hac
2817 1479 3178 1548 preportione,
3211 1493 3329 1547 qua:
3351 1488 3454 1542 est,
3488 1478 3542 1541 5,
3561 1477 3622 1539 4,

2059 1577 2114 1641 6,
2145 1576 2317 1642 major
2346 1573 2605 1627 terminus
2627 1609 2642 1636 ,
2677 1571 2726 1625 id
2774 1579 2857 1624 est
2895 1570 3138 1625 senarius
3164 1569 3226 1622 ad
3255 1569 3628 1638 parvissimum

2061 1668 2348 1721 terminum
2382 1666 2667 1720 ternarium
2714 1665 2908 1732 duplus
2933 1672 3051 1726 est,
3103 1671 3157 1715 et
3185 1661 3479 1715 differentia
3518 1675 3627 1714 ma-

2060 1760 2186 1813 ximi
2215 1768 2270 1813 et
2299 1757 2487 1821 medii,
2514 1758 2565 1810 id
2594 1767 2679 1811 est
2707 1756 2902 1810 senarii
2932 1765 2985 1810 et
3013 1752 3358 1823 quaternarii,
3388 1751 3496 1804 duo
3524 1752 3628 1805 sei-

391 1865 621 1922 cunque,
653 1853 791 1907 datis
813 1855 1019 1909 duobus
1049 1857 1366 1926 tetragonis,
1393 1871 1576 1910 eorum
1609 1857 1954 1910 medietatem
1988 1840 2034 1896 Β
2063 1851 2186 1904 licet
2214 1849 2280 1902 ad
2322 1847 2679 1902 dierrentiam
2725 1847 2884 1900 medii
2913 1856 2968 1900 et
2994 1845 3199 1908 ultimi,
3231 1844 3279 1895 id
3308 1852 3390 1897 est
3413 1850 3629 1911 quater-

333 2019 339 2026 _
392 1944 638 1997 volumus
675 1944 942 2009 invenire,
977 1947 1140 2001 latera
1167 1963 1349 2002 eorum
1386 1947 1786 2018 multiplicando
1815 1955 1956 2010 sunt,

392 2041 448 2085 et
471 2033 560 2101 qui
590 2049 658 2088 ex
685 2033 767 2088 his
794 2038 1249 2104 procreabuntur,
1278 2039 1532 2093 medietas
1561 2047 1663 2094 est.
1705 2037 1759 2090 Si
1785 2041 1960 2091 autem

392 2123 512 2175 cubi
544 2123 670 2188 sint,
724 2133 780 2179 ut
809 2127 842 2180 8
870 2136 922 2180 et
942 2128 1034 2193 27,
1089 2128 1210 2183 dum
1236 2138 1437 2183 tantum
1469 2130 1606 2184 inter
1653 2131 1749 2183 hos
1777 2128 1959 2183 eadem

395 2216 739 2280 proportione
769 2216 1082 2271 medietates
1109 2218 1360 2273 constitui
1388 2228 1616 2288 queunt,
1665 2219 1730 2270 12
1761 2219 1965 2272 scilicet

393 2313 448 2354 et
479 2304 564 2369 18,
601 2319 826 2373 namque
851 2306 916 2360 12
937 2308 1001 2361 ad
1031 2309 1083 2373 8,
1111 2318 1164 2362 et
1189 2311 1253 2363 l8
1278 2311 1342 2364 ad
1365 2309 1454 2375 27,
1479 2310 1822 2378 sesquialtera
1849 2317 1953 2360 tan-

397 2403 507 2444 tum
541 2395 880 2462 proportione
904 2397 1218 2465 junguntur.
1249 2400 1302 2452 lu
1333 2399 1415 2454 his
1441 2415 1649 2468 quoque
1677 2399 1861 2453 eadem
1889 2401 1961 2449 la-

396 2493 567 2537 tcrmn
598 2487 731 2539 ratio
754 2497 853 2540 est.
907 2488 1142 2555 Namque
1180 2504 1240 2541 ex
1272 2504 1376 2542 uno
1425 2489 1562 2542 cubo
1611 2489 1699 2556 qui
1748 2489 1962 2556 propin-

397 2573 553 2641 quior
583 2586 685 2640 est,
733 2590 834 2628 una
865 2578 1122 2629 medietas
1152 2579 1258 2630 duo
1305 2577 1468 2632 latera
1500 2579 1697 2646 enlligit
1727 2593 1740 2638 ;
1795 2594 1856 2631 ex
1888 2579 1964 2629 a|~

398 2665 646 2718 ternatim
662 2681 786 2721 vero
809 2668 1004 2735 posito,
1023 2684 1204 2721 unum.
1237 2670 1292 2721 lu
1333 2670 1434 2722 alia
1460 2684 1665 2738 quoque
1686 2671 1967 2722 med’etate

402 2752 541 2806 idem
573 2761 671 2808 est.
714 2755 988 2809 Ponantur
1018 2759 1158 2810 enim
1183 2759 1288 2812 duo
1336 2759 1480 2824 «rubi,
1511 2770 1561 2812 et
1593 2759 1644 2810 in
1677 2758 1851 2812 medio
1879 2775 1970 2810 eo-

405 2857 522 2896 rum
545 2845 661 2898 duae
708 2847 1022 2900 medii-tates
1055 2861 1185 2913 quas
1214 2848 1456 2914 superius
1485 2846 1746 2912 diximus,
1791 2848 1844 2909 8,
1881 2847 1964 2905 1-2,

408 2933 498 2996 18,
529 2934 619 3000 27,
645 2937 902 2990 octonarii
938 2937 1094 3003 igitur
1128 2936 1264 2988 latus
1291 2945 1373 2988 est
1403 2937 1668 2999 binarius,
1722 2937 1801 2989 bis
1830 2939 1970 2989 enim

409 3020 516 3075 bini
545 3025 624 3078 bis
651 3027 982 3078 octonarium
1017 3025 1273 3077 fecerunt.
1309 3025 1598 3078 Ternarius
1626 3041 1753 3079 vero
1783 3027 1850 3078 27
1881 3041 1972 3078 cu-

405 3113 456 3164 hi
489 3114 620 3166 latus
643 3126 745 3166 est.
777 3115 882 3168 Ter
913 3115 1054 3168 enim
1088 3125 1193 3168 tres
1225 3123 1304 3168 ter
1332 3114 1401 3168 27
1438 3115 1739 3168 restituunt.
1788 3115 1972 3168 Medic-

407 3211 490 3254 tas
514 3203 668 3268 igitur
689 3203 973 3270 quaejuxta
1003 3204 1330 3256 octonarium
1362 3213 1464 3268 est,
1501 3203 1650 3257 idest
1683 3206 1766 3268 12,
1797 3215 1970 3256 muta-

410 3304 497 3344 tur
521 3293 626 3346 duo
657 3295 823 3347 latera
852 3311 915 3348 ex
945 3295 1239 3364 propinquo
1273 3294 1373 3348 sibi
1411 3296 1686 3348 octenario
1707 3338 1719 3358 ,
1747 3305 1802 3349 et
1831 3296 1973 3348 aliud

411 3398 570 3435 rumm
602 3385 740 3437 latus
761 3400 823 3438 ex
856 3385 1168 3439 altrinsecus
1201 3384 1370 3453 posito
1409 3385 1478 3437 27
1507 3385 1663 3438 cubo.
1713 3386 1802 3439 Bis
1832 3387 1974 3439 enim

409 3473 521 3526 bini
550 3482 628 3527 ter
657 3473 724 3526 12
752 3476 1008 3543 pandunt.
1042 3474 1106 3527 Et
1130 3474 1193 3528 18
1221 3475 1404 3528 eadem
1446 3477 1650 3527 ratione
1676 3475 1781 3528 duo
1812 3475 1976 3527 lati-ra

411 3578 440 3614 a
477 3565 771 3630 propinquo
795 3563 893 3616 sibi
923 3563 992 3615 27
1022 3563 1156 3616 ctrbo
1180 3563 1397 3632 Colligit,
1427 3573 1478 3617 et
1507 3579 1667 3615 unum
1705 3563 1770 3616 ab
1790 3565 1973 3615 altrin-

413 3667 570 3704 secus
600 3652 770 3719 posito
792 3652 1085 3704 octouario.
1121 3653 1254 3705 Tres
1283 3654 1420 3705 enim
1458 3663 1537 3706 ter
1559 3653 1640 3705 bis
1680 3653 1745 3705 13
1766 3653 1978 3711 conclu-

414 3745 567 3792 dunt.
605 3741 715 3792 Hoc
736 3749 912 3793 autem
946 3741 1313 3795 universaiiter
1362 3742 1739 3809 speculandum
1780 3753 1888 3803 est,
1935 3745 1976 3795 si

419 3839 724 3894 teiragouus
753 3837 1086 3897 tetragonum
1113 3832 1420 3898 multiplieet
1441 3873 1456 3895 ,
1490 3834 1605 3886 sine
1635 3833 1796 3886 dubio
1823 3844 1980 3887 tetra-

418 3932 588 3985 gonus
615 3919 874 3985 provenit.
917 3918 1008 3972 Sin
1043 3933 1168 3972 vero
1203 3930 1348 3988 parte
1379 3902 1543 3974 altera
1581 3920 1784 3989 longior
1819 3931 1978 3974 tetra-

417 4023 613 4077 goouin
662 4009 992 4076 multiplicet,
1051 4011 1130 4064 vel
1165 4015 1466 4080 tetragonus
1497 4018 1645 4079 parte
1673 4012 1833 4063 altera
1869 4011 1980 4062 lun—

415 4100 617 4168 giorem
643 4116 909 4178 nunquam
941 4111 1264 4171 tetragonus,
1295 4100 1387 4155 sed
1412 4116 1624 4169 semper
1653 4101 1982 4168 antelougior

415 4191 624 4243 crescit.
661 4190 862 4244 Rursus
893 4192 938 4244 si
965 4193 1128 4246 cubus
1157 4194 1349 4246 cubum
1378 4189 1828 4260 multiplicas‘erit,
1862 4190 1978 4242 eubi

416 4279 584 4332 forma
613 4283 906 4334 conficitur.
939 4283 993 4336 Si
1026 4297 1153 4336 vero
1180 4293 1326 4351 parte
1346 4283 1508 4336 altera
1534 4281 1738 4350 longior
1767 4279 1983 4340 culnnn,

416 4369 501 4420 vel
542 4368 708 4421 cubus
759 4381 906 4436 parte
954 4371 1116 4424 altera
1149 4373 1466 4440 longiorem,
1515 4386 1779 4439 nunquam
1819 4371 1985 4423 cubns

418 4457 813 4524 procreabitur,
863 4457 961 4509 hoc
1001 4457 1204 4511 scilicet
1252 4460 1543 4514 secundum
1587 4459 1983 4512 similitmliueni

417 4548 560 4614 paris
588 4554 744 4614 atque
775 4545 1010 4612 imparis.
1058 4546 1158 4598 l‘ar
1188 4548 1326 4600 enim
1363 4565 1540 4616 parem
1569 4550 1612 4602 si
1647 4549 1978 4614 multiplicet,

418 4649 632 4702 semper
662 4649 756 4701 par
785 4635 1039 4697 nascitur,
1070 4645 1118 4700 et
1147 4637 1318 4703 impar
1353 4639 1608 4707 imparem
1651 4639 1696 4692 si
1731 4640 1978 4705 multipli-

419 4734 522 4784 cel,
540 4723 709 4789 impar
735 4723 986 4775 continuo
1004 4734 1328 4792 procreatur.
1357 4725 1412 4780 Si
1437 4742 1564 4780 vero
1589 4727 1757 4793 impar
1780 4744 1974 4795 parem,

421 4813 502 4865 vel
530 4812 572 4865 si
597 4828 690 4880 par
712 4813 966 4880 imparem
994 4812 1326 4880 multiplicat,
1358 4828 1453 4881 par
1486 4828 1698 4882 semper
1724 4819 1978 4868 exoritur.

420 4902 530 4955 Hoc
552 4911 725 4955 autem
759 4902 963 4956 facilius
991 4903 1328 4972 cOgnoscitur
1358 4919 1422 4957 ex
1457 4905 1688 4958 lectione
1751 4905 1984 4957 Platonis

424 4991 476 5042 iu
497 4990 645 5043 libris
684 4990 750 5043 de
780 4989 1091 5058 Republica,
1134 5005 1199 5045 eo
1230 4991 1348 5046 loco
1372 4994 1458 5062 qui
1488 4992 1742 5061 nuptialis
1773 4993 1984 5050 dicitur.

423 5093 578 5145 quem
630 5093 692 5130 ex
725 5092 948 5145 persona
982 5079 1250 5133 Musarum
1305 5081 1652 5150 philosOphus
1682 5079 1985 5133 introducit.

427 5167 528 5219 Sed
554 5182 693 5219 nunc
720 5167 782 5220 ad
814 5167 1022 5221 tertiam
1045 5167 1386 5223 medietatem
1411 5168 1736 5224 redeundum
1762 5178 1861 5222 est.

986 5274 1208 5333 CAPUT
1248 5278 1454 5333 XLVII.

527 5363 604 5416 De
632 5356 929 5419 lmrmbnica
956 5369 1220 5422 medietate
1239 5373 1445 5439 ejusque
1470 5368 1878 5441 praprielatibus.

492 5454 806 5513 llarmonica
834 5469 1008 5514 autem
1040 5461 1296 5516 medietas
1326 5472 1406 5517 est
1427 5478 1548 5532 quae
1575 5477 1744 5532 neque
1781 5461 1984 5516 eisdem

418 5548 759 5612 differentiis,
803 5564 901 5605 nec
931 5550 1097 5620 aequis
1155 5553 1587 5620 proportionibus
1618 5553 1982 5626 constituitur,

416 5651 442 5690 ε
464 5638 508 5691 ~d
543 5637 630 5690 illa
654 5638 704 5691 in
733 5653 834 5706 qua
857 5639 1303 5708 quemadmodum
1337 5641 1596 5696 maximus
1629 5642 1882 5696 terminus
1914 5642 1980 5692 ad

420 5731 789 5802 tarvissimum
822 5733 1103 5786 terminum
1133 5732 1383 5800 ponitur;
1436 5734 1512 5788 sic
1553 5733 1847 5789 differentia
1874 5748 1982 5786 ma-

2062 1938 2195 1992 narii
2220 1948 2380 2005 atque
2412 1936 2654 1998 ternarii,
2685 1949 2804 2004 qua:
2835 1943 2916 1988 est
2947 1934 3141 1996 unitas,
3173 1931 3328 1998 dupla
3371 1929 3628 1998 perSpici-

2063 2038 2167 2083 tur.
2239 2027 2344 2082 Sed
2394 2027 2494 2080 hoc
2537 2039 2750 2094 quoque
2795 2024 3033 2093 subjecta
3080 2019 3438 2087 descriptione
3483 2034 3629 2072 mor.

2061 2126 2260 2170 strator
2291 2132 2304 2167 :

2208 2228 2512 2276 D.f!rrenti:e
2535 2223 2692 2287 dupla:
3001 2219 3302 2270 Diffcrentite
3329 2218 3483 2280 tripla

2075 2608 2330 2618 _——...-——-

2149 2531 2158 2604 l

2085 2622 2194 2708 .L

2305 2523 2784 2611 ιῂΑ-ψςὶι
2925 2521 2934 2596 |
3076 2521 3555 2596 1151

2256 2933 2472 2999 Termini
2498 2934 2629 2994 (ιυιιλ
3071 2933 3288 2982 Termini
3313 2931 3440 2993 tripli

2066 2514 2146 2523 ———

2333 2604 2544 2614 ______.

2076 3040 2245 3094 [labet
2297 3049 2472 3093 autem
2524 3045 2924 3109 prepriotatem,
2968 3045 3408 3112 quemadmodum
3443 3043 3632 3101 dictum

2001 3172 2044 3230 Ε
2077 3138 2178 3192 εει,
2210 3129 2528 3182 contrariam
2559 3131 2908 3186 arithmeticae
2937 3134 3227 3187 medietati.
3276 3135 3331 3186 lu
3365 3133 3450 3187 illa
3473 3136 3634 3194 enim,

2075 3215 2126 3268 in
2151 3216 2443 3269 minoribus
2470 3219 2709 3271 terminis
2741 3219 2911 3287 major
2937 3231 3052 3273 erat
3092 3225 3392 3290 proportio,
3446 3225 3494 3274 iu
3528 3239 3632 3275 mas

2073 3303 2276 3369 joribus
2305 3304 2477 3357 minor
2507 3321 2520 3369 ;
2557 3306 2607 3357 in
2639 3307 2734 3358 hac
2784 3321 2908 3359 vero
2942 3348 2956 3369 ,
3003 3309 3055 3360 in
3102 3310 3390 3376 majoribus
3426 3312 3635 3379 quidem

2077 3393 2316 3445 terminis
2349 3395 2517 3457 major
2536 3407 2614 3447 εει
2650 3395 2941 3461 proportio,
2973 3397 3022 3446 in
3058 3398 3354 3450 minoribus
3385 3413 3512 3450 vero
3540 3401 3636 3450 mi-

2077 3499 2190 3537 nor.
2258 3483 2492 3551 Namque
2538 3485 2588 3537 in
2636 3488 2731 3536 bac
2781 3484 3128 3550 dispositione
3157 3487 3306 3549 3,4,
3337 3488 3396 3549 6,
3438 3498 3543 3540 tres
3578 3490 3638 3540 ad

2078 3589 2302 3646 quatuor
2333 3578 2624 3642 comparati
2675 3576 3070 3645 sesquitertiam
3120 3575 3501 3640 habitudinem,
3553 3593 3639 3630 se!

2080 3683 2207 3721 vero
2243 3668 2306 3719 ad
2339 3677 2565 3733 quatuor
2595 3667 2996 3734 sesquialteram
3036 3663 3294 3726 reddunt;
3347 3665 3436 3717 sed
3478 3666 3640 3729 major

2079 3764 2162 3808 est
2187 3754 2458 3824 proportio
2478 3754 2824 3820 sesquialtera
2848 3767 2875 3804 a
2891 3751 3142 3826 sesquitet
3161 3756 3252 3814 tia,
3271 3761 3472 3802 tantum
3489 3767 3640 3816 quan-

2082 3853 2190 3897 tum
2224 3858 2346 3911 pars
2377 3842 2531 3896 tertia
2563 3842 2846 3896 medietate
2877 3839 3289 3894 transcenditur.
3318 3839 3463 3891 Juste
3491 3839 3643 3906 igitur

2083 3931 2343 3984 medietas
2372 3929 2611 3996 quaedam
2635 3929 2956 3996 geometrica
2987 3927 3307 3997 preprieque
3359 3939 3477 3979 esse
3531 3942 3642 3993 pro-

2085 4019 2454 4086 portionalitas
2483 4018 2771 4084 judicatur,
2805 4017 3009 4070 scilicet
3035 4018 3170 4069 inter
3196 4031 3311 4070 eam
3337 4015 3423 4069 ubi
3458 4015 3506 4067 iii
3533 4030 3644 4067 ma-

2085 4106 2293 4174 joribus
2319 4107 2557 4159 terminis
2595 4107 2768 4157 minor
2800 4117 2877 4158 est
2913 4108 3215 4175 preportio,
3267 4116 3318 4159 et
3362 4106 3646 4160 minoribus

2087 4198 2275 4263 major,
2305 4205 2356 4247 et
2405 4194 2482 4246 int
2521 4211 2545 4247 r
2580 4210 2694 4247 eam
2728 4195 2814 4248 ubi
2848 4197 2896 4248 in
2927 4196 3214 4262 majoribus
3242 4197 3411 4264 major
3441 4209 3543 4262 εει,
3598 4200 3647 4249 in

2089 4283 2383 4335 minoribus
2423 4283 2612 4335 minor.
2671 4283 2761 4336 Illa
2801 4292 2879 4336 est
2908 4288 3046 4337 enim
3073 4301 3196 4339 vere
3238 4287 3489 4353 preportii
3515 4287 3649 4338 nali-

2088 4381 2166 4423 tas
2192 4387 2328 4438 quae,
2357 4372 2652 4426 medietatis
2678 4373 3072 4442 quodammodo
3103 4374 3167 4426 Ιυι
3189 4391 3274 4427 um
3298 4375 3568 4434 obtinens,
3598 4386 3654 4427 et

2091 4461 2140 4514 in
2175 4464 2460 4528 majoribus
2500 4476 2552 4516 et
2581 4463 2631 4514 in
2662 4464 2974 4526 rniuor.bus,
3020 4464 3311 4530 :cqualibus
3360 4464 3654 4531 lrnporlio~

2091 4569 2213 4606 num
2236 4553 2719 4621 comparatiOnibus
2743 4554 3062 4605 continetur.
3088 4551 3196 4604 lloc
3217 4567 3423 4619 quoque
3447 4554 3653 4619 signum

2090 4655 2192 4708 εει,
2216 4644 2436 4696 duarum
2455 4642 2848 4697 extremitatum
2885 4641 3110 4693 mediam
3135 4654 3252 4693 esse
3268 4641 3656 4707 quodammodo

2091 4731 2466 4801 geometricam
2500 4731 2922 4799 propertionem.
2972 4727 3208 4796 Namque
3238 4729 3288 4780 in
3324 4730 3656 4783 ar.tbmetica

2094 4822 2474 4892 prOpor-tioue,
2513 4821 2717 4874 medius
2766 4819 3024 4873 terminus
3069 4819 3252 4872 eadem
3285 4833 3376 4871 sua
3407 4833 3576 4887 parte,
3606 4832 3657 4879 et

2093 4916 2349 4968 minorem
2382 4913 2628 4980 praecedit
2656 4921 2707 4966 et
2730 4928 2759 4965 a
2787 4911 2986 4976 majore
3023 4910 3368 4979 praeced'tur,
3417 4911 3510 4963 sed
3555 4913 3657 4964 alia

2097 5015 2243 5071 parte
2295 5005 2514 5057 minoris
2541 5043 2554 5067 ,
2595 5003 2700 5055 alia
2748 5017 2875 5054 vero
2927 5010 3072 5069 parte
3123 5001 3356 5070 majoris.
3399 5001 3482 5054 Sit
3520 5002 3659 5054 enim

2096 5094 2429 5148 arithmetica
2461 5093 2736 5160 dispositio
2763 5093 2818 5159 2,
2857 5093 2910 5156 5,
2936 5093 2988 5146 4.
3045 5091 3334 5146 Ternarius
3381 5092 3540 5161 igitur
3568 5108 3663 5144 nu-

2094 5201 2284 5241 merus
2316 5185 2577 5239 binarium
2608 5184 2758 5236 tertia
2779 5198 2871 5237 sua
2904 5192 3052 5252 parte
3070 5183 3346 5251 prmcedit,
3366 5182 3416 5236 id
3438 5191 3662 5244 estuno,

2096 5289 2150 5334 et
2181 5297 2208 5332 a
2238 5276 2580 5348 quaternario
2611 5275 2763 5328 tertia
2786 5289 2877 5328 sua
2911 5284 3059 5342 parte
3100 5274 3450 5342 prmceditur,
3505 5272 3556 5326 id
3585 5283 3663 5326 est

2097 5386 2222 5425 uno.
2254 5372 2320 5424 At
2349 5382 2475 5424 vero
2497 5368 2761 5420 ternar7us
2792 5382 2822 5419 n
2865 5382 2896 5418 n
2927 5365 3112 5420 eadem
3143 5373 3292 5433 parte
3320 5363 3542 5418 minoris
3568 5365 3663 5417 mi-
3710 5426 3720 5436 κ

2097 5476 2283 5517 norem
2308 5460 2494 5524 vincit,
2525 5457 2608 5512 vel
2640 5456 2856 5524 majoris
2888 5472 2914 5507 a
2951 5456 3153 5525 majore
3183 5462 3480 5523 superatur.
3511 5453 3663 5506 Nam-

2047 5579 2052 5582 -
2095 5564 2196 5618 que
2225 5551 2506 5612 minorem,
2536 5548 2586 5601 id
2621 5559 2704 5601 εει
2737 5545 3018 5612 biuarium,
3077 5560 3182 5599 uno
3207 5553 3455 5613 supcrat,
3502 5544 3553 5597 id
3584 5554 3664 5602 est

2095 5640 2262 5708 ipsius
2291 5639 2578 5693 medietate
2611 5642 2620 5690 |
2645 5636 2797 5690 inarii
2824 5677 2838 5700 ,
2870 5650 2898 5687 a
2926 5633 3265 5703 quaternario
3298 5647 3430 5687 vero
3451 5648 3556 5686 uno
3585 5647 3662 5685 ie-

2095 5732 2368 5796 linquitur,
2426 5745 2548 5796 quc
2598 5743 2718 5798 pars
2755 5725 3078 5794 quaternarii
3106 5733 3292 5793 quarta
3342 5731 3445 5780 est.
3496 5723 3662 5778 Ret-te
