4160 6256
583 340 717 397 [155

1786 334 1897 391 AN.
1939 331 2140 388 MANL.
2183 332 2331 389 θεν.
2377 332 2598 391 BOETII

3675 340 3812 394 “56

579 452 736 524 igitur
763 451 962 507 dictum
989 458 1072 506 est
1122 450 1352 504 medium
1402 447 1686 503 terminum
1736 447 1787 499 in
1836 446 2135 515 huiusmodi
2169 448 2218 506 Α
2244 461 2417 513 neque
2450 448 2620 500 solum
2647 446 2699 500 in
2734 447 2973 501 terminis
3010 449 3426 516 speculationem
3458 453 3811 521 proportionis

578 545 859 599 medietate
878 542 1061 597 eadem
1093 542 1171 594 sui
1196 550 1344 609 parte
1373 549 1426 593 et
1472 540 1732 593 minorem
1786 538 1999 592 vincere
2029 546 2080 591 et
2111 551 2141 590 a

577 636 775 702 majore
797 633 1057 699 superari,
1083 631 1173 684 sed
1208 646 1312 683 non
1343 629 1547 684 eisdem
1578 629 1839 698 partibus,
1863 628 1946 682 vel
1970 628 2142 681 mino-

574 708 648 781 ris
679 728 938 780 minorem
977 722 1299 790 transgredi,
1329 723 1409 775 vel
1438 722 1655 790 majoris
1702 736 1731 774 a
1761 725 1962 788 majore
1999 728 2142 773 tran-

574 815 778 871 scendi.
808 813 1089 867 Contrarie
1122 814 1431 867 ltarmonica
1474 812 1733 867 medietas
1773 813 2141 880 proportiones

573 906 751 959 habet.
782 902 1018 971 Namque
1036 918 1140 956 non
1166 903 1354 956 eadem
1390 912 1537 970 parte
1572 916 1688 968 sua,
1722 902 1927 955 medius
1950 903 2141 954 term-

571 1009 669 1047 nus
701 993 751 1045 in
777 993 872 1044 hac
890 992 1232 1060 proportione
1256 992 1339 1043 vel
1371 992 1634 1044 minorem
1657 991 1840 1053 vincit,
1872 991 1952 1044 vel
1982 1005 2010 1042 a
2034 1006 2142 1043 ma-

571 1084 683 1152 jore
708 1091 1007 1150 superatur,
1063 1082 1157 1134 sed
1189 1080 1378 1134 eadem
1432 1090 1583 1149 parte
1630 1080 1849 1134 minoris
1881 1080 2138 1134 minorem

570 1182 823 1242 superat,
893 1189 993 1243 qua
1049 1186 1197 1242 parte
1241 1176 1460 1244 majoris
1500 1190 1529 1227 a
1586 1175 1787 1243 majore
1834 1183 2137 1243 superatur.

570 1263 626 1317 In
656 1263 754 1317 huc
778 1263 917 1317 enim
950 1263 1297 1330 dispositione
1325 1265 1654 1329 harmonica,
1679 1279 1796 1333 qua:
1816 1275 1898 1319 est
1922 1266 1975 1331 ‘2,
2006 1268 2059 1330 5,
2084 1265 2137 1329 6,

570 1353 836 1406 ternarius
865 1352 916 1405 bi
958 1354 1129 1407 arium
1163 1357 1316 1409 tertia
1353 1356 1431 1408 sui
1471 1366 1617 1424 parte
1644 1357 1833 1420 evincit,
1868 1356 2005 1409 idem
2036 1366 2142 1410 ter-

570 1443 751 1496 narius
797 1457 827 1495 a
871 1444 1085 1498 senario
1141 1454 1251 1498 tota
1289 1446 1371 1500 sui
1402 1448 1699 1514 quantitate
1748 1457 2059 1517 superatur,
2090 1448 2139 1502 id

570 1538 649 1584 est
671 1531 854 1584 tribus.
883 1532 1134 1600 Idemque
1158 1535 1271 1602 ipse
1305 1537 1588 1600 tertiarius,
1609 1537 1895 1591 medietate
1923 1537 2141 1590 m‘noris

570 1620 728 1674 vincit
759 1621 1052 1685 minorem,
1103 1623 1153 1675 id
1183 1633 1266 1676 est
1292 1638 1397 1677 uno
1419 1665 1434 1688 ,
1467 1636 1519 1678 et
1551 1626 1835 1680 medietate
1871 1626 2085 1693 majoris
2110 1642 2139 1678 a

569 1709 773 1776 majore
796 1710 1023 1763 termino
1055 1711 1316 1777 vincitur,
1367 1713 1415 1767 id
1439 1724 1519 1767 est
1547 1715 1735 1768 tribus.
1760 1715 1971 1769 Senarii
1993 1715 2137 1769 enim

2246 537 2437 600 habet,
2480 552 2650 605 neque
2679 539 2850 590 solum
2880 540 2931 590 itt
2962 538 3304 601 dilI‘erenIiis,
3348 541 3439 595 sed
3472 542 3525 595 in
3572 544 3813 613 utrisque

2243 628 2617 680 communiter.
2641 626 2838 692 Quterit
2863 627 3004 681 enim
3038 637 3095 681 ut
3118 628 3560 697 quemadmodum
3594 642 3717 686 sunt
3740 634 3812 687 ad

2245 730 2302 768 se
2329 717 2553 770 extremi
2580 716 2827 782 termini,
2855 710 2933 771 siti
2957 718 3176 785 majoris
3207 718 3273 771 ad
3304 718 3534 771 medium
3562 720 3812 775 differen-

2243 806 2335 871 tia,
2366 815 2553 859 coatra
2591 805 2942 860 dilferentiam
2977 808 3278 860 medietatis
3316 807 3393 861 ad
3415 808 3679 863 ultimum.
3726 811 3809 865 Ad

2242 894 2439 962 aliquid
2489 904 2689 959 autem,
2737 896 3220 949 considerationem
3264 884 3558 951 harmonia:
3598 902 3811 968 proprie

2242 983 2467 1047 esse,‘in
2505 985 2658 1051 primi
2690 984 2811 1037 libri
2857 999 3033 1038 rerum
3066 985 3302 1038 omnium
3353 985 3616 1040 divisione
3659 1003 3811 1041 mon-

2242 1072 2549 1127 stravimus.
2583 1073 2822 1141 Ipsarum
2852 1088 3059 1141 quoque
3093 1073 3412 1127 m'usicarum
3441 1077 3811 1129 consonantia-

2242 1178 2359 1217 rum
2390 1178 2520 1234 quas
2557 1163 2797 1233 symplto:
2826 1164 2934 1217 icas
2984 1165 3259 1217 nominant
3300 1164 3697 1233 pr0portiones,
3758 1168 3809 1220 in

2244 1254 2345 1308 hac
2372 1269 2503 1323 pene
2548 1256 2659 1308 sola
2683 1254 2967 1308 medietate
2996 1254 3302 1323 frequenter
3334 1256 3593 1309 invenias.
3653 1256 3809 1309 Nam-

2242 1357 2344 1409 que
2372 1342 2688 1410 symphonia
2742 1343 3097 1407 diatessaron,
3153 1358 3270 1412 quze
3327 1345 3579 1413 princeps
3632 1354 3713 1398 est
3755 1356 3810 1399 et

2241 1432 2635 1502 quodammodo
2657 1433 2761 1486 vim
2794 1432 3041 1486 obtinens
3072 1434 3319 1487 elementi
3347 1474 3361 1498 ,
3400 1436 3685 1489 constituta
3707 1438 3807 1488 sci-

2242 1524 2363 1577 licet
2388 1522 2438 1576 in
2473 1524 2687 1591 ep’triza
2720 1524 3084 1591 propoi'tione,
3133 1533 3189 1576 ut
3235 1533 3318 1578 est
3345 1526 3711 1593 quaternarius
3741 1528 3807 1580 ad

2244 1614 2558 1675 ternarium,
2595 1614 2643 1664 iu
2667 1612 2930 1680 ejusmodi
2961 1612 3284 1665 Itartnouicis
3313 1614 3687 1669 medictatibus
3730 1615 3807 1669 in~

2244 1703 2472 1755 venitur.
2502 1701 2620 1755 Sitit
2646 1702 2785 1754 enim
2833 1700 3094 1769 ejusmodi
3139 1700 3462 1755 liarmonica:
3510 1703 3807 1757 medietatis

568 1799 824 1852 medietas
842 1800 1107 1854 ternarias
1137 1812 1240 1856 est.
1271 1802 1326 1855 In
1352 1806 1675 1872 geometrica
1693 1819 1817 1858 vero
1835 1805 2137 1868 medietate,
2171 1789 2216 1847 Β
2246 1791 2452 1845 termini
2483 1806 2703 1858 ιιυυτιιιη
2734 1790 2917 1843 eum“
2946 1790 3090 1858 dupli
3118 1792 3246 1855 δίηιι
3278 1800 3334 1844 el
3362 1806 3546 1846 rursus
3572 1792 3674 1844 alia
3705 1792 3804 1845 hu-

569 1905 737 1959 neque
767 1890 966 1944 eisdem
997 1892 1111 1945 suis
1139 1893 1378 1960 partibus
1409 1894 1617 1949 medius
1648 1896 1728 1949 vel
1772 1896 1933 1950 vincit
1971 1897 2142 1949 mino-

569 1992 699 2043 rem,
733 1981 815 2034 vel
841 1995 870 2033 a
913 1982 1114 2049 majore
1145 1986 1411 2048 vincitur,
1461 2003 1633 2055 neque
1660 1987 1842 2041 eadem
1887 2001 2034 2056 par'e
2059 1989 2137 2040 vel

569 2070 787 2122 minoris
830 2072 1092 2125 minorem
1123 2083 1357 2140 superat,
1386 2076 1470 2128 vel
1503 2076 1719 2143 majoris
1740 2091 1769 2129 a
1807 2078 2005 2144 majore
2056 2094 2138 2131 re-

567 2158 841 2225 linquitur,
873 2159 966 2212 sed
994 2174 1097 2227 qua
1134 2172 1283 2227 parte
1314 2180 1407 2214 sua
1444 2165 1651 2218 medius
1690 2166 1947 2218 terminus
1978 2166 2141 2217 mino-

569 2262 677 2301 rem
706 2256 956 2315 superat,
980 2249 1167 2301 eadem
1206 2262 1356 2318 parte
1404 2267 1496 2304 sua
1529 2254 1697 2321 major
1734 2255 2000 2306 terminus
2025 2268 2138 2307 me-

568 2339 709 2393 dium
741 2339 923 2393 vincit.
950 2339 1100 2405 Quod
1130 2352 1213 2395 est
1242 2351 1300 2396 ut
1328 2345 1586 2399 medietas
1624 2353 1784 2414 atque
1804 2347 2136 2413 extremitas,

568 2434 861 2501 aequalibus
885 2434 1225 2489 medietatem
1257 2438 1721 2492 etextremitatem
1749 2440 2009 2508 reliquam
2029 2440 2139 2493 suis

568 2522 803 2589 partibus
837 2524 1216 2590 supervadant.
1242 2525 1297 2578 In
1324 2525 1422 2579 hac
1449 2526 1589 2579 enim
1614 2528 1987 2596 dispositione,
2021 2544 2139 2596 qua:

568 2617 645 2663 est
667 2615 730 2674 4,
764 2611 825 2675 6,
850 2611 882 2664 9
902 2652 916 2675 ,
950 2619 1001 2664 te
1033 2610 1104 2663 tia
1133 2612 1211 2664 sui
1248 2621 1395 2679 parte
1426 2615 1630 2669 medius
1658 2617 1902 2670 senarius
1928 2626 2141 2685 quater-

554 2702 774 2753 .rnarium
804 2710 1042 2766 superat,
1076 2701 1124 2753 id
1146 2712 1229 2755 est
1250 2703 1477 2767 duobus,
1498 2712 1550 2757 et
1578 2706 1729 2758 tertia
1743 2706 1823 2759 sui
1850 2715 2001 2774 parte
2024 2722 2141 2759 rur-

551 2806 656 2844 ‘sus
678 2791 998 2845 novenarius
1028 2794 1293 2845 senarium
1328 2794 1512 2858 vineit,
1542 2794 1592 2847 id
1618 2804 1702 2849 est
1722 2797 1919 2849 tribus.
1974 2797 2142 2851 Ilabet

564 2891 741 2935 autem
784 2882 832 2934 al
858 2896 943 2934 am
990 2884 1367 2950 proprietatem
1394 2883 1703 2947 harmonica
1736 2884 2032 2951 medietas,
2084 2895 2140 2940 ut

564 2987 682 3024 cum
708 2972 840 3025 duas
862 2976 1230 3027 extremitates
1277 2975 1330 3028 in
1374 2990 1533 3027 unum
1564 2975 1831 3033 redactas.
1883 2977 2140 3031 medietas

564 3061 996 3129 multiplicavetit
1020 3103 1035 3126 ,
1088 3063 1248 3131 dupla
1280 3064 1548 3131 quantitas
1587 3064 1877 3133 colligitur,
1908 3080 2065 3134 quam
2096 3068 2139 3120 si

564 3166 623 3205 se
648 3152 1000 3218 multiplicent
1040 3153 1161 3206 dna:
1186 3154 1574 3209 extremitates.
1626 3154 1744 3208 Sitit
1788 3132 2007 3207 (mimihi
2034 3163 2144 3210 ter—
2170 3132 2216 3192 (ἶ

566 3241 691 3297 mini
722 3242 775 3307 5,
808 3244 862 3307 4,
888 3244 941 3297 6.
971 3243 1024 3298 Si
1056 3245 1214 3313 igitur
1246 3243 1531 3297 ternarium
1560 3251 1613 3297 et
1633 3244 1905 3297 senarium
1926 3244 2139 3313 jungas,

566 3333 911 3387 novenarium
970 3334 1152 3399 facies,
1203 3335 1291 3403 qui
1326 3349 1418 3399 per
1444 3335 1841 3404 quaternarium
1862 3336 2051 3390 ductus
2074 3338 2143 3391 56

568 3420 751 3475 efficit.
781 3421 933 3486 Quod
954 3423 995 3474 si
1030 3437 1087 3475 se
1122 3424 1251 3489 ipsa:
1282 3425 1653 3477 extremitates
1681 3424 2142 3492 multiplicent,et

569 3509 692 3560 liant
719 3518 826 3561 tres
849 3510 1045 3573 sexies,
1074 3510 1139 3564 I8
1169 3513 1480 3577 coniiciunt,
1508 3512 1648 3581 quod
1679 3521 1762 3567 est
1790 3515 2143 3582 pl‘lOI'lS‘SUIll-

571 3607 665 3648 tua:
686 3595 988 3653 dimidium.

1582 4739 1890 4751 ..α-κ-

1326 4282 1384 4329 18

1322 4381 1382 4431 Si

1007 4758 1700 5008 Ψ

1113 5060 1337 5116 CAPUT
1376 5063 1606 5120 XLVIII.

568 5154 736 5218 Quare
763 5155 895 5206 dicta
922 5154 985 5206 sit
1009 5153 1302 5206 harmonica
1347 5157 1591 5211 medietas
1611 5174 1669 5212 ea
1688 5173 1804 5229 qua
1827 5159 1914 5229 dig
1944 5166 2021 5211 sta
2044 5167 2133 5210 est.

634 5244 1088 5298 Considerandum
1123 5242 1341 5297 forsitan
1365 5246 1609 5301 videatur
1636 5262 1731 5302 cur
1762 5248 1897 5301 hanc
1923 5248 2139 5301 harmo-

568 5335 740 5387 n'cant
791 5333 1130 5387 medietatem
1172 5349 1448 5390 vocemus.
1500 5335 1662 5406 Cujus
1709 5338 1821 5393 luce
1867 5339 2003 5392 ratio
2030 5347 2136 5403 est,

566 5424 816 5489 quoniam
862 5424 1201 5478 arithmetica
1253 5426 1534 5495 dispositio
1584 5443 1763 5498 aequas
1814 5437 2015 5483 tantum
2048 5444 2141 5497 per

567 5513 896 5567 dilferentias
934 5514 1124 5568 dividit
1157 5517 1502 5584 quantitates,
1534 5518 1852 5587 geometrica
1884 5534 2012 5574 vero
2037 5529 2142 5573 ter-

571 5604 743 5657 minus
764 5620 912 5673 requa
945 5607 1288 5673 prororlione
1320 5608 1613 5677 conjungit.
1674 5611 1742 5664 At
1779 5626 1909 5663 vero
1931 5611 2140 5664 harmo-

572 5694 689 5743 uita
718 5694 780 5745 ad
822 5710 848 5746 a
875 5696 1015 5763 iqnid
1058 5698 1454 5764 quodammodo
1490 5701 1653 5754 relata
1688 5702 2132 5763 consideratione,

2238 1882 2468 1951 jnsmodi
2498 1881 2776 1946 diSj'OSiliO
2805 1895 3030 1949 quorum
3060 1881 3250 1934 εχιῐωί
3282 1881 3443 1949 tripli.

2359 2010 2935 2086 1³14161
3108 2010 3693 2086 1215⁷]6-

2240 2161 2494 2217 Senarius
2527 2162 2687 2228 ig'tur
2708 2161 2771 2213 ad
2804 2160 3092 2214 ternarium
3120 2161 3425 2230 duplttsest.
3457 2162 3599 2217 Idem
3627 2173 3803 2218 autem

2241 2252 2293 2304 in
2346 2252 2450 2304 alia
2494 2250 2875 2319 dispositione,
2915 2251 3159 2305 senarius
3189 2250 3254 2304 ad
3297 2252 3557 2306 binarium
3597 2255 3799 2321 triplus.

2242 2341 2439 2394 Ilorum
2464 2341 2621 2408 igitur
2663 2341 2709 2394 si
2735 2340 3064 2395 differentias
3089 2342 3401 2410 colligamus
3419 2352 3473 2396 et
3493 2343 3559 2395 ad
3588 2358 3646 2397 se
3670 2345 3802 2398 invi-

2239 2442 2353 2482 cem
2377 2442 2746 2495 comparemus
2766 2470 2779 2492 ,
2808 2430 3020 2495 epitrita
3050 2435 3323 2499 praportio
3350 2432 3638 2499 colligitur,
3667 2434 3800 2490 unde

2239 2518 2568 2571 diatessaron
2595 2518 2909 2587 symphonia
2941 2521 3231 2573 resonabit.
3268 2519 3408 2575 Inter
3449 2522 3484 2576 3
3507 2522 3647 2575 enim
3677 2532 3729 2576 et
3769 2522 3803 2577 ϐ

2241 2608 2506 2661 ternarius
2526 2617 2693 2673 est,et
2717 2608 2855 2662 inter
2889 2609 3148 2665 binarium
3191 2621 3243 2664 et
3277 2611 3541 2665 senarium
3590 2619 3799 2681 quater-

2242 2696 2443 2758 narins,
2467 2696 2579 2763 qui,
2602 2695 2816 2750 sibimet
2831 2698 3143 2764 comparati,
3162 2699 3554 2768 sesquitertiarn
3573 2700 3804 2755 efﬁcient

2242 2785 2662 2853 proportionem.

2496 2931 3549 3008 ιδιιιδι

2705 3081 2761 3159 \
2883 3085 3163 3135 differentia
3288 3086 3339 3159 /

3010 3328 3038 3371 3

3009 3427 3038 3475 4

2367 3676 2374 3683 -
2881 3657 3161 3707 differentia
3298 3652 3337 3719 \

2481 3796 2502 3880 .‘j
2660 3807 2689 3852 2
2844 3796 2852 3869 |
3006 3810 3035 3854 δ
3178 3796 3199 3872 κί
3354 3809 3384 3855 6
3530 3795 3550 3871 j

2244 3971 2300 4025 In
2330 3970 2514 4024 eadem
2540 3985 2750 4040 quoque
2790 3970 3072 4026 medietate
3108 3979 3163 4025 et
3198 3971 3449 4040 diapente
3491 3969 3798 4041 symphonia

2238 4058 2580 4127 componitur
2607 4100 2621 4123 ,
2669 4074 2828 4128 quam
2875 4061 3219 4127 sesquialtera
3258 4061 3511 4115 habitudo
3555 4059 3794 4115 restituit.

2236 4148 2370 4201 Nam
2404 4149 2457 4201 in
2489 4147 2725 4215 utrisque
2778 4148 3211 4217 dispositimtibus
3260 4149 3342 4203 his
3386 4164 3503 4218 quae
3553 4149 3799 4216 subjecta}

2235 4249 2384 4302 sunt,
2410 4238 2459 4290 in
2490 4237 2687 4307 duplici
2719 4239 2962 4291 senarius
2982 4239 3046 4291 ad
3074 4238 3467 4308 quaternarinm
3491 4237 3801 4305 sesquialter

2239 4341 2340 4397 est,
2366 4333 2417 4386 in
2445 4332 2635 4400 triplici
2666 4332 2928 4386 tertiarius
2949 4332 3012 4385 ad
3035 4332 3402 4396 binarium,“
3425 4330 3617 4400 quibus
3650 4328 3803 4383 utris-

2331 3366 2629 3414 diatessaron
2738 3365 3309 3427 j-—-——l———-—-|
3382 3365 3744 3427 sesquitertium

2166 4468 2218 4527 Β
2244 4438 2367 4493 que,
2400 4423 2647 4490 diapente
2675 4420 2992 4491 symphonia
3017 4423 3377 4491 eonjungitur.

3109 4576 3341 4637 diapente

3433 5056 3675 5063 ⁵.-

2270 5153 2599 5164 ——-————-.‘

3070 4638 3391 4698 sesquialtera

3042 4958 3802 5065 —:.—_-_—._—__.

2401 5067 2635 5146 ili2
2821 5069 2829 5142 Ι
3020 5075 3049 5119 5
3238 5070 3246 5144 Ι
3433 5067 3660 5137 δέ

2640 5484 2645 5490 ·
2702 5466 2930 5525 diapente

2251 5609 2375 5662 Post
2431 5607 2565 5660 hanc
2592 5619 2766 5662 autem
2799 5609 3057 5677 diapason
3099 5600 3470 5663 consonantia,
3518 5612 3634 5667 quae
3667 5594 3719 5647 fit
3749 5606 3808 5651 ex

2252 5699 2469 5767 duplici,
2495 5706 2552 5750 ut
2572 5710 2647 5750 est
2675 5701 2723 5750 in
2749 5698 2981 5764 subjecta
3008 5693 3251 5749 formula.
