4160 6256
576 340 705 401 1159

1915 331 2021 388 AN.
2063 327 2263 386 MANL.
2305 328 2454 385 SEV.
2498 324 2714 382 ΒΟΕΤῐί

3681 317 3823 372 HG!)

568 458 764 512 senarii
793 456 918 521 duo,
949 454 1109 523 dupla
1138 460 1312 506 autem
1364 447 1570 502 ratione
1617 446 1891 499 distabunt
1929 445 2139 499 duobus
2173 442 2219 499 A
2246 436 2595 503 diSpositione
2621 434 2705 497 l6,
2736 433 2828 495 ‘25,
2861 429 2948 483 10.
2979 427 3298 523 VidesAenitn
3324 437 3380 482 nt
3399 424 3680 496 quindenm
3701 441 3827 482 sese

569 556 795 616 quatuor
825 544 1137 612 comparati.
1168 543 1372 593 Rursus
1397 537 1721 599 oetmiarius,
1752 538 1837 603 qui
1881 535 2139 587 medietas

540 654 602 693 .e
637 647 676 697 t,
713 635 814 686 alia
870 648 964 686 sua
999 638 1145 699 parte
1179 632 1439 683 minorem
1488 625 1758 694 prmcedit,
1812 635 1863 678 et
1903 624 2002 676 alia
2049 635 2141 674 sua

573 736 723 793 parte
752 739 780 777 a
810 724 1012 791 majore
1044 721 1379 791 praeceditur,
1410 720 1595 773 eodem
1631 728 1807 771 autem
1854 727 2003 785 parte
2048 715 2143 766 mi-

574 819 722 871 noris
749 817 1009 870 minorem
1040 824 1253 883 superat
1281 829 1383 882 qua
1426 824 1576 881 parte
1608 810 1822 880 majoris
1866 826 1893 862 a
1943 810 2144 877 majore

571 918 875 976 superatur.
922 908 1125 960 Rursus
1156 907 1199 959 si
1229 907 1597 959 extremitates
1626 904 1678 956 in
1709 918 1869 956 unum
1900 902 2145 969 redigan-

574 1012 659 1053 tur
686 1008 741 1055 et
770 1014 797 1051 a
832 998 1115 1052 medietate
1145 997 1421 1050 octonario
1475 994 1915 1060 multiplicentur,
1956 990 2148 1058 duplus

574 1093 676 1146 erit
696 1092 762 1146 ab
799 1107 863 1145 eo
895 1105 1117 1143 numero
1153 1104 1310 1158 quem
1341 1087 1468 1141 solae
1496 1086 1863 1141 extremitates
1889 1081 2148 1149 multipli-

573 1191 707 1237 cata:
747 1182 1089 1250 perfecerint.
1124 1182 1321 1234 Omnes
1351 1187 1526 1232 autem
1573 1177 1624 1229 in
1659 1176 1757 1229 hac
1802 1172 2150 1243 dispositione

575 1276 923 1345 symphonias
954 1273 1185 1326 musicas
1207 1270 1524 1324 invenimus.
1562 1269 1904 1321 Diatessaron
1935 1264 2149 1333 quidem

576 1376 657 1421 est
688 1375 808 1420 octo
838 1366 902 1419 ad
934 1380 1047 1427 sex,
1092 1364 1342 1432 quoniam
1390 1362 1663 1431 proportio
1690 1358 2025 1428 se-quitertia
2049 1367 2149 1411 est.

579 1458 651 1510 At
674 1456 943 1525 diapente,
993 1455 1057 1509 12
1086 1454 1151 1509 ad
1184 1456 1239 1519 8,
1282 1454 1530 1522 quoniam
1562 1468 1623 1506 ea
1652 1468 1770 1519 qum
1807 1450 2153 1518 sesquialtera

581 1546 910 1613 comparatio
940 1545 1154 1608 dicitur,
1180 1544 1230 1598 in
1263 1559 1323 1598 ea
1347 1544 1594 1613 diapente
1624 1549 1970 1595 consonantza
2004 1552 2153 1605 repe-

581 1636 736 1689 ritur.
770 1634 1032 1703 Diapason
1065 1649 1222 1699 vero,
1253 1636 1373 1702 qua:
1393 1649 1455 1687 ex
1485 1632 1680 1701 duplici
1712 1631 1968 1693 nascitur,
1994 1643 2056 1681 ex
2092 1627 2157 1679 12

584 1725 650 1778 ad
691 1741 786 1779 sex
834 1726 1220 1793 compositione
1269 1724 1601 1793 producitur.
1633 1722 1895 1788 Diapason
1944 1734 2069 1772 vero
2105 1727 2159 1770 et

586 1815 851 1884 diapente,
899 1830 1017 1884 quae
1048 1815 1271 1883 triplicis
1296 1814 1502 1868 obtinet
1547 1814 1829 1873 rationem,
1876 1809 1932 1861 lit
1960 1809 2026 1861 ab
2069 1823 2160 1861 ex-

587 1906 910 1959 tremitatum
962 1904 1303 1969 differentia,
1358 1903 1423 1956 ad
1472 1901 1825 1956 differentiam
1876 1899 2156 1952 minorem.

588 1995 824 2063 Namque
866 1994 1178 2048 duodenarii
1226 2002 1281 2048 et
1327 1994 1521 2048 senarii
1552 2007 1644 2045 sex
1694 1989 1991 2045 diderentia
2046 1995 2160 2047 est;

590 2086 764 2139 minor
789 2100 917 2138 vero
945 2097 1025 2138 est
1056 2086 1352 2139 dill‘erentia
1392 2084 1647 2137 octonarii
1679 2093 1733 2137 ct
1754 2079 1967 2143 senarii,
2004 2079 2053 2132 id
2084 2088 2166 2132 est

592 2178 645 2231 Ξ.
674 2177 772 2243 Qui
797 2177 1038 2230 senarius
1080 2176 1146 2229 ad
1178 2177 1438 2229 binarium
1469 2175 1659 2239 triplos
1690 2183 1790 2235 est,
1821 2179 1875 2224 et
1912 2172 2166 2237 ditpaxon

596 2267 754 2319 simul
782 2276 835 2319 ct
865 2266 1113 2334 diapente
1134 2265 1484 2318 consonantia
1512 2270 1720 2315 sonant.
1744 2261 1829 2313 Illa
1853 2274 1979 2313 vero
2002 2257 2169 2323 major

595 2356 943 2409 consonantia
974 2371 1091 2423 qua:
1118 2364 1200 2407 est
1226 2354 1305 2406 bis
1333 2353 1607 2420 diapason,
1637 2366 1754 2418 qua:
1782 2364 1845 2402 ex
1876 2346 2172 2416 quadruplo

597 2446 653 2497 lit
680 2445 730 2497 iit
755 2444 908 2498 medii
937 2443 1169 2508 termini,
1205 2442 1255 2495 i.l
1277 2451 1361 2496 est
1389 2440 1672 2503 octonarii,
1698 2447 1749 2491 et
1778 2437 1896 2504 ejus
1927 2435 2173 2488 tliﬂ'eren-

599 2534 685 2585 tiaa
712 2533 1111 2601 comparatione
1138 2530 1479 2599 perspicitur,
1523 2544 1590 2596 qn
1612 2545 1638 2580 e
1680 2528 1817 2580 inter
1846 2524 2171 2579 octonarium

600 2626 969 2692 Benarittmque
999 2622 1286 2691 reperitur.
1325 2621 1499 2686 Quare
1534 2619 1746 2686 proprie
1790 2626 1949 2684 atque
1978 2630 2174 2668 conve-

601 2715 805 2767 nienter
846 2711 1149 2787 hujusmodi
1198 2709 1670 2781 proportionaiita.
1702 2705 2010 2760 ltarmonica
2067 2720 2179 2758 me-

606 2804 766 2858 dietas
795 2805 1110 2872 appetlatur.

1225 3065 1449 3122 canor
1489 3066 1546 3120 L.
1624 3138 1631 3141 _

611 3221 1048 3288 Quemadmodum
1071 3219 1354 3271 constitutis
1384 3217 1684 3269 altrinsecus
1710 3213 1907 3288 duobus
1938 3213 2183 3271 terminis,

668 3291 1015 3351 arithmetica,
1048 3293 1369 3356 geometrica,
1400 3296 1442 3337 et
1492 3285 1792 3337 Itarmonica
1818 3286 2056 3356 intereas
2080 3299 2183 3333 mc-

680 3362 837 3413 dietas
861 3353 1154 3419 atterite-tur,
1182 3368 1329 3424 atque
1352 3359 1412 3406 tle
1443 3371 1611 3406 eorum
1644 3353 2076 3423 generationibus.

687 3525 791 3579 Nos
816 3536 987 3578 autem
1022 3533 1278 3591 praas'are
1309 3523 1585 3582 debemus,
1632 3531 1895 3588 quatenus
1925 3520 2183 3587 quemad-

620 3614 832 3668 modum
864 3614 896 3665 d
919 3623 986 3665 .to
1017 3614 1242 3676 calamo,
1271 3611 1524 3665 extremis
1550 3609 1896 3663 foraminibus
1928 3613 2190 3663 manenti-

619 3702 720 3757 bus
746 3703 961 3756 musicis
993 3717 1107 3755 mos
1138 3710 1240 3764 est,
1267 3711 1319 3755 ut
1352 3700 1580 3754 medium
1615 3700 1854 3753 foramen
1894 3710 2197 3768 permutan-

622 3805 725 3857 tes,
757 3805 912 3862 atque
942 3792 1080 3845 aliud
1115 3793 1434 3860 aperientes,
1468 3791 1607 3843 aliud
1632 3791 1811 3858 digitis
1832 3792 2196 3856 occludetttes,

620 3883 862 3935 diversos
890 3884 1134 3935 emittant
1163 3896 1343 3945 sonos,
1374 3880 1455 3934 vel
1486 3896 1603 3933 cum
1647 3880 1851 3933 duabus
1880 3881 2198 3935 altrinsecus

625 3972 890 4036 protensis
916 3972 1152 4036 chordis,
1204 3971 1362 4024 tneJii
1399 3970 1547 4023 nervi
1594 3985 1782 4022 sonum
1832 3972 2065 4024 musicus
2116 3973 2200 4025 vel

625 4062 965 4131 astringendo
997 4072 1195 4126 tenuat,
1246 4063 1327 4115 vel
1370 4064 1690 4116 remittendo
1737 4070 1939 4130 gravat,
1971 4063 2043 4115 ita
2075 4078 2205 4130 quo-

627 4168 730 4221 que
767 4154 904 4205 datis
934 4153 1139 4206 duobus
1173 4155 1432 4220 numeris,
1467 4171 1606 4208 nunc
1646 4154 1861 4224 qudem
1913 4155 2205 4208 arithmeti-

628 4256 766 4305 cam,
792 4257 931 4293 nunc
955 4256 1080 4294 vero
1103 4242 1498 4309 geometricam,
1535 4259 1675 4296 nunc
1708 4252 1886 4297 autem
1937 4245 2206 4296 harmoni-

629 4347 746 4384 cam
796 4330 1134 4384 medietatem
1186 4333 1525 4398 experiamur
1575 4332 1842 4396 inserere,
1895 4341 1951 4385 tit
2002 4343 2202 4386 rectum

631 4422 1003 4490 propriumque
1032 4422 1331 4475 medietatis
1354 4436 1546 4475 numen
1582 4422 1671 4483 sit,
1696 4424 1834 4491 quoi
1866 4424 2206 4476 manentibus

630 4513 1054 4567 extremitatibus
1108 4514 1211 4567 huc
1251 4523 1409 4580 atque
1450 4513 1571 4567 illuc
1626 4513 1749 4567 ferri
1811 4514 2206 4582 perututatiquc

629 4606 891 4658 videatur.
918 4604 1220 4658 Poterimus
1259 4614 1435 4658 autem
1466 4605 1602 4658 hanc
1632 4606 1683 4657 in
1715 4605 1926 4658 duobus
1966 4606 2210 4658 altrinse-

630 4711 725 4747 cus
765 4698 950 4762 positis
991 4695 1249 4759 terminis,
1298 4696 1377 4749 vel
1412 4697 1628 4763 paribus
1657 4698 1739 4751 vel
1772 4698 2061 4763 imparibus
2097 4712 2210 4764 per-

630 4794 857 4848 mutare,
893 4784 962 4835 ita
993 4794 1049 4836 ut
1091 4800 1209 4837 cum
1259 4785 1646 4839 arithmeticam
1680 4787 1924 4853 ponimus
1955 4787 2212 4840 medieta-

632 4883 736 4927 tem
752 4872 1167 4926 differentiarum
1186 4883 1386 4927 tantum
1408 4875 1538 4928 ratio
1558 4876 2212 4944 mqualitasqueservetur.

633 4962 763 5015 Cum
812 4978 937 5015 vero
975 4964 1374 5031 geometricam,
1409 4973 1519 5017 rata
1565 4979 1625 5018 se
1654 4968 2061 5034 proportionum
2091 4968 2212 5034 jun-

631 5062 778 5107 ctnra
817 5053 1102 5107 custodiat.
1134 5054 1229 5107 Sin
1262 5063 1435 5108 autem
1488 5055 1727 5107 hartnoni
1764 5071 1793 5108 a
1835 5058 1924 5108 tiat
1964 5056 2212 5111 diﬂ‘eren-

636 5146 826 5197 tiarnm
871 5146 1222 5213 comparatio,
1248 5146 1316 5198 ab
1345 5147 1691 5200 terminorum
1738 5148 2082 5215 proportione
2108 5164 2213 5203 nou

633 5236 921 5305 discrepet.
953 5237 1019 5290 Et
1045 5237 1152 5290 sint
1198 5236 1410 5304 quidem
1458 5238 1631 5306 primo
1659 5251 1809 5305 pares
1852 5237 2037 5305 positae
2067 5253 2212 5307 quae-

634 5330 756 5383 dam
784 5330 1176 5393 extremitates,
1226 5330 1363 5383 inter
1391 5345 1521 5398 quas
1561 5331 1655 5384 has
1685 5344 1869 5384 omnes
1900 5329 2215 5386 medic-tiles

635 5430 879 5489 Oporteat
910 5423 1285 5487 internectere,
1347 5422 1409 5477 10
1440 5432 1494 5478 et
1544 5424 1630 5477 11).
1666 5422 1818 5477 Prius
1848 5424 2006 5492 igitur
2050 5425 2217 5477 arith-

637 5516 825 5570 metica
850 5516 1107 5572 medietas
1127 5523 1356 5585 aptetur.
1380 5515 1522 5571 Inter
1548 5514 1641 5570 hos
1662 5530 1788 5585 ergo
1810 5517 1853 5568 si
1874 5515 1943 5570 ‘25
1968 5530 2215 5583 posuero,

638 5608 744 5659 erit
775 5607 903 5661 milii
933 5606 1262 5661 arithmetica
1306 5606 1579 5674 proportio
1602 5604 2020 5659 diﬁcrentiarum
2046 5619 2216 5673 quant-

642 5695 791 5746 titate
818 5697 1218 5751 itnmutabiliter
1242 5695 1526 5757 custod‘ta,
1560 5695 1611 5748 in
1644 5694 1967 5759 huiusmodi,
2014 5695 2217 5747 scilicet

2191 1783 2237 1841 EB

2241 525 2520 580 summula-
2547 522 2841 590 quantitate
2870 518 3266 572 transcendant.

2385 623 2645 631 —.——————

2326 623 2658 721 Ι
2682 614 3745 721 *ΑΜ

2246 711 3829 815 ΠΠΞηῖῈἾΓ-Αξίῖιῗ-’.ΣΞῗ-Ἷψ

2249 1005 2553 1071 Omnesque
2580 1002 2958 1071 proprietates,
2987 1017 3119 1069 quas
3158 1015 3319 1069 supra
3351 1002 3583 1055 diximus
3614 1003 3666 1056 in
3716 1018 3831 1057 me-

2250 1095 2448 1150 dietate
2502 1092 2834 1147 arithmetica
2891 1091 3177 1146 convenire
3250 1091 3318 1145 ab
3378 1091 3476 1146 hac
3526 1091 3829 1160 hujusmodi

2253 1184 2599 1254 dispositione
2629 1198 2733 1237 non
2788 1188 3024 1251 reperies
3063 1182 3283 1235 alienas.
3314 1180 3552 1249 Namque
3581 1184 3832 1251 quemad-

2254 1274 2468 1330 modum
2492 1274 2852 1342 unuaquisque
2880 1286 3064 1325 eorum
3090 1272 3347 1325 terminus
3374 1271 3439 1324 ad
3470 1270 3701 1340 seipsum
3723 1284 3830 1336 esr,

2256 1365 2503 1435 quoniam
2526 1363 2623 1417 sibi
2650 1354 2869 1430 atqualis
2890 1368 2992 1429 est‘,
3026 1361 3095 1414 ita
3127 1359 3337 1414 suntad
3374 1375 3432 1414 se
3462 1360 3689 1415 invicem
3730 1360 3829 1415 dif-

2257 1453 2492 1509 terentite
2522 1452 2772 1521 quoniam
2800 1449 2898 1503 sihi
2932 1458 3053 1502 sunt
3076 1447 3326 1515 tequales,
3359 1456 3413 1502 et
3439 1458 3639 1517 quanto
3666 1450 3835 1517 major

2260 1543 2519 1598 terminus
2546 1540 2779 1595 medium
2809 1540 3015 1601 transit,
3060 1547 3207 1591 tanto
3238 1537 3444 1592 medius
3470 1538 3635 1592 vincit
3668 1538 3834 1592 miuo-

2260 1650 2394 1689 rem.
2430 1633 2495 1686 Et
2523 1631 2917 1686 extremitatum
2950 1628 3251 1697 aggregatio
3287 1627 3479 1695 duplex
3523 1637 3606 1682 est
3632 1628 3836 1684 medie-

2267 1736 2392 1789 tate,
2440 1733 2495 1778 et
2540 1721 2804 1775 minorum
2838 1720 3184 1774 terminorum
3224 1717 3496 1785 proportio
3543 1718 3712 1786 major
3756 1728 3838 1772 est

2265 1817 2352 1871 illa
2374 1814 2793 1882 comparatione,
2824 1827 2943 1880 quae
2990 1811 3140 1864 inter.
3158 1810 3389 1877 majores
3417 1809 3671 1863 terminos
3708 1824 3837 1863 eon-

2266 1909 2481 1962 tinetur.
2518 1905 2580 1959 Et
2602 1912 2747 1957 tanto
2776 1902 2948 1955 minor
2976 1909 3057 1956 est
3086 1914 3340 1955 numerus
3368 1898 3454 1967 qui
3481 1898 3539 1952 ﬁt
3564 1914 3632 1953 ex
3658 1899 3839 1953 multi-

2267 1998 2477 2068 plicatis
2498 1994 2942 2056 extremitatibus,
2988 1993 3054 2046 ab
3084 2006 3149 2046 eo
3180 1993 3268 2059 qui
3297 1990 3351 2042 tit
3388 2005 3451 2044 ex
3496 1990 3841 2057 multiplicata

2269 2088 2574 2150 medietate,
2609 2095 2861 2152 quantum
2909 2097 3093 2136 eorum
3132 2081 3444 2135 ditl‘erenliae
3483 2079 3843 2148 multiplicata:

2271 2180 2573 2233 restituunt.
2623 2175 2751 2231 lllud
2799 2190 3010 2244 quoque
3041 2173 3180 2242 quod
3230 2172 3485 2225 medietas
3530 2172 3716 2226 eadem
3766 2176 3842 2227 sui

2274 2277 2423 2337 parte
2449 2277 2503 2321 et
2528 2282 2555 2318 a
2583 2267 2784 2333 majore
2812 2264 3060 2330 vincitur,
3092 2271 3145 2317 et
3175 2264 3436 2316 minorem
3465 2263 3576 2331 ipsa
3599 2278 3844 2330 superve-
3922 2278 3925 2279 '

2276 2360 2369 2421 nit,
2399 2357 2501 2411 non
2527 2357 2710 2411 eadem
2740 2364 2915 2409 autem
2947 2364 3092 2421 parte
3114 2354 3333 2407 minoris
3355 2353 3611 2407 minorem
3635 2355 3843 2417 transit,

2278 2450 2359 2503 vel
2389 2449 2604 2517 majoris
2630 2464 2659 2502 a
2691 2447 2888 2515 majore
2918 2446 3251 2512 relinquitur,
3282 2459 3400 2514 quze
3435 2460 3622 2499 omnes
3651 2446 3848 2499 scilicet

2279 2537 2628 2605 proprietates
2654 2549 2757 2614 non
2788 2534 3008 2597 alterius
3051 2533 3151 2586 nisi
3182 2533 3526 2587 arithmetica:
3555 2533 3849 2587 medietatis

2280 2634 2425 2682 sunt.
2456 2625 2608 2691 Quod
2640 2626 2681 2680 si
2726 2624 2968 2693 superius
2996 2624 3134 2677 dicta
3193 2623 3494 2677 meminerit
3540 2624 3726 2688 lector,
3778 2625 3850 2675 ita

2281 2731 2400 2771 esse
2429 2716 2786 2769 indubitanter
2816 2715 3091 2784 intelliget.
3123 2714 3325 2768 Rursus
3361 2714 3405 2767 si
3452 2715 3587 2766 inter
3630 2714 3855 2769 eosdem

2286 2807 2351 2860 10
2394 2813 2447 2860 et
2474 2807 2538 2860 40
2578 2804 2765 2875 viginti
2808 2806 3128 2858 constituam
3150 2845 3163 2865 ,
3197 2805 3371 2857 statim
3402 2804 3707 2872 geometrica
3740 2820 3856 2858 me~

2288 2898 2463 2950 dictas
2518 2911 2639 2949 cum
2696 2896 2807 2949 suis
2858 2895 3271 2965 preprietatibus
3325 2894 3528 2948 cunctis
3596 2896 3859 2957 exoritur,

2287 2989 2622 3042 arithmetica
2648 2988 2928 3041 medietate
2963 2995 3237 3054 pereunte.
3270 2987 3323 3038 in
3350 2986 3445 3038 hac
3470 2987 3615 3039 enim
3638 2986 3858 3053 disposi-

2291 3078 2434 3131 tione
2473 3079 2560 3143 10,
2602 3075 2691 3141 20,
2718 3077 2807 3140 40,
2836 3076 3282 3145 quemadmodum
3312 3085 3393 3129 est
3435 3076 3606 3142 major
3638 3076 3703 3129 ad
3750 3092 3862 3129 me-

2292 3168 2456 3232 dium,
2485 3167 2561 3219 sic
2590 3166 2796 3218 medius
2839 3164 2904 3217 ad
2929 3172 3251 3219 extremum.
3283 3165 3350 3218 Et
3396 3165 3535 3233 quod
3566 3165 3861 3217 continetur

2292 3259 2359 3313 ab
2400 3257 2841 3322 extremitatibus,
2873 3270 3079 3324 aequum
3123 3264 3203 3309 est
3250 3255 3297 3309 ei
3337 3270 3405 3323 qu
3430 3255 3475 3307 id
3507 3270 3535 3307 a
3593 3254 3864 3321 multiplici

2295 3348 2580 3402 medietate
2611 3346 2924 3415 completur.
2977 3344 3291 3399 Dill’erenti'e
3341 3360 3551 3413 quoque
3603 3359 3785 3397 eorum
3818 3344 3866 3395 in

2296 3437 2485 3492 eadem
2537 3444 2662 3489 sunt
2711 3434 3057 3503 proportione
3101 3450 3201 3502 qua
3252 3434 3480 3488 termini.
3531 3434 3868 3487 Crementutn

2298 3542 2430 3582 vero
2457 3536 2507 3579 et
2540 3526 2840 3578 imminutio
2873 3524 3267 3593 proportionum
3297 3522 3584 3577 secundum
3619 3522 3869 3575 terminos

2299 3617 2436 3670 nulla
2470 3626 2569 3677 est,
2600 3616 2691 3668 sed
2739 3615 2999 3682 majorum
3031 3616 3377 3668 termiuornm
3414 3613 3689 3682 proportio
3720 3627 3747 3663 a
3776 3613 3870 3664 nti-

2300 3722 2489 3761 norum
2543 3706 2894 3760 terminorum
2940 3708 3284 3773 proportione
3334 3719 3435 3757 non
3482 3704 3771 3767 discrepat.
3815 3702 3869 3754 Si

2300 3812 2427 3851 vero
2469 3796 2832 3849 itartnonieam
2881 3794 3219 3849 medietatem
3250 3795 3572 3863 conjungere
3599 3793 3779 3854 velim,
3813 3791 3870 3843 16

2302 3887 2431 3940 mihi
2465 3901 2719 3940 numerus
2747 3886 2885 3938 inter
2914 3887 3275 3939 extremitates
3305 3896 3556 3951 utrasque
3599 3882 3871 3951 ponendus

2303 3986 2406 4037 est.
2441 3986 2495 4029 ut
2518 3976 2586 4029 sit
2614 3976 2714 4029 hoc
2742 3977 2897 4030 modo
2938 3976 3034 4039 10,
3070 3976 3157 4040 16,
3196 3976 3283 4030 40.
3310 3974 3459 4028 Nunc
3481 3975 3639 4041 igitur
3670 3973 3787 4025 licet
3823 3974 3872 4025 in

2307 4065 2607 4134 hujusmodi
2637 4066 2984 4134 dispositione
3012 4079 3197 4119 omnes
3226 4064 3560 4117 Itarmonicas
3589 4063 3873 4131 prpprieta-

2309 4169 2387 4214 tes
2416 4173 2733 4227 agnoscere,
2766 4174 2866 4227 qua
2922 4158 3062 4211 enim
3095 4158 3354 4211 maximus
3394 4156 3460 4209 ad
3512 4156 3874 4225 parvissimum

2310 4247 2568 4302 terminus
2610 4247 2953 4315 praportioite
2996 4246 3251 4313 jungitur,
3297 4244 3481 4297 eadem
3535 4242 3874 4311 proportione

2310 4338 2620 4391 differentia:
2668 4336 2731 4390 ad
2778 4352 2835 4391 se
2874 4336 3097 4391 invicem
3155 4343 3548 4402 comparantur.
3586 4333 3651 4385 Et
3693 4331 3877 4400 quibus

2312 4430 2551 4497 pattibus
2598 4427 2813 4495 majoris
2858 4443 2887 4479 a
2936 4427 3137 4495 majore
3167 4426 3373 4480 medius
3404 4424 3653 4488 vincitur,
3685 4424 3880 4476 eisdem

2316 4519 2550 4587 partibus
2593 4518 2815 4571 minoris
2858 4517 3090 4584 praeterit
3120 4516 3399 4569 minorem.
3444 4514 3563 4567 Suis
3609 4526 3735 4565 vero
3779 4526 3883 4563 non

2315 4607 2512 4661 eisdem
2541 4606 2623 4660 vel
2666 4620 2696 4659 a
2727 4605 2928 4673 majore
2955 4605 3201 4667 vincitur,
3256 4604 3337 4656 vel
3384 4604 3572 4656 transit
3602 4602 3883 4653 minorem.

2320 4703 2380 4755 Iit
2405 4700 2454 4752 in
2488 4700 2778 4766 majoribus
2801 4696 3040 4751 terminis
3070 4698 3239 4763 major
3258 4705 3339 4750 est
3368 4693 3636 4763 proportio
3655 4735 3668 4756 ,
3701 4691 3755 4743 in
3788 4691 3885 4744 mi:

2319 4791 2535 4844 noribus
2558 4789 2752 4844 minor.
2779 4788 2908 4840 Etsi
2929 4787 2979 4841 in
3000 4802 3161 4841 unum
3181 4786 3539 4841 eXtremitates
3558 4784 3883 4850 redigantur,

2319 4892 2370 4937 et
2426 4881 2723 4935 medietatis
2779 4880 3073 4948 quantitate
3118 4886 3486 4939 concrescant,
3534 4873 3727 4940 duplus
3766 4870 3888 4923 inde

2319 4973 2598 5027 coniicitur
2624 4986 2878 5025 numerus
2922 4971 2987 5024 ab
3032 4984 3097 5025 eo
3126 4969 3215 5038 qui
3246 4983 3311 5023 ex
3363 4967 3491 5021 solis
3530 4963 3889 5031 multipficatis

2318 5060 3108 5126 extremitatibusprocreatur.
3142 5061 3314 5126 Atque
3337 5056 3437 5109 hoc
3462 5054 3678 5122 quidem
3710 5053 3761 5105 iit
3788 5060 3890 5103 ter-

2322 5151 2478 5204 minis
2525 5150 2738 5219 paribus
2783 5148 3127 5202 constitutum
3180 5156 3283 5200 est.
3314 5149 3377 5199 At
3418 5158 3545 5198 vero
3572 5144 3614 5195 si
3666 5144 3889 5208 impares

2325 5251 2709 5312 pr0ponantur,
2770 5249 2828 5293 ut
2869 5250 2990 5293 sunt
3030 5241 3062 5294 5
3106 5247 3161 5293 et
3193 5239 3285 5302 45,
3317 5247 3527 5306 aptatus
3572 5234 3776 5289 medius
3801 5232 3889 5293 25,

2324 5331 2712 5386 arithmeticam
2736 5330 3124 5399 proportionem
3146 5328 3591 5395 medietatemque
3604 5324 3892 5379 constituit.

2327 5422 2457 5475 Nam
2489 5422 2531 5473 si
2561 5420 2664 5473 sint
2692 5420 2746 5482 5,
2771 5419 2863 5485 ‘25,
2886 5420 2973 5482 45,
3006 5417 3189 5473 eadem
3216 5431 3335 5471 sese
3366 5427 3710 5469 numerorum
3734 5426 3898 5479 quan-

2326 5512 2477 5564 titate
2507 5510 2720 5563 termini
2752 5508 3224 5577 transgredientur,
3273 5517 3325 5561 et
3355 5505 3529 5558 omnis
3559 5502 3803 5573 superius
3824 5500 3897 5552 di-

2326 5609 2411 5654 cta
2446 5597 2738 5668 proprietas
2763 5597 3110 5651 arithmetica:
3147 5595 3441 5649 medietatis
3475 5594 3527 5647 in
3554 5594 3632 5645 his
3665 5588 3899 5661 terminis

2332 5689 2646 5744 custoditur.
2676 5686 2778 5742 Sed
2828 5688 2872 5742 si
2909 5687 2971 5739 l5
3006 5700 3281 5740 numerum
3316 5683 3547 5737 m'edium
3600 5692 3815 5750 ponam,
3851 5682 3902 5731 ut

2341 805 2645 815 _—_———-—
