4160 6256
310 318 445 372 {ibi

1527 318 1611 374 DE
1651 306 2121 376 ABITHMETICA
2161 318 2286 374 LIB.
2329 319 2394 375 Il.

3451 327 3591 385 H62

307 435 413 489 sint
443 433 496 497 5,
532 432 619 500 I5,
646 430 737 498 45,
768 431 822 486 in
851 429 1233 503 geometricam
1280 425 1623 487 medietatem
1677 433 1889 490 termini
1917 436 1973 497 Α
1998 433 2252 505 gnitionis
2306 447 2491 489 eorum
2520 416 2791 490 versatur
2834 422 3055 494 utilitas.
3112 441 3348 499 Cateras
3395 455 3575 504 autem

307 524 643 592 relabuntur,
700 522 993 595 aequalibus
1048 520 1396 576 terminorum
1446 521 1512 577 ad
1558 538 1615 578 se
1668 524 1894 579 invicem

307 614 745 690 proportionibus
766 613 1067 671 custoditis.
1097 613 1298 669 Novem
1327 628 1457 669 vero
1482 614 1526 668 si
1552 616 1687 669 inter
1720 625 1897 670 utros—
1930 669 1935 675 ,

309 710 413 781 'que
457 708 714 764 terminos
744 722 957 778 ponam,
1008 714 1068 761 ut
1091 705 1199 761 sint
1225 705 1281 773 5,
1335 703 1387 771 9,
1420 705 1476 772 4,
1509 706 1561 773 5,
1598 705 1653 759 fit
1683 705 1895 760 harmo-

304 781 427 856 Inica
456 799 735 865 medietas,
763 809 821 855 ut
840 814 943 871 qua
968 813 1175 853 summa
1204 799 1467 853 maximus
1499 813 1753 853 numerus
1778 814 1895 868 par-

230 940 235 941 ν
310 895 588 952 vissimum
630 894 907 966 praecedit,
937 892 1125 948 eadem
1157 892 1327 962 major
1374 891 1675 948 differentia
1719 892 1894 948 mino-

310 1004 423 1044 rem
450 988 807 1044 difl'erentiam
837 986 1031 1041 vincat.
1060 984 1173 1053 Qua
1223 998 1353 1039 vero
1390 983 1672 1053 disciplina
1704 982 1894 1053 bujus-
1922 998 1923 1001 ‘

309 1080 451 1135 modi
482 1078 796 1133 medietates
812 1077 1035 1147 reperiri
1062 1079 1351 1147 possimus,
1377 1075 1768 1145 expediendum
1790 1082 1893 1129 est.

210 1170 215 1173 ’
310 1172 456 1226 Datis
483 1169 693 1227 duobus
722 1169 997 1238 terminis,
1044 1169 1091 1225 si
1118 1168 1513 1224 arithmeticam
1553 1166 1893 1222 medietatem

308 1262 631 1319 constituere
658 1262 947 1333 oportebit,
981 1272 1207 1333 utraque
1232 1271 1316 1317 est
1338 1260 1649 1317 extremitas
1670 1259 1896 1329 conjun-

306 1353 499 1425 genda,
521 1353 771 1424 quodque
789 1368 855 1410 ex
876 1367 939 1409 ea
968 1353 1308 1425 copulatione
1339 1352 1612 1423 colligitur
1650 1352 1896 1408 dividen-

305 1447 459 1513 dum,
503 1447 655 1516 isque
680 1460 936 1502 numerus
961 1445 1054 1514 qui
1094 1460 1162 1501 ex
1190 1444 1455 1500 divisione
1499 1443 1749 1499 redactus
1790 1452 1892 1509 est,

306 1539 704 1597 arithmeticam
752 1538 1091 1595 medietatem
1129 1538 1268 1594 inter
1292 1536 1660 1593 extremitates
1692 1536 1897 1592 locatus

307 1635 544 1690 efﬁciet:
575 1644 634 1689 ut
663 1633 729 1689 10
765 1642 822 1689 et
861 1633 932 1690 40
958 1634 1003 1688 si
1040 1633 1271 1705 junxero
1297 1632 1539 1689 efﬁciunt
1562 1631 1654 1707 50,
1684 1647 1821 1702 quos
1849 1632 1895 1688 si

307 1724 563 1791 dividam,
603 1723 676 1779 25
701 1722 1014 1781 redduntur.
1041 1724 1137 1780 Hic
1164 1724 1264 1780 erit
1294 1723 1501 1779 medius
1526 1723 1789 1780 terminus
1811 1738 1900 1779 se-

2000 524 2376 595 practereundo
2408 526 2845 595 transcurrimus,
2882 528 3080 586 idcirco
3104 534 3247 602 quod
3296 550 3400 591 non
3444 541 3585 594 mul-

2001 626 2112 672 tum
2143 617 2297 673 nobis
2327 618 2379 672 in
2413 616 2733 673 lectionibus
2756 633 3001 689 prosunt,
3033 624 3129 679 sed
3151 634 3355 682 tantum
3380 630 3446 684 ad
3477 631 3581 686 im-

1999 707 2245 778 plendam
2266 707 2469 763 denarii
2494 709 2700 765 numeri
2716 712 3085 778 quantitatem.
3106 715 3254 783 Quae,
3275 732 3341 773 ne
3363 719 3565 777 lateant

1998 814 2135 856 neve
2163 800 2272 855 sint
2303 800 2569 870 aliquibus
2596 801 2873 872 ignorata},
2904 802 3294 874 depromimus.
3323 809 3587 869 Videntur

2000 892 2143 947 enim
2176 890 2257 946 lia:
2292 886 2611 960 supradictis
2641 884 3019 950 medietatibus
3038 911 3162 953 esse
3187 901 3490 972 contrariae,
3515 921 3584 961 ex

2000 984 2192 1056 quibus
2220 985 2479 1055 originem
2526 986 2763 1041 trahunt.
2810 987 2885 1042 Ex
2937 987 3021 1043 his
3070 989 3215 1046 enim
3264 993 3424 1049 etiam
3468 995 3587 1053 ista

1998 1086 2125 1132 sunt
2152 1077 2476 1132 constituta.
2514 1077 2608 1131 Est
2627 1087 2802 1135 autem
2834 1088 3022 1149 quarta
3056 1081 3316 1138 medietas
3340 1100 3459 1154 quae
3488 1101 3587 1156 op-

2000 1170 2170 1240 posita
2198 1168 2407 1225 videtur
2437 1169 2782 1235 harmoniam,
2815 1172 2867 1225 in
2897 1187 2997 1240 qua
3031 1173 3198 1229 tribus
3222 1178 3464 1232 terminis
3495 1195 3588 1249 po-

2000 1262 2138 1327 sitis,
2173 1261 2623 1331 quemadmodum
2648 1273 2731 1317 est
2758 1250 3023 1320 maximus
3052 1268 3313 1324 terminus
3358 1271 3425 1325 ad
3460 1287 3584 1341 par-

2002 1354 2302 1420 vissimum.
2344 1356 2423 1411 sic
2467 1356 2767 1413 differentia
2801 1359 3067 1415 minorum
3118 1360 3185 1415 ad
3230 1360 3589 1424 differentiam

2001 1446 2377 1501 maximorum.
2412 1445 2480 1502 Ut
2508 1456 2634 1501 sunt
2662 1449 2715 1516 3,
2747 1448 2802 1515 5,
2835 1449 2887 1514 6,
2942 1464 3036 1506 sex
3066 1450 3131 1505 ad
3163 1458 3455 1512 ternarium
3486 1454 3585 1512 d'u-

2000 1537 2140 1606 plus.
2176 1537 2241 1591 Et
2268 1548 2391 1593 sunt
2423 1538 2657 1594 minores
2683 1539 2716 1594 5
2741 1542 2867 1605 et5,
2894 1543 3112 1600 maximi
3142 1561 3271 1602 vero
3302 1547 3458 1619 hujus
3479 1551 3586 1606 dis-

2001 1635 2282 1705 positionis
2309 1636 2342 1690 6
2372 1644 2423 1691 et
2450 1637 2504 1692 5.
2540 1636 2843 1693 Differentia
2881 1654 3007 1695 vero
3037 1641 3323 1717 minorum,
3354 1648 3588 1716 quinarii

2001 1729 2207 1784 scilicet
2233 1737 2289 1784 et
2330 1730 2547 1785 ternarii
2574 1730 2609 1785 2
2640 1739 2787 1798 sunt,
2820 1733 3106 1802 majorum,
3138 1737 3367 1806 quinarii
3411 1749 3463 1795 et
3504 1758 3588 1798 se.

308 1816 542 1873 cundum
597 1816 989 1874 arithmeticam
1038 1819 1461 1896 proportionem.
1509 1817 1603 1871 Vel
1649 1817 1693 1872 si
1749 1817 1895 1872 illum
1926 1815 1978 1880 B
2004 1822 2162 1886 narii,
2197 1822 2249 1887 I,
2276 1821 2373 1891 qui
2400 1821 2436 1874 2
2479 1822 2543 1876 ad
2575 1838 2740 1878 unum
2772 1826 3063 1893 comparati
3096 1826 3314 1896 duplum
3364 1830 3585 1891 faciunt.

309 1926 589 1969 numerum
619 1926 725 1982 quo
750 1913 922 1982 major
942 1912 1204 1968 minorem
1232 1920 1451 1981 superat
1477 1910 1684 1967 dividas
1700 1950 1716 1975 ,
1742 1924 1894 1966 eum-

307 2020 411 2075 que
462 2004 657 2061 minori
705 2018 1068 2075 superponas,
1117 2005 1367 2075 quodque
1416 2004 1545 2061 inde
1598 2005 1900 2061 concrescit

308 2095 544 2152 medium
601 2110 809 2166 ponas,
857 2095 1196 2152 arithmetica
1248 2096 1511 2151 medietas
1558 2096 1895 2153 informatur.

304 2186 440 2243 Nam
462 2189 531 2244 40
550 2187 832 2244 denarium
858 2188 1144 2244 tricenario
1168 2198 1416 2256 superat;
1443 2203 1599 2258 quem
1623 2188 1668 2243 si
1690 2186 1898 2241 dividas

311 2283 379 2336 15
406 2282 567 2347 ﬁunt;
596 2281 739 2337 hunc
763 2281 810 2336 si
838 2281 1053 2347 minori,
1083 2280 1134 2337 id
1161 2293 1243 2336 est
1268 2283 1514 2347 denario,
1542 2295 1899 2351 superposue—

308 2373 406 2438 ris,
436 2372 507 2430 20
531 2382 587 2428 et
612 2373 647 2427 5
674 2383 1000 2438 nascentur;
1038 2389 1196 2443 quem
1224 2375 1271 2428 si
1316 2375 1547 2429 medium
1579 2376 1893 2441 constituas,

307 2462 657 2519 arithmeticae
683 2462 985 2520 medietatis
1012 2463 1147 2518 ordo
1182 2463 1462 2519 formatur.
1502 2464 1899 2521 Geometricam

302 2572 441 2614 vero
469 2559 512 2612 si
540 2559 804 2613 rationem
828 2558 1080 2626 vestiges,
1124 2558 1239 2627 ejus
1268 2558 1477 2612 numeri
1504 2558 1591 2628 qui
1614 2558 1713 2612 sub
1737 2562 1899 2613 utris-

310 2664 416 2717 que
464 2649 891 2704 extremitatibus
945 2649 1271 2712 continetur,
1320 2650 1707 2717 tetragunicum
1759 2650 1898 2704 fatus

310 2740 540 2809 inquire,
566 2748 620 2793 et
650 2738 791 2794 hunc
840 2740 1074 2794 medium
1121 2754 1283 2808 pone.
1314 2738 1445 2793 Nam
1476 2740 1574 2793 sub
1620 2741 1688 2794 I0
1717 2750 1767 2795 et
1799 2741 1896 2795 de-

312 2828 463 2883 nario
500 2844 722 2885 numero
755 2829 862 2885 400
886 2829 1249 2884 continentur.
1284 2828 1342 2883 Si
1371 2831 1513 2883 enim
1542 2829 1818 2884 denarium
1842 2831 1895 2885 in

312 2914 762 2988 tﬁ'multipiices,
813 2920 900 2975 hic
947 2934 1202 2974 numerus
1232 2920 1449 2975 crescit.
1491 2920 1689 2974 Horum
1740 2920 1899 2991 igitur

324 3012 833 3083 quadringentorum
859 3013 1073 3082 require
1099 3013 1487 3083 tetragonieum
1510 3013 1672 3077 latus,
1697 3011 1750 3066 bi
1774 3022 1900 3069 sunt

310 3107 402 3162 20.
435 3106 609 3161 Vicies
650 3108 791 3162 enim
830 3104 925 3171 20,
953 3105 1059 3160 too
1086 3104 1415 3161 efﬁciuntur.
1449 3103 1738 3175 Reperturn
1768 3120 1898 3175 ergo

322 3199 460 3254 latus
474 3199 816 3270 quadratum,
839 3198 1076 3255 medium
1101 3200 1418 3254 constitues.
1439 3198 1531 3254 Vel
1561 3201 1606 3253 si
1629 3214 1748 3255 eam
1773 3216 1899 3271 pro-
1925 3191 1973 3256 C

312 3292 611 3359 portionem
640 3305 798 3369 quam
828 3290 971 3345 inter
996 3305 1056 3345 se
1095 3290 1203 3346 dati
1234 3291 1448 3346 termini
1477 3292 1787 3349 custodiunt
1817 3294 1895 3350 di-

312 3380 482 3447 vidas,
505 3391 559 3436 et
587 3382 638 3435 id
680 3380 823 3451 quod
853 3382 1188 3452 relinquetur
1216 3382 1450 3439 medium
1482 3380 1771 3440 terminum
1798 3402 1893 3456 po-

312 3486 430 3527 nas.
461 3471 699 3541 Namque
722 3472 793 3528 40
820 3472 888 3527 ad
932 3472 1210 3528 denarium
1238 3475 1573 3544 quadruplus
1602 3487 1705 3532 est.
1730 3479 1895 3548 Igitur

310 3562 664 3633 quadruplum
692 3563 738 3617 si
758 3564 988 3627 dividas,
1008 3564 1226 3633 duplum
1255 3565 1437 3635 facies,
1461 3568 1553 3637 qui
1579 3582 1659 3623 est
1690 3571 1896 3627 scilicet

312 3653 403 3712 20.
431 3654 560 3708 Nam
583 3654 654 3709 20
682 3654 748 3708 ad
778 3655 1056 3710 denarium
1080 3656 1275 3726 duplus
1295 3666 1396 3713 est.
1424 3658 1575 3714 Hunc
1593 3659 1639 3714 si
1659 3662 1891 3717 medium

311 3746 624 3813 constituas,
660 3748 999 3803 medietatem
1029 3750 1405 3819 geometricam
1450 3752 1705 3820 perferet.
1762 3754 1895 3809 Har-

312 3835 577 3892 monicam
607 3852 734 3892 vero
756 3839 1115 3905 medietatem,
1149 3842 1239 3897 tali
1267 3843 1427 3898 modo
1455 3845 1894 3913 reperieszdiffe-

311 3927 539 3981 tentiam
599 3930 946 3985 terminorum
991 3930 1044 3984 in
1087 3932 1347 3987 minorem
1380 3935 1661 3990 terminum
1710 3936 1894 3991 multi-

315 4018 475 4087 plica,
503 4029 554 4075 et
582 4030 701 4089 post
724 4020 888 4092 junge
919 4024 1195 4093 terminos,
1224 4035 1278 4081 et
1300 4026 1451 4095 juxta
1494 4043 1615 4083 eum
1647 4030 1737 4099 qui
1767 4030 1893 4088 inde

312 4112 589 4167 confectus
614 4123 694 4167 est
712 4154 727 4177 ,
754 4116 1030 4171 committe
1060 4117 1207 4172 illum
1231 4134 1512 4175 numerum
1537 4122 1625 4191 qui
1647 4137 1713 4177 ex
1740 4122 1895 4179 diffe-

313 4204 496 4257 rentiis
536 4213 589 4257 et
620 4206 846 4261 termino
870 4206 1080 4281 minore
1108 4210 1397 4279 productus
1426 4223 1529 4267 est.
1578 4213 1743 4283 Cujus
1771 4231 1895 4272 cum

312 4293 649 4351 latitudinem
674 4297 963 4365 inveneris,
995 4301 1158 4355 addas
1184 4318 1303 4357 eam
1333 4306 1529 4360 minori
1557 4308 1810 4373 termino,
1839 4318 1895 4363 et

312 4388 453 4456 quod
498 4388 622 4443 inde
663 4389 931 4458 colligitur
978 4393 1211 4447 medium
1267 4398 1553 4451 terminum
1604 4414 1793 4466 pones,
1834 4399 1895 4456 I0

314 4480 456 4533 enim
486 4488 541 4534 et
577 4480 667 4547 40,
697 4484 766 4537 50
794 4490 949 4546 sunt;
996 4498 1154 4552 quem
1194 4485 1241 4538 si
1294 4489 1615 4557 multiplices
1645 4492 1697 4545 in
1729 4493 1895 4547 dena-

313 4572 473 4637 rium,
499 4571 550 4625 id
579 4581 661 4626 est
688 4573 739 4626 in
772 4574 1056 4642 minorem,
1084 4575 1267 4630 decies
1286 4578 1375 4644 '50,
1406 4590 1621 4648 oportet
1645 4583 1750 4637 300
1780 4583 1896 4638 effi-
1924 4569 1978 4630 Β

312 4664 443 4718 cias.
477 4663 623 4729 Quos
666 4662 771 4718 500
804 4665 956 4732 juxta
985 4682 1107 4722 eum
1149 4668 1424 4724 committe
1453 4674 1542 4741 qui
1590 4689 1656 4727 ex
1696 4674 1897 4743 junctis

313 4756 557 4821 utrisque
582 4754 856 4811 confectus
883 4766 983 4822 est,
1019 4758 1069 4811 id
1109 4769 1191 4812 est
1214 4758 1362 4826 juxta
1408 4744 1498 4825 50,
1532 4762 1730 4819 facient
1755 4764 1896 4821 enim

313 4844 664 4915 quinquagies
710 4860 893 4911 senos,
949 4858 1003 4901 et
1052 4847 1320 4903 invenitur
1349 4851 1572 4907 latitudo
1622 4857 1895 4913 senarius.

315 4936 466 4991 IIunc
498 4937 656 5006 igitur
700 4938 745 4991 si
788 4938 978 4992 minori
1023 4940 1253 4995 termino
1279 4941 1469 5009 addas,
1502 4943 1698 5000 facient
1728 4947 1816 5011 16,
1845 4959 1901 5005 et

314 5028 402 5083 hic
430 5042 684 5085 numerus
713 5028 920 5083 medius
957 5031 1276 5086 constitutus
1307 5032 1446 5088 inter
1477 5034 1542 5089 IO
1583 5044 1637 5090 et
1662 5036 1751 5102 40,
1776 5037 1899 5093 ltar—

312 5119 579 5176 monicam
605 5122 1008 5190 proportionem
1039 5120 1488 5194 medietatemque
1513 5126 1771 5183 servabit.

929 5231 1157 5289 CAPUT
1195 5233 1280 5289 LI.

306 5322 391 5379 De
419 5321 578 5375 tribus
605 5322 960 5378 medietatibus
986 5341 1101 5395 qua
1144 5328 1454 5384 harmoniae
1492 5337 1540 5384 et
1584 5332 1899 5401 geometrica:

888 5419 1154 5473 contrariae
1188 5431 1327 5476 sunt.

380 5508 476 5564 Hae
532 5508 746 5579 quidem
776 5518 901 5564 sunt
927 5510 1070 5579 apud
1100 5511 1433 5583 antiquiores
1487 5515 1719 5570 inventa:
1771 5529 1895 5587 pro-

310 5603 553 5672 bataque
588 5600 922 5669 medietates,
948 5617 1081 5671 quas
1121 5603 1323 5659 idcirco
1349 5606 1559 5674 longius
1584 5606 1893 5664 enodatius-

309 5708 414 5759 que
451 5692 811 5753 tractavimus,
866 5692 1008 5760 quod
1059 5693 1143 5747 iure
1172 5696 1404 5749 maxime
1452 5696 1505 5750 in
1545 5700 1889 5768 antiquorum

309 5783 622 5846 lectionibus
650 5781 1011 5850 inveniuntur,
1043 5793 1096 5838 et
1141 5786 1207 5840 ad
1236 5801 1447 5843 omnem
1480 5802 1614 5859 pene
1642 5790 1747 5849 vim
1794 5811 1888 5858 co-

552 5898 821 5961 PAnon.
868 5898 1098 5961 LXIII.

2005 1914 2143 1983 Ergo
2170 1912 2623 1983 quemadmodum
2654 1922 2738 1969 est
2779 1915 3043 1971 maximus
3084 1918 3344 1975 terminus
3374 1922 3438 1976 ad
3469 1938 3585 1992 par-

2001 2005 2299 2070 vissimum,
2329 2004 2407 2059 sic
2428 2006 2694 2060 minorum
2720 2008 3068 2065 terminorum
3096 2010 3393 2069 differentia
3419 2018 3586 2074 estad

2001 2093 2358 2152 differentiam
2385 2095 2761 2150 maximorum.
3456 2150 3461 2152 _
3585 2106 3590 2111 '

2546 2186 2853 2238 Differcntiae
2871 2189 3049 2252 duplae.

2542 2311 2964 2411 BI]

2403 2300 3198 2764 a5

2489 2794 2712 2848 Termini
2732 2798 2944 2849 extremi
2969 2799 3118 2861 dupli.

1998 2865 2194 2939 Liquet
2221 2882 2397 2931 autem
2429 2882 2730 2947 oppositam
2756 2890 2812 2936 et
2835 2881 3233 2951 quodammodo
3260 2890 3584 2947 contrariam

2000 2973 2121 3016 esse
2144 2962 2282 3020 lianc
2327 2968 2670 3028 medietatem
2702 2976 3025 3031 harmonicae
3052 2978 3345 3047 medietati,
3384 2982 3587 3040 idcirco

2000 3055 2143 3122 quod
2176 3057 2227 3110 in
2252 3058 2338 3113 illa
2360 3063 2810 3131 quemadmodum
2837 3077 2920 3122 est
2940 3068 3203 3125 maximus
3235 3074 3495 3129 terminus
3518 3076 3586 3130 ad

2003 3145 2414 3216 parvissimum,
2470 3154 2546 3209 sic
2578 3156 2843 3225 majorum
2882 3161 3237 3215 terminorum
3285 3163 3589 3226 differentia

2002 3235 2068 3291 ad
2099 3238 2459 3297 differentiam
2489 3245 2777 3302 minorum.
2812 3249 2906 3305 Hie
2930 3260 3107 3304 autem
3140 3254 3461 3309 econtrario.
3494 3256 3589 3316 Est

1997 3339 2176 3386 autem
2206 3334 2478 3403 proprium
2497 3336 2656 3405 hujus
2678 3340 3000 3407 medietatis,
3027 3343 3278 3412 quoniam
3295 3346 3435 3419 quod
3457 3360 3587 3402 con-

2000 3422 2202 3477 tinetur
2258 3426 2358 3479 sub
2400 3429 2633 3486 maxime
2682 3432 2912 3486 termino
2942 3441 2996 3486 ct
3026 3433 3202 3488 medio
3239 3436 3459 3504 duplum
3502 3448 3588 3495 est

1999 3524 2065 3565 eo
2113 3513 2253 3581 quod
2304 3518 2607 3573 continetur
2658 3521 2756 3575 sub
2808 3521 2982 3576 medio
3032 3532 3192 3593 atque
3232 3526 3584 3593 parvissimo;

2000 3604 2181 3658 sexies
2211 3606 2353 3659 enim
2383 3608 2613 3678 quinque
2635 3610 2702 3665 50
2731 3622 2875 3677 sunt,
2903 3614 3185 3684 quinquies
3216 3629 3345 3671 vero
3364 3626 3472 3670 tres
3497 3616 3586 3672 15.

2001 3692 2129 3749 Dus:
2161 3710 2289 3749 vero
2329 3698 2448 3753 alia:
2478 3701 2821 3767 medietates,
2861 3705 3041 3773 quinta
3084 3707 3294 3763 scilicet
3319 3716 3375 3761 et
3414 3719 3583 3770 sexta.

1998 3786 2337 3853 geometrica;
2367 3788 2636 3844 medietati
2658 3794 2940 3848 contrariae
2962 3804 3103 3862 sunt,
3129 3807 3183 3853 et
3203 3798 3377 3853 eidem
3396 3798 3585 3853 viden-
3632 3850 3637 3857 .

2002 3881 2089 3929 tur
2131 3879 2413 3947 opposite.
2447 3879 2542 3935 Est
2571 3893 2746 3938 autem
2798 3885 2980 3953 quinta
3011 3887 3290 3954 medietas,
3336 3890 3587 3958 quotiens

2002 3966 2054 4021 in
2089 3968 2257 4023 tribus
2288 3972 2551 4037 terminis,
2580 3975 3029 4043 quemadmodum
3052 3987 3134 4032 est
3171 3979 3379 4034 medius
3404 3981 3586 4036 termi-

2001 4074 2104 4112 nus
2130 4059 2194 4113 ad
2228 4062 2485 4116 minorem
2520 4065 2829 4131 terminum,
2876 4069 2945 4122 ita
2974 4083 3157 4124 eorum
3193 4070 3488 4126 diﬁ‘ei-entia
3516 4072 3585 4128 ad

2002 4149 2360 4207 differentiam
2385 4154 2540 4209 medii
2570 4168 2729 4226 atque
2752 4158 2991 4227 majmis.
3034 4160 3165 4215 Nam
3196 4161 3249 4215 in
3282 4163 3379 4217 hac
3404 4164 3586 4232 dispo-

2002 4240 2195 4295 sitione
2216 4243 2271 4309 ‘2,
2296 4243 2349 4310 4,
2372 4243 2426 4305 5,
2459 4249 2830 4313 quaternarius
2860 4252 2924 4305 ad
2956 4253 3218 4309 binarium
3248 4255 3446 4321 duplus
3470 4264 3585 4321 est;

2001 4333 2093 4386 sed
2124 4334 2265 4386 inter
2289 4337 2687 4422 qtiaternabrium
2734 4349 2787 4394 et
2831 4341 3093 4397 binariuui
3125 4344 3231 4400 duo
3274 4355 3419 4407 sunt,
3445 4347 3586 4402 inter

2001 4425 2400 4491 quaternarium
2421 4444 2546 4483 vero
2567 4439 2621 4484 et
2648 4432 2901 4499 majorem
2927 4436 3233 4501 terminum,
3261 4436 3313 4491 id
3333 4446 3415 4493 est
3430 4438 3585 4505 quin.

2001 4528 2125 4581 que,
2163 4513 2213 4580 I,
2246 4523 2300 4569 et
2324 4517 2430 4572 duo
2456 4519 2522 4571 ad
2553 4536 2714 4574 unum
2746 4523 2892 4590 dupli
2916 4535 3060 4579 sunt.

2551 4609 2856 4661 Differentiae
2879 4614 3055 4677 duplae.

2513 4710 2947 4787 12ιῆ

2372 4787 3234 4888 ΓΤΤΓῙ-ΓΤ

2606 5140 2809 5192 Numeri
2832 5140 2984 5204 dupli.

2001 5237 2341 5297 Contrarium
2371 5255 2548 5303 autem
2578 5253 2914 5319 geometricm
2944 5253 3215 5307 medietati
3245 5255 3297 5309 in
3335 5255 3434 5312 hac
3465 5273 3585 5327 pro—

2007 5333 2251 5397 portione
2278 5343 2382 5402 est,
2413 5340 2553 5408 quod
2594 5340 2647 5395 in
2680 5343 2768 5396 illa
2798 5343 3253 5413 quemadmodum
3286 5347 3459 5415 major
3482 5360 3586 5405 ter-

2005 5422 2181 5478 minus
2206 5426 2272 5480 ad
2305 5429 2565 5486 minorem
2596 5444 2759 5501 esset,
2788 5437 2867 5489 sic
2904 5435 3166 5503 majorum
3195 5435 3491 5495 differentia
3518 5443 3585 5499 ad

2001 5517 2358 5578 differentiam
2404 5526 2691 5582 minorum.
2725 5528 2823 5584 IIic
2852 5544 2980 5584 vero
3008 5535 3294 5597 contrarie,
3330 5536 3585 5601 quemad~

2001 5610 2217 5666 modum
2248 5614 2485 5671 minores
2537 5619 2603 5672 ad
2655 5635 2715 5675 se
2764 5620 2978 5676 termini
3008 5630 3163 5688 sunt,
3194 5624 3273 5678 sic
3314 5628 3583 5689 minorum

1998 5702 2295 5759 differentia
2321 5708 2666 5765 terminorum
2689 5710 2755 5767 ad
2780 5712 3044 5782 majorum
3069 5713 3417 5774 differentiam
3435 5736 3582 5777 com-

1999 5805 2239 5867 paratur.
2271 5796 2367 5852 Est
2398 5806 2574 5877 antem
2606 5803 2879 5874 proprium
2902 5805 2953 5860 in
2986 5804 3087 5860 hac
3114 5820 3328 5879 quoque
3354 5810 3579 5885 disposi.

2976 5917 3054 5989 3'1
