4160 6256
292 367 465 424 “85"

1476 355 1568 412 DE
1596 351 2082 418 .ABITHMETICA
2121 349 2248 406 LIB.
2291 350 2358 406 Ii.

3418 357 3553 414 “66
3601 365 3606 370 ’

289 494 487 542 serere,
513 493 629 547 quae
649 477 819 531 tribus
844 471 1136 530 intervallis
1154 449 1459 535 constituta,
1487 485 1729 539 magnam
1755 470 1862 522 vim
1894 467 1953 529 Α
1975 465 2281 521 octonarius
2304 452 2572 519 senarium
2605 475 2842 534 superat,
2875 466 2924 519 id
2953 476 3034 522 est
3065 480 3216 538 parte
3264 473 3440 539 tertia,
3467 492 3556 530 ea.

289 573 493 628 obtinet
524 573 572 623 in
603 570 786 624 musici
833 565 1207 623 modulaminis
1240 565 1678 630 temperamentis
1727 574 1781 617 et
1811 563 1861 615 in

290 663 648 734 speculatione
697 661 1014 716 naturalium
1066 658 1442 726 qurestionum.
1476 655 1688 710 Etenim
1739 669 1864 722 per-

294 761 480 813 fectius
529 755 830 824 ltujusmodi
862 753 1144 806 medietate
1185 749 1316 802 nihil
1372 748 1562 816 poterit
1613 747 1863 811 inveniri,

291 866 408 915 qua:
434 849 601 901 tribus
630 843 922 900 intervallis
959 843 1245 912 producta,
1273 837 1642 909 perfectissimi
1674 851 1868 904 corpo-

292 946 363 995 ris
395 951 636 994 naturam
669 934 1125 1002 substantiamque
1182 931 1368 984 sortita
1415 940 1516 983 est.
1565 929 1676 982 iloc
1722 928 1866 982 enim

292 1033 469 1094 modo,
509 1031 702 1084 cubum
743 1039 953 1094 quoque
994 1024 1132 1078 trina
1170 1020 1506 1076 dimensione
1545 1029 1864 1086 crassatum,

294 1125 498 1191 plenam
530 1118 861 1172 harmoniam
901 1131 1019 1170 esse
1061 1096 1500 1168 monstravimus.
1529 1111 1657 1166 Haec
1687 1120 1866 1164 autem

294 1211 592 1282 hujusmodi
618 1210 940 1275 invenietur,
972 1209 1012 1262 si
1034 1206 1243 1262 duobus
1276 1205 1516 1258 terminis
1543 1203 1866 1268 constitutis,

293 1305 378 1374 qui
410 1303 506 1372 ipsi
539 1302 705 1356 tribus
736 1299 1001 1354 ‘creverint
1031 1297 1344 1360 intervallis,
1371 1294 1721 1364 longitudine,
1751 1293 1870 1347 lati-

295 1395 473 1448 tudine
504 1402 555 1447 et
580 1391 954 1460 profunditate,
1002 1389 1109 1442 duo
1135 1386 1438 1455 ltujusmodi
1471 1385 1678 1438 termini
1710 1381 1869 1436 medii

294 1487 487 1540 iuerint
513 1482 806 1545 constituti,
832 1489 886 1536 et
914 1480 1010 1550 ipsi
1041 1479 1208 1533 tribus
1238 1476 1532 1532 intervallis
1559 1475 1755 1537 notati,
1783 1473 1871 1542 qui

298 1578 385 1632 vel
416 1576 484 1630 ab
509 1573 803 1644 aequalibus
851 1587 948 1641 per
1002 1569 1234 1640 tequales
1281 1567 1562 1638 aequaliter
1608 1567 1714 1619 sint
1751 1577 1874 1632 pro—

297 1670 465 1736 ducti,
488 1669 569 1722 vel
592 1668 659 1721 ab
689 1664 1039 1733 inmqualibus
1065 1662 1130 1716 ad
1157 1661 1436 1730 inaequalia
1468 1657 1763 1728 aequaliter,
1789 1655 1871 1708 vel

298 1763 363 1817 ab
409 1758 756 1828 inaequalibus
808 1757 873 1810 ad
906 1755 1129 1824 mqualia
1177 1753 1475 1823 aequaliter,
1527 1751 1607 1803 vel
1639 1747 1876 1820 quolibet

1972 558 2093 613 dem
2117 559 2426 613 duodenarii
2451 569 2618 627 parte,
2644 560 2951 615 octonarius
2981 566 3281 631 superatur.
3314 568 3555 632 Quatuor

1972 653 2114 707 enim
2145 653 2337 722 quibus
2366 652 2672 707 octonarius
2711 667 2740 706 a
2780 653 3111 712 duodenario
3138 661 3394 730 vincitur,
3423 666 3555 720 duo-

1973 745 2176 827 denarii
2209 746 2361 798 tertia
2414 759 2537 814 pars
2564 753 2665 799 est.
2700 744 2764 799 Et
2813 763 2857 799 st
2908 750 3273 830 extremitates
3299 753 3492 825 jungas
3527 760 3561 814 6

1974 837 2181 890 scilicet
2207 844 2261 890 et
2287 835 2371 904 12,
2405 850 2604 904 easque
2629 853 2722 905 per
2751 840 3085 893 octonarium
3117 843 3352 897 medium
3385 849 3560 903 multi-

1974 927 2164 996 plices,
2216 925 2316 981 144
2363 937 2508 982 sunt.
2539 923 2692 992 Quod
2720 929 2765 983 si
2808 943 2869 984 se
2913 931 3277 987 extremitates
3307 937 3563 1004 multipli-

1975 1025 2130 1082 cent,
2163 1031 2256 1071 sex
2278 1017 2482 1072 scilicet
2510 1028 2564 1072 et
2594 1018 2680 1083 19.,
2727 1017 2924 1074 facient
2948 1020 3038 1087 72,
3070 1037 3176 1092 quo
3204 1019 3430 1081 numero
3459 1028 3562 1084 i-M

1977 1109 2171 1178 duplus
2209 1119 2310 1163 est.
2342 1109 2678 1165 Inveniemus
2709 1111 2795 1166 hic
2843 1128 3058 1184 quoque
3110 1129 3299 1172 omnes
3327 1121 3566 1179 musicos

1977 1199 2628 1270 conson.tntias..Namque
2645 1202 2676 1256 8
2692 1201 2760 1255 ad
2781 1203 2813 1257 6
2831 1211 2883 1258 et
2903 1203 2935 1258 9
2951 1203 3017 1258 ad
3042 1204 3111 1260 12
3135 1205 3562 1277 οοηῳθι-ειιϊεεε·

1977 1290 2282 1360 quitertiam
2325 1293 2718 1361 preportionem
2752 1293 3004 1360 reddunt,
3033 1307 3086 1352 et
3108 1297 3268 1352 simul
3300 1299 3563 1359 diatessa»

1978 1399 2079 1437 ron
2129 1385 2554 1440 consonantiam.
2597 1385 2701 1441 Sex
2727 1402 2857 1441 vero
2878 1388 2943 1442 ad
2975 1387 3008 1444 9
3040 1391 3122 1444 vel
3155 1391 3188 1446 8
3226 1391 3294 1446 ad
3320 1393 3384 1447 l2
3410 1409 3562 1450 com-

1980 1476 2182 1542 parati,
2235 1476 2462 1530 reddunt
2513 1477 2917 1548 sesquialtcram
2971 1484 3413 1552 preportionem,
3468 1488 3564 1543 sed

1979 1565 2228 1635 diapente
2267 1568 2660 1638 symphoniam.
2709 1571 2999 1626 Duodecim
3033 1588 3159 1626 vero
3190 1574 3256 1633 ad
3286 1581 3560 1634 senarium

1980 1659 2303 1713 considerati
2357 1660 2622 1729 duplicem
2686 1665 3109 1732 proportionem,
3165 1667 3259 1720 sed
3309 1669 3563 1738 diapason

1981 1752 2352 1822 symphoniam
2385 1766 2600 1808 canunt.
2631 1754 2765 1810 Octo
2809 1771 2937 1811 vero
2965 1766 3019 1812 et
3065 1758 3098 1813 9
3126 1759 3233 1828 ipsi
3275 1771 3460 1819 contra
3504 1779 3566 1822 se

299 1853 402 1906 alio
429 1850 608 1914 modo,
632 1859 790 1918 atque
830 1848 899 1901 ita
927 1861 1047 1901 cum
1079 1845 1442 1898 ltartnonieam
1477 1841 1873 1911 proportionem
1906 1842 2145 1903 B,medii
2184 1844 2530 1910 considerati,
2560 1848 2860 1914 epogdoum
2886 1847 3138 1918 jungunt,
3167 1852 3255 1920 qui
3284 1853 3336 1906 in
3360 1858 3564 1911 musico

298 1943 622 2008 custodiant,
643 1941 744 1995 alio
768 1950 943 1995 tamen
963 1937 1121 1993 modo
1139 1937 1456 2007 comparati,
1489 1935 1685 1988 faciunt
1713 1933 1878 1987 arith-

299 2035 546 2090 meticam
581 2032 946 2095 medietatem,
999 2028 1189 2092 hisque
1217 2027 1542 2096 geometrica
1596 2025 1876 2092 medietas,

300 2130 417 2199 qua
445 2127 587 2181 inter
613 2135 880 2193 utrasque
920 2129 1184 2188 versatur,
1225 2122 1416 2175 deesse
1464 2133 1568 2172 non
1600 2118 1790 2187 pOSsit.
1821 2115 1878 2170 in

215 2289 218 2292 ἠ
301 2231 527 2292 quatuor
563 2220 707 2274 enim
743 2217 983 2271 terminis
1009 2216 1054 2271 si
1079 2215 1259 2278 fuerit,
1289 2209 1741 2284 quemadmodum
1766 2207 1878 2280 pri-

304 2327 422 2366 mus
449 2311 514 2364 ad
561 2308 879 2373 secundum,
929 2307 1004 2361 sic
1031 2307 1217 2360 tertius
1259 2305 1326 2358 ad
1355 2312 1626 2372 quartum,
1647 2316 1884 2372 propar-

305 2405 505 2458 tionum
537 2403 743 2455 ratione
773 2399 976 2454 scilicet
1009 2398 1294 2462 custodita,
1325 2394 1648 2464 geometrica
1681 2391 1880 2444 medie-

306 2505 385 2549 tas
414 2494 733 2562 explicatur.
768 2491 833 2544 Et
874 2489 1015 2559 quod
1057 2488 1359 2542 continetur
1387 2485 1486 2539 sub
1523 2483 1884 2539 extremitati-

309 2585 406 2638 bus
449 2598 659 2653 aequum
703 2582 805 2635 erit
848 2580 896 2635 ei
927 2578 1069 2648 quod
1101 2577 1200 2631 sub
1229 2585 1452 2644 utraque
1488 2574 1776 2630 medietate
1817 2572 1884 2625 ad

309 2694 366 2732 se
395 2677 619 2730 invicem
649 2673 997 2742 multiplicata
1041 2670 1344 2725 coniicitur.
1379 2667 1606 2730 Rursus,
1637 2665 1684 2720 si
1712 2665 1887 2720 maxi-

311 2782 429 2822 mus
454 2778 680 2836 quatuor
732 2764 1082 2819 terminorum
1115 2774 1370 2814 numerus
1401 2757 1469 2811 ad
1499 2747 1620 2810 eum
1649 2755 1740 2825 qui
1788 2755 1888 2809 sibi

312 2858 639 2928 propinquus
668 2864 750 2909 est
798 2855 956 2910 talem
1005 2852 1196 2905 habeat
1245 2847 1625 2911 diticrentiam,
1677 2846 1889 2912 qualem

313 2950 452 3003 idem
481 2962 603 3003 esse
625 2947 858 3001 maximo
889 2946 1215 3014 propinquus
1242 2940 1309 2993 ad
1356 2937 1761 3008 parvissimum,
1794 2935 1892 2988 hu-

311 3039 544 3109 iusmodi
567 3039 838 3108 proportio
871 3038 923 3090 in
953 3035 1284 3089 arithmetica
1315 3027 1748 3085 consideratione
1769 3041 1892 3095 pro-

315 3134 550 3202 ponitur.
587 3132 650 3185 Et
680 3139 1043 3184 extremorum
1069 3124 1376 3194 conjunctio
1402 3121 1598 3190 duplex
1636 3117 1741 3173 erit
1769 3130 1895 3187 pro-

315 3225 426 3294 pria
458 3221 764 3277 medietate.
797 3220 854 3276 Si
879 3235 1008 3274 vero
1030 3219 1168 3272 inter
1198 3224 1425 3286 quatuor
1469 3213 1558 3284 qui
1590 3218 1672 3266 est
1700 3211 1890 3267 tertius
1916 3207 1970 3273 α
2030 3231 2037 3241 ι

317 3314 596 3379 terminus,
627 3327 654 3365 a
677 3326 779 3382 qua
811 3318 959 3380 parte
990 3307 1184 3378 quarti,
1207 3314 1454 3374 quartum
1479 3301 1768 3359 terminum
1799 3317 1890 3357 su-

315 3416 485 3476 peret,
519 3415 574 3460 et
599 3419 746 3476 tequa
790 3401 944 3472 primi
968 3415 998 3454 a
1033 3400 1204 3469 primo
1243 3405 1546 3466 superetur,
1583 3395 1918 3466 harmonica.

315 3495 618 3566 hujusmodi
677 3494 950 3564 proportio
998 3489 1360 3559 medietasque
1417 3487 1739 3560 perspicitur
1783 3505 1795 3540 :
1840 3495 1922 3572 et.

315 3588 455 3656 quod
499 3588 800 3642 continetur
849 3583 950 3638 sub
998 3588 1360 3638 extremorum
1417 3576 1793 3650 aggregatione
1841 3587 1897 3634 et

316 3679 756 3748 multiplicatione
784 3673 1114 3736 medietatis,
1160 3671 1354 3745 duplex
1383 3680 1467 3726 est
1504 3686 1569 3726 eo
1609 3669 1749 3740 quod
1791 3669 1895 3725 sub

318 3781 538 3839 utraque
575 3768 912 3822 extremitate
959 3763 1254 3820 coniicitur.
1290 3761 1370 3818 Sit
1399 3772 1576 3818 autem
1622 3762 1918 3834 quoddam,

319 3863 476 3928 hujus
505 3859 869 3926 dispositionis
893 3857 1167 3927 exemplar
1204 3856 1304 3911 hoc
1333 3855 1517 3922 modo,
1551 3853 1605 3922 6,
1637 3855 1694 3921 8,
1715 3853 1769 3919 9,
1807 3852 1892 3907 12.

321 3951 426 4003 llas
458 3947 615 4018 igitur
645 3963 835 4002 omnes
862 3947 1062 4001 solidas
1109 3947 1433 4018 quantitates
1487 3961 1608 4001 esse
1642 3961 1746 3999 non
1797 3943 1896 3996 du-

318 4042 461 4096 bium
493 4053 591 4095 est.
622 4040 723 4095 Sex
758 4039 896 4095 enim
926 4048 1214 4094 nascuntur
1245 4055 1310 4093 ex
1337 4053 1444 4093 uno
1469 4037 1549 4092 bis
1584 4049 1685 4103 ter,
1713 4037 1776 4090 i2
1799 4052 1894 4090 au-

316 4143 422 4188 tem
442 4149 508 4186 ex
543 4133 622 4185 bis
644 4131 748 4186 duo
777 4141 877 4186 ter.
895 4132 1093 4202 Horum
1125 4141 1301 4185 autem
1320 4131 1651 4194 medietates,
1677 4135 1894 4182 octona-

315 4223 426 4279 rius
449 4225 507 4278 tit
528 4223 693 4279 semel
718 4224 822 4278 duo
845 4207 1050 4292 quater.
1082 4221 1411 4278 Novenarius
1441 4236 1570 4276 vero
1594 4219 1760 4275 semel
1787 4231 1894 4273 tres

319 4327 419 4371 ter.
453 4315 649 4370 Omnes
693 4314 848 4382 igitur
881 4313 1089 4368 termini
1121 4313 1329 4383 cognati
1371 4313 1496 4378 sibi,
1527 4323 1581 4367 et
1611 4313 1778 4367 tribus
1809 4312 1912 4388 ἰηέ

319 4409 658 4464 tervallorum
689 4407 1113 4463 dimensionibns
1164 4407 1328 4461 notati
1359 4415 1503 4460 sunt.
1536 4403 1592 4459 in
1625 4406 1705 4458 his
1736 4404 1896 4474 igitur

315 4499 639 4570 geometrica
700 4497 1163 4567 proportionalitas
1207 4497 1495 4564 invenitur,
1553 4497 1598 4550 si
1632 4495 1698 4549 12
1750 4495 1815 4550 ad
1861 4497 1896 4551 8

316 4591 397 4644 vel
428 4588 460 4644 9
490 4589 553 4644 ad
595 4590 629 4644 6
671 4603 1063 4656 comparemus.
1097 4585 1330 4657 Utraque
1380 4588 1522 4640 enim
1567 4589 1898 4657 comparatio

317 4683 663 4754 sesquialtera
720 4683 990 4750 proportio
1037 4688 1136 4747 est,
1181 4689 1235 4734 et
1263 4679 1404 4748 quod
1443 4681 1751 4734 continetur
1797 4679 1899 4736 sub

316 4773 741 4837 extremitatibus
763 4773 901 4827 idem
933 4782 1015 4826 est
1043 4771 1090 4826 ei
1132 4771 1270 4843 quod
1301 4772 1354 4825 iit
1381 4788 1446 4826 ex
1491 4770 1697 4826 mediis.
1734 4770 1898 4825 Nam-

317 4881 420 4935 que
452 4863 593 4934 quod
625 4863 683 4916 iit
714 4877 778 4917 ex
823 4861 1112 4917 duodecies
1149 4863 1202 4928 6,
1238 4877 1444 4930 a'quum
1474 4871 1556 4915 est
1595 4861 1644 4916 ei
1669 4859 1809 4930 quod
1843 4859 1900 4915 iit

318 4973 383 5014 ex
428 4957 596 5012 octies
642 4956 676 5010 9
709 4972 719 5006 :
753 4956 1079 5024 geometrica
1109 4969 1238 5023 ergo
1270 4954 1543 5022 proportio
1593 4949 1912 5022 hujusmodi

315 5061 427 5115 est;
461 5049 792 5104 arithmetica
825 5057 1002 5103 autem
1045 5055 1148 5114 est,
1181 5048 1223 5100 si
1253 5043 1614 5100 duodenarins
1641 5047 1703 5098 ad
1734 5060 1900 5100 nove-

318 5144 548 5207 narium,
599 5153 652 5197 et
696 5142 1016 5197 novenarius
1045 5140 1108 5194 ad
1138 5141 1404 5194 senarium
1446 5148 1807 5208 comparetur.
1844 5137 1902 5194 in

321 5233 559 5300 utrisque
579 5232 720 5287 enim
753 5232 1015 5288 ternarius
1040 5230 1340 5285 diiierentia
1370 5237 1471 5294 est,
1506 5237 1554 5284 et
1580 5229 1776 5300 juncta“:
1806 5219 1913 5286 ex?

318 5324 612 5381 tremitates
643 5326 926 5380 medietate
971 5325 1147 5393 dupla;
1193 5331 1334 5376 sunt.
1369 5323 1422 5376 Si
1474 5323 1615 5377 enim
1660 5309 1911 5392 junxeris'

317 5420 586 5472 senarium
635 5430 689 5473 et
729 5416 1008 5472 duodecim
1060 5415 1222 5468 facies
1252 5414 1336 5480 18,
1382 5414 1468 5483 qui
1499 5423 1580 5468 est
1609 5416 1902 5468 noveoario

317 5507 496 5563 medio
546 5510 771 5562 termino
823 5509 1032 5576 duplus.
1084 5505 1135 5560 in
1193 5505 1276 5559 his
1319 5520 1444 5574 ergo
1516 5493 1914 5574 geometricam

317 5600 818 5668 arithmeticamque
847 5599 1183 5652 medietatem
1230 5599 1615 5665 perspeximus.
1644 5597 1738 5651 ilic
1765 5612 1900 5668 quo-

318 5710 422 5763 que
474 5693 774 5746 harmonica
824 5690 1086 5743 medietas
1131 5689 1410 5751 invenitur,
1463 5689 1504 5740 si
1558 5687 1623 5740 1'2
1659 5690 1720 5741 ad
1782 5693 1814 5744 8
1845 5697 1901 5746 et

319 5798 504 5840 rursus
532 5784 564 5838 8
593 5783 657 5837 ad
681 5782 717 5836 6
743 5787 1137 5849 comparemus.
1167 5780 1278 5844 Qua
1329 5781 1469 5832 enim
1520 5787 1666 5846 parte
1697 5782 1899 5840 senarii

1985 1936 2345 1993 modulamine
2374 1949 2528 1994 tonus
2559 1950 2798 2008 vocatur,
2829 1958 2946 2011 qua:
2976 1945 3212 2000 omnium
3241 1947 3566 2004 musicorum

1984 2042 2234 2082 sonorum
2266 2044 2516 2085 mensura
2556 2033 2858 2087 communis
2885 2043 2986 2088 est.
3015 2035 3264 2088 Omnium
3294 2037 3436 2090 enim
3483 2048 3568 2096 est
3601 2101 3604 2104 ,

1983 2133 2148 2173 sonus
2179 2119 2280 2174 iste
2311 2122 2679 2189 parvissimus.
2715 2123 2866 2178 Unde
2898 2134 3080 2178 notum
3137 2135 3220 2179 est
3261 2125 3405 2196 quod
3452 2127 3567 2181 dia-

1987 2219 2226 2264 tessaron
2253 2221 2310 2265 et
2337 2212 2588 2282 diapente
2611 2217 3102 2282 consottautiarum,
3132 2227 3287 2272 tonus
3317 2218 3568 2274 differen-

1988 2300 2059 2353 tia
2110 2311 2210 2363 est,
2257 2302 2396 2356 sicut
2440 2303 2579 2358 inter
2625 2306 3021 2374 sesquitertiam
3061 2317 3115 2363 et
3162 2310 3566 2379 sesquialteram

1987 2391 2386 2460 proportionem
2465 2395 2579 2449 sola
2623 2403 2705 2451 est
2743 2399 3019 2468 epogdous
3076 2401 3395 2460 diil‘erentia.
3438 2405 3568 2475 Ejus

1988 2489 2165 2536 autem
2191 2481 2596 2554 descriptionis,
2627 2487 2814 2543 subter
2843 2491 3117 2561 exemplar
3145 2494 3438 2563 adjecimus

2388 2759 2822 2822 Proportionalitas
2851 2772 3169 2828 geometrica.

2417 2861 2768 2926 Sesquialterae
2790 2873 3142 2931 proportiones.

2752 3941 2815 3993 ἠ

2181 4049 2524 4099 Extremorum
2538 4014 2922 4112 'mediorumque
2946 4049 3393 4115 multiplicationes.

2397 4371 2826 4437 Propertionalitas
2867 4374 3188 4423 arithmetica.

2551 4473 2857 4524 Diiierentiaa
2881 4473 3112 4534 aequales.

2771 5571 2828 5618 i8

2008 5680 2359 5729 iixtremitates
2379 5680 2558 5739 juncta
2582 5677 2641 5726 ad
2668 5688 2980 5726 novenartum
3011 5673 3222 5726 medium
3257 5675 3418 5740 dupla
3455 5681 3588 5730 sunt.
