  <div class='ocr_page' id='page_1' title='image "/cluster/home/n/w/nwhite01/storage/ocr_20150623/63/hvd.32044073498792/589.png"; bbox 0 0 4202 6250; ppageno 0'>
   <div class='ocr_carea' id='block_1_1' title="bbox 1822 342 3511 405">
    <p class='ocr_par' dir='ltr' id='par_1_1' title="bbox 1822 342 3511 405">
     <span class='ocr_line' id='line_1_1' title="bbox 1822 342 3511 405; baseline -0.008 0"><span class='ocrx_word' id='word_1_1' title='bbox 1822 348 1914 405; x_wconf 81' lang='grc' dir='ltr'><strong>ΑΝ</strong></span> <span class='ocrx_word' id='word_1_2' title='bbox 1948 347 2157 404; x_wconf 77' lang='lat' dir='ltr'><strong>MANL.</strong></span> <span class='ocrx_word' id='word_1_3' title='bbox 2199 343 2345 404; x_wconf 83' lang='lat' dir='ltr'><strong>SEV.</strong></span> <span class='ocrx_word' id='word_1_4' title='bbox 2386 342 2607 400; x_wconf 81' lang='grc' dir='ltr'><strong>ΒΟΕΤΙΙ</strong></span> <span class='ocrx_word' id='word_1_5' title='bbox 2802 348 2805 351; x_wconf 73' lang='grc'><em>’</em></span> <span class='ocrx_word' id='word_1_6' title='bbox 3446 387 3511 397; x_wconf 38' lang='grc' dir='ltr'><strong><em>,μ</em></strong></span> 
     </span>
    </p>
   </div>
   <div class='ocr_carea' id='block_1_2' title="bbox 580 334 2212 416">
    <p class='ocr_par' dir='ltr' id='par_1_2' title="bbox 580 334 2212 416">
     <span class='ocr_line' id='line_1_2' title="bbox 580 334 2212 416; baseline -0.009 -1"><span class='ocrx_word' id='word_1_7' title='bbox 580 358 715 416; x_wconf 75' lang='lat' dir='ltr'><strong>iter</strong></span> <span class='ocrx_word' id='word_1_8' title='bbox 762 356 771 363; x_wconf 80' lang='lat'><em>‘</em></span> <span class='ocrx_word' id='word_1_9' title='bbox 1274 336 1277 337; x_wconf 35' lang='grc' dir='ltr'>ί</span> <span class='ocrx_word' id='word_1_10' title='bbox 1474 334 1478 342; x_wconf 84' lang='grc'><em>’</em></span> <span class='ocrx_word' id='word_1_11' title='bbox 1822 348 1914 405; x_wconf 75' lang='grc' dir='ltr'><strong>ΑΝ</strong></span> <span class='ocrx_word' id='word_1_12' title='bbox 1948 347 2157 404; x_wconf 68' lang='lat' dir='ltr'><strong>nam.</strong></span> <span class='ocrx_word' id='word_1_13' title='bbox 2199 344 2212 401; x_wconf 85' lang='lat' dir='ltr'><strong>t</strong></span> 
     </span>
    </p>
   </div>
   <div class='ocr_carea' id='block_1_3' title="bbox 2294 334 3879 416">
    <p class='ocr_par' dir='ltr' id='par_1_3' title="bbox 2294 334 3879 404">
     <span class='ocr_line' id='line_1_3' title="bbox 2294 334 3879 404; baseline -0.005 -5"><span class='ocrx_word' id='word_1_14' title='bbox 2294 345 2345 404; x_wconf 78' lang='grc' dir='ltr'><strong>ν.</strong></span> <span class='ocrx_word' id='word_1_15' title='bbox 2386 342 2607 400; x_wconf 81' lang='grc' dir='ltr'><strong>ΒΟΕΤΙΙ</strong></span> <span class='ocrx_word' id='word_1_16' title='bbox 2802 348 2805 351; x_wconf 74' lang='grc'><em>’</em></span> <span class='ocrx_word' id='word_1_17' title='bbox 3446 387 3511 397; x_wconf 38' lang='grc' dir='ltr'><strong><em>,μ</em></strong></span> <span class='ocrx_word' id='word_1_18' title='bbox 3730 334 3879 391; x_wconf 76' lang='lat'><strong>“68</strong></span> 
     </span>
    </p>
   </div>
   <div class='ocr_carea' id='block_1_4' title="bbox 603 450 3515 521">
    <p class='ocr_par' dir='ltr' id='par_1_4' title="bbox 603 450 3515 521">
     <span class='ocr_line' id='line_1_4' title="bbox 603 450 3515 521; baseline 0.019 -70"><span class='ocrx_word' id='word_1_19' title='bbox 603 450 609 456; x_wconf 79' lang='grc'><em>,</em></span> <span class='ocrx_word' id='word_1_20' title='bbox 1175 474 1209 497; x_wconf 6' lang='grc' dir='ltr'><strong>τῇ</strong></span> <span class='ocrx_word' id='word_1_21' title='bbox 1282 458 1285 461; x_wconf 44' lang='grc' dir='ltr'><strong><em>ν</em></strong></span> <span class='ocrx_word' id='word_1_22' title='bbox 1412 474 1428 493; x_wconf 24' lang='grc' dir='ltr'><em>λ</em></span> <span class='ocrx_word' id='word_1_23' title='bbox 1468 473 1486 482; x_wconf 18' lang='grc'><strong><em>,4</em></strong></span> <span class='ocrx_word' id='word_1_24' title='bbox 1542 472 1543 475; x_wconf 38' lang='grc' dir='ltr'><strong>η</strong></span> <span class='ocrx_word' id='word_1_25' title='bbox 2198 462 2250 521; x_wconf 67' lang='grc' dir='ltr'><strong>Α</strong></span> <span class='ocrx_word' id='word_1_26' title='bbox 2592 518 2614 521; x_wconf 39' lang='grc' dir='ltr'>μ</span> <span class='ocrx_word' id='word_1_27' title='bbox 2749 452 3106 521; x_wconf 74' lang='lat' dir='ltr'><strong>_Con_sonauti:e</strong></span> <span class='ocrx_word' id='word_1_28' title='bbox 3148 450 3414 521; x_wconf 28' lang='lat' dir='ltr'><strong>musica...</strong></span> <span class='ocrx_word' id='word_1_29' title='bbox 3483 509 3515 521; x_wconf 85' lang='lat'><strong>__</strong></span> 
     </span>
    </p>
   </div>
   <div class='ocr_carea' id='block_1_5' title="bbox 2585 515 3550 591">
    <p class='ocr_par' dir='ltr' id='par_1_5' title="bbox 2585 515 3550 591">
     <span class='ocr_line' id='line_1_5' title="bbox 2585 515 3550 591; baseline -0.01 -24"><span class='ocrx_word' id='word_1_30' title='bbox 2585 517 2970 591; x_wconf 61' lang='lat' dir='ltr'><strong>Sesquitertia“</strong></span> <span class='ocrx_word' id='word_1_31' title='bbox 3086 574 3102 591; x_wconf 39' lang='grc' dir='ltr'>ἱ</span> <span class='ocrx_word' id='word_1_32' title='bbox 3174 587 3194 591; x_wconf 32' lang='grc' dir='ltr'><strong>Α</strong></span> <span class='ocrx_word' id='word_1_33' title='bbox 3224 515 3550 575; x_wconf 82' lang='lat' dir='ltr'><strong>Sesquitettia</strong></span> 
     </span>
    </p>
   </div>
   <div class='ocr_carea' id='block_1_6' title="bbox 1007 574 2212 696">
    <p class='ocr_par' dir='ltr' id='par_1_6' title="bbox 1007 631 1747 696">
     <span class='ocr_line' id='line_1_6' title="bbox 1007 631 1747 696; baseline -0.003 -13"><span class='ocrx_word' id='word_1_34' title='bbox 1007 631 1435 696; x_wconf 85' lang='lat' dir='ltr'><strong>Proportioualitas</strong></span> <span class='ocrx_word' id='word_1_35' title='bbox 1452 631 1747 691; x_wconf 84' lang='lat' dir='ltr'><strong>harmonica.</strong></span> 
     </span>
    </p>
   </div>
   <div class='ocr_carea' id='block_1_7' title="bbox 2294 574 3552 696">
    <p class='ocr_par' dir='ltr' id='par_1_7' title="bbox 2592 574 3552 690">
     <span class='ocr_line' id='line_1_7' title="bbox 2698 574 3347 639; baseline -0.009 -11"><span class='ocrx_word' id='word_1_36' title='bbox 2698 574 2710 579; x_wconf 76' lang='grc'><strong><em>“</em></strong></span> <span class='ocrx_word' id='word_1_37' title='bbox 2932 574 3197 639; x_wconf 81' lang='lat' dir='ltr'><strong>Epogdous</strong></span> <span class='ocrx_word' id='word_1_38' title='bbox 3338 574 3347 575; x_wconf 54' lang='grc'><strong>“</strong></span> 
     </span>
     <span class='ocr_line' id='line_1_8' title="bbox 2592 637 3552 690; baseline -0.009 0"><span class='ocrx_word' id='word_1_39' title='bbox 2592 640 2902 690; x_wconf 84' lang='lat' dir='ltr'><strong>Diatessaron</strong></span> <span class='ocrx_word' id='word_1_40' title='bbox 3242 637 3552 686; x_wconf 83' lang='lat' dir='ltr'><strong>Dialessarou</strong></span> 
     </span>
    </p>
   </div>
   <div class='ocr_carea' id='block_1_8' title="bbox 850 716 1918 821">
    <p class='ocr_par' dir='ltr' id='par_1_8' title="bbox 850 716 1918 821">
     <span class='ocr_line' id='line_1_9' title="bbox 850 716 1918 821; baseline -0.006 -53"><span class='ocrx_word' id='word_1_41' title='bbox 850 719 1021 769; x_wconf 88' lang='lat' dir='ltr'><strong>Partes</strong></span> <span class='ocrx_word' id='word_1_42' title='bbox 1042 718 1241 821; x_wconf 60' lang='lat' dir='ltr'><strong>migoris</strong></span> <span class='ocrx_word' id='word_1_43' title='bbox 1262 716 1556 777; x_wconf 62' lang='lat' dir='ltr'><strong>maiorisque</strong></span> <span class='ocrx_word' id='word_1_44' title='bbox 1582 716 1918 821; x_wconf 39' lang='lat' dir='ltr'><strong>tegminorum.</strong></span> 
     </span>
    </p>
   </div>
   <div class='ocr_carea' id='block_1_9' title="bbox 873 1309 1866 1623">
    <p class='ocr_par' dir='ltr' id='par_1_9' title="bbox 884 1309 1866 1623">
     <span class='ocr_line' id='line_1_10' title="bbox 884 1309 1866 1561; baseline 0.074 -232"><span class='ocrx_word' id='word_1_45' title='bbox 884 1309 1160 1561; x_wconf 54' lang='lat' dir='ltr'><strong>\‘\\E</strong></span> <span class='ocrx_word' id='word_1_46' title='bbox 1177 1347 1475 1485; x_wconf 49' lang='grc' dir='ltr'><strong>ῗτῖξιὶὶλῖιι</strong></span> <span class='ocrx_word' id='word_1_47' title='bbox 1504 1433 1511 1439; x_wconf 37' lang='grc'><strong><em>⁵</em></strong></span> <span class='ocrx_word' id='word_1_48' title='bbox 1762 1309 1866 1481; x_wconf 35' lang='lat'><strong>/‘</strong></span> 
     </span>
     <span class='ocr_line' id='line_1_11' title="bbox 1111 1455 1195 1484; baseline 0 0"><span class='ocrx_word' id='word_1_49' title='bbox 1111 1455 1195 1484; x_wconf 79' lang='lat' dir='ltr'><strong>mu</strong></span> 
     </span>
     <span class='ocr_line' id='line_1_12' title="bbox 1060 1309 1805 1623; baseline 0.003 -2"><span class='ocrx_word' id='word_1_50' title='bbox 1060 1309 1805 1623; x_wconf 43' lang='grc' dir='ltr'><strong>κω</strong></span> 
     </span>
    </p>
   </div>
   <div class='ocr_carea' id='block_1_10' title="bbox 1475 1309 2059 1437">
    <p class='ocr_par' dir='ltr' id='par_1_10' title="bbox 1504 1309 1869 1437">
     <span class='ocr_line' id='line_1_13' title="bbox 1504 1309 1869 1437; baseline -0.008 0"><span class='ocrx_word' id='word_1_51' title='bbox 1504 1433 1511 1437; x_wconf 82' lang='grc'><strong>,</strong></span> <span class='ocrx_word' id='word_1_52' title='bbox 1729 1309 1869 1437; x_wconf 36' lang='grc' dir='ltr'><strong>Ν»</strong></span> 
     </span>
    </p>
   </div>
   <div class='ocr_carea' id='block_1_11' title="bbox 1106 1341 1475 1405">
    <p class='ocr_par' dir='ltr' id='par_1_11' title="bbox 1106 1341 1475 1405">
     <span class='ocr_line' id='line_1_14' title="bbox 1106 1341 1475 1405; baseline 0.005 -6"><span class='ocrx_word' id='word_1_53' title='bbox 1106 1341 1160 1399; x_wconf 80' lang='grc' dir='ltr'><strong><em>Ε</em></strong></span> <span class='ocrx_word' id='word_1_54' title='bbox 1177 1347 1475 1405; x_wconf 71' lang='lat' dir='ltr'><strong>xtrcmtiatu</strong></span> 
     </span>
    </p>
   </div>
   <div class='ocr_carea' id='block_1_12' title="bbox 1111 1427 1511 1518">
    <p class='ocr_par' dir='ltr' id='par_1_12' title="bbox 1111 1427 1511 1518">
     <span class='ocr_line' id='line_1_15' title="bbox 1111 1427 1511 1518; baseline 0.015 -34"><span class='ocrx_word' id='word_1_55' title='bbox 1111 1427 1440 1518; x_wconf 57' lang='lat' dir='ltr'><strong>triumphalia.</strong></span> <span class='ocrx_word' id='word_1_56' title='bbox 1504 1433 1511 1439; x_wconf 76' lang='grc'><em>’</em></span> 
     </span>
    </p>
   </div>
   <div class='ocr_carea' id='block_1_13' title="bbox 1350 1691 1442 1740">
    <p class='ocr_par' dir='ltr' id='par_1_13' title="bbox 1350 1691 1442 1740">
     <span class='ocr_line' id='line_1_16' title="bbox 1350 1691 1442 1740; baseline 0 -1"><span class='ocrx_word' id='word_1_57' title='bbox 1350 1691 1442 1740; x_wconf 67' lang='grc'><strong>144</strong></span> 
     </span>
    </p>
   </div>
   <div class='ocr_carea' id='block_1_14' title="bbox 537 1738 2106 1835">
    <p class='ocr_par' dir='ltr' id='par_1_14' title="bbox 537 1738 2106 1835">
     <span class='ocr_line' id='line_1_17' title="bbox 537 1738 2106 1835; baseline -0.003 -14"><span class='ocrx_word' id='word_1_58' title='bbox 537 1738 548 1793; x_wconf 44' lang='grc' dir='ltr'><strong>ἶ</strong></span> <span class='ocrx_word' id='word_1_59' title='bbox 637 1780 645 1786; x_wconf 82' lang='lat'><strong><em>‘</em></strong></span> <span class='ocrx_word' id='word_1_60' title='bbox 706 1771 894 1823; x_wconf 76' lang='lat' dir='ltr'><strong>Junctae</strong></span> <span class='ocrx_word' id='word_1_61' title='bbox 919 1771 1265 1821; x_wconf 75' lang='lat' dir='ltr'><strong>extremitates</strong></span> <span class='ocrx_word' id='word_1_62' title='bbox 1290 1781 1339 1821; x_wconf 91' lang='lat' dir='ltr'><strong>et</strong></span> <span class='ocrx_word' id='word_1_63' title='bbox 1364 1786 1455 1835; x_wconf 90' lang='lat' dir='ltr'><strong>per</strong></span> <span class='ocrx_word' id='word_1_64' title='bbox 1478 1769 1695 1822; x_wconf 86' lang='lat' dir='ltr'><strong>medium</strong></span> <span class='ocrx_word' id='word_1_65' title='bbox 1716 1770 2060 1834; x_wconf 77' lang='lat' dir='ltr'><strong>multiplicatae.</strong></span> <span class='ocrx_word' id='word_1_66' title='bbox 2102 1776 2106 1781; x_wconf 81' lang='lat'><em>&#39;</em></span> 
     </span>
    </p>
   </div>
   <div class='ocr_carea' id='block_1_15' title="bbox 2462 766 3705 1749">
    <p class='ocr_par' dir='ltr' id='par_1_15' title="bbox 2479 781 3688 1363">
     <span class='ocr_line' id='line_1_18' title="bbox 2615 781 3619 1023; baseline 0.003 -2"><span class='ocrx_word' id='word_1_67' title='bbox 2615 782 2880 867; x_wconf 35' lang='grc' dir='ltr'><strong><em>β</em></strong></span> <span class='ocrx_word' id='word_1_68' title='bbox 2929 781 3236 1023; x_wconf 65' lang='grc' dir='ltr'><strong><em>Ω</em></strong></span> <span class='ocrx_word' id='word_1_69' title='bbox 3615 901 3619 909; x_wconf 75' lang='lat'><strong><em>~</em></strong></span> 
     </span>
     <span class='ocr_line' id='line_1_19' title="bbox 2479 1026 3688 1363; baseline 0.011 -235"><span class='ocrx_word' id='word_1_70' title='bbox 2479 1026 3688 1363; x_wconf 42' lang='grc' dir='ltr'><strong>εἴη</strong></span> 
     </span>
    </p>
   </div>
   <div class='ocr_carea' id='block_1_16' title="bbox 2754 1473 3329 1579">
    <p class='ocr_par' dir='ltr' id='par_1_16' title="bbox 2754 1473 3329 1579">
     <span class='ocr_line' id='line_1_20' title="bbox 2754 1473 3329 1579; baseline 0.017 -39"><span class='ocrx_word' id='word_1_71' title='bbox 2754 1473 3069 1567; x_wconf 54' lang='lat' dir='ltr'><strong>nam</strong></span> <span class='ocrx_word' id='word_1_72' title='bbox 3088 1488 3329 1579; x_wconf 68' lang='grc' dir='ltr'><strong>οίαρῖεε</strong></span> 
     </span>
    </p>
   </div>
   <div class='ocr_carea' id='block_1_17' title="bbox 3004 1790 3155 1854">
    <p class='ocr_par' dir='ltr' id='par_1_17' title="bbox 3004 1790 3155 1854">
     <span class='ocr_line' id='line_1_21' title="bbox 3004 1790 3155 1854; baseline -0.007 -14"><span class='ocrx_word' id='word_1_73' title='bbox 3004 1790 3155 1854; x_wconf 88' lang='lat' dir='ltr'><strong>Dupla</strong></span> 
     </span>
    </p>
   </div>
   <div class='ocr_carea' id='block_1_18' title="bbox 2954 1852 3199 1915">
    <p class='ocr_par' dir='ltr' id='par_1_18' title="bbox 2954 1852 3199 1915">
     <span class='ocr_line' id='line_1_22' title="bbox 2954 1852 3199 1915; baseline -0.004 -13"><span class='ocrx_word' id='word_1_74' title='bbox 2954 1852 3199 1915; x_wconf 77' lang='lat' dir='ltr'><strong>Diapason</strong></span> 
     </span>
    </p>
   </div>
   <div class='ocr_carea' id='block_1_19' title="bbox 609 2086 3885 2135">
    <p class='ocr_par' dir='ltr' id='par_1_19' title="bbox 609 2086 3885 2135">
     <span class='ocr_line' id='line_1_23' title="bbox 609 2086 3885 2135; baseline 0.001 -7"><span class='ocrx_word' id='word_1_75' title='bbox 609 2086 3885 2135; x_wconf 36' lang='grc' dir='ltr'>Μ</span> 
     </span>
    </p>
   </div>
   <div class='ocr_carea' id='block_1_20' title="bbox 1198 2223 2092 2327">
    <p class='ocr_par' dir='ltr' id='par_1_20' title="bbox 1198 2223 2092 2327">
     <span class='ocr_line' id='line_1_24' title="bbox 1198 2223 2092 2327; baseline 0.002 -2"><span class='ocrx_word' id='word_1_76' title='bbox 1198 2223 1459 2325; x_wconf 83' lang='grc' dir='ltr'><strong>ΑΝ.</strong></span> <span class='ocrx_word' id='word_1_77' title='bbox 1598 2224 2092 2327; x_wconf 84' lang='lat' dir='ltr'><strong>MANL.</strong></span> 
     </span>
    </p>
   </div>
   <div class='ocr_carea' id='block_1_21' title="bbox 2238 2225 2596 2330">
    <p class='ocr_par' dir='ltr' id='par_1_21' title="bbox 2238 2225 2596 2330">
     <span class='ocr_line' id='line_1_25' title="bbox 2238 2225 2596 2330; baseline -0.014 0"><span class='ocrx_word' id='word_1_78' title='bbox 2238 2225 2537 2330; x_wconf 84' lang='lat' dir='ltr'><strong>SEV</strong></span> <span class='ocrx_word' id='word_1_79' title='bbox 2562 2289 2596 2325; x_wconf 94' lang='lat'><strong>.</strong></span> 
     </span>
    </p>
   </div>
   <div class='ocr_carea' id='block_1_22' title="bbox 2736 2221 3269 2326">
    <p class='ocr_par' dir='ltr' id='par_1_22' title="bbox 2736 2221 3269 2326">
     <span class='ocr_line' id='line_1_26' title="bbox 2736 2221 3269 2326; baseline -0.011 1"><span class='ocrx_word' id='word_1_80' title='bbox 2736 2221 3203 2326; x_wconf 77' lang='lat' dir='ltr'><strong>BOETI</strong></span> <span class='ocrx_word' id='word_1_81' title='bbox 3225 2222 3269 2321; x_wconf 89' lang='grc' dir='ltr'><strong>Ι</strong></span> 
     </span>
    </p>
   </div>
   <div class='ocr_carea' id='block_1_23' title="bbox 1750 2455 2736 2585">
    <p class='ocr_par' dir='ltr' id='par_1_23' title="bbox 1750 2455 2736 2585">
     <span class='ocr_line' id='line_1_27' title="bbox 1750 2455 2736 2585; baseline -0.002 -3"><span class='ocrx_word' id='word_1_82' title='bbox 1750 2457 1995 2583; x_wconf 83' lang='lat' dir='ltr'><strong>DE</strong></span> <span class='ocrx_word' id='word_1_83' title='bbox 2085 2455 2736 2585; x_wconf 85' lang='lat' dir='ltr'><strong>MUSICA</strong></span> 
     </span>
    </p>
   </div>
   <div class='ocr_carea' id='block_1_24' title="bbox 1850 2657 2638 2780">
    <p class='ocr_par' dir='ltr' id='par_1_24' title="bbox 1850 2657 2638 2780">
     <span class='ocr_line' id='line_1_28' title="bbox 1850 2657 2638 2780; baseline -0.001 -47"><span class='ocrx_word' id='word_1_84' title='bbox 1850 2657 2114 2734; x_wconf 84' lang='lat' dir='ltr'><strong>LIBRI</strong></span> <span class='ocrx_word' id='word_1_85' title='bbox 2148 2657 2638 2780; x_wconf 86' lang='lat' dir='ltr'><strong>QUIN</strong></span> 
     </span>
    </p>
   </div>
   <div class='ocr_carea' id='block_1_25' title="bbox 643 2899 3855 2969">
    <p class='ocr_par' dir='ltr' id='par_1_25' title="bbox 643 2899 3855 2969">
     <span class='ocr_line' id='line_1_29' title="bbox 643 2899 3855 2969; baseline -0.001 -12"><span class='ocrx_word' id='word_1_86' title='bbox 643 2908 762 2968; x_wconf 78' lang='lat' dir='ltr'><strong>Quae</strong></span> <span class='ocrx_word' id='word_1_87' title='bbox 784 2909 832 2957; x_wconf 93' lang='lat' dir='ltr'><strong>in</strong></span> <span class='ocrx_word' id='word_1_88' title='bbox 856 2908 1074 2969; x_wconf 80' lang='lat' dir='ltr'><strong>margine</strong></span> <span class='ocrx_word' id='word_1_89' title='bbox 1102 2904 1324 2954; x_wconf 70' lang='lat' dir='ltr'><strong>(ilareani</strong></span> <span class='ocrx_word' id='word_1_90' title='bbox 1356 2902 1583 2952; x_wconf 72' lang='lat' dir='ltr'><strong>editionis</strong></span> <span class='ocrx_word' id='word_1_91' title='bbox 1602 2914 1631 2952; x_wconf 92' lang='lat' dir='ltr'><strong>e</strong></span> <span class='ocrx_word' id='word_1_92' title='bbox 1656 2904 1864 2962; x_wconf 83' lang='lat' dir='ltr'><strong>regione</strong></span> <span class='ocrx_word' id='word_1_93' title='bbox 1893 2904 2063 2949; x_wconf 83' lang='lat' dir='ltr'><strong>textus</strong></span> <span class='ocrx_word' id='word_1_94' title='bbox 2086 2905 2254 2949; x_wconf 87' lang='lat' dir='ltr'><strong>notata</strong></span> <span class='ocrx_word' id='word_1_95' title='bbox 2279 2905 2415 2962; x_wconf 85' lang='lat' dir='ltr'><strong>sunt,</strong></span> <span class='ocrx_word' id='word_1_96' title='bbox 2436 2911 2526 2948; x_wconf 88' lang='lat' dir='ltr'><strong>nos</strong></span> <span class='ocrx_word' id='word_1_97' title='bbox 2547 2899 2607 2949; x_wconf 91' lang='lat' dir='ltr'><strong>ad</strong></span> <span class='ocrx_word' id='word_1_98' title='bbox 2630 2901 2963 2950; x_wconf 86' lang='lat' dir='ltr'><strong>columnarum</strong></span> <span class='ocrx_word' id='word_1_99' title='bbox 2987 2906 3260 2952; x_wconf 86' lang='lat' dir='ltr'><strong>nostrarum</strong></span> <span class='ocrx_word' id='word_1_100' title='bbox 3282 2902 3467 2952; x_wconf 80' lang='lat' dir='ltr'><strong>calcem</strong></span> <span class='ocrx_word' id='word_1_101' title='bbox 3491 2904 3855 2966; x_wconf 70' lang='lat' dir='ltr'><strong>exscripsimus.</strong></span> 
     </span>
    </p>
   </div>
   <div class='ocr_carea' id='block_1_26' title="bbox 1731 3044 2713 3150">
    <p class='ocr_par' dir='ltr' id='par_1_26' title="bbox 1731 3044 2713 3150">
     <span class='ocr_line' id='line_1_30' title="bbox 1731 3044 2713 3150; baseline -0.003 0"><span class='ocrx_word' id='word_1_102' title='bbox 1731 3049 2109 3150; x_wconf 82' lang='lat' dir='ltr'><strong>LIBER</strong></span> <span class='ocrx_word' id='word_1_103' title='bbox 2189 3044 2713 3149; x_wconf 82' lang='lat' dir='ltr'><strong>PRIMUS.</strong></span> 
     </span>
    </p>
   </div>
   <div class='ocr_carea' id='block_1_27' title="bbox 1124 3241 1672 3300">
    <p class='ocr_par' dir='ltr' id='par_1_27' title="bbox 1124 3241 1672 3300">
     <span class='ocr_line' id='line_1_31' title="bbox 1124 3241 1672 3300; baseline -0.013 0"><span class='ocrx_word' id='word_1_104' title='bbox 1124 3244 1350 3300; x_wconf 85' lang='lat' dir='ltr'><strong>CAPUT</strong></span> <span class='ocrx_word' id='word_1_105' title='bbox 1390 3241 1672 3299; x_wconf 77' lang='lat' dir='ltr'><strong>PRIMUM.</strong></span> 
     </span>
    </p>
   </div>
   <div class='ocr_carea' id='block_1_28' title="bbox 617 3336 2198 3401">
    <p class='ocr_par' dir='ltr' id='par_1_28' title="bbox 617 3336 2198 3401">
     <span class='ocr_line' id='line_1_32' title="bbox 617 3336 2198 3401; baseline -0.01 -7"><span class='ocrx_word' id='word_1_106' title='bbox 617 3338 869 3396; x_wconf 64' lang='lat' dir='ltr'><strong>Nasicam</strong></span> <span class='ocrx_word' id='word_1_107' title='bbox 911 3337 1210 3391; x_wconf 70' lang='lat' dir='ltr'><strong>naturaliter</strong></span> <span class='ocrx_word' id='word_1_108' title='bbox 1246 3336 1386 3389; x_wconf 75' lang='lat' dir='ltr'><strong>nobis</strong></span> <span class='ocrx_word' id='word_1_109' title='bbox 1414 3350 1522 3389; x_wconf 78' lang='lat' dir='ltr'><strong>esse</strong></span> <span class='ocrx_word' id='word_1_110' title='bbox 1554 3339 1894 3401; x_wconf 68' lang='lat' dir='ltr'><strong>conjunctam,</strong></span> <span class='ocrx_word' id='word_1_111' title='bbox 1940 3340 1984 3381; x_wconf 80' lang='lat' dir='ltr'><strong>et</strong></span> <span class='ocrx_word' id='word_1_112' title='bbox 2033 3342 2198 3380; x_wconf 80' lang='lat' dir='ltr'><strong>mores</strong></span> 
     </span>
    </p>
   </div>
   <div class='ocr_carea' id='block_1_29' title="bbox 1052 3426 1776 3479">
    <p class='ocr_par' dir='ltr' id='par_1_29' title="bbox 1052 3426 1776 3479">
     <span class='ocr_line' id='line_1_33' title="bbox 1052 3426 1776 3479; baseline -0.006 -1"><span class='ocrx_word' id='word_1_113' title='bbox 1052 3426 1127 3478; x_wconf 80' lang='lat' dir='ltr'><strong>vel</strong></span> <span class='ocrx_word' id='word_1_114' title='bbox 1157 3428 1420 3479; x_wconf 79' lang='lat' dir='ltr'><strong>honestare</strong></span> <span class='ocrx_word' id='word_1_115' title='bbox 1441 3426 1518 3477; x_wconf 80' lang='lat' dir='ltr'><strong>vel</strong></span> <span class='ocrx_word' id='word_1_116' title='bbox 1544 3433 1776 3477; x_wconf 73' lang='lat' dir='ltr'><strong>evertere.</strong></span> 
     </span>
    </p>
   </div>
   <div class='ocr_carea' id='block_1_30' title="bbox 686 3513 2201 3584">
    <p class='ocr_par' dir='ltr' id='par_1_30' title="bbox 686 3513 2201 3584">
     <span class='ocr_line' id='line_1_34' title="bbox 686 3513 2201 3584; baseline -0.005 -14"><span class='ocrx_word' id='word_1_117' title='bbox 686 3515 938 3571; x_wconf 89' lang='lat' dir='ltr'><strong>Omnium</strong></span> <span class='ocrx_word' id='word_1_118' title='bbox 967 3514 1180 3584; x_wconf 86' lang='lat' dir='ltr'><strong>quidem</strong></span> <span class='ocrx_word' id='word_1_119' title='bbox 1211 3516 1485 3582; x_wconf 78' lang='lat' dir='ltr'><strong>perceptio</strong></span> <span class='ocrx_word' id='word_1_120' title='bbox 1514 3528 1792 3579; x_wconf 89' lang='lat' dir='ltr'><strong>sensuum,</strong></span> <span class='ocrx_word' id='word_1_121' title='bbox 1825 3513 1895 3565; x_wconf 86' lang='lat' dir='ltr'><strong>ita</strong></span> <span class='ocrx_word' id='word_1_122' title='bbox 1928 3520 2117 3579; x_wconf 79' lang='lat' dir='ltr'><strong>sponte</strong></span> <span class='ocrx_word' id='word_1_123' title='bbox 2138 3524 2201 3564; x_wconf 90' lang='lat' dir='ltr'><strong>ac</strong></span> 
     </span>
    </p>
   </div>
   <div class='ocr_carea' id='block_1_31' title="bbox 616 3603 2202 3676">
    <p class='ocr_par' dir='ltr' id='par_1_31' title="bbox 616 3603 2202 3676">
     <span class='ocr_line' id='line_1_35' title="bbox 616 3603 2202 3676; baseline -0.004 -11"><span class='ocrx_word' id='word_1_124' title='bbox 616 3608 936 3665; x_wconf 87' lang='lat' dir='ltr'><strong>naturaliter</strong></span> <span class='ocrx_word' id='word_1_125' title='bbox 962 3606 1276 3676; x_wconf 79' lang='lat' dir='ltr'><strong>quibusdam</strong></span> <span class='ocrx_word' id='word_1_126' title='bbox 1308 3607 1614 3661; x_wconf 86' lang='lat' dir='ltr'><strong>viventibus</strong></span> <span class='ocrx_word' id='word_1_127' title='bbox 1654 3605 1827 3668; x_wconf 88' lang='lat' dir='ltr'><strong>adest,</strong></span> <span class='ocrx_word' id='word_1_128' title='bbox 1857 3613 1914 3657; x_wconf 92' lang='lat' dir='ltr'><strong>ut</strong></span> <span class='ocrx_word' id='word_1_129' title='bbox 1954 3605 2071 3658; x_wconf 85' lang='lat' dir='ltr'><strong>sine</strong></span> <span class='ocrx_word' id='word_1_130' title='bbox 2118 3603 2202 3658; x_wconf 86' lang='lat' dir='ltr'><strong>his</strong></span> 
     </span>
    </p>
   </div>
   <div class='ocr_carea' id='block_1_32' title="bbox 618 3696 2201 3768">
    <p class='ocr_par' dir='ltr' id='par_1_32' title="bbox 618 3696 2201 3768">
     <span class='ocr_line' id='line_1_36' title="bbox 618 3696 2201 3768; baseline -0.003 -13"><span class='ocrx_word' id='word_1_131' title='bbox 618 3699 815 3756; x_wconf 87' lang='lat' dir='ltr'><strong>animal</strong></span> <span class='ocrx_word' id='word_1_132' title='bbox 839 3714 942 3753; x_wconf 92' lang='lat' dir='ltr'><strong>non</strong></span> <span class='ocrx_word' id='word_1_133' title='bbox 969 3698 1138 3768; x_wconf 80' lang='lat' dir='ltr'><strong>possit</strong></span> <span class='ocrx_word' id='word_1_134' title='bbox 1163 3697 1403 3766; x_wconf 79' lang='lat' dir='ltr'><strong>intelligi.</strong></span> <span class='ocrx_word' id='word_1_135' title='bbox 1434 3697 1542 3751; x_wconf 87' lang='lat' dir='ltr'><strong>Sed</strong></span> <span class='ocrx_word' id='word_1_136' title='bbox 1579 3711 1685 3752; x_wconf 90' lang='lat' dir='ltr'><strong>non</strong></span> <span class='ocrx_word' id='word_1_137' title='bbox 1713 3709 1866 3765; x_wconf 67' lang='lat' dir='ltr'><strong>aeque</strong></span> <span class='ocrx_word' id='word_1_138' title='bbox 1889 3696 2201 3750; x_wconf 88' lang='lat' dir='ltr'><strong>eorumdem</strong></span> 
     </span>
    </p>
   </div>
   <div class='ocr_carea' id='block_1_33' title="bbox 619 3788 2204 3865">
    <p class='ocr_par' dir='ltr' id='par_1_33' title="bbox 619 3788 2204 3865">
     <span class='ocr_line' id='line_1_37' title="bbox 619 3788 2204 3865; baseline -0.006 -14"><span class='ocrx_word' id='word_1_139' title='bbox 619 3793 853 3865; x_wconf 75' lang='lat' dir='ltr'><strong>cognitio</strong></span> <span class='ocrx_word' id='word_1_140' title='bbox 880 3807 943 3848; x_wconf 87' lang='lat' dir='ltr'><strong>ac</strong></span> <span class='ocrx_word' id='word_1_141' title='bbox 973 3792 1123 3846; x_wconf 88' lang='lat' dir='ltr'><strong>ﬁrma</strong></span> <span class='ocrx_word' id='word_1_142' title='bbox 1157 3790 1430 3861; x_wconf 87' lang='lat' dir='ltr'><strong>perceptio</strong></span> <span class='ocrx_word' id='word_1_143' title='bbox 1457 3789 1618 3843; x_wconf 90' lang='lat' dir='ltr'><strong>animi</strong></span> <span class='ocrx_word' id='word_1_144' title='bbox 1651 3788 2204 3865; x_wconf 64' lang='lat' dir='ltr'><strong>investigationecol-</strong></span> 
     </span>
    </p>
   </div>
   <div class='ocr_carea' id='block_1_34' title="bbox 619 3880 2207 3957">
    <p class='ocr_par' dir='ltr' id='par_1_34' title="bbox 619 3880 2207 3957">
     <span class='ocr_line' id='line_1_38' title="bbox 619 3880 2207 3957; baseline -0.005 -16"><span class='ocrx_word' id='word_1_145' title='bbox 619 3886 823 3957; x_wconf 87' lang='lat' dir='ltr'><strong>ligitur.</strong></span> <span class='ocrx_word' id='word_1_146' title='bbox 854 3883 1199 3939; x_wconf 88' lang='lat' dir='ltr'><strong>lllaboratum</strong></span> <span class='ocrx_word' id='word_1_147' title='bbox 1221 3891 1307 3938; x_wconf 88' lang='lat' dir='ltr'><strong>est</strong></span> <span class='ocrx_word' id='word_1_148' title='bbox 1328 3882 1473 3937; x_wconf 92' lang='lat' dir='ltr'><strong>enim</strong></span> <span class='ocrx_word' id='word_1_149' title='bbox 1499 3882 1639 3951; x_wconf 89' lang='lat' dir='ltr'><strong>quod</strong></span> <span class='ocrx_word' id='word_1_150' title='bbox 1663 3895 1879 3936; x_wconf 86' lang='lat' dir='ltr'><strong>sensum</strong></span> <span class='ocrx_word' id='word_1_151' title='bbox 1905 3880 2207 3949; x_wconf 89' lang='lat' dir='ltr'><strong>percipien-</strong></span> 
     </span>
    </p>
   </div>
   <div class='ocr_carea' id='block_1_35' title="bbox 621 3972 2207 4042">
    <p class='ocr_par' dir='ltr' id='par_1_35' title="bbox 621 3972 2207 4042">
     <span class='ocr_line' id='line_1_39' title="bbox 621 3972 2207 4042; baseline -0.004 -9"><span class='ocrx_word' id='word_1_152' title='bbox 621 3978 707 4033; x_wconf 86' lang='lat' dir='ltr'><strong>dis</strong></span> <span class='ocrx_word' id='word_1_153' title='bbox 730 3979 1071 4033; x_wconf 90' lang='lat' dir='ltr'><strong>sensibilibus</strong></span> <span class='ocrx_word' id='word_1_154' title='bbox 1102 3979 1262 4034; x_wconf 88' lang='lat' dir='ltr'><strong>rebus</strong></span> <span class='ocrx_word' id='word_1_155' title='bbox 1291 3975 1628 4031; x_wconf 83' lang='lat' dir='ltr'><strong>adhibemus.</strong></span> <span class='ocrx_word' id='word_1_156' title='bbox 1659 3974 1789 4041; x_wconf 73' lang='lat' dir='ltr'><strong>Qum</strong></span> <span class='ocrx_word' id='word_1_157' title='bbox 1816 3988 1947 4028; x_wconf 87' lang='lat' dir='ltr'><strong>vero</strong></span> <span class='ocrx_word' id='word_1_158' title='bbox 1976 3975 2046 4027; x_wconf 85' lang='lat' dir='ltr'><strong>sit</strong></span> <span class='ocrx_word' id='word_1_159' title='bbox 2071 3972 2207 4042; x_wconf 84' lang='lat' dir='ltr'><strong>ipso-</strong></span> 
     </span>
    </p>
   </div>
   <div class='ocr_carea' id='block_1_36' title="bbox 621 4067 2207 4135">
    <p class='ocr_par' dir='ltr' id='par_1_36' title="bbox 621 4067 2207 4135">
     <span class='ocr_line' id='line_1_40' title="bbox 621 4067 2207 4135; baseline -0.005 -10"><span class='ocrx_word' id='word_1_160' title='bbox 621 4079 740 4125; x_wconf 90' lang='lat' dir='ltr'><strong>I&#39;um</strong></span> <span class='ocrx_word' id='word_1_161' title='bbox 765 4080 1016 4121; x_wconf 87' lang='lat' dir='ltr'><strong>sensuum</strong></span> <span class='ocrx_word' id='word_1_162' title='bbox 1045 4067 1335 4121; x_wconf 88' lang='lat' dir='ltr'><strong>secundum</strong></span> <span class='ocrx_word' id='word_1_163' title='bbox 1367 4081 1502 4135; x_wconf 90' lang='lat' dir='ltr'><strong>quos</strong></span> <span class='ocrx_word' id='word_1_164' title='bbox 1532 4067 1737 4133; x_wconf 84' lang='lat' dir='ltr'><strong>agimus</strong></span> <span class='ocrx_word' id='word_1_165' title='bbox 1765 4073 1970 4128; x_wconf 84' lang='lat' dir='ltr'><strong>natura,</strong></span> <span class='ocrx_word' id='word_1_166' title='bbox 2003 4071 2057 4117; x_wconf 89' lang='lat' dir='ltr'><strong>et</strong></span> <span class='ocrx_word' id='word_1_167' title='bbox 2089 4077 2207 4131; x_wconf 70' lang='lat' dir='ltr'><strong>qua:</strong></span> 
     </span>
    </p>
   </div>
   <div class='ocr_carea' id='block_1_37' title="bbox 621 4153 2206 4224">
    <p class='ocr_par' dir='ltr' id='par_1_37' title="bbox 621 4153 2206 4224">
     <span class='ocr_line' id='line_1_41' title="bbox 621 4153 2206 4224; baseline -0.003 -13"><span class='ocrx_word' id='word_1_168' title='bbox 621 4170 804 4211; x_wconf 81' lang='lat' dir='ltr'><strong>rerum</strong></span> <span class='ocrx_word' id='word_1_169' title='bbox 836 4155 1169 4208; x_wconf 87' lang='lat' dir='ltr'><strong>sensibilium</strong></span> <span class='ocrx_word' id='word_1_170' title='bbox 1200 4155 1523 4224; x_wconf 83' lang='lat' dir='ltr'><strong>proprietas,</strong></span> <span class='ocrx_word' id='word_1_171' title='bbox 1564 4154 1615 4209; x_wconf 90' lang='lat' dir='ltr'><strong>id</strong></span> <span class='ocrx_word' id='word_1_172' title='bbox 1647 4169 1753 4207; x_wconf 89' lang='lat' dir='ltr'><strong>non</strong></span> <span class='ocrx_word' id='word_1_173' title='bbox 1783 4153 1998 4207; x_wconf 89' lang='lat' dir='ltr'><strong>obvium</strong></span> <span class='ocrx_word' id='word_1_174' title='bbox 2032 4167 2206 4218; x_wconf 89' lang='lat' dir='ltr'><strong>neque</strong></span> 
     </span>
    </p>
   </div>
   <div class='ocr_carea' id='block_1_38' title="bbox 623 4242 2207 4312">
    <p class='ocr_par' dir='ltr' id='par_1_38' title="bbox 623 4242 2207 4312">
     <span class='ocr_line' id='line_1_42' title="bbox 623 4242 2207 4312; baseline -0.003 -13"><span class='ocrx_word' id='word_1_175' title='bbox 623 4244 843 4299; x_wconf 85' lang='lat' dir='ltr'><strong>cuilibet</strong></span> <span class='ocrx_word' id='word_1_176' title='bbox 862 4244 1178 4312; x_wconf 82' lang='lat' dir='ltr'><strong>explicabile</strong></span> <span class='ocrx_word' id='word_1_177' title='bbox 1199 4258 1318 4296; x_wconf 89' lang='lat' dir='ltr'><strong>esse</strong></span> <span class='ocrx_word' id='word_1_178' title='bbox 1351 4252 1546 4311; x_wconf 73' lang='lat' dir='ltr'><strong>potest,</strong></span> <span class='ocrx_word' id='word_1_179' title='bbox 1578 4244 1678 4296; x_wconf 89' lang='lat' dir='ltr'><strong>nisi</strong></span> <span class='ocrx_word' id='word_1_180' title='bbox 1702 4259 1859 4312; x_wconf 88' lang='lat' dir='ltr'><strong>quem</strong></span> <span class='ocrx_word' id='word_1_181' title='bbox 1883 4242 2207 4297; x_wconf 82' lang='lat' dir='ltr'><strong>conveniens</strong></span> 
     </span>
    </p>
   </div>
   <div class='ocr_carea' id='block_1_39' title="bbox 622 4333 2210 4403">
    <p class='ocr_par' dir='ltr' id='par_1_39' title="bbox 622 4333 2210 4403">
     <span class='ocr_line' id='line_1_43' title="bbox 622 4333 2210 4403; baseline -0.003 -10"><span class='ocrx_word' id='word_1_182' title='bbox 622 4335 967 4403; x_wconf 73' lang='lat' dir='ltr'><strong>investigatio</strong></span> <span class='ocrx_word' id='word_1_183' title='bbox 996 4335 1239 4389; x_wconf 82' lang='lat' dir='ltr'><strong>veritatis</strong></span> <span class='ocrx_word' id='word_1_184' title='bbox 1265 4333 1719 4402; x_wconf 83' lang='lat' dir='ltr'><strong>contemplatione</strong></span> <span class='ocrx_word' id='word_1_185' title='bbox 1740 4334 2019 4389; x_wconf 80' lang='lat' dir='ltr'><strong>direxerit.</strong></span> <span class='ocrx_word' id='word_1_186' title='bbox 2040 4333 2210 4389; x_wconf 81' lang='lat' dir='ltr'><strong>Adest</strong></span> 
     </span>
    </p>
   </div>
   <div class='ocr_carea' id='block_1_40' title="bbox 626 4426 2210 4496">
    <p class='ocr_par' dir='ltr' id='par_1_40' title="bbox 626 4426 2210 4496">
     <span class='ocr_line' id='line_1_44' title="bbox 626 4426 2210 4496; baseline -0.003 -11"><span class='ocrx_word' id='word_1_187' title='bbox 626 4429 768 4485; x_wconf 83' lang='lat' dir='ltr'><strong>enim</strong></span> <span class='ocrx_word' id='word_1_188' title='bbox 791 4429 995 4482; x_wconf 82' lang='lat' dir='ltr'><strong>cunctis</strong></span> <span class='ocrx_word' id='word_1_189' title='bbox 1022 4426 1336 4482; x_wconf 83' lang='lat' dir='ltr'><strong>mortalibus</strong></span> <span class='ocrx_word' id='word_1_190' title='bbox 1357 4428 1520 4493; x_wconf 90' lang='lat' dir='ltr'><strong>visus,</strong></span> <span class='ocrx_word' id='word_1_191' title='bbox 1553 4428 1641 4496; x_wconf 90' lang='lat' dir='ltr'><strong>qui</strong></span> <span class='ocrx_word' id='word_1_192' title='bbox 1675 4436 1852 4482; x_wconf 91' lang='lat' dir='ltr'><strong>utrum</strong></span> <span class='ocrx_word' id='word_1_193' title='bbox 1874 4428 2210 4482; x_wconf 88' lang='lat' dir='ltr'><strong>venientibus</strong></span> 
     </span>
    </p>
   </div>
   <div class='ocr_carea' id='block_1_41' title="bbox 629 4519 2212 4591">
    <p class='ocr_par' dir='ltr' id='par_1_41' title="bbox 629 4519 2212 4591">
     <span class='ocr_line' id='line_1_45' title="bbox 629 4519 2212 4591; baseline -0.002 -16"><span class='ocrx_word' id='word_1_194' title='bbox 629 4521 696 4576; x_wconf 89' lang='lat' dir='ltr'><strong>ad</strong></span> <span class='ocrx_word' id='word_1_195' title='bbox 728 4522 898 4576; x_wconf 90' lang='lat' dir='ltr'><strong>visum</strong></span> <span class='ocrx_word' id='word_1_196' title='bbox 925 4520 1125 4591; x_wconf 87' lang='lat' dir='ltr'><strong>ﬁguris,</strong></span> <span class='ocrx_word' id='word_1_197' title='bbox 1164 4534 1230 4574; x_wconf 89' lang='lat' dir='ltr'><strong>an</strong></span> <span class='ocrx_word' id='word_1_198' title='bbox 1267 4519 1332 4573; x_wconf 89' lang='lat' dir='ltr'><strong>ad</strong></span> <span class='ocrx_word' id='word_1_199' title='bbox 1363 4519 1640 4573; x_wconf 86' lang='lat' dir='ltr'><strong>sensibilia</strong></span> <span class='ocrx_word' id='word_1_200' title='bbox 1668 4519 1831 4574; x_wconf 90' lang='lat' dir='ltr'><strong>radiis</strong></span> <span class='ocrx_word' id='word_1_201' title='bbox 1862 4519 2074 4574; x_wconf 87' lang='lat' dir='ltr'><strong>emissis</strong></span> <span class='ocrx_word' id='word_1_202' title='bbox 2095 4520 2212 4573; x_wconf 80' lang='lat' dir='ltr'><strong>elli-</strong></span> 
     </span>
    </p>
   </div>
   <div class='ocr_carea' id='block_1_42' title="bbox 2225 3232 3898 3307">
    <p class='ocr_par' dir='ltr' id='par_1_42' title="bbox 2225 3232 3898 3307">
     <span class='ocr_line' id='line_1_46' title="bbox 2225 3232 3898 3307; baseline 0.005 -21"><span class='ocrx_word' id='word_1_203' title='bbox 2225 3234 2275 3297; x_wconf 81' lang='lat' dir='ltr'><strong><em>C</em></strong></span> <span class='ocrx_word' id='word_1_204' title='bbox 2307 3248 2426 3287; x_wconf 90' lang='lat' dir='ltr'><strong>cum</strong></span> <span class='ocrx_word' id='word_1_205' title='bbox 2457 3232 2566 3286; x_wconf 85' lang='lat' dir='ltr'><strong>sint</strong></span> <span class='ocrx_word' id='word_1_206' title='bbox 2600 3242 2830 3302; x_wconf 87' lang='lat' dir='ltr'><strong>quatuor</strong></span> <span class='ocrx_word' id='word_1_207' title='bbox 2859 3233 3172 3289; x_wconf 81' lang='lat' dir='ltr'><strong>matheseos</strong></span> <span class='ocrx_word' id='word_1_208' title='bbox 3202 3235 3518 3305; x_wconf 72' lang='lat' dir='ltr'><strong>disciplinzc,</strong></span> <span class='ocrx_word' id='word_1_209' title='bbox 3548 3247 3763 3293; x_wconf 74' lang='lat' dir='ltr'><strong>caeteras</strong></span> <span class='ocrx_word' id='word_1_210' title='bbox 3793 3240 3898 3307; x_wconf 69' lang='lat' dir='ltr'><strong>qui-</strong></span> 
     </span>
    </p>
   </div>
   <div class='ocr_carea' id='block_1_43' title="bbox 2305 3326 3899 3395">
    <p class='ocr_par' dir='ltr' id='par_1_43' title="bbox 2305 3326 3899 3395">
     <span class='ocr_line' id='line_1_47' title="bbox 2305 3326 3899 3395; baseline 0.004 -14"><span class='ocrx_word' id='word_1_211' title='bbox 2305 3326 2428 3381; x_wconf 86' lang='lat' dir='ltr'><strong>dem</strong></span> <span class='ocrx_word' id='word_1_212' title='bbox 2470 3326 2535 3378; x_wconf 89' lang='lat' dir='ltr'><strong>ad</strong></span> <span class='ocrx_word' id='word_1_213' title='bbox 2588 3326 3049 3395; x_wconf 74' lang='lat' dir='ltr'><strong>investigationem</strong></span> <span class='ocrx_word' id='word_1_214' title='bbox 3090 3328 3329 3382; x_wconf 82' lang='lat' dir='ltr'><strong>veritatis</strong></span> <span class='ocrx_word' id='word_1_215' title='bbox 3372 3329 3649 3395; x_wconf 87' lang='lat' dir='ltr'><strong>laborent;</strong></span> <span class='ocrx_word' id='word_1_216' title='bbox 3702 3333 3899 3387; x_wconf 77' lang='lat' dir='ltr'><strong>musica</strong></span> 
     </span>
    </p>
   </div>
   <div class='ocr_carea' id='block_1_44' title="bbox 2305 3417 3901 3486">
    <p class='ocr_par' dir='ltr' id='par_1_44' title="bbox 2305 3417 3901 3486">
     <span class='ocr_line' id='line_1_48' title="bbox 2305 3417 3901 3486; baseline 0.004 -15"><span class='ocrx_word' id='word_1_217' title='bbox 2305 3432 2435 3471; x_wconf 84' lang='lat' dir='ltr'><strong>vero</strong></span> <span class='ocrx_word' id='word_1_218' title='bbox 2459 3432 2565 3470; x_wconf 90' lang='lat' dir='ltr'><strong>non</strong></span> <span class='ocrx_word' id='word_1_219' title='bbox 2601 3421 2760 3471; x_wconf 91' lang='lat' dir='ltr'><strong>modo</strong></span> <span class='ocrx_word' id='word_1_220' title='bbox 2785 3417 3158 3486; x_wconf 89' lang='lat' dir='ltr'><strong>speculationi,</strong></span> <span class='ocrx_word' id='word_1_221' title='bbox 3189 3434 3377 3474; x_wconf 88' lang='lat' dir='ltr'><strong>verum</strong></span> <span class='ocrx_word' id='word_1_222' title='bbox 3414 3420 3575 3475; x_wconf 86' lang='lat' dir='ltr'><strong>etiam</strong></span> <span class='ocrx_word' id='word_1_223' title='bbox 3613 3425 3901 3479; x_wconf 88' lang='lat' dir='ltr'><strong>moralitati</strong></span> 
     </span>
    </p>
   </div>
   <div class='ocr_carea' id='block_1_45' title="bbox 2307 3507 3904 3583">
    <p class='ocr_par' dir='ltr' id='par_1_45' title="bbox 2307 3507 3904 3583">
     <span class='ocr_line' id='line_1_49' title="bbox 2307 3507 3904 3583; baseline 0.003 -18"><span class='ocrx_word' id='word_1_224' title='bbox 2307 3510 2592 3579; x_wconf 86' lang='lat' dir='ltr'><strong>conjuncta</strong></span> <span class='ocrx_word' id='word_1_225' title='bbox 2617 3511 2707 3564; x_wconf 85' lang='lat' dir='ltr'><strong>sit.</strong></span> <span class='ocrx_word' id='word_1_226' title='bbox 2738 3507 2919 3565; x_wconf 66' lang='lat' dir='ltr'><strong>Nihil‘l</strong></span> <span class='ocrx_word' id='word_1_227' title='bbox 2942 3522 3025 3565; x_wconf 89' lang='lat' dir='ltr'><strong>est</strong></span> <span class='ocrx_word' id='word_1_228' title='bbox 3053 3512 3196 3567; x_wconf 87' lang='lat' dir='ltr'><strong>enim</strong></span> <span class='ocrx_word' id='word_1_229' title='bbox 3223 3524 3329 3567; x_wconf 86' lang='lat' dir='ltr'><strong>tam</strong></span> <span class='ocrx_word' id='word_1_230' title='bbox 3357 3514 3634 3583; x_wconf 81' lang='lat' dir='ltr'><strong>preprinm</strong></span> <span class='ocrx_word' id='word_1_231' title='bbox 3668 3526 3689 3551; x_wconf 70' lang='grc' dir='ltr'>ε</span> <span class='ocrx_word' id='word_1_232' title='bbox 3719 3516 3904 3571; x_wconf 85' lang='lat' dir='ltr'><strong>huma-</strong></span> 
     </span>
    </p>
   </div>
   <div class='ocr_carea' id='block_1_46' title="bbox 2308 3602 3902 3675">
    <p class='ocr_par' dir='ltr' id='par_1_46' title="bbox 2308 3602 3902 3675">
     <span class='ocr_line' id='line_1_50' title="bbox 2308 3602 3902 3675; baseline 0.003 -19"><span class='ocrx_word' id='word_1_233' title='bbox 2308 3603 2489 3667; x_wconf 89' lang='lat' dir='ltr'><strong>nitati,</strong></span> <span class='ocrx_word' id='word_1_234' title='bbox 2519 3618 2678 3672; x_wconf 88' lang='lat' dir='ltr'><strong>quam</strong></span> <span class='ocrx_word' id='word_1_235' title='bbox 2711 3602 2912 3658; x_wconf 85' lang='lat' dir='ltr'><strong>remitti</strong></span> <span class='ocrx_word' id='word_1_236' title='bbox 2939 3603 3187 3658; x_wconf 87' lang='lat' dir='ltr'><strong>dulcibus</strong></span> <span class='ocrx_word' id='word_1_237' title='bbox 3215 3603 3390 3659; x_wconf 89' lang='lat' dir='ltr'><strong>modis</strong></span> <span class='ocrx_word' id='word_1_238' title='bbox 3418 3606 3754 3675; x_wconf 76' lang='lat' dir='ltr'><strong>asuingique</strong></span> <span class='ocrx_word' id='word_1_239' title='bbox 3774 3618 3902 3662; x_wconf 86' lang='lat' dir='ltr'><strong>con-</strong></span> 
     </span>
    </p>
   </div>
   <div class='ocr_carea' id='block_1_47' title="bbox 2308 3695 3902 3768">
    <p class='ocr_par' dir='ltr' id='par_1_47' title="bbox 2308 3695 3902 3768">
     <span class='ocr_line' id='line_1_51' title="bbox 2308 3695 3902 3768; baseline 0.005 -20"><span class='ocrx_word' id='word_1_240' title='bbox 2308 3696 2511 3750; x_wconf 86' lang='lat' dir='ltr'><strong>trariis.</strong></span> <span class='ocrx_word' id='word_1_241' title='bbox 2551 3695 2722 3764; x_wconf 83' lang='lat' dir='ltr'><strong>ldque‘</strong></span> <span class='ocrx_word' id='word_1_242' title='bbox 2756 3711 2861 3750; x_wconf 91' lang='lat' dir='ltr'><strong>non</strong></span> <span class='ocrx_word' id='word_1_243' title='bbox 2908 3697 3069 3750; x_wconf 90' lang='lat' dir='ltr'><strong>modo</strong></span> <span class='ocrx_word' id='word_1_244' title='bbox 3111 3713 3230 3751; x_wconf 85' lang='lat' dir='ltr'><strong>sese</strong></span> <span class='ocrx_word' id='word_1_245' title='bbox 3263 3698 3315 3751; x_wconf 91' lang='lat' dir='ltr'><strong>in</strong></span> <span class='ocrx_word' id='word_1_246' title='bbox 3346 3699 3572 3768; x_wconf 75' lang='lat' dir='ltr'><strong>singulis</strong></span> <span class='ocrx_word' id='word_1_247' title='bbox 3600 3701 3682 3754; x_wconf 87' lang='lat' dir='ltr'><strong>vel</strong></span> <span class='ocrx_word' id='word_1_248' title='bbox 3712 3701 3902 3757; x_wconf 88' lang='lat' dir='ltr'><strong>studiis</strong></span> 
     </span>
    </p>
   </div>
   <div class='ocr_carea' id='block_1_48' title="bbox 2309 3786 3903 3857">
    <p class='ocr_par' dir='ltr' id='par_1_48' title="bbox 2309 3786 3903 3857">
     <span class='ocr_line' id='line_1_52' title="bbox 2309 3786 3903 3857; baseline 0.004 -17"><span class='ocrx_word' id='word_1_249' title='bbox 2309 3786 2393 3840; x_wconf 87' lang='lat' dir='ltr'><strong>vel</strong></span> <span class='ocrx_word' id='word_1_250' title='bbox 2426 3787 2676 3841; x_wconf 82' lang='lat' dir='ltr'><strong>aetatibus</strong></span> <span class='ocrx_word' id='word_1_251' title='bbox 2698 3794 2866 3854; x_wconf 86' lang='lat' dir='ltr'><strong>tenet,</strong></span> <span class='ocrx_word' id='word_1_252' title='bbox 2900 3801 3082 3841; x_wconf 88' lang='lat' dir='ltr'><strong>verum</strong></span> <span class='ocrx_word' id='word_1_253' title='bbox 3116 3803 3211 3857; x_wconf 89' lang='lat' dir='ltr'><strong>per</strong></span> <span class='ocrx_word' id='word_1_254' title='bbox 3232 3799 3425 3844; x_wconf 84' lang='lat' dir='ltr'><strong>cuncta</strong></span> <span class='ocrx_word' id='word_1_255' title='bbox 3457 3790 3777 3845; x_wconf 80' lang='lat' dir='ltr'><strong>diﬁunditur</strong></span> <span class='ocrx_word' id='word_1_256' title='bbox 3802 3805 3903 3847; x_wconf 85' lang='lat' dir='ltr'><strong>stu—</strong></span> 
     </span>
    </p>
   </div>
   <div class='ocr_carea' id='block_1_49' title="bbox 2310 3874 3904 3949">
    <p class='ocr_par' dir='ltr' id='par_1_49' title="bbox 2310 3874 3904 3949">
     <span class='ocr_line' id='line_1_53' title="bbox 2310 3874 3904 3949; baseline 0.006 -21"><span class='ocrx_word' id='word_1_257' title='bbox 2310 3874 2419 3939; x_wconf 85' lang='lat' dir='ltr'><strong>dia,</strong></span> <span class='ocrx_word' id='word_1_258' title='bbox 2452 3886 2507 3930; x_wconf 91' lang='lat' dir='ltr'><strong>et</strong></span> <span class='ocrx_word' id='word_1_259' title='bbox 2533 3876 2763 3931; x_wconf 77' lang='lat' dir='ltr'><strong>infantes</strong></span> <span class='ocrx_word' id='word_1_260' title='bbox 2792 3892 2854 3931; x_wconf 87' lang='lat' dir='ltr'><strong>ac</strong></span> <span class='ocrx_word' id='word_1_261' title='bbox 2889 3877 3138 3947; x_wconf 86' lang='lat' dir='ltr'><strong>juvenes,</strong></span> <span class='ocrx_word' id='word_1_262' title='bbox 3179 3894 3387 3933; x_wconf 82' lang='lat' dir='ltr'><strong>necnon</strong></span> <span class='ocrx_word' id='word_1_263' title='bbox 3416 3881 3577 3935; x_wconf 88' lang='lat' dir='ltr'><strong>etiam</strong></span> <span class='ocrx_word' id='word_1_264' title='bbox 3617 3896 3797 3949; x_wconf 88' lang='lat' dir='ltr'><strong>senes,</strong></span> <span class='ocrx_word' id='word_1_265' title='bbox 3834 3885 3904 3937; x_wconf 80' lang='lat' dir='ltr'><strong>ita</strong></span> 
     </span>
    </p>
   </div>
   <div class='ocr_carea' id='block_1_50' title="bbox 2312 3967 3903 4039">
    <p class='ocr_par' dir='ltr' id='par_1_50' title="bbox 2312 3967 3903 4039">
     <span class='ocr_line' id='line_1_54' title="bbox 2312 3967 3903 4039; baseline 0.005 -17"><span class='ocrx_word' id='word_1_266' title='bbox 2312 3968 2631 4022; x_wconf 87' lang='lat' dir='ltr'><strong>naturaliter</strong></span> <span class='ocrx_word' id='word_1_267' title='bbox 2661 3967 2853 4023; x_wconf 76' lang='lat' dir='ltr'><strong>allectu</strong></span> <span class='ocrx_word' id='word_1_268' title='bbox 2884 3970 3112 4037; x_wconf 81' lang='lat' dir='ltr'><strong>quodam</strong></span> <span class='ocrx_word' id='word_1_269' title='bbox 3157 3980 3453 4039; x_wconf 62' lang='lat' dir='ltr'><strong>srontaneo</strong></span> <span class='ocrx_word' id='word_1_270' title='bbox 3482 3974 3658 4028; x_wconf 84' lang='lat' dir='ltr'><strong>modis</strong></span> <span class='ocrx_word' id='word_1_271' title='bbox 3686 3976 3903 4030; x_wconf 87' lang='lat' dir='ltr'><strong>musicis</strong></span> 
     </span>
    </p>
   </div>
   <div class='ocr_carea' id='block_1_51' title="bbox 2312 4059 3905 4135">
    <p class='ocr_par' dir='ltr' id='par_1_51' title="bbox 2312 4059 3905 4135">
     <span class='ocr_line' id='line_1_55' title="bbox 2312 4059 3905 4135; baseline 0.005 -24"><span class='ocrx_word' id='word_1_272' title='bbox 2312 4059 2695 4129; x_wconf 87' lang='lat' dir='ltr'><strong>adjungunlur,</strong></span> <span class='ocrx_word' id='word_1_273' title='bbox 2739 4070 2795 4114; x_wconf 92' lang='lat' dir='ltr'><strong>ut</strong></span> <span class='ocrx_word' id='word_1_274' title='bbox 2843 4061 2986 4115; x_wconf 90' lang='lat' dir='ltr'><strong>nulla</strong></span> <span class='ocrx_word' id='word_1_275' title='bbox 3017 4063 3236 4116; x_wconf 91' lang='lat' dir='ltr'><strong>omnino</strong></span> <span class='ocrx_word' id='word_1_276' title='bbox 3264 4064 3485 4119; x_wconf 69' lang='lat' dir='ltr'><strong>sitaetas</strong></span> <span class='ocrx_word' id='word_1_277' title='bbox 3522 4081 3644 4135; x_wconf 72' lang='lat' dir='ltr'><strong>qua:</strong></span> <span class='ocrx_word' id='word_1_278' title='bbox 3680 4080 3709 4119; x_wconf 89' lang='lat' dir='ltr'><strong>a</strong></span> <span class='ocrx_word' id='word_1_279' title='bbox 3732 4069 3905 4121; x_wconf 83' lang='lat' dir='ltr'><strong>canti-</strong></span> 
     </span>
    </p>
   </div>
   <div class='ocr_carea' id='block_1_52' title="bbox 2310 4151 3907 4222">
    <p class='ocr_par' dir='ltr' id='par_1_52' title="bbox 2310 4151 3907 4222">
     <span class='ocr_line' id='line_1_56' title="bbox 2310 4151 3907 4222; baseline 0.004 -17"><span class='ocrx_word' id='word_1_280' title='bbox 2310 4151 2449 4205; x_wconf 81' lang='lat' dir='ltr'><strong>lenre</strong></span> <span class='ocrx_word' id='word_1_281' title='bbox 2478 4151 2648 4205; x_wconf 83' lang='lat' dir='ltr'><strong>dulcis</strong></span> <span class='ocrx_word' id='word_1_282' title='bbox 2678 4151 3037 4207; x_wconf 83' lang='lat' dir='ltr'><strong>delectatione</strong></span> <span class='ocrx_word' id='word_1_283' title='bbox 3066 4155 3305 4222; x_wconf 84' lang='lat' dir='ltr'><strong>scjuncta</strong></span> <span class='ocrx_word' id='word_1_284' title='bbox 3335 4159 3423 4209; x_wconf 77' lang='lat' dir='ltr'><strong>sit.</strong></span> <span class='ocrx_word' id='word_1_285' title='bbox 3468 4157 3601 4211; x_wconf 89' lang='lat' dir='ltr'><strong>Hinc</strong></span> <span class='ocrx_word' id='word_1_286' title='bbox 3628 4160 3788 4212; x_wconf 86' lang='lat' dir='ltr'><strong>etiam</strong></span> <span class='ocrx_word' id='word_1_287' title='bbox 3825 4159 3907 4213; x_wconf 61' lang='lat' dir='ltr'><strong>in«</strong></span> 
     </span>
    </p>
   </div>
   <div class='ocr_carea' id='block_1_53' title="bbox 2312 4243 3901 4315">
    <p class='ocr_par' dir='ltr' id='par_1_53' title="bbox 2312 4243 3901 4315">
     <span class='ocr_line' id='line_1_57' title="bbox 2312 4243 3901 4315; baseline 0.006 -19"><span class='ocrx_word' id='word_1_288' title='bbox 2312 4243 2545 4297; x_wconf 88' lang='lat' dir='ltr'><strong>ternosci</strong></span> <span class='ocrx_word' id='word_1_289' title='bbox 2594 4251 2788 4312; x_wconf 90' lang='lat' dir='ltr'><strong>potest,</strong></span> <span class='ocrx_word' id='word_1_290' title='bbox 2818 4244 2960 4315; x_wconf 90' lang='lat' dir='ltr'><strong>quod</strong></span> <span class='ocrx_word' id='word_1_291' title='bbox 3001 4261 3104 4299; x_wconf 94' lang='lat' dir='ltr'><strong>non</strong></span> <span class='ocrx_word' id='word_1_292' title='bbox 3146 4246 3338 4301; x_wconf 81' lang='lat' dir='ltr'><strong>frustra</strong></span> <span class='ocrx_word' id='word_1_293' title='bbox 3381 4263 3409 4301; x_wconf 91' lang='lat' dir='ltr'><strong>a</strong></span> <span class='ocrx_word' id='word_1_294' title='bbox 3451 4247 3676 4305; x_wconf 90' lang='lat' dir='ltr'><strong>Platone</strong></span> <span class='ocrx_word' id='word_1_295' title='bbox 3703 4251 3901 4306; x_wconf 86' lang='lat' dir='ltr'><strong>dictum</strong></span> 
     </span>
    </p>
   </div>
   <div class='ocr_carea' id='block_1_54' title="bbox 2320 4332 3910 4415">
    <p class='ocr_par' dir='ltr' id='par_1_54' title="bbox 2320 4332 3910 4415">
     <span class='ocr_line' id='line_1_58' title="bbox 2320 4332 3910 4415; baseline 0.008 -26"><span class='ocrx_word' id='word_1_296' title='bbox 2320 4332 2340 4372; x_wconf 68' lang='grc' dir='ltr'>ί</span> <span class='ocrx_word' id='word_1_297' title='bbox 2375 4346 2479 4400; x_wconf 90' lang='lat' dir='ltr'><strong>est,</strong></span> <span class='ocrx_word' id='word_1_298' title='bbox 2531 4336 2712 4391; x_wconf 87' lang='lat' dir='ltr'><strong>mundi</strong></span> <span class='ocrx_word' id='word_1_299' title='bbox 2761 4341 3015 4402; x_wconf 89' lang='lat' dir='ltr'><strong>animam,</strong></span> <span class='ocrx_word' id='word_1_300' title='bbox 3062 4339 3265 4405; x_wconf 83' lang='lat' dir='ltr'><strong>musica</strong></span> <span class='ocrx_word' id='word_1_301' title='bbox 3316 4342 3689 4415; x_wconf 86' lang='lat' dir='ltr'><strong>convenientia</strong></span> <span class='ocrx_word' id='word_1_302' title='bbox 3742 4344 3910 4401; x_wconf 73' lang='lat' dir='ltr'><strong>fuisse</strong></span> 
     </span>
    </p>
   </div>
   <div class='ocr_carea' id='block_1_55' title="bbox 2315 4428 3907 4502">
    <p class='ocr_par' dir='ltr' id='par_1_55' title="bbox 2315 4428 3907 4502">
     <span class='ocr_line' id='line_1_59' title="bbox 2315 4428 3907 4502; baseline 0.005 -19"><span class='ocrx_word' id='word_1_303' title='bbox 2315 4433 2675 4495; x_wconf 36' lang='lat' dir='ltr'><strong>conlunctam.</strong></span> <span class='ocrx_word' id='word_1_304' title='bbox 2713 4428 2844 4483; x_wconf 88' lang='lat' dir='ltr'><strong>Cum</strong></span> <span class='ocrx_word' id='word_1_305' title='bbox 2876 4431 3016 4485; x_wconf 91' lang='lat' dir='ltr'><strong>enim</strong></span> <span class='ocrx_word' id='word_1_306' title='bbox 3056 4440 3081 4476; x_wconf 79' lang='lat'><strong>8</strong></span> <span class='ocrx_word' id='word_1_307' title='bbox 3119 4446 3185 4485; x_wconf 74' lang='lat' dir='ltr'><strong>es</strong></span> <span class='ocrx_word' id='word_1_308' title='bbox 3232 4447 3298 4486; x_wconf 92' lang='lat' dir='ltr'><strong>eo</strong></span> <span class='ocrx_word' id='word_1_309' title='bbox 3336 4432 3475 4502; x_wconf 90' lang='lat' dir='ltr'><strong>quod</strong></span> <span class='ocrx_word' id='word_1_310' title='bbox 3519 4434 3569 4486; x_wconf 91' lang='lat' dir='ltr'><strong>in</strong></span> <span class='ocrx_word' id='word_1_311' title='bbox 3622 4435 3774 4488; x_wconf 85' lang='lat' dir='ltr'><strong>nobis</strong></span> <span class='ocrx_word' id='word_1_312' title='bbox 3822 4444 3907 4491; x_wconf 85' lang='lat' dir='ltr'><strong>est</strong></span> 
     </span>
    </p>
   </div>
   <div class='ocr_carea' id='block_1_56' title="bbox 2314 4522 3905 4593">
    <p class='ocr_par' dir='ltr' id='par_1_56' title="bbox 2314 4522 3905 4593">
     <span class='ocr_line' id='line_1_60' title="bbox 2314 4522 3905 4593; baseline 0.004 -18"><span class='ocrx_word' id='word_1_313' title='bbox 2314 4522 2555 4590; x_wconf 81' lang='lat' dir='ltr'><strong>junctum</strong></span> <span class='ocrx_word' id='word_1_314' title='bbox 2574 4523 3061 4592; x_wconf 81' lang='lat' dir='ltr'><strong>convenienterque</strong></span> <span class='ocrx_word' id='word_1_315' title='bbox 3077 4530 3408 4593; x_wconf 86' lang='lat' dir='ltr'><strong>coaptatum,</strong></span> <span class='ocrx_word' id='word_1_316' title='bbox 3439 4524 3568 4580; x_wconf 89' lang='lat' dir='ltr'><strong>illud</strong></span> <span class='ocrx_word' id='word_1_317' title='bbox 3587 4524 3905 4592; x_wconf 78' lang='lat' dir='ltr'><strong>excipimus,</strong></span> 
     </span>
    </p>
   </div>
   <div class='ocr_carea' id='block_1_57' title="bbox 630 4610 3907 4687">
    <p class='ocr_par' dir='ltr' id='par_1_57' title="bbox 630 4610 3907 4687">
     <span class='ocr_line' id='line_1_61' title="bbox 630 4610 3907 4687; baseline 0.002 -20"><span class='ocrx_word' id='word_1_318' title='bbox 630 4614 822 4679; x_wconf 90' lang='lat' dir='ltr'><strong>eiatur,</strong></span> <span class='ocrx_word' id='word_1_319' title='bbox 879 4614 1019 4667; x_wconf 90' lang='lat' dir='ltr'><strong>inter</strong></span> <span class='ocrx_word' id='word_1_320' title='bbox 1069 4613 1256 4665; x_wconf 84' lang='lat' dir='ltr'><strong>doctos</strong></span> <span class='ocrx_word' id='word_1_321' title='bbox 1301 4610 1515 4680; x_wconf 87' lang='lat' dir='ltr'><strong>quidem</strong></span> <span class='ocrx_word' id='word_1_322' title='bbox 1547 4610 1841 4665; x_wconf 87' lang='lat' dir='ltr'><strong>dubitabile</strong></span> <span class='ocrx_word' id='word_1_323' title='bbox 1883 4620 1986 4676; x_wconf 89' lang='lat' dir='ltr'><strong>est,</strong></span> <span class='ocrx_word' id='word_1_324' title='bbox 2025 4610 2214 4680; x_wconf 81' lang='lat' dir='ltr'><strong>vulgus</strong></span> <span class='ocrx_word' id='word_1_325' title='bbox 2241 4620 2295 4682; x_wconf 70' lang='grc' dir='ltr'><strong>υ</strong></span> <span class='ocrx_word' id='word_1_326' title='bbox 2319 4613 2460 4683; x_wconf 87' lang='lat' dir='ltr'><strong>quod</strong></span> <span class='ocrx_word' id='word_1_327' title='bbox 2493 4613 2544 4667; x_wconf 91' lang='lat' dir='ltr'><strong>in</strong></span> <span class='ocrx_word' id='word_1_328' title='bbox 2568 4614 2715 4668; x_wconf 87' lang='lat' dir='ltr'><strong>sonis</strong></span> <span class='ocrx_word' id='word_1_329' title='bbox 2742 4624 2864 4684; x_wconf 86' lang='lat' dir='ltr'><strong>apte</strong></span> <span class='ocrx_word' id='word_1_330' title='bbox 2895 4616 3390 4683; x_wconf 85' lang='lat' dir='ltr'><strong>convenienterque</strong></span> <span class='ocrx_word' id='word_1_331' title='bbox 3431 4619 3769 4687; x_wconf 80' lang='lat' dir='ltr'><strong>conjunctum</strong></span> <span class='ocrx_word' id='word_1_332' title='bbox 3799 4631 3907 4685; x_wconf 87' lang='lat' dir='ltr'><strong>est,</strong></span> 
     </span>
    </p>
   </div>
   <div class='ocr_carea' id='block_1_58' title="bbox 632 4702 2213 4777">
    <p class='ocr_par' dir='ltr' id='par_1_58' title="bbox 632 4702 2213 4777">
     <span class='ocr_line' id='line_1_62' title="bbox 632 4702 2213 4777; baseline -0.004 -14"><span class='ocrx_word' id='word_1_333' title='bbox 632 4723 844 4777; x_wconf 86' lang='lat' dir='ltr'><strong>quoque</strong></span> <span class='ocrx_word' id='word_1_334' title='bbox 895 4707 1009 4773; x_wconf 86' lang='lat' dir='ltr'><strong>ipsa</strong></span> <span class='ocrx_word' id='word_1_335' title='bbox 1067 4704 1328 4758; x_wconf 83' lang='lat' dir='ltr'><strong>dubitatio</strong></span> <span class='ocrx_word' id='word_1_336' title='bbox 1376 4704 1635 4772; x_wconf 72' lang='lat' dir='ltr'><strong>prmterit.</strong></span> <span class='ocrx_word' id='word_1_337' title='bbox 1684 4704 1891 4758; x_wconf 84' lang='lat' dir='ltr'><strong>Rursus</strong></span> <span class='ocrx_word' id='word_1_338' title='bbox 1933 4719 2053 4759; x_wconf 91' lang='lat' dir='ltr'><strong>cum</strong></span> <span class='ocrx_word' id='word_1_339' title='bbox 2096 4702 2213 4773; x_wconf 86' lang='lat' dir='ltr'><strong>quis</strong></span> 
     </span>
    </p>
   </div>
   <div class='ocr_carea' id='block_1_59' title="bbox 630 4794 2217 4865">
    <p class='ocr_par' dir='ltr' id='par_1_59' title="bbox 630 4794 2217 4865">
     <span class='ocr_line' id='line_1_63' title="bbox 630 4794 2217 4865; baseline 0 -13"><span class='ocrx_word' id='word_1_340' title='bbox 630 4797 956 4865; x_wconf 84' lang='lat' dir='ltr'><strong>triattgulum</strong></span> <span class='ocrx_word' id='word_1_341' title='bbox 1014 4795 1252 4863; x_wconf 87' lang='lat' dir='ltr'><strong>respicit,</strong></span> <span class='ocrx_word' id='word_1_342' title='bbox 1295 4794 1377 4848; x_wconf 87' lang='lat' dir='ltr'><strong>vel</strong></span> <span class='ocrx_word' id='word_1_343' title='bbox 1421 4795 1761 4863; x_wconf 88' lang='lat' dir='ltr'><strong>quadratum,</strong></span> <span class='ocrx_word' id='word_1_344' title='bbox 1804 4794 1960 4850; x_wconf 78' lang='lat' dir='ltr'><strong>facile</strong></span> <span class='ocrx_word' id='word_1_345' title='bbox 1989 4794 2039 4849; x_wconf 90' lang='lat' dir='ltr'><strong>id</strong></span> <span class='ocrx_word' id='word_1_346' title='bbox 2070 4794 2217 4865; x_wconf 89' lang='lat' dir='ltr'><strong>quod</strong></span> 
     </span>
    </p>
   </div>
   <div class='ocr_carea' id='block_1_60' title="bbox 633 4885 2215 4955">
    <p class='ocr_par' dir='ltr' id='par_1_60' title="bbox 633 4885 2215 4955">
     <span class='ocr_line' id='line_1_64' title="bbox 633 4885 2215 4955; baseline -0.001 -12"><span class='ocrx_word' id='word_1_347' title='bbox 633 4889 806 4943; x_wconf 89' lang='lat' dir='ltr'><strong>oculis</strong></span> <span class='ocrx_word' id='word_1_348' title='bbox 829 4886 1096 4941; x_wconf 83' lang='lat' dir='ltr'><strong>invenitur</strong></span> <span class='ocrx_word' id='word_1_349' title='bbox 1142 4886 1405 4953; x_wconf 85' lang='lat' dir='ltr'><strong>agnoscit.</strong></span> <span class='ocrx_word' id='word_1_350' title='bbox 1440 4885 1547 4940; x_wconf 85' lang='lat' dir='ltr'><strong>Sed</strong></span> <span class='ocrx_word' id='word_1_351' title='bbox 1577 4900 1821 4955; x_wconf 80' lang='lat' dir='ltr'><strong>quamam</strong></span> <span class='ocrx_word' id='word_1_352' title='bbox 1858 4886 2103 4954; x_wconf 87' lang='lat' dir='ltr'><strong>trianguli</strong></span> <span class='ocrx_word' id='word_1_353' title='bbox 2134 4886 2215 4942; x_wconf 90' lang='lat' dir='ltr'><strong>vel</strong></span> 
     </span>
    </p>
   </div>
   <div class='ocr_carea' id='block_1_61' title="bbox 636 4977 2217 5052">
    <p class='ocr_par' dir='ltr' id='par_1_61' title="bbox 636 4977 2217 5052">
     <span class='ocr_line' id='line_1_65' title="bbox 636 4977 2217 5052; baseline -0.001 -17"><span class='ocrx_word' id='word_1_354' title='bbox 636 4982 879 5052; x_wconf 87' lang='lat' dir='ltr'><strong>quadrati</strong></span> <span class='ocrx_word' id='word_1_355' title='bbox 904 4989 973 5032; x_wconf 62' lang='lat' dir='ltr'><strong>s&lt;t</strong></span> <span class='ocrx_word' id='word_1_356' title='bbox 1004 4989 1215 5039; x_wconf 87' lang='lat' dir='ltr'><strong>natura,</strong></span> <span class='ocrx_word' id='word_1_357' title='bbox 1244 4992 1273 5030; x_wconf 90' lang='lat' dir='ltr'><strong>a</strong></span> <span class='ocrx_word' id='word_1_358' title='bbox 1296 4977 1673 5033; x_wconf 86' lang='lat' dir='ltr'><strong>mathematice</strong></span> <span class='ocrx_word' id='word_1_359' title='bbox 1700 4992 1920 5034; x_wconf 85' lang='lat' dir='ltr'><strong>necesse</strong></span> <span class='ocrx_word' id='word_1_360' title='bbox 1940 4987 2022 5033; x_wconf 88' lang='lat' dir='ltr'><strong>est</strong></span> <span class='ocrx_word' id='word_1_361' title='bbox 2052 4986 2217 5047; x_wconf 84' lang='lat' dir='ltr'><strong>petat.</strong></span> 
     </span>
    </p>
   </div>
   <div class='ocr_carea' id='block_1_62' title="bbox 636 5066 2224 5139">
    <p class='ocr_par' dir='ltr' id='par_1_62' title="bbox 636 5066 2224 5139">
     <span class='ocr_line' id='line_1_66' title="bbox 636 5066 2224 5139; baseline -0.001 -14"><span class='ocrx_word' id='word_1_362' title='bbox 636 5080 666 5109; x_wconf 73' lang='grc' dir='ltr'>ι</span> <span class='ocrx_word' id='word_1_363' title='bbox 702 5071 948 5139; x_wconf 90' lang='lat' dir='ltr'><strong>Idemque</strong></span> <span class='ocrx_word' id='word_1_364' title='bbox 970 5067 1038 5123; x_wconf 91' lang='lat' dir='ltr'><strong>de</strong></span> <span class='ocrx_word' id='word_1_365' title='bbox 1064 5069 1273 5124; x_wconf 57' lang='lat' dir='ltr'><strong>caeteris</strong></span> <span class='ocrx_word' id='word_1_366' title='bbox 1301 5066 1326 5105; x_wconf 76' lang='grc' dir='ltr'>δ</span> <span class='ocrx_word' id='word_1_367' title='bbox 1349 5068 1594 5122; x_wconf 90' lang='lat' dir='ltr'><strong>sensibus</strong></span> <span class='ocrx_word' id='word_1_368' title='bbox 1610 5068 1712 5123; x_wconf 91' lang='lat' dir='ltr'><strong>dici</strong></span> <span class='ocrx_word' id='word_1_369' title='bbox 1746 5076 1941 5138; x_wconf 87' lang='lat' dir='ltr'><strong>potest,</strong></span> <span class='ocrx_word' id='word_1_370' title='bbox 1967 5070 2224 5124; x_wconf 82' lang='lat' dir='ltr'><strong>maxime-</strong></span> 
     </span>
    </p>
   </div>
   <div class='ocr_carea' id='block_1_63' title="bbox 638 5159 2219 5233">
    <p class='ocr_par' dir='ltr' id='par_1_63' title="bbox 638 5159 2219 5233">
     <span class='ocr_line' id='line_1_67' title="bbox 638 5159 2219 5233; baseline -0.003 -15"><span class='ocrx_word' id='word_1_371' title='bbox 638 5177 742 5233; x_wconf 89' lang='lat' dir='ltr'><strong>que</strong></span> <span class='ocrx_word' id='word_1_372' title='bbox 776 5161 845 5216; x_wconf 90' lang='lat' dir='ltr'><strong>de</strong></span> <span class='ocrx_word' id='word_1_373' title='bbox 868 5160 1090 5214; x_wconf 87' lang='lat' dir='ltr'><strong>arbitrio</strong></span> <span class='ocrx_word' id='word_1_374' title='bbox 1119 5160 1349 5226; x_wconf 89' lang='lat' dir='ltr'><strong>aurium,</strong></span> <span class='ocrx_word' id='word_1_375' title='bbox 1378 5173 1602 5228; x_wconf 86' lang='lat' dir='ltr'><strong>quarum</strong></span> <span class='ocrx_word' id='word_1_376' title='bbox 1630 5160 1708 5213; x_wconf 87' lang='lat' dir='ltr'><strong>vis</strong></span> <span class='ocrx_word' id='word_1_377' title='bbox 1732 5159 1801 5211; x_wconf 91' lang='lat' dir='ltr'><strong>ita</strong></span> <span class='ocrx_word' id='word_1_378' title='bbox 1832 5172 1993 5213; x_wconf 88' lang='lat' dir='ltr'><strong>sonos</strong></span> <span class='ocrx_word' id='word_1_379' title='bbox 2020 5166 2219 5229; x_wconf 83' lang='lat' dir='ltr'><strong>captat,</strong></span> 
     </span>
    </p>
   </div>
   <div class='ocr_carea' id='block_1_64' title="bbox 637 5248 2225 5321">
    <p class='ocr_par' dir='ltr' id='par_1_64' title="bbox 637 5248 2225 5321">
     <span class='ocr_line' id='line_1_68' title="bbox 637 5248 2225 5321; baseline -0.003 -11"><span class='ocrx_word' id='word_1_380' title='bbox 637 5266 699 5310; x_wconf 91' lang='lat' dir='ltr'><strong>ut</strong></span> <span class='ocrx_word' id='word_1_381' title='bbox 730 5268 838 5308; x_wconf 89' lang='lat' dir='ltr'><strong>non</strong></span> <span class='ocrx_word' id='word_1_382' title='bbox 879 5252 1040 5306; x_wconf 91' lang='lat' dir='ltr'><strong>modo</strong></span> <span class='ocrx_word' id='word_1_383' title='bbox 1069 5250 1134 5306; x_wconf 91' lang='lat' dir='ltr'><strong>de</strong></span> <span class='ocrx_word' id='word_1_384' title='bbox 1160 5250 1241 5304; x_wconf 87' lang='lat' dir='ltr'><strong>his</strong></span> <span class='ocrx_word' id='word_1_385' title='bbox 1263 5250 1519 5319; x_wconf 89' lang='lat' dir='ltr'><strong>judicium</strong></span> <span class='ocrx_word' id='word_1_386' title='bbox 1561 5249 1754 5318; x_wconf 85' lang='lat' dir='ltr'><strong>capiat,</strong></span> <span class='ocrx_word' id='word_1_387' title='bbox 1788 5248 2225 5321; x_wconf 80' lang='lat' dir='ltr'><strong>diﬁerentiasque</strong></span> 
     </span>
    </p>
   </div>
   <div class='ocr_carea' id='block_1_65' title="bbox 639 5343 2224 5419">
    <p class='ocr_par' dir='ltr' id='par_1_65' title="bbox 639 5343 2224 5419">
     <span class='ocr_line' id='line_1_69' title="bbox 639 5343 2224 5419; baseline -0.002 -15"><span class='ocrx_word' id='word_1_388' title='bbox 639 5353 951 5419; x_wconf 88' lang='lat' dir='ltr'><strong>cognoscat,</strong></span> <span class='ocrx_word' id='word_1_389' title='bbox 981 5359 1170 5400; x_wconf 84' lang='lat' dir='ltr'><strong>verum</strong></span> <span class='ocrx_word' id='word_1_390' title='bbox 1193 5344 1354 5399; x_wconf 85' lang='lat' dir='ltr'><strong>etiam</strong></span> <span class='ocrx_word' id='word_1_391' title='bbox 1386 5344 1682 5400; x_wconf 87' lang='lat' dir='ltr'><strong>delectetur</strong></span> <span class='ocrx_word' id='word_1_392' title='bbox 1706 5344 1923 5414; x_wconf 82' lang='lat' dir='ltr'><strong>saepius,</strong></span> <span class='ocrx_word' id='word_1_393' title='bbox 1957 5343 2000 5399; x_wconf 88' lang='lat' dir='ltr'><strong>si</strong></span> <span class='ocrx_word' id='word_1_394' title='bbox 2042 5345 2224 5401; x_wconf 80' lang='lat' dir='ltr'><strong>dulces</strong></span> 
     </span>
    </p>
   </div>
   <div class='ocr_carea' id='block_1_66' title="bbox 642 5438 2224 5510">
    <p class='ocr_par' dir='ltr' id='par_1_66' title="bbox 642 5438 2224 5510">
     <span class='ocr_line' id='line_1_70' title="bbox 642 5438 2224 5510; baseline 0.001 -14"><span class='ocrx_word' id='word_1_395' title='bbox 642 5438 981 5509; x_wconf 83' lang='lat' dir='ltr'><strong>coaptatique</strong></span> <span class='ocrx_word' id='word_1_396' title='bbox 1019 5438 1162 5491; x_wconf 90' lang='lat' dir='ltr'><strong>modi</strong></span> <span class='ocrx_word' id='word_1_397' title='bbox 1216 5439 1344 5501; x_wconf 88' lang='lat' dir='ltr'><strong>sint,</strong></span> <span class='ocrx_word' id='word_1_398' title='bbox 1396 5448 1623 5508; x_wconf 83' lang='lat' dir='ltr'><strong>angatur</strong></span> <span class='ocrx_word' id='word_1_399' title='bbox 1674 5454 1823 5505; x_wconf 88' lang='lat' dir='ltr'><strong>vero,</strong></span> <span class='ocrx_word' id='word_1_400' title='bbox 1878 5441 1921 5495; x_wconf 89' lang='lat' dir='ltr'><strong>si</strong></span> <span class='ocrx_word' id='word_1_401' title='bbox 1954 5440 2224 5510; x_wconf 81' lang='lat' dir='ltr'><strong>&#39;dissipati</strong></span> 
     </span>
    </p>
   </div>
   <div class='ocr_carea' id='block_1_67' title="bbox 636 5530 2228 5605">
    <p class='ocr_par' dir='ltr' id='par_1_67' title="bbox 636 5530 2228 5605">
     <span class='ocr_line' id='line_1_71' title="bbox 636 5530 2228 5605; baseline 0.002 -19"><span class='ocrx_word' id='word_1_402' title='bbox 636 5540 804 5605; x_wconf 73' lang='lat' dir='ltr'><strong>“atque</strong></span> <span class='ocrx_word' id='word_1_403' title='bbox 836 5531 1226 5587; x_wconf 66' lang='lat' dir='ltr'><strong>incohaerentes</strong></span> <span class='ocrx_word' id='word_1_404' title='bbox 1258 5541 1280 5569; x_wconf 77' lang='grc' dir='ltr'><strong>ο</strong></span> <span class='ocrx_word' id='word_1_405' title='bbox 1315 5530 1509 5586; x_wconf 84' lang='lat' dir='ltr'><strong>l‘eriant</strong></span> <span class='ocrx_word' id='word_1_406' title='bbox 1552 5546 1787 5586; x_wconf 88' lang='lat' dir='ltr'><strong>sensum.</strong></span> <span class='ocrx_word' id='word_1_407' title='bbox 1844 5531 1996 5589; x_wconf 89' lang='lat' dir='ltr'><strong>Unde</strong></span> <span class='ocrx_word' id='word_1_408' title='bbox 2038 5533 2117 5601; x_wconf 88' lang='lat' dir='ltr'><strong>ﬁt,</strong></span> <span class='ocrx_word' id='word_1_409' title='bbox 2168 5544 2228 5589; x_wconf 89' lang='lat' dir='ltr'><strong>ut</strong></span> 
     </span>
    </p>
   </div>
   <div class='ocr_carea' id='block_1_68' title="bbox 645 5736 1639 5807">
    <p class='ocr_par' dir='ltr' id='par_1_68' title="bbox 645 5736 1639 5807">
     <span class='ocr_line' id='line_1_72' title="bbox 645 5736 1639 5807; baseline 0.002 -20"><span class='ocrx_word' id='word_1_410' title='bbox 645 5758 659 5772; x_wconf 84' lang='lat'><strong>-</strong></span> <span class='ocrx_word' id='word_1_411' title='bbox 719 5750 745 5807; x_wconf 52' lang='lat'>9</span> <span class='ocrx_word' id='word_1_412' title='bbox 768 5738 915 5791; x_wconf 78' lang='lat' dir='ltr'><strong>Idem</strong></span> <span class='ocrx_word' id='word_1_413' title='bbox 934 5753 1159 5807; x_wconf 63' lang='lat' dir='ltr'><strong>quoque.</strong></span> <span class='ocrx_word' id='word_1_414' title='bbox 1210 5736 1255 5807; x_wconf 51' lang='lat'><strong>1’</strong></span> <span class='ocrx_word' id='word_1_415' title='bbox 1280 5736 1639 5791; x_wconf 77' lang='lat' dir='ltr'><strong>Sensibilibus.</strong></span> 
     </span>
    </p>
   </div>
   <div class='ocr_carea' id='block_1_69' title="bbox 648 5805 1710 5876">
    <p class='ocr_par' dir='ltr' id='par_1_69' title="bbox 648 5805 1710 5876">
     <span class='ocr_line' id='line_1_73' title="bbox 648 5805 1710 5876; baseline -0.003 -14"><span class='ocrx_word' id='word_1_416' title='bbox 648 5808 680 5848; x_wconf 68' lang='grc' dir='ltr'>δ</span> <span class='ocrx_word' id='word_1_417' title='bbox 707 5805 1062 5873; x_wconf 59' lang='lat' dir='ltr'><strong>Comparate».</strong></span> <span class='ocrx_word' id='word_1_418' title='bbox 1147 5805 1162 5845; x_wconf 75' lang='grc' dir='ltr'>ί</span> <span class='ocrx_word' id='word_1_419' title='bbox 1209 5805 1338 5859; x_wconf 81' lang='lat' dir='ltr'><strong>Vero</strong></span> <span class='ocrx_word' id='word_1_420' title='bbox 1363 5822 1468 5861; x_wconf 90' lang='lat' dir='ltr'><strong>non</strong></span> <span class='ocrx_word' id='word_1_421' title='bbox 1500 5808 1710 5876; x_wconf 86' lang='lat' dir='ltr'><strong>legitur.</strong></span> 
     </span>
    </p>
   </div>
   <div class='ocr_carea' id='block_1_70' title="bbox 1724 5736 2006 5792">
    <p class='ocr_par' dir='ltr' id='par_1_70' title="bbox 1724 5736 2006 5792">
     <span class='ocr_line' id='line_1_74' title="bbox 1724 5736 2006 5792; baseline 0.011 -4"><span class='ocrx_word' id='word_1_422' title='bbox 1724 5748 1745 5774; x_wconf 79' lang='grc' dir='ltr'><strong>ι’</strong></span> <span class='ocrx_word' id='word_1_423' title='bbox 1780 5736 2006 5792; x_wconf 72' lang='lat' dir='ltr'><strong>Feriam.</strong></span> 
     </span>
    </p>
   </div>
   <div class='ocr_carea' id='block_1_71' title="bbox 2085 5736 2602 5812">
    <p class='ocr_par' dir='ltr' id='par_1_71' title="bbox 2085 5736 2602 5812">
     <span class='ocr_line' id='line_1_75' title="bbox 2085 5736 2602 5812; baseline 0.012 -20"><span class='ocrx_word' id='word_1_424' title='bbox 2085 5736 2108 5774; x_wconf 74' lang='grc' dir='ltr'>ά</span> <span class='ocrx_word' id='word_1_425' title='bbox 2142 5738 2232 5793; x_wconf 79' lang='lat' dir='ltr'><strong>Est</strong></span> <span class='ocrx_word' id='word_1_426' title='bbox 2257 5751 2365 5798; x_wconf 89' lang='lat' dir='ltr'><strong>non</strong></span> <span class='ocrx_word' id='word_1_427' title='bbox 2390 5739 2602 5812; x_wconf 81' lang='lat' dir='ltr'><strong>legitur.</strong></span> 
     </span>
    </p>
   </div>
   <div class='ocr_carea' id='block_1_72' title="bbox 2318 4704 3908 4777">
    <p class='ocr_par' dir='ltr' id='par_1_72' title="bbox 2318 4704 3908 4777">
     <span class='ocr_line' id='line_1_76' title="bbox 2318 4704 3908 4777; baseline 0.004 -21"><span class='ocrx_word' id='word_1_428' title='bbox 2318 4718 2490 4773; x_wconf 76' lang='lat' dir='ltr'><strong>eoque</strong></span> <span class='ocrx_word' id='word_1_429' title='bbox 2516 4704 2866 4770; x_wconf 89' lang='lat' dir='ltr'><strong>delectamur,</strong></span> <span class='ocrx_word' id='word_1_430' title='bbox 2900 4721 2998 4761; x_wconf 91' lang='lat' dir='ltr'><strong>nos</strong></span> <span class='ocrx_word' id='word_1_431' title='bbox 3027 4721 3239 4777; x_wconf 89' lang='lat' dir='ltr'><strong>quoque</strong></span> <span class='ocrx_word' id='word_1_432' title='bbox 3267 4708 3412 4777; x_wconf 88' lang='lat' dir='ltr'><strong>ipsos</strong></span> <span class='ocrx_word' id='word_1_433' title='bbox 3441 4710 3623 4763; x_wconf 88' lang='lat' dir='ltr'><strong>eadem</strong></span> <span class='ocrx_word' id='word_1_434' title='bbox 3657 4710 3908 4765; x_wconf 87' lang='lat' dir='ltr'><strong>similitu-</strong></span> 
     </span>
    </p>
   </div>
   <div class='ocr_carea' id='block_1_73' title="bbox 2320 4794 3904 4868">
    <p class='ocr_par' dir='ltr' id='par_1_73' title="bbox 2320 4794 3904 4868">
     <span class='ocr_line' id='line_1_77' title="bbox 2320 4794 3904 4868; baseline 0.006 -19"><span class='ocrx_word' id='word_1_435' title='bbox 2320 4795 2445 4850; x_wconf 89' lang='lat' dir='ltr'><strong>dine</strong></span> <span class='ocrx_word' id='word_1_436' title='bbox 2480 4794 2506 4832; x_wconf 69' lang='grc' dir='ltr'><strong>ιι</strong></span> <span class='ocrx_word' id='word_1_437' title='bbox 2535 4806 2842 4863; x_wconf 80' lang='lat' dir='ltr'><strong>compactos</strong></span> <span class='ocrx_word' id='word_1_438' title='bbox 2882 4813 3001 4853; x_wconf 89' lang='lat' dir='ltr'><strong>esse</strong></span> <span class='ocrx_word' id='word_1_439' title='bbox 3027 4802 3417 4868; x_wconf 81' lang='lat' dir='ltr'><strong>cognoscimus.</strong></span> <span class='ocrx_word' id='word_1_440' title='bbox 3448 4795 3629 4856; x_wconf 65' lang='lat' dir='ltr'><strong>Amica</strong></span> <span class='ocrx_word' id='word_1_441' title='bbox 3660 4817 3739 4859; x_wconf 72' lang='grc' dir='ltr'><strong>εει</strong></span> <span class='ocrx_word' id='word_1_442' title='bbox 3768 4805 3904 4859; x_wconf 85' lang='lat' dir='ltr'><strong>enim</strong></span> 
     </span>
    </p>
   </div>
   <div class='ocr_carea' id='block_1_74' title="bbox 2324 4889 3909 4965">
    <p class='ocr_par' dir='ltr' id='par_1_74' title="bbox 2324 4889 3909 4965">
     <span class='ocr_line' id='line_1_78' title="bbox 2324 4889 3909 4965; baseline 0.006 -23"><span class='ocrx_word' id='word_1_443' title='bbox 2324 4890 2641 4943; x_wconf 89' lang='lat' dir='ltr'><strong>similitudo.</strong></span> <span class='ocrx_word' id='word_1_444' title='bbox 2676 4889 3062 4945; x_wconf 89' lang='lat' dir='ltr'><strong>Dissimilitudo</strong></span> <span class='ocrx_word' id='word_1_445' title='bbox 3098 4891 3109 4929; x_wconf 80' lang='grc' dir='ltr'><strong>ί</strong></span> <span class='ocrx_word' id='word_1_446' title='bbox 3148 4909 3275 4949; x_wconf 86' lang='lat' dir='ltr'><strong>vero</strong></span> <span class='ocrx_word' id='word_1_447' title='bbox 3302 4895 3481 4949; x_wconf 81' lang='lat' dir='ltr'><strong>odiosa</strong></span> <span class='ocrx_word' id='word_1_448' title='bbox 3510 4904 3673 4965; x_wconf 84' lang='lat' dir='ltr'><strong>atque</strong></span> <span class='ocrx_word' id='word_1_449' title='bbox 3700 4907 3909 4951; x_wconf 79' lang='lat' dir='ltr'><strong>contra-</strong></span> 
     </span>
    </p>
   </div>
   <div class='ocr_carea' id='block_1_75' title="bbox 2324 4985 3912 5060">
    <p class='ocr_par' dir='ltr' id='par_1_75' title="bbox 2324 4985 3912 5060">
     <span class='ocr_line' id='line_1_79' title="bbox 2324 4985 3912 5060; baseline 0.005 -21"><span class='ocrx_word' id='word_1_450' title='bbox 2324 4985 2425 5040; x_wconf 88' lang='lat' dir='ltr'><strong>ria.</strong></span> <span class='ocrx_word' id='word_1_451' title='bbox 2453 4985 2588 5041; x_wconf 83' lang='lat' dir='ltr'><strong>Hinc</strong></span> <span class='ocrx_word' id='word_1_452' title='bbox 2605 4988 2762 5041; x_wconf 91' lang='lat' dir='ltr'><strong>etiam</strong></span> <span class='ocrx_word' id='word_1_453' title='bbox 2786 5002 2993 5042; x_wconf 75' lang='lat' dir='ltr'><strong>morum</strong></span> <span class='ocrx_word' id='word_1_454' title='bbox 3016 5002 3228 5060; x_wconf 85' lang='lat' dir='ltr'><strong>quoque</strong></span> <span class='ocrx_word' id='word_1_455' title='bbox 3244 4991 3475 5046; x_wconf 76' lang='lat' dir='ltr'><strong>maxime</strong></span> <span class='ocrx_word' id='word_1_456' title='bbox 3496 4991 3912 5060; x_wconf 71' lang='lat' dir='ltr'><strong>permutatione:</strong></span> 
     </span>
    </p>
   </div>
   <div class='ocr_carea' id='block_1_76' title="bbox 2329 5077 3912 5152">
    <p class='ocr_par' dir='ltr' id='par_1_76' title="bbox 2329 5077 3912 5152">
     <span class='ocr_line' id='line_1_80' title="bbox 2329 5077 3912 5152; baseline 0.007 -23"><span class='ocrx_word' id='word_1_457' title='bbox 2329 5077 2483 5131; x_wconf 87' lang='lat' dir='ltr'><strong>ﬁunt.</strong></span> <span class='ocrx_word' id='word_1_458' title='bbox 2509 5077 2764 5133; x_wconf 86' lang='lat' dir='ltr'><strong>Lascivus</strong></span> <span class='ocrx_word' id='word_1_459' title='bbox 2793 5079 2991 5149; x_wconf 89' lang='lat' dir='ltr'><strong>quippe</strong></span> <span class='ocrx_word' id='word_1_460' title='bbox 3019 5081 3250 5150; x_wconf 87' lang='lat' dir='ltr'><strong>animus,</strong></span> <span class='ocrx_word' id='word_1_461' title='bbox 3280 5082 3367 5136; x_wconf 85' lang='lat' dir='ltr'><strong>vel</strong></span> <span class='ocrx_word' id='word_1_462' title='bbox 3400 5083 3513 5152; x_wconf 87' lang='lat' dir='ltr'><strong>ipse</strong></span> <span class='ocrx_word' id='word_1_463' title='bbox 3543 5082 3912 5140; x_wconf 85' lang='lat' dir='ltr'><strong>lascivioribus</strong></span> 
     </span>
    </p>
   </div>
   <div class='ocr_carea' id='block_1_77' title="bbox 2327 5166 3911 5241">
    <p class='ocr_par' dir='ltr' id='par_1_77' title="bbox 2327 5166 3911 5241">
     <span class='ocr_line' id='line_1_81' title="bbox 2327 5166 3911 5241; baseline 0.006 -20"><span class='ocrx_word' id='word_1_464' title='bbox 2327 5166 2623 5223; x_wconf 90' lang='lat' dir='ltr'><strong>delectatur</strong></span> <span class='ocrx_word' id='word_1_465' title='bbox 2648 5169 2843 5237; x_wconf 89' lang='lat' dir='ltr'><strong>modis,</strong></span> <span class='ocrx_word' id='word_1_466' title='bbox 2862 5171 2944 5225; x_wconf 89' lang='lat' dir='ltr'><strong>vel</strong></span> <span class='ocrx_word' id='word_1_467' title='bbox 2974 5187 3117 5241; x_wconf 73' lang='lat' dir='ltr'><strong>smpe</strong></span> <span class='ocrx_word' id='word_1_468' title='bbox 3136 5173 3353 5227; x_wconf 77' lang='lat' dir='ltr'><strong>eosdem</strong></span> <span class='ocrx_word' id='word_1_469' title='bbox 3377 5174 3595 5230; x_wconf 88' lang='lat' dir='ltr'><strong>audiens</strong></span> <span class='ocrx_word' id='word_1_470' title='bbox 3609 5176 3712 5229; x_wconf 92' lang='lat' dir='ltr'><strong>cito</strong></span> <span class='ocrx_word' id='word_1_471' title='bbox 3736 5177 3911 5230; x_wconf 86' lang='lat' dir='ltr'><strong>emol-</strong></span> 
     </span>
    </p>
   </div>
   <div class='ocr_carea' id='block_1_78' title="bbox 2327 5248 3919 5335">
    <p class='ocr_par' dir='ltr' id='par_1_78' title="bbox 2327 5248 3919 5335">
     <span class='ocr_line' id='line_1_82' title="bbox 2327 5248 3919 5335; baseline 0.008 -23"><span class='ocrx_word' id='word_1_472' title='bbox 2327 5257 2475 5326; x_wconf 89' lang='lat' dir='ltr'><strong>litur,</strong></span> <span class='ocrx_word' id='word_1_473' title='bbox 2509 5270 2562 5315; x_wconf 88' lang='lat' dir='ltr'><strong>at</strong></span> <span class='ocrx_word' id='word_1_474' title='bbox 2592 5260 2867 5333; x_wconf 74' lang='lat' dir='ltr'><strong>frangitur.</strong></span> <span class='ocrx_word' id='word_1_475' title='bbox 2903 5262 3106 5319; x_wconf 80' lang='lat' dir='ltr'><strong>Rursus</strong></span> <span class='ocrx_word' id='word_1_476' title='bbox 3150 5266 3395 5335; x_wconf 90' lang='lat' dir='ltr'><strong>asperior</strong></span> <span class='ocrx_word' id='word_1_477' title='bbox 3421 5283 3572 5322; x_wconf 89' lang='lat' dir='ltr'><strong>meus</strong></span> <span class='ocrx_word' id='word_1_478' title='bbox 3597 5268 3675 5322; x_wconf 83' lang='lat' dir='ltr'><strong>vel</strong></span> <span class='ocrx_word' id='word_1_479' title='bbox 3722 5248 3919 5323; x_wconf 35' lang='lat' dir='ltr'><strong>incita;</strong></span> 
     </span>
    </p>
   </div>
   <div class='ocr_carea' id='block_1_79' title="bbox 2330 5354 3913 5429">
    <p class='ocr_par' dir='ltr' id='par_1_79' title="bbox 2330 5354 3913 5429">
     <span class='ocr_line' id='line_1_83' title="bbox 2330 5354 3913 5429; baseline 0.006 -21"><span class='ocrx_word' id='word_1_480' title='bbox 2330 5354 2557 5409; x_wconf 88' lang='lat' dir='ltr'><strong>tioribus</strong></span> <span class='ocrx_word' id='word_1_481' title='bbox 2600 5356 2816 5428; x_wconf 86' lang='lat' dir='ltr'><strong>gaudet,</strong></span> <span class='ocrx_word' id='word_1_482' title='bbox 2862 5359 2946 5413; x_wconf 91' lang='lat' dir='ltr'><strong>vel</strong></span> <span class='ocrx_word' id='word_1_483' title='bbox 2991 5359 3380 5414; x_wconf 89' lang='lat' dir='ltr'><strong>incitatioribus</strong></span> <span class='ocrx_word' id='word_1_484' title='bbox 3418 5369 3718 5429; x_wconf 87' lang='lat' dir='ltr'><strong>asperatur.</strong></span> <span class='ocrx_word' id='word_1_485' title='bbox 3780 5362 3913 5418; x_wconf 87' lang='lat' dir='ltr'><strong>Hinc</strong></span> 
     </span>
    </p>
   </div>
   <div class='ocr_carea' id='block_1_80' title="bbox 2326 5450 3912 5523">
    <p class='ocr_par' dir='ltr' id='par_1_80' title="bbox 2326 5450 3912 5523">
     <span class='ocr_line' id='line_1_84' title="bbox 2326 5450 3912 5523; baseline 0.006 -23"><span class='ocrx_word' id='word_1_486' title='bbox 2326 5456 2411 5502; x_wconf 91' lang='lat' dir='ltr'><strong>est</strong></span> <span class='ocrx_word' id='word_1_487' title='bbox 2435 5450 2595 5503; x_wconf 87' lang='lat' dir='ltr'><strong>ctiam</strong></span> <span class='ocrx_word' id='word_1_488' title='bbox 2628 5451 2768 5520; x_wconf 88' lang='lat' dir='ltr'><strong>quod</strong></span> <span class='ocrx_word' id='word_1_489' title='bbox 2815 5452 2961 5507; x_wconf 90' lang='lat' dir='ltr'><strong>modi</strong></span> <span class='ocrx_word' id='word_1_490' title='bbox 3001 5453 3189 5509; x_wconf 87' lang='lat' dir='ltr'><strong>musici</strong></span> <span class='ocrx_word' id='word_1_491' title='bbox 3220 5454 3458 5523; x_wconf 89' lang='lat' dir='ltr'><strong>gentium</strong></span> <span class='ocrx_word' id='word_1_492' title='bbox 3489 5454 3747 5510; x_wconf 88' lang='lat' dir='ltr'><strong>vocabulo</strong></span> <span class='ocrx_word' id='word_1_493' title='bbox 3776 5453 3912 5510; x_wconf 85' lang='lat' dir='ltr'><strong>desi-</strong></span> 
     </span>
    </p>
   </div>
   <div class='ocr_carea' id='block_1_81' title="bbox 2328 5540 3912 5616">
    <p class='ocr_par' dir='ltr' id='par_1_81' title="bbox 2328 5540 3912 5616">
     <span class='ocr_line' id='line_1_85' title="bbox 2328 5540 3912 5616; baseline 0.004 -23"><span class='ocrx_word' id='word_1_494' title='bbox 2328 5540 2475 5607; x_wconf 87' lang='lat' dir='ltr'><strong>gnati</strong></span> <span class='ocrx_word' id='word_1_495' title='bbox 2503 5550 2647 5607; x_wconf 88' lang='lat' dir='ltr'><strong>sunt,</strong></span> <span class='ocrx_word' id='word_1_496' title='bbox 2678 5551 2733 5597; x_wconf 89' lang='lat' dir='ltr'><strong>ut</strong></span> <span class='ocrx_word' id='word_1_497' title='bbox 2760 5542 2958 5613; x_wconf 79' lang='lat' dir='ltr'><strong>Lydius</strong></span> <span class='ocrx_word' id='word_1_498' title='bbox 2989 5543 3198 5610; x_wconf 87' lang='lat' dir='ltr'><strong>modus,</strong></span> <span class='ocrx_word' id='word_1_499' title='bbox 3227 5551 3282 5600; x_wconf 89' lang='lat' dir='ltr'><strong>et</strong></span> <span class='ocrx_word' id='word_1_500' title='bbox 3310 5543 3595 5616; x_wconf 73' lang='lat' dir='ltr'><strong>Phrygius.</strong></span> <span class='ocrx_word' id='word_1_501' title='bbox 3630 5544 3748 5612; x_wconf 88' lang='lat' dir='ltr'><strong>Quo</strong></span> <span class='ocrx_word' id='word_1_502' title='bbox 3772 5544 3912 5601; x_wconf 83' lang='lat' dir='ltr'><strong>enim</strong></span> 
     </span>
    </p>
   </div>
   <div class='ocr_carea' id='block_1_82' title="bbox 3162 5744 3322 5803">
    <p class='ocr_par' dir='ltr' id='par_1_82' title="bbox 3162 5744 3322 5803">
     <span class='ocr_line' id='line_1_86' title="bbox 3162 5744 3322 5803; baseline -0.006 0"><span class='ocrx_word' id='word_1_503' title='bbox 3162 5744 3182 5783; x_wconf 72' lang='grc' dir='ltr'><strong>ί</strong></span> <span class='ocrx_word' id='word_1_504' title='bbox 3218 5744 3322 5803; x_wconf 84' lang='lat' dir='ltr'><strong>Sit.</strong></span> 
     </span>
    </p>
   </div>
   <div class='ocr_carea' id='block_1_83' title="bbox 2683 5741 3893 5817">
    <p class='ocr_par' dir='ltr' id='par_1_83' title="bbox 2683 5741 3893 5817">
     <span class='ocr_line' id='line_1_87' title="bbox 2683 5741 3893 5817; baseline 0.002 -20"><span class='ocrx_word' id='word_1_505' title='bbox 2683 5750 2707 5781; x_wconf 77' lang='grc' dir='ltr'><strong><em>ο</em></strong></span> <span class='ocrx_word' id='word_1_506' title='bbox 2738 5741 3084 5799; x_wconf 75' lang='lat' dir='ltr'><strong>Humanitati.</strong></span> <span class='ocrx_word' id='word_1_507' title='bbox 3162 5744 3182 5783; x_wconf 73' lang='grc' dir='ltr'>ί</span> <span class='ocrx_word' id='word_1_508' title='bbox 3218 5744 3322 5803; x_wconf 85' lang='lat' dir='ltr'><strong>Sit.</strong></span> <span class='ocrx_word' id='word_1_509' title='bbox 3400 5754 3426 5793; x_wconf 79' lang='lat'><strong>8</strong></span> <span class='ocrx_word' id='word_1_510' title='bbox 3460 5745 3542 5801; x_wconf 72' lang='lat' dir='ltr'><strong>Ex</strong></span> <span class='ocrx_word' id='word_1_511' title='bbox 3558 5760 3668 5802; x_wconf 88' lang='lat' dir='ltr'><strong>non</strong></span> <span class='ocrx_word' id='word_1_512' title='bbox 3700 5744 3893 5817; x_wconf 85' lang='lat' dir='ltr'><strong>legitur</strong></span> 
     </span>
    </p>
   </div>
  </div>
