4160 6256
341 392 471 451 1169

1655 400 1739 455 DE
1778 394 2028 487 MﬂSICA.
2069 391 2193 455 LIB.
2237 402 2277 454 l.

3460 397 3598 458 “70

338 508 486 579 quasi
537 511 863 582 unaquae‘que
904 527 1033 581 gens
1072 508 1285 581 gaudet,
1330 506 1524 565 eodem
1566 512 1756 579 modus
1802 514 1913 583 ipse

2019 518 2099 567 καὶ
2129 516 2267 569 tua»
2298 515 2464 583 ἀγῶνα
2492 518 2589 584 τᾶρ
2616 511 2923 589 Ἐλευσινίαρ
2946 516 3209 591 Δάματρορ
3236 518 3441 591 ἁπριπῆ
3466 514 3598 570 διισ-

339 607 594 661 vocabulo
622 618 977 676 nuncupatur.
1002 606 1207 659 Gaudet
1237 614 1263 642 ι
1287 604 1428 659 enim
1455 620 1584 675 gens
1608 607 1779 660 modis
1804 622 1917 662 mo-

339 712 452 754 rum
483 700 853 755 similitudine.
894 699 1077 769 Neque
1112 698 1252 752 enim
1286 697 1403 752 ﬁeri
1434 708 1612 768 potest
1652 706 1709 753 ut
1736 700 1916 755 mollia

338 790 503 858 duris,
539 792 668 847 dura
712 793 1044 847 mollioribus
1102 792 1455 847 adnectantur
1494 800 1583 847 aut
1630 792 1913 863 gaudeant.

337 882 441 937 Sed
472 899 705 940 amorem
736 885 1251 961 delectationemque
1298 885 1380 955 (ut
1405 885 1605 939 dictum
1635 886 1739 955 est)
1768 886 1917 940 simi-

338 972 505 1027 litudo
534 976 802 1029 conciliat.
836 975 983 1029 Unde
1004 976 1154 1030 Plato
1180 976 1338 1030 etiam
1365 976 1596 1030 maxime
1617 977 1913 1032 cavendum

338 1064 624 1127 existimat,
653 1079 717 1120 ne
745 1065 809 1119 de
840 1066 975 1121 bene
1014 1075 1214 1120 morata
1246 1067 1445 1121 musica
1472 1066 1670 1135 aliquid
1703 1083 1918 1136 permu-

339 1162 495 1208 tetur.
520 1155 683 1223 Negat
710 1157 850 1210 enim
883 1172 1003 1213 esse
1039 1158 1199 1211 ullam
1248 1166 1442 1213 tantam
1474 1172 1682 1213 morum
1727 1158 1780 1213 in
1824 1173 1915 1214 re-

337 1244 543 1313 publica
575 1245 766 1310 labem,
793 1264 948 1316 quam
974 1250 1226 1317 paulatim
1254 1248 1321 1304 de
1350 1249 1566 1319 pudenti
1590 1265 1655 1305 ae
1677 1250 1917 1305 modesta

336 1337 535 1390 musica
566 1336 854 1393 invertere.
894 1338 1084 1393 Statim
1116 1341 1257 1393 enim
1290 1341 1429 1394 idem
1461 1355 1671 1409 quoque
1697 1340 1919 1396 audien-

336 1427 468 1481 tiutn
495 1428 703 1482 animos
725 1431 856 1497 pati,
892 1430 1251 1498 paulatimque
1275 1432 1577 1499 discedere,
1607 1432 1919 1502 nullumque

336 1516 551 1572 honesti
587 1534 649 1572 ac
685 1519 818 1573 recti
850 1521 1079 1577 retinere
1109 1521 1412 1590 vestigium,
1444 1524 1490 1577 si
1526 1524 1609 1578 vel
1642 1538 1738 1592 per
1762 1522 1921 1577 lasci-

335 1609 513 1663 viores
542 1609 730 1664 modos
757 1610 1171 1667 inverecundunt
1198 1613 1419 1682 aliquid,
1449 1614 1532 1669 vel
1562 1629 1658 1683 per
1682 1615 1922 1684 aSperio-

337 1716 431 1761 res
459 1701 606 1756 ferox
654 1711 813 1773 atque
850 1704 1080 1767 immane
1128 1704 1393 1760 mentibus
1446 1705 1715 1759 illabatur.
1766 1704 1920 1767 Nulla

337 1794 481 1849 enim
514 1796 680 1864 magis
709 1795 774 1850 ad
803 1797 1032 1863 animum
1064 1796 1359 1865 disciplinis
1388 1798 1494 1861 via,
1517 1813 1676 1867 quam
1701 1798 1920 1852 auribus

338 1898 503 1957 patet.
528 1890 657 1944 Cum
682 1904 808 1959 ergo
837 1907 930 1960 per
950 1906 1043 1945 eas
1061 1891 1295 1962 rhythmi
1323 1892 1572 1961 modique
1598 1892 1663 1946 ad
1679 1892 1918 1946 animum

339 1994 506 2049 usque
543 1981 938 2046 descenderint,
969 1982 1195 2038 dubitari
1236 2000 1341 2038 non
1384 1992 1562 2055 potest
1589 1984 1715 2053 quin
1764 1998 1920 2055 aquo

337 2071 757 2150 modqmentem
788 2084 947 2143 atque
982 2076 1090 2143 ipsa
1126 2085 1250 2129 sunt
1277 2074 1303 2114 δ
1344 2075 1579 2130 efficiant
1605 2083 1764 2145 atque
1792 2090 1945 2140 ροι-⁶

338 2161 590 2220 forment.
629 2164 682 2217 Id
717 2179 846 2219 vero
875 2165 1035 2219 etiam
1077 2166 1295 2246 intelligi
1341 2167 1394 2221 in
1435 2167 1681 2237 gentibus
1720 2175 1917 2235 potest.

336 2252 468 2307 Nam
499 2270 617 2324 quae
644 2258 947 2324 asperiores
969 2264 1093 2311 sunt
1116 2256 1394 2322 Getarum,
1431 2257 1739 2312 durioribus
1771 2256 1919 2311 dele-

334 2355 546 2400 ctantur
591 2349 783 2403 modis.
826 2348 953 2419 Quae
994 2362 1120 2402 vero
1174 2356 1473 2416 mansuete,
1531 2348 1912 2412 mediocribus,

334 2451 634 2507 quanquam
684 2440 735 2493 id
767 2439 866 2494 hoc
901 2450 1140 2509 tempore
1189 2454 1326 2509 pene
1366 2440 1569 2493 nullum
1616 2448 1717 2493 est.
1759 2438 1912 2506 Quod

335 2545 461 2585 vero
490 2532 744 2586 lascivum
770 2548 833 2587 ac
858 2533 1017 2597 molle
1037 2541 1120 2587 est
1139 2547 1305 2602 genus
1324 2531 1635 2598 humanum,
1662 2532 1713 2586 id
1742 2540 1910 2587 totum

324 2614 564 2677 scenicis
591 2638 654 2677 ac
683 2623 1031 2679 theatralibus
1062 2624 1235 2679 modis
1263 2632 1493 2679 tenetur.
1526 2624 1647 2678 Fuit
1665 2640 1789 2679 vero
1817 2639 1914 2694 pu-

337 2715 469 2771 dens
495 2729 557 2769 ac
589 2716 830 2778 modesta
860 2717 1084 2780 musica,
1114 2717 1238 2770 dum
1269 2716 1681 2785 simplicioribus
1700 2717 1915 2785 organis

335 2817 602 2876 ageretur.
644 2805 742 2861 Ubi
778 2821 904 2862 vero
931 2805 1081 2861 varie
1122 2808 1490 2875 permixteque
1537 2814 1757 2860 tractata
1810 2817 1913 2870 est,

335 2897 515 2951 amisit
551 2897 821 2964 gravitatis
868 2907 1028 2966 atque
1074 2896 1283 2950 virtutis
1332 2895 1574 2961 modum,
1601 2904 1652 2949 et
1694 2908 1830 2963 pene
1860 2894 1915 2948 in

338 2985 717 3054 turpitudinem
753 2985 1021 3055 prolapsa,
1062 2985 1335 3040 minimum
1364 2983 1635 3053 antiquam
1677 2984 1917 3053 speciem

336 3087 538 3133 servat.
568 3077 718 3132 Unde
743 3077 894 3133 Plato
922 3078 1165 3148 praecipit
1191 3077 1411 3132 minime
1440 3085 1689 3144 oportere
1716 3090 1915 3144 pueros

336 3168 403 3223 ad
432 3183 620 3225 omnes
646 3170 836 3225 modos
865 3168 1089 3234 erudiri,
1136 3168 1230 3224 sed
1278 3170 1455 3238 potius
1484 3168 1548 3222 ad
1578 3169 1817 3223 valentes
1852 3182 1915 3224 ac

337 3261 630 3331 simplices.
667 3262 841 3331 Atque
883 3262 969 3316 hic
1006 3263 1240 3317 maxime
1282 3262 1412 3317 illud
1440 3270 1527 3318 est
1550 3263 1910 3332 retinendum,

336 3355 481 3423 quod
525 3355 570 3411 si
616 3369 829 3425 quoquo
875 3354 1037 3410 modo
1071 3370 1165 3423 per
1206 3356 1549 3424 parvissimas
1597 3358 1917 3412 mutationes

337 3445 464 3499 hinc
501 3444 700 3515 aliquid
744 3455 1159 3515 permutaretur,
1204 3461 1393 3501 recens
1433 3447 1644 3515 quidem
1692 3448 1913 3505 minime

335 3533 545 3603 sentiri,
578 3544 697 3604 post
721 3549 847 3590 vero
878 3549 1121 3604 magnam
1145 3534 1319 3592 facere
1340 3534 1715 3604 differentiam,
1739 3545 1793 3592 et
1822 3553 1915 3607 per

336 3642 492 3682 aures
524 3628 587 3681 ad
619 3628 853 3682 animum
881 3643 1050 3697 usque
1071 3627 1265 3693 delabi.
1298 3627 1501 3683 Idcirco
1527 3644 1770 3699 magnam
1794 3643 1915 3684 esse

336 3718 631 3773 custodiam
676 3719 883 3788 reipub.
911 3719 1061 3774 Plato
1082 3720 1393 3787 arbitratur,
1426 3720 1683 3776 musicam
1714 3724 1915 3790 optime

340 3818 599 3862 moratam
630 3810 992 3879 pudenterque
1037 3810 1393 3880 conjunctam,
1421 3812 1491 3866 ita
1512 3813 1649 3867 utsit
1673 3814 1913 3867 modesta

338 3912 399 3951 ac
429 3898 676 3966 simplex,
701 3909 754 3954 et
781 3901 1033 3966 mascula,
1058 3917 1156 3956 nec
1177 3901 1499 3969 cﬂ‘eminaza,
1532 3918 1629 3958 nec
1657 3903 1789 3969 fera,
1814 3919 1914 3960 nec

337 3991 505 4045 varia.
555 3992 708 4059 Quod
754 3992 1142 4049 Lacedaemonii
1196 3995 1426 4050 maxima
1464 4011 1567 4065 ope
1604 4012 1909 4067 servavere,

335 4083 459 4137 dum
514 4083 650 4151 apud
691 4097 785 4138 eos
821 4083 1030 4139 Taletas
1063 4084 1336 4140 Cretensis
1365 4095 1388 4124 α
1423 4084 1676 4141 Gortinus
1721 4102 1912 4155 magno

337 4174 506 4241 pretio
544 4173 766 4237 accitus,
818 4190 1011 4244 pueros
1053 4175 1329 4242 disciplina
1374 4177 1589 4231 musica:
1631 4179 1762 4232 artis
1812 4179 1912 4234 im-

335 4263 545 4318 bueret.
598 4262 720 4317 Fuit
765 4266 905 4317 enim
954 4263 1006 4317 id
1046 4250 1277 4334 antiquis
1318 4267 1369 4321 in
1401 4263 1427 4303 ἀ
1456 4282 1683 4333 morem,
1713 4267 1913 4338 diuque

2025 618 2245 669 κεύσατο
2274 615 2368 669 τὰν
2390 620 2461 668 τῶ
2502 614 2643 684 μυθώ
2673 612 2972 679 διασκευὰν,
3002 616 3097 692 τὰρ
3127 617 3223 691 γὰρ
3258 622 3355 687 τᾶρ
3386 617 3599 694 Σεμέλαρ

2020 714 2201 789 ὠδῢδαρ
2226 716 2317 769 οὐκ
2337 712 2508 769 ἕνδεκα
2534 718 2638 790 τώρ
2667 717 2793 789 νέωρ
2821 713 3042 770 δίδασκε.
3064 714 3298 772 Δέδοκται
3320 717 3453 785 ὑπὲρ
3484 717 3600 770 τού·

2020 840 2121 872 των
2156 824 2258 893 τῶρ
2288 814 2533 891 βασιλέαρ
2559 819 2644 871 καὶ
2671 822 2775 892 τῶρ
2806 816 2997 893 ἐφόρωρ
3024 815 3317 888 μέμψασθαι
3344 815 3599 888 Τιμόθεον.

2024 935 2074 967 κ.
2106 937 2157 970 τ.
2182 914 2230 967 λ.

2094 1017 2244 1085 Quod
2285 1017 2589 1073 consultum
2630 1017 2681 1073 id
2721 1017 2928 1074 scilicet
2962 1017 3233 1084 continet,
3276 1016 3477 1072 idcirco
3516 1017 3605 1072 Ti-

2022 1117 2242 1173 motheo
2273 1117 2478 1173 Milesio
2509 1117 2807 1187 Spartiatas
2831 1118 3225 1185 succensnisse,
3254 1120 3397 1189 quod
3425 1118 3605 1174 multi-

2024 1218 2216 1289 plicem
2246 1218 2506 1273 musicam
2544 1220 2777 1277 reddens
2804 1235 3093 1291 pnerorum
3124 1220 3319 1275 animis
3356 1235 3489 1290 quos
3520 1235 3604 1275 ac-

2022 1332 2240 1392 ceperat
2267 1322 2617 1389 erudiendos,
2655 1323 2920 1389 officeret,
2954 1332 3009 1378 et
3034 1338 3065 1378 a
3094 1320 3306 1378 virtutis
3342 1321 3605 1383 modestia

2023 1422 2366 1492 praepediret,
2410 1431 2468 1478 et
2512 1424 2653 1493 quod
2703 1424 3056 1491 harmoniam,
3100 1438 3262 1494 quam
3308 1428 3604 1483 modestam

2021 1524 2357 1585 susceperat,
2391 1516 2442 1570 in
2468 1529 2638 1585 genus
2657 1515 3063 1577 cliromaticum,
3095 1514 3236 1585 quod
3266 1525 3349 1570 est
3369 1514 3605 1581 mollius,

2026 1606 2351 1661 invenisset.
2386 1606 2555 1661 Tanta
2604 1608 2764 1677 igitur
2797 1606 2896 1662 fuit
2923 1606 3064 1676 pud
3101 1620 3195 1661 eos
3242 1607 3461 1662 musicae
3489 1603 3606 1661 dili-

2025 1700 2226 1768 gentia,
2254 1708 2311 1753 ut
2336 1714 2454 1754 eam
2478 1701 2687 1755 animus
2707 1715 2922 1770 quoque
2938 1699 3181 1754 obtinere
3200 1698 3606 1756 arbitrarentur.

2028 1789 2309 1859 Vulgatum
2339 1790 2537 1859 quippe
2577 1797 2680 1855 est,
2710 1804 2869 1859 quam
2910 1804 3054 1859 saepe
3096 1788 3398 1845 iracundias
3440 1788 3605 1843 canti-

1952 1841 2001 1903 Β
2026 1879 2146 1935 lena
2171 1881 2514 1949 represserit,
2548 1895 2707 1950 quam
2730 1880 2897 1935 multa
2917 1881 3003 1936 vel
3032 1880 3085 1935 in
3112 1894 3416 1948 corporum,
3444 1880 3529 1933 vel
3555 1879 3606 1937 in

2025 1978 2324 2032 animorum
2351 1976 2721 2032 affectionibus
2741 1976 2985 2031 miranda
3014 1975 3316 2045 perfecerit.
3344 1974 3439 2030 Cui
3466 1974 3606 2029 enim

2027 2078 2110 2125 est
2152 2070 2281 2124 illud
2327 2070 2591 2139 ignotum,
2635 2070 2777 2140 quod
2812 2070 3140 2142 Pythagoras
3177 2067 3383 2123 ebrium
3426 2067 3606 2120 adole~

2024 2170 2260 2216 scentem
2290 2162 2787 2218 Taurominitanum
2827 2162 2928 2216 sub
2954 2160 3169 2230 Phrygii
3193 2159 3337 2214 modi
3363 2173 3496 2213 sono
3530 2159 3608 2212 iu-

2023 2254 2265 2318 citatum,
2299 2254 2538 2321 spondeo
2567 2253 2879 2310 succinente
2923 2251 3219 2307 reddiderit
3260 2250 3526 2305 mitiorem
3552 2257 3607 2307 et

2022 2348 2106 2400 sui
2158 2353 2483 2414 compotem.
2524 2346 2656 2401 Nam
2683 2360 2823 2412 ,cum
2861 2355 3098 2400 scortum
3141 2344 3196 2399 in
3233 2344 3415 2399 rivalis
3445 2342 3606 2397 domo

2022 2446 2168 2493 esset
2189 2437 2451 2503 clausum,
2475 2447 2634 2506 atque
2662 2436 2754 2492 ille
2780 2436 2963 2492 furens
2992 2435 3209 2490 domum
3238 2433 3397 2489 vellet
3420 2432 3607 2488 ambu-

2021 2542 2163 2594 rere,
2196 2543 2425 2598 cumque
2449 2526 2781 2599 Pythagoras
2800 2527 3077 2582 stellarum
3107 2540 3294 2581 cursus
3313 2524 3395 2594 (ut
3416 2524 3467 2580 ei
3489 2539 3606 2579 mos

2020 2630 2314 2674 nocturnus
2342 2620 2479 2689 erat)
2508 2620 2818 2689 inspiceret,
2851 2620 2939 2672 ubi
2967 2617 3233 2673 intellexit
3262 2632 3395 2672 sono
3425 2614 3601 2687 Phry-

2017 2714 2091 2782 gii
2122 2714 2264 2769 modi
2288 2715 2586 2778 incitatum,
2617 2712 2799 2766 multis
2842 2711 3137 2764 amicorum
3167 2719 3191 2746 ο
3223 2706 3604 2764 admonitioni-

2022 2808 2122 2862 bus
2143 2821 2173 2859 a
2188 2807 2425 2860 facinore
2447 2803 2685 2859 noluisse
2704 2803 2986 2868 desistere,
3013 2802 3207 2856 mtttari
3227 2800 3445 2856 modum
3470 2812 3607 2869 prm-

2021 2897 2165 2965 cepit
2192 2904 2353 2965 atque
2379 2896 2451 2949 ita
2494 2894 2729 2949 furentis.
2744 2892 2981 2946 animum
3014 2890 3375 2947 adolescentis
3403 2889 3471 2944 ad
3496 2896 3606 2945 sta-

2024 2998 2135 3040 tum
2175 2988 2370 3040 mentis
2412 2986 2771 3054 pacatissimaa
2800 2984 3137 3052 temperavit.
3191 2982 3345 3050 Quod
3395 2982 3606 3039 scilicet

1942 3044 1989 3107 Ο
2020 3076 2232 3131 Marcus
2277 3044 2484 3131 Tulli-us
2527 3044 2927 3130 commemorat
2960 3072 3015 3127 in
3058 3089 3125 3128 eo
3167 3044 3303 3128 libro
3331 3089 3490 3144 quem
3536 3073 3605 3129 de

1977 3167 2261 3236 .consiliis
2306 3167 2419 3223 suis
2472 3166 2806 3235 composuit,
2865 3165 3018 3221 aliter
3074 3165 3312 3235 quidem,
3352 3165 3448 3221 sed
3502 3166 3604 3221 hoc

2023 3258 2201 3313 modo.
2234 3257 2341 3314 Sed
2373 3266 2430 3312 ut
2449 3258 2625 3328 aliqua
2668 3255 3022 3312 similitudine
3048 3256 3331 3324 adductus,
3355 3256 3602 3313 maximis

2022 3349 2243 3404 minima
2273 3348 2569 3415 conferam,
2600 3356 2657 3403 ut
2681 3362 2803 3403 cum
2834 3347 3093 3402 vinolenti
3131 3347 3502 3404 adolescentes
3532 3349 3603 3402 ti-
3671 3371 3688 3391 ο

2021 3440 2227 3495 biarum
2254 3440 2414 3494 etiam
2436 3447 2595 3494 cantu
2628 3440 2710 3509 (ut
2742 3439 2822 3507 Iit)
2844 3438 3103 3505 instincti,
3128 3440 3369 3495 mulieris
3398 3438 3603 3511 pudica

2021 3530 2167 3587 fores
2198 3532 2522 3602 frangerent,
2551 3530 2897 3587 admonuisse
2923 3529 3193 3587 tibicinam
3223 3542 3280 3588 ut
3306 3533 3603 3603 spondeum

2018 3633 2237 3679 caneret.
2275 3624 2607 3695 Pythagoras
2632 3625 2858 3689 dicitur;
2895 3624 3038 3693 quod
3084 3641 3206 3679 cum
3236 3625 3326 3679 illa
3363 3625 3598 3691 fecisset,

2022 3715 2274 3770 tarditate
2303 3715 2583 3770 modorum
2616 3727 2666 3771 et
2690 3718 2956 3785 gravitate
2983 3717 3245 3782 canentis,
3275 3717 3485 3771 illorum
3520 3717 3601 3771 fu-

2021 3818 2227 3864 rentem
2260 3809 2605 3880 petulantiam
2636 3809 2979 3864 conscdasse.
3028 3810 3134 3865 Sed
3170 3820 3225 3864 ut
3251 3809 3442 3865 similia
3473 3810 3597 3865 bre-

2022 3901 2157 3956 viter
2203 3902 2447 3971 exempla
2500 3903 2836 3972 conquiram.
2880 3899 3193 3969 Terpander
3230 3913 3387 3970 atque
3431 3902 3598 3957 Arion

2018 3992 2375 4047 Methimnens
2398 3993 2622 4047 Lesbios
2639 4003 2799 4062 atque
2825 3993 2999 4055 Iones,
3021 3992 3345 4061 gravissimis
3374 3993 3595 4057 morbis,

2016 4099 2204 4144 cantus
2234 4089 2482 4159 eripuere
2510 4087 2782 4157 presidio.
2833 4088 3135 4142 Ilismenias
3162 4102 3294 4142 vero
3314 4087 3598 4142 Thebanus

2016 4179 2321 4236 Boetiorum
2354 4180 2614 4249 pluribus,
2645 4193 2779 4249 quos
2823 4178 3061 4233 schiatici
3103 4178 3303 4234 doloris
3335 4188 3597 4235 tormenta

2014 4271 2264 4335 vexabat,
2294 4272 2468 4326 modis
2497 4272 2664 4333 fertur
2684 4282 2903 4326 cunctas
2942 4271 3259 4326 abstersisse
3301 4274 3593 4327 molestias.

338 4357 647 4423 permansit.
678 4355 939 4422 Quoniam
965 4372 1093 4411 vero
1113 4358 1193 4413 eis
1219 4359 1533 4415 Timotheus
1562 4360 1798 4416 Milesius
1818 4377 1907 4416 su-
1934 4356 1986 4417 Ι)
2013 4362 2118 4420 Sed
2149 4374 2203 4419 et
2223 4364 2576 4434 Empedocles
2602 4379 2725 4420 cum
2748 4368 2864 4434 ejus
2893 4364 3157 4433 hespitem
3186 4364 3399 4434 quidam
3423 4364 3598 4433 gladio

336 4461 432 4516 per
458 4463 549 4504 eas
578 4464 708 4519 quas
746 4457 869 4503 ante
913 4460 1189 4517 repererat
1222 4467 1382 4504 unum
1415 4453 1617 4507 addidit
1660 4469 1903 4519 nervum,

333 4554 396 4595 ac
441 4541 872 4608 multipliciorem
908 4542 1166 4595 musicam
1212 4543 1354 4607 fecit,
1387 4558 1615 4612 exegere
1652 4547 1721 4599 de
1767 4548 1909 4601 Iaco-

335 4633 472 4686 nica.
506 4629 925 4700 Consultumque
946 4632 1011 4685 de
1038 4646 1102 4686 eo
1130 4633 1324 4685 factum
1351 4644 1451 4687 est.
1478 4634 1627 4700 Quod
1657 4638 1907 4704 quoniam

336 4720 542 4789 insigne
563 4728 646 4775 est
673 4719 1062 4789 Spartiatarum
1094 4721 1272 4790 lingua
1301 4721 1338 4776 S
1370 4722 1599 4777 litteram
1634 4726 1687 4779 in
1721 4727 1760 4779 It
1792 4741 1913 4781 ver-

332 4812 582 4882 tentium,
614 4815 786 4882 ipsum
815 4814 883 4870 de
911 4829 976 4870 eo
1002 4815 1299 4870 consultum
1324 4814 1526 4870 eisdem
1558 4817 1731 4872 verbis
1761 4817 1910 4873 Grae-

327 4902 406 4959 cis
427 4905 669 4973 apposui.

402 4998 597 5056 Ἐπειδὴ
612 4997 898 5076 Τιμόθεορὸ
923 4999 1180 5073 Μιλήσιορ,
1204 5001 1355 5054 nos»
1378 5002 1521 5057 ἐττὰν
1541 5001 1792 5072 ἁμετέραν
1818 5005 1911 5059 πό-

329 5090 421 5149 λιν.
448 5090 539 5143 τάν
572 5088 787 5143 παλαιὰν
825 5088 1016 5158 μολπήν
1060 5089 1358 5160 διν-ιμιόισδει1
1403 5096 1517 5157 καὶ,
1560 5094 1647 5146 τὰν
1690 5091 1772 5147 διὰ
1810 5100 1905 5148 τᾶν

330 5179 458 5232 ἔπτὰ
478 5180 673 5252 χορδᾶν
688 5184 949 5257 κιθαρίζειν
972 5184 1429 5260 ἀποστρεφόμινιρ,
1447 5186 1756 5258 πολυφωνίαν
1773 5187 1911 5241 εἰσά-

326 5292 429 5342 γων
439 5272 723 5340 λυμαίνεται
737 5278 800 5329 τά
804 5297 833 5349 ρ
848 5277 1000 5351 ἁκοᾶρ
1013 5284 1112 5332 τῶν
1122 5278 1260 5343 νέων,
1278 5277 1359 5335 διά
1370 5302 1421 5333 τε
1436 5287 1532 5359 τᾶρ
1546 5281 1902 5359 πολυχορδίαρ

325 5366 412 5415 καὶ
448 5371 544 5433 τὰρ
578 5365 872 5442 καινότητορ
890 5377 961 5424 τῶ
988 5371 1184 5444 μέλεορ,
1225 5372 1403 5444 ἀγεννῆ
1425 5376 1510 5425 καὶ
1537 5374 1761 5427 ποικίλαν
1792 5376 1904 5430 ἀντὶ

324 5454 518 5535 ἁπλόαρ
543 5462 624 5511 καὶ
645 5463 953 5534 τεταγμέναρ
976 5465 1298 5533 ἀμφιέννυται
1318 5466 1409 5517 τάν
1424 5471 1640 5533 μοῦσαν,
1660 5468 1743 5520 ἐπὶ
1762 5488 1801 5536 χ
1806 5470 1906 5540 ρώ-

308 5568 479 5615 ματος
509 5552 868 5619 συνιστάμενος
906 5556 1002 5605 ’τὰν
1035 5561 1107 5607 τῶ
1132 5553 1305 5627 μέλεορ
1332 5553 1635 5622 διασκευᾶω,
1669 5558 1779 5612 ἀντὶ
1806 5562 1902 5632 reip

323 5637 597 5712 ἕναρμονὶω
630 5648 786 5693 ποιῶν
820 5645 1147 5717 ἀντίστροφον
1190 5647 1435 5714 ἀμοιϐάν
1473 5648 1814 5717 παρακλαθεὶς
1849 5647 1903 5702 δὲ

708 5836 734 5877 δ
766 5840 1013 5908 Αῄἳοὶαιιι.

391 5846 414 5874 ι
453 5836 603 5894 γει-ο,
708 5836 734 5877 ι
766 5840 1013 5908 Αῄῖοἱαιιι.
1119 5851 1139 5879 α
1167 5841 1445 5898 Gortim’us.
1525 5843 1548 5880 α
1584 5844 1751 5912 More.

1846 5859 1870 5890 ο
1894 5844 1974 5905 Ad
2002 5859 2106 5903 non
2136 5843 2381 5903 habetur.

2012 4457 2329 4513 furibundus
2366 4459 2665 4522 invaderet,
2699 4458 2839 4526 quod
2871 4456 2988 4524 ejus
3020 4466 3225 4524 patrem
3260 4456 3348 4509 ille
3377 4471 3595 4510 accusa-

2014 4552 2160 4604 tione
2192 4549 2521 4615 damnasset,
2560 4548 2832 4602 inllexisse
2861 4547 3057 4601 dicitur
3085 4547 3299 4599 modum
3345 4547 3593 4611 canendi,

2013 4643 2196 4710 itaque
2227 4640 2584 4694 adolescentis
2614 4637 2943 4693 iracundiam
2993 4646 3343 4706 temperasse.
3392 4635 3446 4690 In
3480 4646 3595 4690 tan-

2016 4742 2125 4787 tum
2170 4745 2297 4785 vero
2341 4731 2528 4798 priscae
2576 4727 2927 4799 philosophia.-
2963 4726 2980 4766 τ
3016 4728 3206 4782 studiis
3252 4728 3331 4782 vis
3379 4727 3596 4785 musica:
3650 4720 3657 4727 ’

2015 4823 2143 4877 artis
2175 4821 2425 4885 innotuit,
2453 4833 2509 4876 ut
2530 4822 2889 4893 Pythagorici,
2920 4837 3039 4877 cum
3068 4821 3287 4877 diurnas
3314 4822 3365 4877 in
3406 4838 3595 4879 somno

2014 4912 2350 4968 resolverent
2383 4928 2557 4976 curas,
2606 4912 2928 4982 quibusdam
2968 4913 3246 4968 cantilenis
3294 4924 3591 4985 uterentur,

2012 5015 2073 5061 ut
2101 5005 2178 5061 eis
2206 5006 2340 5060 lenis
2369 5015 2422 5061 et
2450 5006 2666 5075 quietus
2691 5020 2852 5075 sopor
2882 5006 3163 5073 irreperet.
3196 5007 3377 5076 Itaque
3404 5022 3595 5074 exper-

2014 5098 2168 5161 recti,
2198 5097 2318 5151 aliis
2346 5098 2660 5165 quibusdam
2692 5097 2865 5151 modis
2894 5107 3162 5165 stuporem
3207 5098 3378 5152 somni
3407 5098 3593 5151 confu-

2014 5190 2329 5257 sionemque
2353 5188 2667 5257 purgabant.
2693 5187 2747 5241 Id
2774 5188 3022 5242 nimirum
3047 5188 3298 5255 scientes,
3321 5187 3463 5257 quod
3483 5196 3592 5242 tota

2009 5287 2206 5332 nostra:
2234 5277 2428 5331 anima:
2460 5278 2805 5346 corporisque
2833 5292 3093 5348 compago
3132 5279 3334 5332 musica
3372 5288 3588 5344 coapta-

2008 5371 2155 5424 tione
2181 5370 2464 5438 conjuncta
2493 5370 2581 5423 sit.
2610 5368 2742 5423 Nam
2774 5379 2831 5424 ut
2873 5385 2993 5425 sese
3037 5370 3277 5437 corporis
3308 5369 3468 5425 habet
3505 5372 3586 5421 at-

2009 5460 2201 5525 fectus,
2234 5462 2306 5516 ita
2347 5462 2507 5516 etiam
2551 5462 2736 5530 pulsus
2776 5463 2958 5517 cordis
3001 5463 3233 5517 motibus
3273 5463 3587 5519 incitantur.

2006 5552 2160 5618 Quod
2200 5552 2407 5607 scilicet
2441 5550 2778 5607 Democritus
2818 5552 3125 5622 Ilippocrati
3179 5551 3387 5606 medico
3419 5551 3585 5605 tradi-

2010 5644 2154 5699 disse
2177 5644 2363 5709 fertur,
2389 5659 2511 5700 cum
2542 5660 2665 5700 eum
2694 5645 2846 5715 quasi
2894 5646 3139 5701 insanum
3166 5644 3372 5700 cunctis
3402 5639 3587 5700 Denic-

2461 5841 2479 5882 ¹
2511 5840 2788 5902 Studiosis.
