4160 6256
588 379 721 437 1171

1816 369 1927 425 ΑΝ.
1971 366 2181 425 MANL.
2221 366 2372 422 θεν.
2414 365 2636 423 ΒΟΕΤΙΙ

3726 351 3865 405 U72

588 491 711 547 criti
758 492 962 551 civibus
1005 492 1055 548 id
1098 488 1472 560 opinantibus,
1532 486 1582 539 in
1634 485 1872 539 custodia
1917 481 2166 538 medendi
2194 482 2242 543 Δ
2272 480 2454 535 multis
2485 478 2601 535 fieri
2632 477 2699 533 de
2719 475 2896 530 causis
2925 469 3145 529 necesse
3183 479 3285 536 est,
3317 455 3424 525 non
3456 466 3652 538 poterit
3679 474 3863 519 tamen

586 599 744 639 causa
769 585 983 638 viseret.
1008 581 1112 637 Sed
1135 595 1390 651 quorsum
1414 578 1511 635 ista
1536 577 1681 631 inec?
1703 578 1833 641 Quiri
1860 590 1963 630 non
1994 583 2170 642 potest

585 674 813 728 dubitari
840 674 964 743 quin
989 683 1186 727 nostra:
1208 673 1397 724 animm
1420 680 1471 725 et
1489 670 1728 737 corporis
1751 677 1941 732 status,
1965 668 2166 720 eisdem

584 766 982 840 quodammodo
1010 765 1448 837 proportionibus
1477 763 1721 817 videatur
1761 777 1879 815 esse
1904 761 2169 828 composi-

582 866 688 920 tus,
715 856 904 921 quibus
932 856 1267 909 harmonicas
1289 844 1679 909 modulationes
1702 854 1964 921 posterior
1986 852 2169 916 dispu-

584 950 715 1001 tatio
743 948 991 1015 conjungi
1014 951 1360 1016 copularique
1390 948 1726 1002 monstrabit.
1760 947 1887 999 Inde
1918 954 1997 1000 est
2022 945 2164 998 enim

581 1037 724 1110 quod
759 1039 992 1094 infantes
1024 1056 1235 1109 quoqui:
1266 1040 1527 1093 cantilena
1570 1038 1740 1092 dulcis
1767 1038 2018 1091 oblectat.
2052 1037 2164 1088 Ali-

580 1130 707 1200 quid
732 1147 862 1184 vero
892 1145 1140 1198 a-perum
1186 1142 1347 1199 atque
1382 1130 1609 1193 immite,
1641 1130 1708 1181 ab
1736 1127 1985 1182 audiendi
2019 1127 2166 1180 volu-

581 1232 729 1291 ptate
758 1223 1055 1288 suspendit.
1110 1223 1369 1275 Nimirum
1401 1221 1450 1274 id
1480 1221 1641 1274 etiam
1673 1219 1846 1273 omnis
1876 1228 2003 1271 tetas
2032 1217 2167 1286 patio

580 1324 690 1381 tur,
718 1315 998 1384 omnisque
1028 1330 1215 1368 sexus.
1247 1314 1379 1379 Qure
1424 1314 1542 1366 licet
1589 1313 1701 1365 suis
1742 1312 1949 1365 actibus
1983 1310 2164 1364 distri-

581 1411 709 1468 buta
738 1413 865 1473 sint,
902 1428 1005 1464 una
1036 1422 1214 1465 tamen
1245 1412 1463 1463 musiczr
1496 1410 1853 1462 delectatione
1879 1408 2165 1474 conjuncta

581 1510 728 1559 sunt.
757 1501 895 1568 Quid
921 1502 1063 1554 enim
1092 1505 1169 1565 lit,
1199 1517 1319 1555 cum
1350 1501 1401 1552 in
1439 1498 1651 1554 fletibus
1685 1499 1855 1552 luctus
1886 1498 2029 1565 ipsos
2060 1511 2167 1551 meo

581 1593 832 1648 dolantur
872 1593 1029 1647 dulen
1058 1593 1151 1647 es?
1182 1592 1333 1660 Quod
1384 1590 1615 1645 n'mxime
1667 1591 1925 1643 muliel-re
1972 1598 2074 1653 est,
2110 1598 2163 1643 ut

582 1701 702 1741 cum
731 1687 943 1741 comico
972 1685 1201 1753 quodam
1252 1684 1459 1738 dulcior
1506 1692 1530 1719 ι
1566 1684 1651 1735 fiat
1682 1696 1840 1735 causa
1884 1680 2066 1735 flendi.
2112 1679 2163 1736 Id

582 1793 711 1832 vero
734 1778 895 1830 etiam
923 1776 1019 1829 fuat
1052 1777 1075 1816 ι’
1108 1777 1337 1844 antiquis
1372 1777 1422 1827 in
1463 1789 1689 1833 morem,
1722 1785 1771 1826 ut
1804 1784 1995 1826 cautus
2024 1772 2167 1827 tibiae

2274 584 2453 628 motus
2493 560 2609 625 'tatn
2654 568 3023 626 velociSSimus
3070 568 3136 622 ita
3185 580 3506 635 magnorum
3544 575 3861 629 corporum,

2275 662 2448 717 nullos
2480 662 2697 715 omnino
2724 674 2888 716 sonos
2915 659 3076 725 ciere,
3108 672 3227 711 cum
3261 654 3553 721 prmsertim
3584 662 3730 705 tanta
3753 654 3865 704 sint

2272 754 2552 809 stellarum
2584 766 2772 807 cursus
2794 751 3127 820 coaptatione
3152 747 3450 815 conjuncti,
3474 754 3531 798 ut
3552 744 3681 798 nihil
3708 756 3864 805 mque

2272 846 2724 915 compaginatum,
2756 842 2887 897 nihil
2923 843 2993 896 ita
3021 841 3366 895 commixtum
3396 837 3563 907 possit
3613 832 3858 899 intelligi.

2271 936 2611 1004 Namquealii
2635 936 2985 996 excelsiores,
3008 934 3093 987 alii
3114 932 3397 985 inferiores
3412 932 3673 993 feruntur,
3697 937 3861 993 atque

2272 1030 2343 1083 ita
2370 1042 2559 1081 omnes
2579 1027 2767 1097 mquali
2800 1026 3107 1081 incitatione
3133 1022 3434 1085 volvuntur,
3468 1030 3525 1074 ut
3555 1034 3648 1087 per
3677 1018 3859 1086 dispa-

2271 1134 2361 1175 res
2391 1118 2783 1187 inaequalitates
2810 1127 2956 1172 ratus
2986 1132 3235 1170 cursuum
3261 1113 3395 1167 ordo
3425 1112 3670 1166 ducatur.
3702 1108 3857 1164 Uade

2271 1224 2380 1263 non
2410 1218 2586 1278 potest
2610 1208 2676 1263 ab
2702 1209 2796 1262 hac
2818 1208 3023 1263 caelesti
3053 1204 3310 1274 vertigine
3339 1212 3483 1257 ratus
3508 1200 3639 1253 ordo
3667 1199 3857 1253 modu-

2272 1299 2486 1354 lationis
2525 1300 2807 1355 absistere.
2849 1299 2967 1353 Jam
3024 1313 3153 1352 veto
3201 1306 3430 1364 quatuor
3464 1296 3854 1347 elementorum

2272 1391 2620 1447 diversitates
2675 1391 3077 1458 contiariasquc
3127 1388 3414 1456 potentias,
3466 1384 3565 1437 nisi
3610 1383 3850 1451 qmcdam

2271 1482 2551 1549 harmonia
2588 1484 2958 1551 conjungeret,
2990 1481 3081 1549 qui
3128 1478 3239 1533 fieri
3275 1485 3473 1545 posset,
3506 1484 3562 1528 ut
3612 1474 3665 1526 in
3692 1487 3854 1525 unum

2270 1593 2467 1646 corpus
2495 1594 2559 1633 ac
2599 1579 2901 1632 machinam
2944 1558 3325 1631 convenirent?
3370 1570 3475 1626 Sed
3524 1570 3637 1622 hac
3683 1568 3856 1621 omnis

2271 1671 2556 1726 diversitas
2587 1671 2658 1724 ita
2693 1679 2748 1724 et
2782 1678 3082 1738 temporum
3117 1666 3433 1721 varietatem
3470 1661 3607 1732 parit
3649 1669 3701 1713 et
3750 1659 3855 1738 fru-

2272 1772 2480 1825 ctuum,
2506 1770 2563 1815 ut
2594 1770 2770 1815 tamen
2800 1776 2965 1815 unum
2996 1759 3119 1813 anni
3148 1772 3343 1826 t‘orpus
3390 1755 3604 1809 efficiat.
3636 1736 3787 1805 Uud'e
3813 1752 3857 1801 si

582 1869 814 1937 luctibus
835 1872 1067 1939 puniret.
1090 1869 1264 1922 Testis
1278 1878 1358 1919 est
1378 1867 1631 1930 Papinius
1643 1865 1847 1919 Statius
1865 1866 1965 1919 hoc
1979 1881 2159 1920 versu:
2204 1869 2248 1930 B
2275 1855 2401 1921 (μιῖά
2428 1854 2638 1918 Ιιυῐίιίη.
2662 1868 2779 1921 quae
2803 1861 3001 1907 talltum
3022 1855 3331 1904 V'al‘ielalem
3356 1848 3510 1901 rebus
3536 1843 3855 1901 ministram.

943 1962 1113 2016 Cornu
1137 1977 1288 2029 grate
1311 1960 1471 2029 mugit
1494 1959 1716 2021 adunco,

660 2054 804 2106 Tibia
823 2056 906 2108 cui
935 2064 1134 2106 teneros
1160 2063 1361 2106 anetum
1394 2051 1670 2120 producere
1698 2066 1887 2102 manes.

588 2143 657 2199 Et
681 2143 773 2214 qui
802 2144 1037 2197 suaviter
1059 2158 1253 2198 canere
1286 2159 1333 2192 nx
1361 2160 1390 2193 n
1428 2150 1623 2204 potest,
1658 2140 1753 2193 sibi
1776 2149 1952 2195 tawen
1978 2141 2173 2208 aliquid

585 2236 753 2300 canit,
787 2250 892 2290 non
941 2234 1079 2304 quod
1116 2250 1237 2290 eum
1277 2234 1458 2302 aliqua
1482 2235 1751 2303 voluptate
1782 2235 1831 2287 id
1862 2234 2005 2303 quod
2033 2235 2178 2289 canit

585 2329 807 2392 afﬁciet,
842 2329 934 2383 sed
967 2327 1109 2396 quod
1150 2327 1434 2397 quamdam
1478 2328 1696 2401 ins-itam
1729 2326 2067 2383 dulcedinem
2108 2341 2177 2382 ex

588 2424 769 2478 animo
800 2423 1125 2491 proferentis
1153 2422 1535 2491 quoquomodo
1576 2421 1873 2490 proferant,
1905 2422 2178 2477 delectan-

586 2525 698 2570 tur.
726 2516 917 2569 Nonne
968 2514 1094 2568 illud
1144 2516 1302 2567 etiam
1347 2516 1684 2568 manili-stum
1734 2523 1839 2579 est,
1874 2514 1930 2568 in
1981 2514 2175 2569 bellum

588 2608 937 2675 pugnantium
964 2607 1174 2661 animos
1206 2608 1347 2658 tubae
1365 2622 1450 2659 um
1476 2607 1713 2661 carmine
1733 2603 1988 2659 accendi?
2022 2604 2177 2671 Quod

588 2700 634 2753 si
671 2699 961 2753 verisimile
990 2708 1094 2765 est,
1128 2698 1201 2750 ab
1235 2697 1396 2751 animi
1438 2704 1629 2764 pacato
1655 2704 1821 2759 statu,
1852 2711 2177 2765 quemquam

584 2791 655 2844 ad
688 2793 919 2846 furorem
945 2801 1107 2860 atque
1139 2791 1461 2845 iracundiam
1495 2805 1653 2858 posse
1682 2789 1925 2858 proferri.
1958 2788 2073 2845 Non
2096 2796 2181 2842 est

587 2886 828 2949 dubium,
859 2886 999 2951 quod
1030 2885 1361 2939 conturbatus
1389 2888 1584 2937 mentis
1608 2884 1958 2945 iracundiam,
1992 2883 2075 2937 vel
2099 2884 2181 2936 ni-

586 2978 750 3031 miam
772 2978 1117 3045 cupiditatem
1142 2977 1434 3031 modestior
1458 2976 1649 3030 modus
1670 2976 1836 3043 possit
1860 2976 2178 3043 astringere.

585 3068 726 3135 Quid
763 3067 903 3138 quod
932 3084 1053 3122 enm
1100 3067 1294 3137 aliquis
1329 3068 1652 3122 cantilenam
1684 3067 1932 3120 libentiu:
1962 3066 2180 3119 auribus

590 3171 751 3230 atque
776 3162 957 3214 animo
980 3161 1143 3230 capit,
1176 3160 1241 3211 ad
1267 3161 1392 3215 illud
1420 3162 1582 3214 etiam
1615 3176 1720 3213 non
1746 3167 1936 3225 sponte
1961 3173 2178 3213 conver-

2278 1946 2458 2000 animo
2488 1955 2536 1998 et
2567 1944 2886 2013 cegitatione
2907 1937 2935 1978 ἀ
2959 1942 3120 1995 dlSl‘el
3138 1955 3252 2009 pus,
3279 1949 3464 1991 cuneta
3491 1944 3729 2005 pereant,
3767 1947 3857 1984 nec

2283 2047 2363 2105 (ut
2389 2038 2460 2090 ita
2488 2036 2684 2105 dicam)
2718 2034 3005 2103 quidquam
3037 2046 3329 2087 consonum
3362 2036 3595 2082 servent.
3631 2026 3693 2078 Et
3724 2032 3779 2075 ut
3808 2024 3857 2073 in

2234 2115 2253 2132 ⁸
2282 2130 2537 2200 gravibus
2561 2130 2778 2184 chordis
2809 2129 2855 2182 is
2886 2127 3030 2182 vocis
3061 2141 3135 2180 εει
3165 2123 3379 2185 modus,
3420 2130 3475 2173 ut
3502 2134 3603 2173 non
3632 2119 3696 2170 ad
3729 2115 3858 2169 taci-

2284 2224 2593 2278 turnitatem
2674 2220 2908 2291 gravitas
2968 2234 3137 2289 usque
3205 2216 3530 2280 descendat,
3584 2222 3743 2281 atque
3811 2209 3859 2262 in

2286 2316 2457 2369 acutis
2522 2316 2617 2369 ille
2675 2313 2972 2368 custoditur
3000 2308 3274 2379 acuminis
3320 2306 3548 2370 modus,
3600 2319 3667 2357 ne
3715 2300 3859 2353 nervi

2282 2408 2513 2462 nimium
2568 2406 2703 2462 tensi
2763 2406 2910 2460 vocis
2965 2405 3222 2459 tenuitate
3272 2407 3609 2468 rumpantur,
3667 2393 3755 2447 sed
3788 2401 3859 2446 to-

2284 2508 2397 2552 tum
2446 2497 2545 2551 sibi
2592 2495 2664 2551 sit
2709 2504 3124 2550 consentaneum
3192 2502 3349 2559 atque
3388 2488 3738 2545 conveniens;
3790 2484 3859 2533 ita

2285 2591 2447 2644 etiam
2502 2591 2554 2643 in
2606 2587 2790 2642 mundi
2844 2585 3042 2641 musica
3090 2581 3443 2653 pervidemus,
3489 2576 3617 2632 nihil
3667 2575 3731 2627 ita
3782 2571 3857 2623 ni-

2286 2683 2451 2739 mium
2480 2697 2598 2738 esse
2632 2696 2789 2753 posse
2845 2691 2899 2735 ut
2929 2682 3153 2733 alterum
3198 2673 3411 2745 propria
3440 2670 3713 2724 nimietate
3752 2663 3858 2717 di"-

2286 2774 2481 2829 solvat.
2536 2775 2735 2827 V'eium
2775 2770 3030 2841 quidquid
3078 2768 3206 2823 illud
3245 2776 3348 2830 est,
3382 2774 3469 2817 aut
3504 2775 3623 2816 suos
3650 2768 3674 2794 ε
3704 2756 3862 2811 affert

2288 2867 2522 2931 fruetus,
2555 2874 2645 2919 aut
2672 2864 2791 2919 aliis
2828 2863 3110 2917 auxiliatur
3151 2868 3208 2914 ut
3253 2857 3492 2913 afferant.
3536 2850 3667 2907 Nam
3712 2846 3860 2917 (μιοᾰ

2286 2963 2603 3032 constringit
2641 2963 2830 3026 hiems,
2880 2974 2972 3014 ver
3024 2958 3186 3019 laxat,
3220 2962 3390 3009 torret
3427 2960 3602 3009 restas,
3634 2950 3862 2998 maturat

2287 3068 2593 3119 autumnus,
2628 3067 2976 3122 temporaque
3004 3049 3240 3103 vicis~im
3274 3048 3359 3101 vel
3402 3046 3517 3112 ipsa
3568 3052 3696 3092 suos
3740 3036 3863 3090 affe-

2289 3159 2416 3203 runt
2459 3147 2684 3213 fructus,
2718 3147 2799 3201 vel
2843 3144 2965 3196 aliis
2992 3150 3051 3197 ut
3080 3140 3306 3195 aﬂ‘erant
3334 3134 3761 3191 subministrant.
3794 3128 3862 3181 De

588 3254 737 3319 titur,
770 3262 827 3305 ut
850 3264 1051 3307 motum
1078 3268 1289 3322 quoque
1318 3253 1549 3321 aliquem
1574 3224 1803 3306 similem
1830 3251 2023 3304 audit-.e
2043 3266 2171 3304 can-
2202 3237 2250 3300 C
2285 3240 2479 3309 quibus
2507 3239 2771 3307 posterius
2798 3234 3088 3293 studiosius
3115 3227 3497 3300 disputandum
3532 3234 3633 3279 est.
3664 3224 3863 3322 ‘llutna-

500 3372 507 3379 ι
586 3346 765 3400 tilenze
789 3358 984 3413 curpus
1008 3343 1067 3397 ef
1068 3346 1245 3412 tingat,
1274 3352 1331 3397 et
1355 3344 1497 3412 quod
1528 3344 1747 3396 oninino
1768 3342 1982 3411 aliquod
2006 3342 2175 3397 melos

586 3437 826 3490 auditum
853 3435 955 3488 sibi
979 3450 1187 3487 memor
1217 3439 1428 3487 animus
1459 3436 1572 3501 ipse
1594 3434 1883 3503 decerpat?
1909 3435 1975 3488 Ut
2001 3449 2064 3488 ex
2095 3435 2177 3487 his

588 3528 838 3581 omnibus
870 3530 1153 3594 perspicue
1185 3540 1287 3579 nec
1328 3526 1636 3577 dubitanter
1656 3536 1929 3593 appareat,
1961 3527 2031 3578 ita
2054 3527 2176 3595 qui-

589 3616 713 3671 dem
750 3616 836 3668 nol
857 3615 903 3668 is
935 3616 1195 3668 musicam
1240 3617 1550 3669 naturaliter
1578 3630 1701 3669 esse
1731 3616 2089 3684 conjunctam,
2121 3626 2179 3671 ut

590 3722 654 3763 ea
684 3721 753 3762 ne
781 3707 826 3760 si
849 3706 1076 3760 velimus
1104 3706 1317 3774 quidem
1357 3720 1546 3761 carere
1582 3707 1870 3774 possimus.
1919 3707 2179 3774 Quocirca

591 3801 916 3856 intendenda
948 3802 1027 3855 vis
1053 3799 1249 3855 mentis
1274 3809 1377 3866 est,
1420 3810 1480 3855 ut
1522 3801 1574 3854 id
1604 3800 1744 3869 quod
1772 3810 1959 3855 natura
1988 3810 2070 3857 est
2101 3803 2181 3855 in-

590 3895 776 3962 situm,
811 3895 1032 3949 scientia
1068 3908 1283 3960 quoque
1313 3891 1478 3961 possit
1508 3892 1954 3959 comprehensum
1986 3895 2175 3947 teneri.

594 3985 747 4039 Sient
774 3987 915 4039 enim
946 3985 1000 4039 in
1035 3986 1150 4040 visu
1183 4000 1395 4054 quoque
1427 4000 1533 4039 non
1563 3984 1764 4039 sufficit
1787 3984 2008 4039 eruditis
2036 3988 2183 4038 colo-

593 4092 685 4131 res
714 4076 1022 4143 formasque
1053 4077 1388 4144 conspicere,
1424 4078 1522 4130 nisi
1555 4077 1715 4130 etiam
1744 4091 1862 4144 quae
1892 4076 1963 4130 sit
1992 4075 2180 4129 horum

596 4168 896 4237 pr0prietas
924 4168 1361 4235 investigaverint
1386 4184 1398 4216 :
1431 4170 1511 4222 sic
1549 4182 1653 4223 non
1680 4166 1878 4222 sufficit
1902 4167 2186 4221 cantilenis

593 4259 816 4315 musicis
839 4258 1115 4324 delectari,
1143 4259 1242 4313 nisi
1274 4261 1435 4335 etiam
1464 4259 1605 4326 quali
1636 4258 1777 4315 inter
1797 4274 1857 4314 se
1883 4258 2184 4327 conjuncta:

594 4352 704 4407 sint
733 4365 925 4405 vocum
958 4352 1302 4421 proportione
1333 4350 1591 4404 discatur.

1231 4442 1456 4499 CAPUT
1497 4442 1562 4498 ll.

595 4540 721 4595 Tres
759 4556 865 4593 esse
906 4539 1148 4604 musicas,
1182 4539 1237 4591 in
1280 4537 1461 4607 quibus
1503 4538 1566 4591 de
1602 4538 1650 4590 vi
1686 4538 1897 4592 muriae
1920 4546 2179 4591 narratur.

2282 3348 2409 3387 nam
2441 3348 2566 3385 vero
2597 3332 2876 3394 musicam,
2907 3327 3153 3399 quisquis
3199 3328 3250 3380 in
3297 3338 3416 3378 sese
3445 3322 3621 3390 ipsum
3647 3317 3865 3372 descen-

2283 3429 2389 3493 dit,
2412 3428 2682 3496 intelligit.
2714 3427 2851 3493 Quid
2883 3436 2966 3479 est
2995 3423 3139 3478 enim
3154 3420 3295 3492 quod
3318 3418 3464 3473 illam
3498 3417 3864 3483 incorpoream

2284 3522 2511 3575 rationis
2557 3520 2892 3573 vivacitatem
2932 3516 3145 3584 corpori
3191 3512 3431 3577 misceat,
3477 3507 3583 3564 nisi
3627 3504 3865 3577 quaedam

2284 3614 2572 3681 coaptatio,
2599 3622 2653 3666 et
2683 3612 2844 3666 veluti
2872 3610 3110 3679 gravium
3139 3607 3440 3674 leviumque
3472 3616 3687 3666 vocum,
3722 3597 3867 3667 quasi

2287 3721 2447 3760 unam
2488 3705 2893 3761 consonantiam
2933 3702 3191 3762 efficiens,
3236 3694 3585 3763 temperatio?
3615 3690 3752 3758 Quid
3789 3697 3864 3743 est

2286 3807 2465 3852 autem
2492 3797 2636 3851 aliud
2668 3796 2812 3865 quod
2841 3796 3011 3862 ipsius
3030 3793 3170 3847 inter
3196 3806 3255 3845 se
3298 3774 3479 3856 partes
3517 3786 3707 3839 anima!
3745 3795 3865 3833 eon-

2281 3888 2493 3959 jungat,
2515 3904 2633 3956 quae
2657 3889 2738 3956 (ut
2764 3886 3034 3942 Aristoteli
3068 3880 3258 3952 placet)
3284 3896 3349 3934 ex
3385 3875 3689 3934 rationabili
3737 3873 3864 3926 irra-

2277 3979 2636 4047 tionabilique
2659 3979 2943 4047 conjuncta
2973 3975 3087 4030 est?
3134 3974 3270 4041 Quid
3304 3987 3430 4025 vero
3455 3968 3598 4039 quod
3627 3964 3863 4034 corporis

2288 4071 2550 4126 elementa
2583 4070 2916 4138 permi~ceat,
2948 4078 3037 4121 aut
3080 4076 3255 4135 partes
3278 4063 3494 4117 sibimet
3525 4071 3634 4115 rata
3655 4066 3866 4122 coapta-

2290 4165 2434 4215 tione
2458 4160 2761 4216 contineat?
2790 4159 2893 4214 Sed
2921 4158 2988 4212 de
3018 4158 3119 4213 bac
3145 4170 3356 4225 quoque
3381 4152 3641 4219 posterius
3667 4146 3863 4200 dicant.

2291 4258 2469 4311 Tertia
2502 4266 2584 4310 est
2617 4258 2839 4319 musica,
2870 4250 2990 4323 qua:
3024 4254 3077 4307 in
3123 4248 3435 4320 quibusdam
3466 4246 3765 4299 consistere
3790 4243 3864 4293 di-

2289 4354 2430 4406 citur
2458 4350 2850 4406 instrumentis.
2884 4348 3008 4402 Hinc
3035 4360 3164 4401 vero
3196 4341 3617 4399 administratur,
3660 4346 3752 4390 aut
3791 4337 3865 4388 in-

2294 4446 2549 4507 tentione,
2585 4456 2639 4498 ut
2668 4442 2869 4507 nervis,
2899 4450 2989 4494 aut
3014 4437 3225 4506 spiritu,
3262 4445 3321 4489 ut
3348 4433 3508 4495 tibiis,
3534 4431 3620 4484 vel
3648 4430 3731 4483 bis
3752 4441 3865 4494 qua:

2282 4539 2356 4593 .ad
2380 4554 2573 4605 aquam
2605 4547 2911 4599 moventur,
2938 4542 3029 4588 aut
3069 4530 3413 4599 percussione
3441 4525 3693 4595 quatiant,
3728 4532 3789 4575 ut
3819 4526 3866 4573 in

668 4631 939 4701 Principio
961 4630 1125 4701 igitur
1145 4631 1211 4685 de
1240 4631 1441 4685 musica
1469 4631 1778 4697 disserenti,
1806 4630 1937 4685 illud
1966 4629 2179 4685 interim
2208 4608 2263 4669 Ῑ)
2287 4633 2370 4686 bis
2424 4648 2542 4699 qua:
2583 4632 2634 4685 in
2665 4643 2899 4685 concava
2935 4626 3177 4697 quaedam
3207 4626 3355 4693 virga
3401 4636 3540 4676 aerea
3586 4619 3866 4679 feriuntur,

592 4724 877 4778 dicendum
907 4723 1137 4787 videtur,
1169 4734 1298 4791 quot
1342 4723 1561 4777 musicae
1588 4737 1787 4792 genera
1816 4722 1889 4777 ab
1922 4722 2041 4792 ejus
2067 4731 2180 4776 stuc

589 4817 763 4873 diosis
812 4816 1199 4886 comprehensa
1242 4831 1361 4870 esse
1415 4816 1745 4869 noverimus.
1800 4813 1940 4871 Sunt
1998 4823 2177 4867 autem

595 4910 716 4964 tria.
769 4910 833 4963 Et
864 4910 1031 4978 prima
1061 4908 1279 4976 quidem
1322 4908 1587 4961 mundana
1632 4917 1746 4969 est;
1789 4904 2025 4959 secunda
2052 4917 2184 4958 vero

596 5001 858 5063 humana;
886 4999 1043 5054 tertia
1069 5013 1192 5067 quc
1216 4998 1267 5050 in
1294 4996 1614 5066 quibusdam
1632 5006 1653 5035 ο
1685 4996 1972 5051 constituta
1999 5003 2080 5049 est
2102 4995 2181 5049 in-

592 5091 931 5155 strumentis,
984 5098 1043 5143 ut
1088 5089 1144 5143 in
1190 5089 1395 5142 cithara
1434 5086 1518 5140 vel
1572 5086 1631 5139 in
1668 5086 1829 5151 tibiis,
1863 5083 2181 5152 ueterisque

592 5200 713 5255 qua:
741 5183 1027 5239 cantilena
1066 5182 1404 5236 famulantur.
1460 5181 1525 5233 Et
1570 5180 1799 5247 primum
1842 5192 1909 5233 ea
1949 5190 2069 5245 quae
2097 5184 2183 5229 est

593 5278 864 5334 mundana
893 5277 944 5332 in
975 5276 1058 5331 his
1082 5278 1311 5329 maxime
1340 5272 1711 5344 perspicienda
1735 5278 1819 5325 est
1845 5286 1963 5339 qna:
1984 5270 2040 5324 in
2062 5270 2182 5339 ipso

592 5374 753 5441 οωιο,
776 5372 865 5428 vel
897 5385 1155 5440 compage
1185 5369 1601 5431 elementorum,
1631 5366 1717 5420 vel
1757 5373 2063 5435 temporum
2087 5376 2181 5417 va-

594 5464 784 5519 rietate
813 5466 1078 5519 visuntur.
1114 5460 1217 5529 Qui
1247 5462 1393 5516 enim
1425 5460 1543 5514 fieri
1573 5465 1767 5528 potest,
1801 5467 1858 5511 It
1887 5466 1994 5509 tam
2024 5454 2183 5512 velox

595 5559 716 5614 coeli
767 5559 1011 5613 machina
1054 5557 1213 5611 tacito
1250 5554 1538 5622 silentique
1567 5566 1727 5608 cursu
1765 5549 2087 5607 moveatur?
2116 5549 2185 5603 Et

595 5652 638 5701 si
676 5651 740 5704 ad
784 5660 995 5704 nostras
1033 5664 1191 5703 aures
1229 5663 1393 5703 sonus
1424 5646 1517 5702 ille
1560 5660 1671 5699 non
1725 5642 1999 5712 pervenit,
2040 5637 2220 5719 quod.

672 5831 696 5858 ⁸
731 5823 837 5876 Fit.
915 5827 941 5863 ι)
976 5825 1038 5877 In
1070 5825 1291 5891 antiquis
1312 5823 1487 5883 moria.

1568 5833 1591 5860 ι
1621 5819 1887 5881 halitum.
1950 5817 2010 5889 μα
2030 5819 2306 5889 Decerntts.

2287 4737 2455 4794 atque
2484 4723 2609 4777 inde
2637 4723 2832 4777 diversi
2868 4720 3170 4774 efficiuntur
3196 4717 3334 4772 soni.
3375 4716 3453 4769 De
3480 4713 3576 4768 hac
3598 4710 3754 4780 igitur
3787 4709 3871 4761 in-

2286 4840 2303 4867 εν
2317 4827 2703 4871 trumentorum
2728 4814 2927 4867 musica
2948 4812 3171 4877 primum
3197 4808 3300 4863 hoc
3312 4821 3477 4877 opere
3495 4801 3868 4873 disputandum

2286 4908 2518 4960 videtur.
2542 4905 2647 4961 Sed
2676 4902 2919 4973 procemii
2948 4903 3074 4954 satis
3101 4910 3200 4955 est.
3234 4899 3383 4953 Nunc
3398 4897 3465 4952 de
3494 4896 3626 4965 ipsis

2287 4999 2568 5057 elementis
2590 5005 2677 5053 est
2696 4993 3091 5052 disserendum.

2818 5152 2823 5157 _
2896 5084 3241 5140 CAPUTIH.

2572 5181 2651 5235 De
2675 5179 2877 5234 vocibus
2898 5193 2959 5231 ac
2984 5178 3046 5231 de
3070 5177 3275 5231 musica
3301 5174 3579 5229 elementis.

2360 5276 2743 5336 Consonantia,
2771 5286 2893 5339 quae
2930 5285 3143 5324 omnem
3194 5268 3413 5323 musica:
3453 5262 3870 5319 modulationem

2292 5368 2449 5435 regit,
2473 5374 2667 5435 praeter
2686 5379 2875 5419 sonum
2906 5361 3018 5415 fieri
3043 5374 3147 5415 non
3173 5368 3363 5427 potest.
3388 5356 3565 5413 Sanus
3584 5369 3714 5409 veto
3743 5368 3874 5421 pne-

2292 5472 2374 5513 ter
2394 5456 2679 5527 quemdam
2706 5454 2915 5523 pulsum
2944 5452 3448 5522 percussionemque
3477 5464 3583 5503 non
3612 5446 3872 5502 redditur.

2293 5550 2489 5607 Pulsus
2520 5563 2648 5601 vero
2676 5556 2837 5615 atque
2862 5546 3135 5615 percussio
3156 5543 3305 5600 nullo
3338 5541 3499 5595 modo
3520 5554 3643 5595 esse
3682 5545 3874 5605 po:est,

2296 5641 2397 5697 nisi
2427 5640 2765 5710 praecesserit
2786 5647 2979 5691 motus.
3014 5635 3067 5690 Si
3098 5638 3239 5689 enim
3269 5644 3457 5690 cuncta
3482 5634 3593 5687 sint
3626 5630 3877 5687 immobin

2390 5826 2413 5853 ⁸
2447 5814 2626 5887 Εῇενι.
