4160 6256
330 359 474 418 H75
528 382 535 387 ·

1674 361 1760 419 DE
1798 360 2046 419 MUSICA
2088 362 2214 417 LIB.
2254 362 2294 417 Ι.

3479 369 3618 427 1176

329 473 425 541 lia,
466 485 575 527 non
621 471 821 543 poterit
856 472 1084 528 alterum
1135 469 1288 527 alteri
1327 482 1673 539 concurrere,
1709 485 1764 527 ut
1794 474 1927 526 alte-
1956 475 2016 538 Α
2041 474 2205 543 tiplex
2238 475 2325 531 ubl
2356 476 2527 548 major
2555 491 2811 533 numerus
2840 480 3102 537 minorem
3148 494 3432 537 numerum
3459 482 3622 539 habet

331 582 452 621 rum
486 564 801 636 impellatur
828 564 897 622 ab
926 567 1117 620 altero.
1151 564 1255 619 Sed
1283 566 1493 620 cunctis
1525 565 1788 620 stantibus
1816 582 1934 619 rno-

333 666 499 727 tuqne
521 656 851 726 carentibus,
882 660 1082 713 nullum
1116 657 1231 713 fieri
1263 673 1484 714 necesse
1506 667 1588 713 est
1612 673 1823 713 sonum.
1848 658 1934 713 ldo

331 751 477 805 circo
532 750 785 807 definitur
837 766 1042 807 sonus:
1088 750 1245 805 Aeris
1297 751 1568 819 percussio
1619 750 1933 804 indissoluta

331 858 503 913 usque
533 845 599 901 ad
621 844 883 901 auditum.
915 846 1148 899 Motuum
1178 857 1305 899 vero
1329 843 1415 898 alii
1450 834 1573 898 sunt
1612 842 1928 909 velociores,

330 935 423 987 alii
480 934 762 1003 tardiores,
812 938 1233 1001 eorumdcmque
1279 948 1519 991 motuum
1558 938 1645 991 alii
1692 938 1928 992 rariores

330 1036 479 1091 sunt,
502 1027 590 1081 alii
623 1025 923 1093 spissiores.
953 1027 1085 1082 Nam
1116 1028 1293 1098 siquis
1314 1030 1363 1081 in
1388 1028 1697 1083 continuum
1722 1039 1925 1082 motum

328 1117 603 1183 respicitt,
635 1118 708 1171 ibi
731 1129 819 1172 aut
849 1118 1192 1175 velocitatem
1249 1128 1339 1173 aut
1369 1120 1672 1173 tarditatem
1706 1132 1928 1174 necesse

328 1218 416 1262 est
444 1212 883 1279 comprehendat.
911 1214 1005 1269 Sin
1034 1229 1163 1267 vero
1185 1214 1305 1284 quis
1336 1224 1551 1268 moveut
1579 1230 1818 1276 manum,
1838 1222 1930 1268 aut

326 1298 598 1372 frequenti
630 1320 749 1360 eam
778 1316 923 1360 motu
958 1307 1196 1361 movebit
1236 1318 1327 1362 aut
1365 1323 1507 1362 raro.
1560 1307 1623 1361 Et
1662 1306 1707 1359 si
1742 1306 1926 1360 tardus

324 1394 546 1466 quidem
576 1397 734 1452 fuerit
760 1414 823 1453 ac
848 1397 1023 1452 rarior
1050 1409 1244 1461 motus,
1270 1414 1459 1469 graves
1488 1413 1705 1453 necesse
1736 1407 1820 1452 est
1850 1412 1929 1451 so.

324 1503 429 1542 nos
454 1488 594 1543 effici
626 1492 745 1558 ipsa
782 1489 1035 1545 tarditate
1057 1501 1111 1545 et
1134 1493 1354 1546 raritate
1379 1490 1631 1558 pellendi.
1669 1489 1762 1547 Sin
1792 1505 1923 1545 vero

324 1591 507 1637 motus
538 1582 643 1638 sint
674 1585 876 1639 celeres
898 1599 962 1639 ac
992 1583 1174 1654 spissi,
1202 1594 1387 1638 acutos
1417 1582 1564 1638 reddi
1596 1598 1817 1637 necesse
1840 1590 1923 1637 est

324 1690 514 1730 sonos.
547 1675 750 1731 idcirco
776 1672 919 1731 enim
964 1672 1105 1731 idem
1141 1693 1336 1732 nervus
1373 1676 1416 1731 si
1465 1675 1771 1730 intendatur
1811 1688 1920 1727 am-

322 1767 491 1837 plius,
524 1777 737 1822 acutum
781 1778 975 1833 sanat;
1020 1769 1063 1821 si
1094 1768 1417 1833 remittatur,
1450 1783 1633 1838 grave.
1684 1765 1915 1835 Quando

2042 566 2093 620 in
2119 581 2177 621 se
2201 575 2389 632 totum,
2416 568 2499 623 vel
2528 568 2631 634 bis,
2664 568 2752 625 vel
2783 552 2883 633 ter,
2918 573 3003 625 vel
3035 582 3242 641 quater,
3262 571 3616 642 acdeiuceps,

2041 658 2283 729 nihilque
2315 660 2485 725 deest,
2521 660 2761 731 nihilque
2805 662 3083 727 exuberat,
3112 665 3509 735 appellaturque
3535 665 3621 723 vel

2039 750 2285 819 duplum,
2315 753 2399 806 vel
2425 754 2661 822 triplum,
2695 755 2780 810 vel
2806 755 3184 826 quadruplum,
3210 767 3367 827 atque
3387 758 3453 812 ad
3480 759 3622 815 hunc

2039 845 2285 901 ordinem
2317 846 2370 901 in
2403 847 2607 902 infinita
2641 848 2999 919 progreditur.
3038 850 3342 906 Secundum
3370 867 3499 908 vero
3542 853 3624 907 in-

2014 937 2364 1023 ‘mqualitatis
2414 953 2585 1009 genus
2614 949 2697 994 est
2724 942 2867 1007 quod
2897 943 3195 1011 appellatur
3224 946 3624 1011 superparticu~

2036 1027 2170 1093 lare,
2204 1028 2256 1083 id
2286 1041 2368 1085 est
2397 1046 2517 1087 cum
2561 1032 2732 1101 major
2764 1048 3019 1088 numerus
3048 1035 3311 1088 minorem
3344 1051 3624 1092 numerum

2039 1121 2200 1175 habet
2233 1123 2285 1176 in
2308 1136 2367 1176 se
2419 1134 2586 1177 totum
2607 1164 2623 1189 ,
2654 1133 2709 1179 et
2740 1140 2898 1179 unam
2953 1126 3067 1195 ejus
3099 1127 3329 1196 aliquant
3376 1137 3581 1197 partem
3609 1170 3623 1192 ,

2037 1228 2273 1282 eamque
2306 1214 2387 1268 vel
2418 1214 2692 1269 dimidiam
2722 1258 2738 1284 ,
2768 1227 2828 1271 ut
2860 1226 2967 1272 tres
3016 1218 3242 1271 duorum
3265 1258 3278 1283 ,
3312 1229 3364 1271 et
3408 1229 3623 1273 vocatur

2038 1306 2394 1373 seSquialtera
2442 1309 2752 1377 proportio,
2782 1310 2862 1362 vel
2919 1312 3167 1374 tertiam,
3198 1319 3254 1364 ut
3304 1321 3529 1379 quatuor
3559 1311 3623 1369 ad

2040 1406 2173 1462 tres,
2205 1407 2259 1453 et
2285 1408 2508 1453 vocatur
2536 1400 2895 1471 sesqttitertia.
2932 1402 3011 1454 Ad
3055 1402 3194 1456 hunc
3219 1404 3379 1457 etiam
3408 1402 3623 1459 modum

2038 1490 2094 1543 in
2117 1491 2507 1560 posterioribus
2540 1493 2778 1547 numeris
2809 1507 2933 1559 pars
2954 1493 3131 1559 aliqua
3156 1509 3180 1544 τι
3214 1492 3505 1561 majoribus
3533 1509 3622 1551 su-

2032 1594 2132 1649 per
2156 1580 2394 1637 minores
2418 1597 2667 1637 numeros
2693 1585 3015 1637 continetur.
3042 1583 3281 1637 Tertium
3300 1600 3434 1651 vero
3452 1600 3623 1653 genus

2034 1672 2417 1741 inaequalitatis
2436 1683 2542 1737 est,
2562 1676 2809 1743 quotiens
2831 1674 3003 1741 major
3021 1690 3277 1728 numerus
3299 1683 3464 1728 totum
3490 1676 3622 1729 intra

2036 1778 2097 1820 se
2127 1766 2392 1821 minorem
2416 1768 2678 1833 centinet,
2712 1777 2765 1821 et
2788 1767 2904 1833 ejus
2932 1766 3235 1835 aliquantus
3257 1766 3475 1834 insuper
3507 1779 3623 1832 parv

318 1860 473 1915 enim
505 1861 706 1931 tensior
728 1870 830 1927 est,
854 1859 1180 1916 velociorem
1205 1861 1415 1932 pulsum
1444 1860 1643 1927 reddit,
1674 1859 1928 1915 celerius—
1957 1848 2010 1915 Β
2038 1866 2143 1926 tes,
2173 1869 2226 1912 et
2255 1857 2300 1912 si
2326 1858 2457 1925 duas
2487 1860 2703 1929 quidem
2725 1874 2888 1928 supra
2910 1856 3170 1921 continet,
3204 1857 3481 1911 vocabitur
3505 1870 3624 1922 pro-

316 1968 442 2019 que
472 1952 782 2017 revertitur,
801 1961 857 2008 et
884 1951 1219 2023 frequentius
1247 1968 1309 2007 ac
1338 1952 1561 2021 spissius
1585 1967 1762 2006 aerem
1781 1949 1921 2006 ferit.
2036 1949 2214 2021 portio
2244 1951 2730 2019 superbipartiens,
2767 1958 2820 2002 ut
2864 1958 2987 2004 sunt
3009 1948 3241 2015 quinque
3270 1948 3336 2001 ad
3370 1956 3496 2001 tres.
3529 1947 3623 2003 Sin

315 2041 429 2110 Qui
463 2058 594 2097 vero
624 2038 800 2098 laxior
829 2053 945 2112 est,
976 2045 1185 2099 solutos
1218 2060 1281 2099 ac
1318 2043 1500 2098 tardos
1536 2044 1720 2113 pulsus
1749 2040 1925 2109 eﬂert,
2034 2057 2167 2097 vero
2212 2050 2323 2095 tres
2352 2057 2512 2111 super
2550 2056 2610 2097 se
2641 2041 2901 2105 continet,
2934 2040 3210 2095 vocabitur
3257 2041 3622 2107 superuipar-

314 2146 593 2203 rarusque
619 2135 731 2204 ipsa
762 2132 1127 2191 imbecillitate
1167 2134 1409 2201 feriendi,
1445 2151 1545 2189 nec
1574 2135 1771 2190 diutius
1812 2145 1924 2190 tre-
2034 2135 2197 2196 tiens,
2228 2144 2282 2188 ut
2311 2144 2436 2189 sunt
2456 2142 2663 2201 septem
2682 2132 2749 2186 ad
2771 2140 3020 2200 quatuor.
3052 2132 3118 2185 Et
3141 2131 3193 2185 in
3215 2131 3427 2185 caeteris
3455 2141 3476 2167 ε
3501 2131 3623 2199 qui-

312 2223 446 2279 mit.
480 2225 662 2293 Neque
688 2225 831 2282 enim
873 2228 1120 2297 quotiens
1152 2227 1351 2283 chorda
1388 2227 1634 2296 pelliur,
1670 2243 1806 2283 unus
1837 2227 1926 2283 edi
2034 2227 2159 2282 dem
2186 2227 2375 2282 eadem
2400 2227 2694 2282 similitudo
2723 2241 2843 2280 esse
2874 2234 3065 2293 potest.
3097 2225 3354 2291 Quartum
3385 2240 3515 2279 vero
3539 2232 3624 2280 est

312 2320 536 2372 tantum
586 2318 855 2386 putandus
894 2328 977 2373 est
1028 2334 1213 2383 sonus,
1247 2329 1335 2372 aut
1382 2334 1541 2372 unam
1585 2318 1635 2372 in
1681 2320 1763 2372 his
1806 2333 1926 2373 esse
2034 2318 2417 2387 inmqualitatis
2448 2333 2636 2386 genus,
2666 2317 2807 2386 quod
2838 2331 2903 2370 ex
2932 2315 3214 2384 multiplici
3250 2327 3302 2369 et
3333 2322 3621 2385 superpar-

310 2409 755 2478 percussionem,
788 2409 881 2463 sed
912 2411 1106 2464 totiens
1157 2425 1249 2463 aer
1293 2409 1477 2464 feritur
1517 2409 1763 2478 quotiens
1800 2424 1925 2464 eum
2035 2412 2248 2466 ticulari
2277 2411 2639 2479 cunjungitur,
2664 2424 2784 2464 cum
2817 2408 3025 2465 scilicet
3051 2408 3223 2477 major
3248 2398 3502 2464 numerus
3527 2411 3622 2465 ha-

311 2497 530 2555 cborda
563 2496 915 2553 tremebunda
951 2498 1294 2567 percusserit.
1325 2499 1429 2554 Sed
1453 2500 1701 2569 quoniam
1726 2498 1924 2569 juncta:
2033 2500 2123 2558 bet
2154 2502 2207 2556 in
2238 2517 2299 2555 se
2330 2504 2590 2557 minorem
2634 2516 2949 2565 numerum,
2980 2501 3065 2555 vel
3107 2500 3189 2555 bis
3209 2539 3224 2563 ,
3259 2502 3346 2555 vel
3393 2511 3507 2566 ter,
3536 2501 3620 2557 vel

312 2602 455 2646 sunt
485 2588 798 2645 velocitales
838 2605 1117 2659 sonorum,
1149 2591 1291 2645 nulla
1325 2588 1669 2657 intercapedo
1697 2589 1924 2642 sentitur
2031 2594 2395 2664 quotiestibet,
2429 2602 2587 2663 atque
2608 2593 2726 2661 ejus
2756 2608 2915 2647 unam
2945 2593 3177 2662 aliquam
3212 2604 3439 2661 partem.
3479 2594 3546 2647 Et
3574 2593 3618 2647 si

313 2681 571 2736 auribus.
602 2680 669 2735 Et
705 2695 844 2734 unus
872 2695 1036 2735 sonus
1060 2695 1277 2735 sensum
1329 2679 1475 2749 pellit
1497 2681 1577 2735 vel
1610 2682 1808 2749 gravis,
1838 2682 1925 2735 vel
1960 2750 1965 2753 κ
2028 2701 2155 2741 eum
2192 2687 2275 2740 bis
2306 2685 2503 2749 habet,
2544 2695 2599 2739 et
2626 2685 2743 2753 ejus
2770 2684 3048 2738 dimidiam
3077 2695 3307 2753 partem,
3340 2685 3620 2738 vocabitur

313 2766 541 2837 acutus,
570 2773 815 2844 quamvis
851 2782 1073 2840 uterque
1101 2788 1166 2825 ex
1210 2772 1450 2840 pluribus
1480 2781 1708 2839 constet,
1747 2772 1925 2841 gravis
2031 2780 2231 2846 duplex
2259 2777 2600 2845 sesquialter,
2633 2785 2834 2831 utsuut
2854 2776 3091 2845 quinque
3118 2776 3184 2829 ad
3209 2776 3337 2833 duo.
3366 2776 3466 2831 Sin
3491 2791 3619 2829 vero
3666 2804 3671 2808 -

313 2860 546 2933 quidem
577 2879 641 2917 ex
670 2862 991 2918 tardioribus
1016 2871 1069 2916 et
1099 2862 1411 2921 rarioribus.
1455 2872 1641 2915 acutus
1681 2876 1808 2914 vero
1856 2876 1925 2915 ex
2032 2869 2119 2923 his
2145 2868 2322 2922 minor
2349 2867 2739 2931 continebitur,
2758 2875 2814 2920 et
2835 2867 2951 2935 ejus
2978 2866 3135 2920 tertia
3165 2880 3313 2935 pars,
3340 2866 3619 2921 vocabitur

314 2963 345 2996 ι
379 2952 657 3012 celeribus
693 2970 755 3010 ac
784 2954 992 3024 spissis,
1024 2953 1189 3007 veluti
1223 2953 1268 3007 si
1296 2969 1514 3017 conum,
1539 2968 1695 3021 quem
1736 2951 1920 3006 turbo-
2031 2957 2231 3027 duplex
2250 2957 2651 3025 sesquitertius,
2672 2964 2727 3010 ut
2748 2965 2874 3010 sunt
2902 2964 3109 3023 septem
3132 2956 3200 3010 ad
3218 2966 3346 3011 tres.
3371 2954 3462 3010 Sin
3486 2970 3617 3011 vero

316 3063 455 3105 nem
490 3057 700 3109 vocant,
732 3044 850 3118 quis
880 3046 1166 3119 diligenter
1208 3044 1236 3085 ι)
1277 3056 1518 3112 exornet,
1564 3046 1722 3116 eique
1763 3061 1921 3100 unum
2032 3049 2195 3106 tertio
2222 3047 2625 3115 continebitur,
2674 3056 2727 3102 ct
2750 3049 2867 3116 ejus
2903 3046 3125 3102 dimidia
3169 3061 3313 3116 pars,
3346 3049 3620 3102 vocabitur

317 3141 597 3209 virgulam
626 3141 824 3196 coloris
847 3136 993 3194 rubri
1028 3136 1110 3195 vel
1140 3138 1361 3194 alterius
1386 3139 1564 3204 ducat,
1586 3148 1641 3193 et
1668 3153 1790 3193 eum
1818 3153 1924 3207 qua

318 3239 513 3301 potest
548 3230 827 3285 celeritate
872 3242 1173 3293 convertat,
1219 3240 1343 3283 tunc
1374 3242 1515 3285 totus
1542 3245 1710 3285 conus
1757 3230 1927 3285 rubro

322 3323 513 3376 colore
550 3322 758 3376 videtur
798 3319 1047 3385 infectus,
1092 3337 1198 3374 non
1243 3321 1382 3390 quod
1414 3330 1555 3375 totus
1603 3320 1673 3375 ita
1704 3321 1792 3387 sit,
1825 3320 1924 3376 sed

323 3412 477 3484 quod
507 3422 688 3484 partes
710 3428 871 3482 puras
900 3414 1074 3468 rubra:
1109 3412 1275 3480 virgm
1295 3412 1544 3467 velocitas
1573 3410 1927 3480 comprehen-

325 3502 448 3569 dat,
477 3513 531 3558 et
557 3518 817 3573 apparere
844 3519 947 3559 non
974 3505 1131 3557 sinat.
1165 3500 1270 3557 Sed
1303 3502 1368 3556 de.
1395 3502 1478 3557 his
1510 3505 1798 3573 posterius.
1827 3504 1928 3574 lgi-

327 3602 426 3650 tur
445 3594 697 3662 quoniam
726 3603 899 3672 acutae
927 3610 1089 3649 voces
1117 3592 1461 3662 spissioribus
1490 3603 1543 3648 et
1566 3594 1925 3650 velocioribus

330 3686 573 3741 motibus
603 3685 907 3749 incitantur,
939 3700 1134 3755 graves
1165 3701 1290 3740 vero
1315 3685 1633 3740 tardioribus
1658 3702 1722 3741 ac
1762 3688 1924 3755 raris,

332 3777 511 3845 lzquet
553 3776 828 3830 additione
868 3776 1097 3846 quadam
1144 3788 1383 3832 motuum
1419 3793 1483 3832 ex
1515 3778 1776 3848 gravitate
1803 3794 1931 3836 acu-

334 3881 465 3921 men
492 3866 717 3932 intendi,
749 3866 1078 3922 detractione
1104 3883 1231 3923 vero
1259 3880 1497 3923 motuum
1527 3870 1694 3925 laxari
1715 3886 1778 3925 ex
1805 3885 1931 3926 acu-

336 3961 487 4014 mine
515 3962 851 4030 gtavitatem.
879 3960 953 4015 Ex
986 3962 1224 4031 pluribus
1254 3963 1395 4017 enim
1426 3965 1657 4019 motibus
1678 3980 1928 4031 acumen,

336 4068 499 4123 quam
530 4055 768 4123 gravitas
809 4063 1038 4111 constat.
1088 4055 1147 4109 ln
1182 4054 1375 4125 quibus
1428 4067 1603 4111 autem
1655 4055 1931 4125 pluralitas

335 4146 698 4204 differentiam
733 4146 878 4211 facit,
903 4162 1021 4201 eam
1055 4162 1277 4203 necesse
1302 4157 1384 4202 est
1409 4149 1461 4203 in
1489 4149 1719 4219 quadam
1744 4162 1930 4204 nume-

336 4238 564 4293 rositate
589 4239 909 4294 consistere.
940 4240 1125 4295 Omnis
1149 4255 1273 4295 vero
1296 4241 1535 4310 paucitas
1552 4242 1621 4297 ad
1648 4241 1929 4310 pluralita-

336 4340 453 4383 tern
484 4331 553 4382 ita
581 4343 701 4383 sese
730 4328 917 4396 habet,
945 4338 1003 4383 ut
1025 4344 1279 4385 numerus
1308 4332 1376 4386 ad
1406 4348 1686 4388 numerum
1716 4348 1933 4403 compa-

338 4430 514 4475 ratus.
548 4419 743 4474 Eorum
779 4434 907 4474 vero
938 4434 1057 4489 quae
1092 4422 1386 4477 secundum
1429 4441 1709 4480 numerum
1747 4426 1934 4481 confe-

339 4521 561 4580 runtur,
591 4512 781 4580 partim
828 4510 930 4565 sibi
966 4522 1092 4566 sunt
1126 4512 1369 4581 aequalia,
1401 4516 1592 4583 partim
1624 4517 1928 4585 inaequalia.

2032 3141 2231 3210 triplex
2262 3139 2617 3209 semuialiter,
2642 3149 2702 3192 ut
2728 3147 2852 3193 sunt
2872 3146 3077 3207 septem
3103 3136 3170 3190 ad
3199 3137 3326 3190 duo.
3352 3138 3524 3206 Atque
3552 3139 3619 3193 ad

2034 3232 2285 3288 eumdem
2317 3229 2537 3289 modum
2567 3229 2621 3285 in
2666 3229 2877 3284 caeteris
2907 3239 2963 3283 et
3003 3228 3409 3296 multiplicitatis
3431 3239 3487 3283 et
3526 3244 3617 3289 su-

2037 3321 2581 3391 perparticttlaritatis
2628 3320 2891 3376 vocabula
2923 3320 3217 3374 variantur.
3256 3319 3509 3385 Quintum
3539 3330 3623 3373 est

2035 3414 2205 3485 genus
2232 3414 2635 3483 inaqualitatis,
2654 3413 2795 3482 quod
2817 3413 3116 3481 appellatur
3135 3412 3412 3481 multiplex
3435 3422 3622 3481 super-

2038 3504 2302 3573 partietts,
2332 3502 2545 3573 quando
2577 3502 2752 3570 major
2776 3516 3030 3558 numerus
3053 3501 3313 3558 minorem
3341 3516 3622 3557 nurerum

2040 3596 2203 3650 habet
2226 3596 2279 3649 in
2301 3609 2363 3655 se
2394 3604 2562 3648 totum
2593 3595 2872 3664 plusquam
2907 3593 3098 3657 semel,
3127 3602 3183 3648 et
3203 3593 3320 3663 ejus
3343 3592 3623 3663 plusquam

2042 3703 2204 3743 unam
2227 3687 2461 3756 aliquam
2491 3696 2720 3757 partem.
2747 3686 2811 3741 Et
2838 3687 2887 3742 si
2925 3686 3008 3743 bis
3047 3685 3219 3756 major
3246 3698 3501 3742 numerus
3520 3687 3625 3742 Ini-

2040 3794 2233 3834 norem
2265 3792 2547 3834 numerum
2594 3777 2913 3845 continebit,
2961 3777 3202 3847 duasque
3251 3781 3369 3844 ejus
3408 3778 3625 3846 insuper
3712 3782 3715 3787 ’

2042 3879 2246 3941 partes,
2268 3870 2542 3925 vocabitur
2559 3869 2759 3938 duplex
2779 3869 3265 3937 superhipartiens,
3291 3876 3349 3922 ut
3368 3877 3494 3923 sunt
3514 3876 3625 3922 tres

2042 3963 2111 4017 ad
2130 3973 2274 4026 octo,
2298 3970 2351 4016 et
2374 3976 2559 4016 rursus
2586 3963 2775 4029 triplex
2797 3959 3270 4029 superhipartiens,
3295 3968 3354 4013 ut
3372 3968 3495 4014 sunt
3517 3967 3626 4015 tres

2042 4055 2113 4109 ad
2142 4054 2411 4111 undecim.
2449 4054 2526 4108 Ac
2548 4055 2615 4108 de
2638 4053 2724 4107 bis
2760 4052 2964 4107 idcirco
2993 4066 3136 4108 nunc
3162 4052 3388 4107 Strictim
3413 4066 3479 4106 ae
3508 4053 3626 4106 ιιι-υς

2044 4147 2183 4202 viter
2193 4163 2255 4200 ex
2263 4144 2801 4216 plicamus,quoniam
2814 4143 2866 4198 in
2887 4142 3036 4199 libris
3048 4142 3263 4213 quosde
3275 4142 3626 4199 Aritbmetica
3718 4152 3731 4161 '

2040 4240 2381 4295 institutione
2422 4238 2861 4308 conscripsimus,
2896 4238 3207 4305 diligentius
3243 4236 3612 4293 enodavimul.

2665 4328 2891 4385 CAPUT
2946 4328 3006 4382 V.

2125 4422 2251 4485 Quae
2285 4423 2653 4493 imaquatitatis
2680 4423 2870 4491 species
2915 4421 3262 4474 consonantiis
3296 4429 3554 4489 aptentur.

2122 4511 2200 4564 Ex
2224 4511 2309 4565 his
2336 4514 2493 4583 igitur
2510 4512 2891 4580 inmqualitatis
2910 4510 3194 4579 generibus
3212 4518 3477 4577 postrema
3500 4509 3626 4573 duo,

338 4605 612 4673 Quocirca
660 4605 777 4658 soni
808 4619 1019 4673 quoque
1051 4606 1242 4674 partim
1281 4616 1405 4661 sunt
1441 4609 1697 4678 aquales,
1744 4574 2021 4677 partim”
2045 4602 2303 4674 quoniam
2330 4618 2398 4656 ex
2428 4602 2795 4671 superioribus
2820 4600 2982 4654 mixta
3005 4609 3151 4663 sunt,
3185 4595 3211 4635 ἀ
3238 4599 3622 4666 relinquamus.

341 4712 480 4750 vero
506 4706 627 4751 sunt
658 4696 1018 4765 inmqualitate
1046 4696 1324 4753 distantes.
1359 4697 1464 4753 Sed
1498 4702 1551 4753 in
1583 4698 1664 4751 his
1687 4697 1931 4765 Vocibus,

341 4802 473 4859 qua:
502 4790 641 4842 nulla
668 4789 1027 4859 inrequalitate
1047 4789 1377 4851 discordant,
1399 4791 1544 4845 nulla
1567 4791 1785 4844 omnino
1804 4805 1934 4847 cott-

341 4882 595 4936 sonantia
618 4902 629 4931 ι
648 4890 719 4947 st,
738 4880 938 4937 etenim
956 4883 1300 4937 consonantia
1324 4890 1410 4938 est
1426 4883 1771 4939 dissimilium
1798 4882 1937 4940 inter

340 4986 411 5028 se
436 4986 622 5028 vocum
652 4977 705 5028 in
736 4988 898 5028 unum
920 4974 1133 5032 redacta
1163 4974 1469 5031 concordia.

962 5064 1187 5120 CAPUT
1225 5065 1316 5120 ιν.

723 5156 801 5210 De
836 5159 1095 5227 speciebus
1124 5159 1551 5229 ianualilatum.

427 5249 556 5317 Qua:
584 5265 712 5307 vero
739 5261 864 5307 sunt
893 5252 1196 5320 inaequalia,
1224 5253 1459 5322 quinque
1500 5253 1640 5307 inter
1665 5266 1728 5307 se
1756 5251 1933 5309 modis

349 5336 733 5409 inmqualitatis
781 5351 1053 5398 momenta
1091 5341 1420 5400 custodiunt.
1454 5344 1561 5396 Aut
1600 5343 1742 5396 enim
1789 5341 1931 5397 alte-

346 5446 472 5485 rum
491 5432 558 5487 ab
578 5433 747 5489 altero
775 5435 1123 5505 multiplicate
1147 5433 1565 5499 trauscenditur,
1588 5442 1681 5487 aut
1707 5433 1933 5503 singulis

352 5526 629 5593 partibus,
681 5536 771 5581 aut
802 5528 1072 5597 pluribus,
1098 5537 1189 5581 aut
1229 5527 1621 5595 multiplicitate
1650 5536 1707 5581 et
1748 5538 1933 5595 parte,

346 5624 446 5669 aut
465 5615 858 5684 multiplicitate
882 5628 935 5673 et
963 5618 1221 5689 partibus.
1258 5620 1323 5672 Et
1352 5620 1579 5687 primum
1610 5617 1827 5686 quidem
1856 5619 1941 5672 in-

350 5708 678 5777 mqualitatis
698 5722 868 5777 genus
886 5709 1164 5777 multiplex
1190 5710 1509 5778 appellatur.
1530 5709 1624 5763 Est
1645 5724 1774 5762 vero
1797 5709 1937 5767 mul-

433 5855 458 5883 ι
480 5846 837 5903 Celerioribus.
912 5843 939 5883 ι’
962 5843 1223 5898 Externa.

2048 4695 2125 4750 De
2153 4694 2324 4747 tribus
2352 4706 2480 4747 vero
2512 4690 2779 4759 prioribus
2803 4689 3101 4760 speculatio
3125 4687 3368 4744 facienda
3389 4696 3491 4741 est.
3524 4688 3627 4745 Ob-

2048 4787 2221 4841 tinere
2252 4785 2412 4857 igitur
2462 4784 2723 4854 majorem
2769 4784 2834 4838 ad
2884 4783 3267 4838 consonantias
3311 4792 3628 4852 potestatem

2049 4876 2262 4932 videtur
2285 4876 2590 4947 multiplex,
2617 4881 3009 4944 consequenter
3031 4882 3210 4929 autem
3235 4876 3627 4944 superparticu-

2048 4968 2200 5024 laris.
2231 4966 2647 5038 Superpartiens
2688 4978 2819 5021 vero
2861 4966 2930 5021 ab
2960 4965 3253 5020 harmoniai
3286 4966 3627 5021 concinentia

2047 5070 2347 5131 separatur,
2381 5069 2436 5114 ut
2458 5057 2776 5130 quibusdam
2804 5070 2997 5127 praeter
3024 5058 3370 5114 Ptolemaeum
3402 5058 3627 5112 videtur.

2661 5150 2889 5209 CAPUT
2931 5150 3017 5207 Vl.

2087 5244 2191 5301 Cur
2215 5246 2569 5315 multipliciter
2602 5257 2650 5300 et
2689 5243 3229 5315 mperpartistdarim
3246 5242 3588 5299 consonante“;

2675 5337 2997 5405 deputentur.

2124 5427 2197 5481 Ea
2239 5443 2469 5497 namque
2496 5429 2789 5497 probantur
2816 5425 3209 5496 conparatiqni
3230 5432 3621 5491 eatisentanea,

2046 5533 2171 5587 quas
2210 5528 2339 5575 sunt
2381 5530 2571 5575 natura
2602 5521 2887 5589 simplicia.
2917 5520 2983 5579 Et
3021 5524 3275 5588 quoniam
3310 5519 3543 5587 gravitas
3571 5525 3626 5571 et

2047 5630 2273 5670 acumen
2304 5618 2358 5668 in
2405 5618 2702 5682 quantitate
2747 5612 3076 5679 consistunt,
3107 5627 3172 5669 ea
3216 5610 3446 5669 maxime
3478 5611 3625 5664 vide-

2052 5710 2252 5765 buntur
2279 5721 2496 5761 servare
2531 5716 2777 5760 naturam
2804 5702 3188 5768 concinentite,
3212 5718 3335 5771 qua
3380 5702 3625 5773 diser-etas

1307 5854 1328 5881 ε
1361 5843 1476 5897 Non
1504 5852 1594 5896 est.
1670 5842 1696 5881 ἀ
1725 5845 2070 5909 (Experiamur.
2107 5906 2110 5910 Α
