4160 6256
567 368 707 425 1175

1696 372 1705 379 ι
1798 354 1911 418 ΑΝ.
1952 352 2159 418 MANL.
2204 328 2353 418 δέν.
2400 359 2619 417 nomn

3714 353 3859 413 H76

562 484 943 556 proprietatem
963 479 1272 553 quantitatis
1296 477 1847 548 poteruntcustodire.
1870 476 2003 531 Nam
2023 492 2149 533 cum
2175 486 2230 540 Α
2256 475 2530 530 distantia.
2557 472 2919 527 Consonantia
2943 478 3025 527 est
3045 466 3183 526 acuti
3206 470 3319 525 soni
3337 470 3622 540 gravisque
3650 471 3857 524 mixtu-

568 578 637 633 sit
656 578 759 631 alia
787 576 999 645 quidem
1031 576 1259 629 discreta
1282 573 1572 645 quantitas,
1596 574 1696 627 alia
1722 587 1849 627 vero
1871 572 2146 639 continua,

564 683 627 723 ea
658 682 779 737 qum
808 667 1033 721 discreta
1066 674 1148 718 est
1176 664 1228 719 in
1258 664 1481 717 minimo
1503 664 1717 733 quidem
1750 662 1898 717 ﬁnita
1929 672 2033 728 est,
2055 664 2150 717 sed

566 760 621 813 in
654 759 916 811 inﬁnitum
950 772 1043 825 per
1074 756 1274 825 majora
1306 756 1569 822 proceuit.
1617 754 1855 823 Namque
1884 755 1936 809 in
1968 770 2029 809 ea
2054 754 2151 808 mi-

567 852 709 905 nima
753 850 929 903 unitas
969 851 1263 909 cadentque
1303 850 1448 902 ﬁnita
1482 859 1581 902 εει.
1615 848 1673 901 In
1712 848 1977 901 inﬁnitum
2018 861 2151 902 vero

565 942 759 997 modus
790 941 1110 1008 pluralitatis
1136 950 1379 1009 augetur,
1407 949 1464 993 ut
1486 955 1739 1009 numerus
1770 939 1857 1007 qui
1887 954 2005 993 cum
2032 954 2062 992 a
2092 937 2154 991 li,

563 1034 677 1088 nita
704 1032 921 1102 incipiat
952 1034 1178 1100 unitate,
1205 1032 1479 1086 crescendi
1500 1045 1605 1084 non
1629 1030 1786 1085 habet
1809 1028 1989 1083 ﬁnem.
2017 1030 2154 1083 Rur-

565 1138 658 1179 sus
685 1139 806 1191 qua:
838 1132 918 1177 est
946 1124 1219 1185 continua,
1254 1132 1362 1176 tota
1391 1122 1602 1192 quidem
1633 1121 1777 1175 ﬁnita
1810 1129 1910 1187 est,
1940 1120 2033 1175 sed
2061 1134 2153 1187 per

566 1216 774 1271 inlinita
804 1215 1081 1270 minuitur.
1116 1215 1282 1269 Linea
1313 1215 1455 1268 enim
1504 1229 1621 1284 qua:
1665 1213 1915 1269 continua
1948 1223 2063 1275 est,
2100 1210 2153 1263 in

567 1308 778 1363 inﬁnita
824 1322 1036 1374 semper
1084 1306 1375 1375 partitione
1420 1305 1695 1359 dividitur.
1739 1303 1870 1358 Cum
1924 1303 1993 1357 sit
2040 1301 2156 1371 ejus

567 1414 802 1462 summa,
844 1400 927 1452 vel
962 1397 1255 1464 bipedalis,
1302 1396 1387 1449 vel
1428 1411 1757 1465 quacunque
1800 1396 1904 1447 alia
1935 1394 2156 1448 deﬁnita

568 1504 847 1545 mensura.
877 1490 1141 1555 Quocirca
1169 1496 1424 1541 numerhs
1465 1502 1679 1555 semper
1705 1488 1756 1541 in
1788 1486 1988 1540 inﬁnita
2028 1500 2160 1540 con-

569 1578 789 1647 crescit,
816 1580 1066 1635 contiuua
1099 1594 1227 1633 vero
1252 1580 1520 1648 quantitas
1547 1580 1597 1633 in
1626 1580 1829 1633 inﬁnita
1874 1580 2153 1632 minuitur.

570 1668 932 1738 Multiplicitas
960 1670 1121 1739 igitur
1136 1670 1387 1738 quoniam
1417 1670 1693 1724 crescendi
1727 1670 1888 1723 ﬁnem
1920 1684 2026 1722 non
2062 1670 2157 1723 ha-

571 1760 683 1827 bet,
714 1761 923 1816 numeri
953 1761 1184 1815 maxime
1228 1770 1409 1816 servat
1438 1771 1703 1815 naturam.
1745 1760 2155 1832 Superparticu-

2256 582 2340 629 ra,
2374 567 2612 632 suaviter
2641 564 3089 635 unilormiterque
3119 564 3338 619 auribus
3360 564 3633 619 accidens.
3664 564 3855 619 Disso-

2263 658 2443 712 nautia
2459 673 2586 712 vero
2599 668 2680 712 est
2706 657 2933 712 duorum
2955 673 3206 711 sonorum
3230 657 3448 711 sibimet
3464 658 3856 725 pei'mixtorum

2257 749 2324 804 ad
2356 764 2543 805 aurem
2582 750 2807 804 veniens
2836 765 3025 821 aspera
3052 759 3213 818 atque
3237 747 3518 818 injocuntla
3548 750 3851 818 percussio.

2259 844 2393 903 Nam
2422 846 2548 899 dum
2596 844 2807 899 sibimet
2853 848 3063 902 misceri
3112 848 3335 913 nolunt,
3364 858 3417 901 et
3456 844 3856 914 quodammodo

2260 940 2470 1007 integer
2493 947 2720 1007 uterque
2744 940 2930 993 nititur
2954 940 3259 1007 pervenire,
3291 954 3522 1007 cumque
3539 938 3675 991 alter
3696 937 3854 991 atteri

2264 1032 2451 1099 olﬁcit,
2475 1032 2539 1086 ad
2571 1046 2786 1087 sensum
2811 1032 3108 1087 insuaviter
3130 1043 3354 1102 uterque
3376 1030 3776 1086 transmittitur.

2867 1123 3093 1179 CAPUT
3148 1123 3235 1178 IX.

2267 1215 2392 1271 Non
2423 1233 2570 1271 omne
2584 1216 2841 1289 judicium
2871 1216 3099 1269 dandum
3121 1232 3231 1269 esse
3250 1216 3500 1281 sensibus,
3522 1216 3611 1269 sed
3632 1216 3852 1285 amplius

2334 1308 2526 1362 rationi
2544 1324 2649 1361 esse
2664 1308 2993 1371 credendum,
3014 1307 3068 1359 in
3089 1323 3189 1377 quo
3210 1308 3271 1361 de
3291 1322 3529 1360 sensuum
3546 1305 3771 1375 fallacia.

2336 1399 2441 1453 Sed
2468 1399 2538 1453 de
2570 1398 2653 1452 his
2679 1398 2753 1453 ita
2787 1392 3151 1467 preponimus,
3184 1409 3239 1451 ut
3268 1412 3370 1450 non
3404 1412 3564 1451 omne
3591 1396 3848 1465 judicium

2266 1490 2518 1546 sensibus
2549 1490 2760 1554 demus,
2792 1504 3093 1559 quanquam
3122 1504 3150 1541 a
3194 1504 3358 1543 sensu
3388 1488 3597 1542 aurium
3632 1488 3850 1556 hujusce

2265 1582 2397 1637 artis
2436 1575 2685 1637 'sumatnr
2709 1596 2869 1637 omne
2902 1582 3242 1651 principium.
3273 1582 3403 1636 Nam
3436 1582 3479 1635 si
3513 1583 3687 1635 nullus
3710 1592 3852 1635 esset

2264 1675 2502 1740 auditus,
2525 1674 2669 1728 nulla
2698 1676 2919 1729 omnino
2948 1673 3238 1744 disputatio
3267 1674 3335 1729 de
3368 1674 3585 1728 vocibus
3616 1674 3853 1729 exstitis-

2266 1776 2367 1820 set.
2399 1765 2505 1821 Sed
2532 1765 2855 1834 principium
2884 1765 3305 1835 quodammodo,
3337 1774 3390 1819 et
3410 1765 3562 1836 quasi
3605 1765 3851 1819 admoni-

573 1852 762 1907 Iaritas
791 1860 989 1919 autem,
1014 1852 1263 1921 quoniam
1288 1852 1341 1905 in
1366 1851 1628 1906 inﬁnitum
1658 1852 1919 1907 minorem
1945 1852 2155 1919 minuit,
2188 1860 2236 1921 Β
2264 1858 2427 1913 tionis
2452 1858 2624 1913 vicem
2650 1868 2795 1914 tenet
2818 1859 3050 1913 auditus.
3081 1857 3359 1945 Postrema
3380 1869 3401 1897 ε
3420 1874 3547 1927 ergo
3566 1858 3851 1927 perfectio,

570 1943 959 2011 proprietatem
981 1951 1161 1996 servat
1190 1941 1458 1996 continua:
1488 1942 1821 2011 quantitatis.
1852 1941 2039 1997 Minuit
2066 1958 2161 1997 au-

576 2040 685 2085 tem
716 2032 1003 2095 minorem,
1034 2046 1154 2085 cum
1186 2045 1401 2098 semper
1424 2047 1546 2086 eum
1575 2032 1834 2097 continet,
1860 2042 1913 2087 et
1938 2026 2055 2103 ejus
2074 2033 2161 2088 vel

577 2121 853 2176 dimidiam
882 2131 1109 2191 partem,
1135 2122 1220 2177 vel
1243 2123 1476 2191 tertiam,
1503 2123 1587 2177 vel
1610 2132 1877 2193 quartam,
1902 2123 1988 2178 vel
2008 2124 2164 2193 quin-

579 2220 710 2265 tam.
739 2209 872 2265 Nam
903 2226 1116 2281 semper
1141 2226 1262 2280 pars
1288 2227 1317 2264 a
1342 2212 1547 2281 majore
1569 2226 1794 2267 numero
1820 2213 2164 2268 denominata

578 2302 697 2371 ipsa
724 2300 1008 2357 decrescit.
1041 2301 1174 2356 Nam
1219 2316 1340 2355 cum
1370 2303 1528 2356 tertia
1554 2316 1585 2357 a
1616 2302 1787 2357 tribus
1820 2302 2165 2358 denominata

578 2398 676 2465 sit,
703 2380 888 2468 quarta
904 2412 1035 2454 vero
1054 2413 1085 2452 a
1102 2405 1351 2468 quatuor,
1374 2412 1495 2452 cum
1517 2406 1747 2467 quatuor
1762 2405 1868 2453 tres
1890 2406 2164 2467 superent,

582 2498 775 2560 quarta
802 2489 978 2559 potius
1004 2504 1162 2558 quam
1191 2488 1341 2543 tertia
1369 2489 1623 2543 minutior
1643 2488 1936 2544 invenitur.
1969 2487 2169 2557 Super-

582 2580 827 2649 partiens
853 2594 980 2635 vero
996 2581 1105 2650 jam
1126 2579 1523 2650 quodammodo
1548 2594 1579 2633 a
1614 2578 1960 2649 simplicitate
1989 2577 2167 2633 disce-

586 2672 686 2727 dit.
720 2671 863 2726 Duas
891 2671 1058 2737 enim,
1092 2670 1180 2724 vel
1209 2678 1352 2738 tres,
1388 2670 1473 2724 vel
1505 2677 1733 2740 quatuor
1760 2667 1920 2724 habet
1951 2669 2171 2738 insuper

582 2769 793 2831 partes,
811 2770 907 2816 eta
935 2760 1276 2829 simplicitate
1297 2759 1581 2815 discedens
1602 2759 1862 2815 exuberat
1889 2758 1957 2813 ad
1982 2773 2171 2828 quam-

590 2850 716 2907 dam
740 2852 968 2922 partium
993 2849 1371 2921 pluralitatem.
1389 2850 1592 2904 Rursus
1614 2848 1978 2918 multiplicitas
1998 2848 2174 2903 omnis

589 2946 647 2999 in
701 2942 1008 3014 integritate
1037 2956 1097 2998 se
1141 2943 1400 2998 continet.
1446 2941 1577 2997 Nam
1625 2941 1846 3012 duplum
1889 2940 1974 2996 bis
2012 2939 2177 2996 habet

589 3042 764 3090 totum
792 3037 1055 3090 minorem
1081 3052 1097 3101 ;
1128 3032 1346 3104 triplum
1376 3034 1504 3089 item
1550 3034 1712 3091 tertio
1738 3034 1979 3090 continet
2003 3019 2173 3089 totum

590 3124 884 3191 minorem,
904 3136 1064 3196 atque
1084 3125 1149 3179 ad
1170 3124 1418 3180 eumdem
1441 3124 1659 3180 modum
1679 3132 1735 3180 et
1749 3132 1963 3181 caetera.
1980 3124 2171 3208 Super-

2266 1952 2669 2021 agnitionisque
2700 1951 2781 2006 vis
2804 1952 2857 2005 in
2886 1951 3097 2006 ratione
3129 1950 3400 2019 consistit,
3431 1966 3549 2020 qua:
3570 1949 3736 2004 certis
3764 1964 3851 2004 τοι·

2267 2045 2405 2113 gulis
2447 2058 2567 2099 sese
2597 2054 2786 2097 tenens
2810 2040 2838 2079 τι
2868 2044 3018 2099 nullo
3050 2060 3284 2114 unquam
3321 2058 3508 2098 errore
3537 2043 3848 2113 prolabitur.

2268 2136 2401 2192 Nam
2433 2136 2558 2206 quid
2582 2136 2786 2191 diutius
2815 2136 3097 2191 dicendum
3126 2144 3209 2191 est
3235 2134 3302 2190 de
3341 2150 3526 2190 errore
3565 2149 3846 2200 sensuum,

2269 2227 2485 2297 quando
2512 2242 2612 2281 nec
2635 2227 2887 2281 omnibus
2912 2226 3098 2281 eadem
3129 2225 3395 2282 sentiendi
3425 2227 3527 2291 vis,
3555 2239 3655 2279 nec
3680 2225 3851 2279 eidem

2273 2320 2479 2375 homini
2508 2335 2721 2388 semper
2750 2319 2972 2388 aequalis
3002 2320 3118 2374 est?
3142 2318 3359 2374 Frustra
3390 2326 3569 2372 autem
3599 2318 3748 2371 vario
3767 2315 3852 2383 ju-

2271 2404 2415 2468 dicio
2441 2416 2723 2481 quisquam
2746 2412 3065 2476 committet,
3092 2410 3233 2480 quod
3262 2409 3521 2465 veraciter
3543 2407 3750 2463 allectat
3770 2408 3850 2460 in-

2274 2502 2512 2571 quirere.
2544 2501 2748 2557 Idcirco
2780 2501 3119 2573 Pythagorici
3146 2500 3322 2555 medio
3357 2499 3587 2569 quodam
3621 2500 3852 2553 feruntur

2276 2592 2488 2647 itinere.
2522 2592 2655 2647 Nam
2686 2606 2785 2647 nec
2812 2607 2973 2648 omne
2999 2591 3260 2662 judicium
3287 2589 3493 2645 dedunt
3529 2590 3767 2653 auribus,
3795 2595 3853 2642 et

2276 2685 2519 2755 quaedam
2554 2697 2730 2740 tamen
2755 2688 2822 2739 ab
2845 2686 2925 2740 eis
2955 2698 3062 2738 non
3109 2684 3215 2738 nisi
3246 2683 3464 2737 auribus
3489 2682 3855 2751 explorantur.

2278 2776 2428 2847 Ipsas
2464 2777 2664 2831 etenim
2717 2776 3094 2843 consonantias
3134 2790 3264 2830 aure
3307 2776 3607 2830 metiuntur.
3643 2771 3857 2837 Quibus

2280 2881 2409 2924 vero
2440 2868 2583 2922 inter
2602 2883 2660 2923 se
2690 2866 2960 2923 distantiis
2987 2868 3350 2923 consonantia:
3379 2864 3637 2927 diﬁerant,
3664 2862 3715 2915 id
3740 2862 3858 2931 jam

2283 2977 2388 3016 non
2412 2961 2656 3027 auribus,
2684 2977 2909 3032 quarum
2932 2970 3059 3016 sunt
3080 2961 3268 3016 obtusa
3292 2958 3517 3030 juchia,
3548 2958 3642 3014 sed
3665 2956 3861 3027 regulis

2282 3053 2585 3122 rationique
2614 3054 2952 3123 permittunt,
2983 3061 3041 3108 ut
3067 3052 3217 3122 quasi
3248 3051 3504 3107 obediens
3532 3052 3747 3120 quidem
3784 3048 3860 3103 fa-

2286 3144 2570 3214 mulusque
2595 3145 2666 3199 sit
2693 3158 2904 3210 sensus,
2925 3144 3090 3215 judex
3122 3160 3250 3200 vero
3277 3154 3438 3215 atque
3480 3142 3750 3213 imperans
3780 3155 3861 3194 ra-

592 3215 992 3306 Pamculari‘as
1034 3231 1165 3272 νθτο
1211 3217 1343 3272 nihil
1388 3218 1655 3288 intesrum
1696 3225 1907 3282 39"“,
1952 3218 2045 3273 sed
2093 3217 2177 3273 νει
2203 3238 2251 3300 C
2286 3236 2383 3291 tio.
2410 3235 2543 3291 Nam
2564 3235 2694 3292 licet
2718 3238 2956 3291 omnium
2976 3251 3111 3306 pene
3130 3235 3346 3302 artium,
3376 3244 3537 3306 atque
3557 3234 3725 3303 ipsius
3747 3234 3863 3286 vita:

594 3298 825 3362 dimidio
863 3317 1110 3377 superat,
1145 3307 1227 3361 vel
1261 3309 1438 3373 tertia,
1485 3310 1573 3363 vel
1603 3318 1813 3379 quarta,
1848 3308 1935 3363 vel
1967 3308 2174 3378 quinta.

594 3395 700 3453 Sed
724 3404 899 3451 tamen
921 3396 1239 3452 divisionem
1262 3398 1485 3467 singulis
1500 3414 1564 3454 ac
1586 3397 1919 3469 simplicibus
1939 3399 2179 3469 partibus

594 3497 871 3555 operatur.
896 3488 1310 3557 Superpartiens
1331 3498 1509 3545 autem
1532 3490 1866 3561 inaequalitas
1887 3506 1987 3547 nec
2001 3501 2181 3547 servat

598 3576 868 3647 integrum
891 3594 993 3634 nec
1022 3588 1047 3617 οι
1078 3580 1307 3648 singulis
1326 3580 1516 3635 adimit
1560 3589 1759 3650 partes.
1808 3583 1981 3652 Atque
2010 3581 2037 3620 ι)
2057 3583 2181 3638 ideo

598 3672 895 3731 secundum
918 3671 1315 3743 Pythagoricos,
1335 3673 1557 3728 minime
1579 3674 1796 3730 musicis
1816 3676 2184 3731 consonantiis

600 3762 906 3818 adhibetur.
940 3761 1262 3817 Ptolemaeus
1304 3771 1481 3820 tamen
1511 3764 1672 3820 etiam
1704 3764 1843 3821 hanc
1874 3768 2181 3837 proportio-
2266 3784 2269 3785 ν

602 3870 726 3915 nem
751 3858 890 3913 inter
911 3857 1291 3913 consonantias
1314 3858 1485 3927 ponit,
1512 3867 1567 3913 ut
1588 3862 1855 3928 posterius
1879 3861 2179 3917 ostendam.

1207 3948 1437 4006 CAPUT
1470 3949 1577 4006 Vll.

606 4043 735 4108 Qua:
755 4044 1105 4112 proportiones
1131 4043 1313 4112 quibus
1329 4043 1675 4099 consonantiis
1694 4045 1900 4101 musicis
1924 4054 2181 4114 aptentur.

678 4132 813 4188 Illud
839 4142 1019 4188 tamen
1046 4148 1167 4189 esse
1188 4136 1456 4204 cognitum
1478 4136 1660 4203 debet,
1686 4138 1826 4209 quod
1851 4153 2038 4193 omnes
2062 4153 2184 4192 mu-

588 4226 738 4280 sica:
764 4223 1150 4289 consonantiae,
1180 4233 1271 4278 aut
1296 4227 1349 4279 in
1371 4226 1593 4295 duplici,
1624 4237 1716 4283 aut
1758 4230 1811 4284 in
1842 4229 2060 4298 triplici,
2091 4236 2186 4285 aut

602 4317 660 4371 in
691 4316 983 4386 quadrupla
1004 4357 1019 4383 ,
1041 4325 1133 4372 aut
1165 4318 1217 4371 in
1249 4310 1603 4388 sesquialtera
1637 4329 1729 4376 aut
1763 4323 1817 4377 in
1842 4322 2185 4392 sesq'uitertia

604 4410 955 4479 proportione
983 4410 1308 4466 consistunt.
1329 4409 1400 4464 Et
1428 4412 1707 4467 vocabitur
1737 4412 1950 4481 quidem
1982 4429 2102 4483 qua:
2131 4410 2184 4469 in

604 4505 847 4561 numeris
867 4505 1208 4575 sesquitertia
1230 4516 1333 4573 est,
1360 4506 1695 4564 diatessaron
1717 4508 1946 4565 insonis.
1972 4510 2103 4575 Quae
2129 4508 2189 4563 in

2289 3332 2583 3394 momenta,
2616 3342 2867 3382 sensuum
2890 3328 3178 3383 occasione
3207 3326 3463 3397 producta
3499 3324 3622 3389 sint,
3659 3323 3861 3378 nullum

2289 3427 2468 3474 tamen
2497 3418 2550 3472 in
2577 3418 2661 3473 his
2678 3417 2937 3487 judicium
2964 3428 3190 3485 certum,
3222 3418 3365 3472 nulla
3388 3418 3501 3472 veri
3527 3424 3612 3471 est
3630 3429 3864 3485 compre-

2288 3511 2499 3576 hensio,
2526 3511 2571 3565 si
2589 3511 2868 3567 arbitrium
2892 3511 3115 3566 rationis
3134 3510 3405 3566 abscedat.
3437 3509 3555 3580 Ipse
3580 3508 3723 3564 enim
3747 3522 3865 3562 sen-

2286 3618 2381 3657 sus
2429 3617 2582 3671 aeque
2636 3602 2885 3658 maximis
2916 3602 3257 3673 minimisque
3302 3601 3685 3672 corrumpitur.
3733 3599 3864 3654 Nam

2289 3706 2465 3763 neque
2506 3693 2729 3749 minima
2769 3695 2971 3750 sentire
2999 3704 3219 3765 propter
3252 3695 3489 3764 ipsorum
3533 3692 3864 3749 sensibilium

2290 3785 2609 3853 parvitatem
2650 3792 2858 3853 potest,
2890 3793 2943 3839 et
2980 3784 3272 3854 majoribus
3319 3799 3462 3854 saepe
3503 3783 3862 3840 contunditur.

2289 3874 2360 3930 Ut
2388 3875 2441 3929 in
2471 3876 2713 3942 vocibus,
2745 3891 2863 3946 qua:
2892 3877 2936 3931 si
2964 3876 3196 3930 minima:
3227 3876 3358 3943 sint,
3388 3875 3661 3930 difﬁcilius
3692 3883 3864 3944 captat

2289 3968 2538 4033 auditus;
2579 3970 2624 4025 si
2655 3969 2761 4024 sint
2810 3971 3075 4036 maximae,
3113 3970 3277 4040 ipsius
3323 3970 3533 4025 sonitus
3572 3969 3863 4051 intentione

2289 4061 2573 4117 surdescit.

2917 4132 3141 4189 CAPUT
3180 4132 3247 4187 X.

2294 4224 2741 4290 Quemadmodum
2761 4223 3086 4297 Pythagoras
3125 4226 3479 4297 proportiones
3514 4236 3866 4282 consonantis-

2810 4332 2923 4370 rum
2955 4318 3343 4389 investigaverit.

2366 4404 2492 4461 Haec
2524 4405 2688 4476 igitur
2714 4408 2942 4461 maxima
2971 4410 3129 4463 cau'sa
3168 4408 3268 4463 luit
3292 4423 3411 4475 cur,
3441 4407 3632 4463 relicto
3660 4409 3865 4462 aurium

2289 4498 2517 4568 judicio,
2544 4499 2873 4570 Pythagoras
2900 4500 2967 4554 ad
2995 4501 3298 4570 regularum
3322 4510 3587 4556 momenta
3611 4501 3872 4569 migrave-

605 4598 844 4652 numeris
862 4597 1239 4667 sesquialtera,
1268 4598 1517 4669 diapente
1534 4599 1835 4670 appellatur
1862 4602 1920 4655 in
1935 4601 2184 4658 vocibus.
2211 4604 2269 4664 ι)
2295 4593 2388 4657 rit,
2420 4592 2512 4662 qui
2538 4592 2701 4647 nullis
2732 4593 2979 4649 humanis
3009 4594 3229 4650 auribus
3256 4596 3505 4660 credens,
3534 4609 3651 4665 qua:
3680 4594 3874 4661 partim

604 4683 738 4752 Quae
767 4703 895 4743 vero
945 4688 997 4742 in
1026 4690 1464 4759 proportionibus
1491 4691 1652 4761 dupla
1698 4701 1811 4759 est,
1843 4693 2097 4764 diapason
2129 4693 2183 4748 in

606 4777 994 4832 eonsonantiis.
1015 4777 1192 4848 Tripla
1215 4794 1345 4835 vero
1362 4780 1637 4851 diapente,
1665 4797 1729 4838 ac
1749 4783 2024 4853 diapason.
2048 4784 2187 4851 Qua-

606 4865 799 4937 drupla
830 4876 1010 4924 autem
1043 4869 1406 4939 bisdiapason.
1439 4871 1506 4925 Et
1550 4888 1695 4927 nunc
1719 4874 1932 4943 quidem
1969 4875 2188 4931 univero

605 4956 796 5012 saliter
837 4968 994 5027 atque
1030 4959 1322 5015 indiscrete
1366 4960 1567 5016 dictum
1607 4965 1697 5018 sit.
1737 4963 2012 5020 Posterius
2057 4979 2187 5020 vero

607 5047 784 5103 renuis
806 5048 946 5104 ratio
976 5048 1382 5118 proportionum
1411 5050 1627 5107 lucebit.

1202 5139 1426 5197 CAPUT
1466 5140 1600 5197 Vill.

648 5233 787 5302 Quid
810 5233 876 5289 sit
903 5248 1087 5301 sonus,
1125 5233 1247 5302 quid
1275 5234 1631 5302 intervallum,
1664 5237 1787 5305 quid
1811 5237 2151 5291 concinentia.

681 5326 857 5384 Sanus
886 5325 1047 5397 igitur
1073 5335 1156 5383 est
1175 5327 1323 5383 vocis
1343 5312 1521 5391 casus,
1548 5327 1826 5394 emmeles,
1854 5328 1905 5383 id
1923 5337 2007 5385 est
2033 5339 2189 5398 aptus

608 5420 752 5475 melo
769 5458 787 5485 ,
815 5419 869 5475 in
896 5434 1055 5475 unam
1100 5419 1479 5477 intensionem.
1513 5419 1719 5475 Sonum
1747 5433 1875 5475 vero
1901 5434 2007 5474 non
2029 5435 2190 5489 gene-

606 5511 774 5566 ralem
804 5524 947 5567 nune
975 5510 1219 5566 volumus
1238 5510 1497 5576 deﬁnire;
1525 5510 1620 5565 sed
1647 5525 1768 5565 eum
1801 5510 1891 5579 qui
1915 5524 2088 5579 gratce
2108 5509 2190 5565 di-

606 5598 749 5656 citur
770 5601 1096 5673 phthongus,
1120 5601 1296 5659 dictus
1323 5618 1354 5656 a
1383 5600 1735 5663 similitudine
1766 5602 2020 5674 loquendi
2048 5605 2191 5678 φθέγ-

606 5692 808 5756 νεοθαι.
841 5691 1187 5749 Intervallum
1235 5706 1366 5749 vero
1406 5703 1485 5750 est
1538 5694 1657 5748 soni
1713 5694 1853 5748 acuti
1907 5697 2194 5765 gravisque

2295 4694 2481 4738 natura
2505 4724 2520 4749 ,
2554 4685 2746 4753 partim
2782 4688 2943 4741 etiam
2988 4686 3325 4742 extrinsecus
3361 4686 3723 4742 accidentibus
3754 4701 3872 4755 per-

2292 4785 2597 4844 mutantur,
2632 4779 2826 4846 partim
2889 4778 3022 4849 ipsis
3081 4780 3355 4834 variantur
3404 4779 3686 4843 :etatibus,
3718 4778 3873 4832 nullis

2295 4869 2455 4922 etiam
2481 4868 2697 4924 deditus
2741 4869 3141 4936 instrumentis,
3177 4885 3342 4940 penes
3364 4885 3483 4939 qua).
3536 4882 3681 4939 saape
3713 4870 3874 4922 multa

2294 4961 2530 5017 varietas
2553 4971 2712 5032 atque
2730 4964 3084 5018 inconstantia
3102 4962 3433 5032 nasceretur,
3456 4963 3581 5017 dum
3606 4978 3747 5016 nunc
3762 4960 3875 5030 qui-

2298 5053 2420 5107 dem
2450 5056 2495 5111 si
2527 5070 2719 5111 nervos
2747 5056 2879 5111 velis
2900 5056 3163 5125 aspicere,
3187 5057 3270 5112 vel
3292 5071 3384 5113 acr
3403 5055 3674 5110 humidior
3694 5054 3876 5124 pulsus

2295 5145 2655 5212 obtunderet,
2701 5146 2786 5202 vel
2833 5146 3027 5201 siccior
3069 5146 3387 5211 essiccaret,
3437 5145 3520 5200 vel
3569 5143 3878 5215 magnitudo

2297 5237 2513 5293 chordas
2542 5237 2837 5305 graviorem
2866 5237 3113 5292 redderet
3139 5252 3350 5305 sonum,
3384 5237 3470 5291 vel
3499 5251 3726 5292 acumen
3748 5235 3877 5288 sub-

2296 5329 2447 5383 tilior
2476 5340 2742 5393 tenuaret.
2775 5331 2860 5384 vel
2890 5330 2995 5384 alio
3015 5330 3244 5400 quodam
3277 5329 3438 5384 modo
3460 5339 3656 5383 statum
3689 5324 3880 5397 prioris

2298 5422 2611 5477 constantia:
2640 5431 2987 5489 permutaret.
3015 5422 3079 5475 Et
3107 5436 3228 5477 cum
3256 5422 3397 5475 idem
3422 5429 3567 5474 esset
3595 5420 3647 5473 in
3673 5418 3881 5473 caeteris

2295 5511 2685 5575 instrumentis,
2704 5514 2885 5566 omnia
2910 5511 3024 5567 hac
3045 5512 3343 5566 inconsulta
3373 5510 3717 5579 minimasque
3744 5510 3884 5563 testi-

2300 5617 2453 5657 mans
2493 5601 2647 5667 ﬁdei,
2686 5602 2886 5673 diuque
2934 5611 3165 5657 aestuans
3194 5601 3498 5672 inquirebat
3528 5615 3758 5671 quanam
3798 5614 3886 5654 ra-

2299 5694 2445 5748 tione
2461 5693 2688 5749 ﬁrmiter
2709 5701 2765 5748 et
2783 5704 3095 5749 constanter
3116 5692 3590 5748 consonantiarum
3614 5698 3887 5747 momenta

684 5828 709 5857 ι
728 5820 998 5895 smmum.
1072 5824 1101 5864 δ
1123 5822 1345 5885 Idcirw.
1425 5835 1447 5863 ε
1468 5823 1607 5892 Erga
1680 5820 1707 5875 εἲ
1730 5823 1966 5892 Unquam
1982 5826 2110 5881 ullo.
2198 5888 2205 5893 ,
2282 5858 2299 5863 -
