4202 6250
306 368 434 422 ttat
510 350 517 355 ’

1630 366 1717 421 ne
1759 346 2005 423 ΜυθιοΑ
2048 338 2181 423 Litt.
2214 369 2252 423 ι.

3436 369 3569 437 ttat;

374 477 504 532 Nam
540 479 581 531 si
628 494 732 532 Vox
778 478 893 533 voci
924 477 1086 547 duplo
1113 476 1182 532 sit
1209 484 1365 531 acuta
1412 476 1736 546 vel'gravis,
1771 478 1884 530 dia-
1914 484 1966 541 Α
1992 481 2357 549 sesquioetava
2392 480 2662 549 proportio
2692 488 2803 542 est;
2832 488 2917 535 est
2943 480 3085 536 enim
3107 495 3295 537 eorum
3324 480 3570 536 differen-

300 580 468 636 pason
519 572 865 624 consonantia
924 570 1029 625 liet.
1094 569 1151 624 Si
1207 583 1308 622 vox
1362 568 1478 623 voci
1538 569 1887 635 sesquialtera

298 663 646 730 proportione
680 673 701 699 α
733 664 823 731 sit,
850 663 930 716 vel
979 660 1335 731 sesquitertia,
1367 661 1451 715 vel
1496 663 1886 729 sesquioetava,

296 758 507 809 acutior
530 758 848 826 graviorque
878 755 1144 823 diapente,
1179 753 1263 807 vel
1310 738 1663 813 diatessaron,
1695 751 1778 807 vel
1810 759 1889 805 to-

298 858 427 898 num
483 850 890 901 consonantiam
944 845 1151 900 reddet.
1206 846 1336 899 Item
1392 846 1434 899 si
1490 844 1778 912 diapason,
1833 850 1888 896 ut

222 961 238 971 ε
294 932 330 988 2
359 945 410 989 et
434 937 486 999 ιι,
517 946 570 990 et
593 937 861 1005 diapente,
886 943 943 988 nt
964 935 997 988 4
1024 946 1071 988 et
1105 938 1155 993 6.
1187 936 1601 1006 conjungantur,
1643 933 1884 1002 triplam,

295 1034 351 1080 et
391 1042 511 1095 qua:
556 1036 637 1081 est
673 1029 927 1094 diapason
964 1034 1018 1081 et
1057 1026 1337 1094 diapente,
1367 1026 1602 1080 efﬁciant
1633 1023 1889 1095 sympho-

295 1118 459 1171 niam.
486 1118 637 1182 Quod
668 1120 711 1172 si
744 1119 823 1172 bis
851 1120 1104 1185 diapason
1139 1118 1287 1183 flant,
1317 1128 1371 1172 ut
1404 1116 1511 1171 duo
1541 1119 1607 1170 ait
1633 1126 1881 1186 quatuor,

295 1222 345 1262 et
380 1219 606 1277 quatuor
636 1209 699 1263 ad
732 1221 854 1265 octo
879 1254 892 1277 ,
927 1210 1217 1281 quadrnpla
1251 1211 1340 1265 ﬁet
1369 1202 1740 1274 consonantia,
1767 1223 1886 1278 qua:

296 1307 377 1354 est
407 1300 767 1369 liisdiapason.
797 1303 947 1369 Quod
979 1303 1023 1356 si
1068 1303 1419 1372 sesquialtera
1443 1312 1495 1357 et
1524 1301 1881 1372 sesquitertia,

298 1391 349 1446 id
378 1402 459 1446 est
485 1394 736 1461 diapente
766 1404 819 1448 et
843 1394 1196 1459 diatessaroii,
1224 1405 1283 1448 ut
1310 1396 1415 1449 duo
1440 1395 1506 1449 ad
1537 1403 1743 1461 tres,et
1774 1402 1889 1446 tres

298 1483 366 1535 ad
397 1493 623 1551 quatuor
651 1485 1076 1553 conjungantur,
1103 1485 1261 1553 dupla
1295 1484 1348 1538 id
1378 1493 1483 1547 est,
1517 1484 1774 1552 diapason
1803 1480 1887 1536 ni-

304 1576 501 1629 mirum
555 1577 791 1629 nascitur
837 1578 1195 1631 concinentia.
1241 1578 1479 1643 Quatuor
1508 1579 1650 1631 enim
1682 1576 1749 1629 ad
1782 1585 1892 1629 tres

304 1667 696 1734 sesquitertiam
735 1664 979 1722 obtinent
1021 1671 1447 1736 preportiouem.
1481 1668 1613 1722 Tres
1658 1682 1789 1722 vero
1823 1666 1891 1721 ad

306 1758 572 1812 binarinm
620 1760 969 1826 sesquialtera
1013 1761 1636 1830 collationejunguntur,
1666 1768 1719 1814 et
1751 1758 1890 1813 idem

304 1850 680 1919 quaternarius
705 1851 773 1904 ad
803 1851 1064 1906 binarium
1108 1853 1386 1920 appositus
1413 1852 1570 1920 dupla
1599 1852 1649 1915 ei
1676 1864 1893 1918 compa-

304 1940 511 1995 ratione
539 1942 837 2011 copulatur.
874 1941 979 1999 Sed
1024 1944 1362 2013 sesquitertia
1391 1943 1747 2007 diatessaron,
1776 1956 1891 1997 ses-

306 2032 564 2097 quialtera
615 2022 889 2101 proportio
940 2034 1189 2101 diapente
1232 2037 1633 2089 consonantiam
1682 2042 1885 2087 creant.

304 2121 473 2190 anla
506 2138 632 2177 vero
655 2122 910 2191 diapason
933 2125 1096 2179 efﬁcit
1122 2128 1517 2195 symphoniam.
1544 2125 1887 2180 Diatessaron

304 2213 467 2281 igitur
491 2228 553 2268 ac
582 2213 835 2283 diapente
868 2231 1028 2270 unam
1052 2216 1309 2285 diapason
1339 2219 1739 2272 consonantiam
1762 2217 1890 2283 jun-

300 2313 453 2372 gunt.
503 2305 709 2359 Rursus
758 2316 917 2361 tonus
947 2311 999 2361 in
1030 2324 1182 2377 mqua
1214 2310 1375 2363 dividi
1416 2325 1522 2363 non
1564 2316 1769 2376 potest,
1799 2322 1894 2361 cur

300 2403 477 2449 autem
531 2399 798 2463 posterius
852 2398 1102 2467 liquebit.
1151 2398 1303 2453 Nunc
1352 2401 1450 2453 hoc
1482 2408 1687 2453 tantum
1734 2412 1896 2454 nosse

301 2485 550 2549 sufficiat,
584 2486 727 2554 quod
758 2503 1026 2557 nunquam
1060 2498 1219 2543 tonus
1250 2490 1301 2543 in
1344 2491 1555 2558 gemina
1584 2506 1730 2559 aequa
1762 2491 1899 2544 divi-

301 2571 460 2631 ditur.
496 2575 667 2644 Atqne
694 2586 750 2631 ut
778 2580 828 2630 id
882 2578 1136 2635 facillime
1159 2581 1563 2651 eomprobctur,
1596 2584 1665 2635 sit
1689 2585 1901 2651 sesqui-

302 2677 492 2721 octava
540 2670 817 2738 proportio
850 2672 885 2727 8
913 2670 1046 2725 etQ.
1103 2670 1302 2725 [lorum
1356 2672 1531 2726 nullus
1577 2674 1892 2727 naturaliter

302 2756 513 2814 medius
545 2776 797 2815 numerus
823 2762 1041 2817 incidet.
1077 2763 1185 2816 llos
1214 2762 1373 2831 igitur
1402 2767 1446 2817 si
1478 2764 1683 2817 binario
1715 2764 1891 2815 multi-

301 2848 582 2919 plicemu's,
613 2850 847 2921 fiuntque
878 2850 959 2907 bis
991 2851 1024 2906 8
1055 2852 1143 2917 16,
1171 2853 1253 2907 bis
1282 2853 1426 2917 918,
1453 2853 1591 2906 inter
1620 2854 1684 2906 16
1711 2862 1887 2905 autem

303 2949 355 2994 et
403 2941 473 2995 18
496 2956 631 2994 unus
672 2956 925 2996 numerus
972 2940 1000 2979 ι)
1034 2943 1355 2998 naturaliter
1398 2954 1420 2981 ε
1462 2943 1648 2997 incidit
1686 2944 1773 3012 qui
1813 2952 1901 2996 est.

302 3030 509 3086 scilicet
561 3032 650 3086 17.
682 3033 780 3099 Qui
830 3035 1183 3102 disponantur
1210 3036 1262 3088 in
1293 3035 1533 3089 Ordinem
1566 3035 1654 3103 16,
1694 3037 1772 3100 17,
1808 3036 1890 3090 18.

301 3120 471 3190 Igitur
499 3122 563 3176 16
602 3134 665 3175 ac
699 3124 765 3178 18
790 3101 972 3178 collati
999 3167 1013 3189 ,
1047 3126 1477 3194 sesquioctavam
1506 3101 1742 3197 retinent
1774 3144 1899 3195 pro-
1921 3101 1968 3164 Ο

302 3211 631 3282 portionem,
666 3223 826 3283 atque
869 3214 1069 3268 idcirco
1100 3226 1304 3268 tonum.
1347 3215 1451 3270 Sed
1493 3216 1632 3271 lianc
1670 3233 1893 3285 propor-

304 3303 506 3357 tionem
544 3305 608 3358 17
640 3319 893 3359 numerus
924 3306 1132 3359 medius
1164 3321 1267 3359 noti
1302 3306 1354 3359 in
1385 3308 1608 3373 aequalia
1642 3310 1891 3377 partitur.

303 3392 657 3465 Comparatus
685 3396 827 3451 enim
846 3397 911 3450 ad
938 3378 1026 3462 16,
1045 3398 1203 3451 habet
1233 3398 1284 3451 in
1315 3413 1372 3452 se
1389 3408 1557 3452 totum
1588 3398 1673 3465 16,
1700 3409 1751 3453 et
1774 3401 1891 3467 ejus

303 3494 513 3542 sextam
545 3488 808 3541 decimam
850 3497 1085 3555 portent,
1116 3488 1326 3542 scilicet
1368 3489 1649 3543 unitatem.
1672 3488 1734 3561 _Si
1761 3503 1891 3546 vero

305 3579 372 3632 ad
404 3594 547 3641 eum,
580 3579 631 3632 id
664 3588 745 3633 est
790 3579 879 3646 17,
912 3581 1124 3647 tertius,
1152 3580 1203 3634 id
1233 3589 1317 3636 est
1347 3566 1434 3645 18,
1464 3596 1719 3636 numerus
1745 3597 1892 3636 eom-

307 3683 545 3744 paretur,
567 3672 727 3725 habet
752 3688 873 3726 eum
898 3681 1090 3739 totum,
1107 3681 1163 3727 et
1183 3672 1298 3741 ejus
1325 3671 1586 3728 decimam
1612 3676 1893 3745 septimam

308 3774 538 3833 partem.
594 3763 705 3816 Non
739 3762 900 3831 igitur
940 3762 1126 3817 iisdem
1156 3763 1394 3831 partibus
1421 3773 1473 3817 et
1505 3763 1764 3819 minorem
1805 3781 1889 3819 su-

310 3864 484 3924 perat,
518 3863 575 3909 et
605 3870 633 3907 a
662 3854 865 3925 majore
901 3861 1205 3924 superatur.
1251 3854 1347 3908 Est
1391 3856 1534 3910 enim
1567 3857 1742 3912 minor
1777 3872 1899 3928 pars

312 3952 537 4018 septima
582 3932 808 4014 decima,
844 3948 1014 4017 major
1059 3957 1216 4002 sexta
1260 3947 1490 4005 decima.
1532 3948 1637 4005 Sed
1678 3959 1899 4019 utraque

312 4041 590 4096 semitonia
625 4050 1012 4112 nuncupantur.
1052 4038 1164 4095 Non
1192 4041 1333 4110 quod
1364 4042 1582 4133 omnino
1610 4044 1894 4097 semitonia

313 4147 374 4186 ex
406 4148 557 4201 aequo
607 4132 713 4186 sint
764 4130 962 4197 media,
992 4130 1084 4185 scd
1137 4131 1277 4200 quod
1331 4130 1534 4188 senium
1584 4133 1688 4188 dici
1738 4136 1897 4203 solet,

312 4225 451 4292 quod
482 4220 545 4277 ad
580 4223 934 4292 integritatem
968 4238 1134 4293 usque
1177 4239 1282 4279 non
1325 4226 1582 4293 pervenit.
1630 4225 1731 4279 Sed
1764 4225 1901 4279 inter

313 4310 429 4369 lucc
482 4332 643 4369 unum
701 4316 874 4384 majus
926 4311 1268 4371 semitoninm
1327 4325 1701 4388 nuncupatur,
1754 4317 1898 4371 aliud

316 4423 509 4461 minus.

889 4496 1113 4553 CAPUT
1154 4497 1317 4554 XVII.

440 4587 505 4642 In
533 4590 718 4660 quibus
746 4590 927 4659 primis
954 4592 1176 4643 nutrierit
1202 4590 1527 4643 sentitom'um
1558 4597 1768 4643 constet.

386 4679 537 4743 Quod
570 4693 696 4733 vero
726 4680 990 4748 integrum
1022 4680 1091 4733 sit
1120 4678 1484 4742 semitonium,
1509 4687 1603 4732 aut
1629 4679 1682 4732 in
1713 4679 1904 4749 quibus

317 4772 506 4841 primis
538 4770 779 4826 numeris
804 4778 1044 4838 constet,
1080 4787 1220 4824 nunc
1262 4770 1559 4824 evidentius
1587 4769 1894 4838 explicatio.

316 4862 369 4919 Id
399 4863 541 4917 enim
565 4864 700 4932 quod
723 4863 791 4918 de
820 4862 1083 4917 divisione
1105 4862 1430 4916 tonidictum
1454 4869 1678 4923 est,non
1706 4860 1773 4913 ad
1803 4862 1901 4914 hoc

316 4954 566 5021 pertinet,
600 4963 659 5006 ut
685 4953 1091 5007 semitoniorum
1136 4951 1322 5005 modos
1367 4951 1699 5005 voluerimus
1725 4963 1903 5005 osten-

318 5049 467 5103 dere.
512 5049 616 5105 Sed
644 5049 709 5102 ad
742 5049 790 5103 id
825 5049 1001 5119 potius
1031 5047 1172 5117 quod
1201 5054 1385 5100 tonum
1418 5046 1469 5100 in
1498 5045 1709 5115 gemina
1753 5060 1901 5115 atque

320 5140 617 5196 diceremus
650 5156 752 5195 non
783 5156 942 5210 posse
970 5139 1224 5208 disjnngi.
1276 5138 1640 5204 Diatessaron,
1671 5153 1787 5207 quae
1820 5144 1903 5191 est

318 5234 691 5299 consonantia,
720 5248 909 5289 vocum
957 5231 1173 5303 quidem
1203 5240 1286 5286 est
1314 5240 1568 5299 quatuor,
1596 5230 1895 5284 intervallo.

319 5344 436 5381 rnm
468 5329 646 5383 trium.
680 5326 899 5382 Constat
929 5336 1109 5380 autem
1154 5340 1218 5380 ex
1258 5324 1467 5378 duobus
1512 5324 1671 5391 tonis,
1708 5332 1763 5378 et
1793 5339 1899 5377 non

321 5422 528 5492 integro
556 5423 859 5496 semitonio.
896 5420 976 5476 Sit
1004 5420 1145 5475 enim
1178 5419 1416 5489 subjecta
1444 5419 1735 5487 descriptio
1773 5416 1898 5481 192,

318 5513 443 5579 2H5,
467 5514 591 5577 9.63,
621 5514 748 5568 256.
785 5512 840 5566 Si
870 5513 1029 5582 igitur
1061 5512 1163 5565 199.
1201 5526 1473 5573 numerus,
1500 5510 1607 5565 256
1634 5524 1905 5578 compare-

318 5612 427 5666 tur,
456 5604 793 5670 sesqniti-rtia
828 5604 1099 5671 proportio
1133 5604 1243 5668 fiet,
1275 5618 1336 5655 ac
1364 5603 1694 5656 diatessaron
1726 5599 1907 5654 conci-

319 5696 559 5748 nentiam
588 5693 887 5749 resonabit.
926 5693 1031 5748 Sed
1062 5694 1105 5747 si
1135 5694 1238 5747 216
1264 5694 1328 5746 ad
1367 5693 1465 5748 192
1509 5707 1899 5763 comparemus,

1997 570 2066 623 tia
2095 572 2328 638 2Lqua‘
2378 579 2453 623 est
2502 580 2686 624 octava
2742 572 3019 640 pars,19‘2
3068 583 3150 627 est
3196 575 3354 642 igitur
3395 582 3571 628 tonus.

1997 662 2200 718 Rursus
2227 666 2269 719 si
2295 663 2402 719 243
2431 663 2495 717 ad
2528 665 2630 719 ι’2.16
2661 676 3019 734 comparetur,
3043 669 3145 722 erit
3174 668 3341 721 altera
3371 668 3572 735 sesqttio

1995 766 2178 808 octava
2227 757 2522 824 proportio.
2572 756 2701 810 Nam
2753 772 2935 811 eorum
2981 758 3279 813 dilYerentia
3328 759 3418 819 27.
3448 774 3573 826 pars

1991 847 2117 911 2l6,
2153 848 2408 915 probatur
2439 859 2643 911 octava,
2674 859 2835 905 restat
2867 853 3194 920 comparatio
3218 850 3323 905 Q56
3352 853 3415 902 ad
3443 850 3570 918 245,

1996 956 2217 1011 quorum
2261 941 2557 997 dill'ercntia
2588 952 2670 999 est
2708 945 2785 998 13.
2820 944 2918 1011 Qui
2949 946 3115 1000 octies
3144 944 3285 1022 facti,
3315 944 3571 998 medieta-

1996 1041 2101 1086 tem
2132 1031 2236 1087 215
2268 1048 2371 1087 non
2404 1034 2651 1089 videntur
2681 1034 2922 1106 implere.
2974 1035 3087 1089 Non
3116 1047 3195 1090 est
3227 1036 3385 1103 igitur
3412 1036 3571 1089 semi-

1997 1124 2223 1187 toninm,
2249 1125 2341 1179 sed
2371 1125 2545 1179 minus
2575 1142 2602 1179 a
2630 1128 2934 1181 semitonio.
2966 1126 3113 1181 Tunc
3136 1126 3277 1180 enim
3309 1127 3570 1189 integrum

1995 1230 2116 1268 esse
2146 1216 2485 1270 semitoninm
2528 1217 2647 1285 jure
2693 1227 2985 1287 putaretur,
3032 1218 3076 1272 si
3104 1234 3287 1272 eorum
3318 1217 3568 1272 dilleren-

1996 1304 2087 1368 tia,
2120 1322 2237 1374 qua:
2268 1316 2347 1360 est
2376 1308 2442 1360 15
2471 1306 2605 1361 facta
2654 1308 2838 1371 octies,
2877 1308 3215 1363 medietatem
3244 1309 3351 1363 215
3379 1324 3569 1363 nurne—

1994 1412 2174 1451 rortun
2206 1398 2468 1465 potuisset
2510 1414 2745 1468 aequare.
2790 1400 2990 1470 Estque
3017 1416 3199 1456 verum
3229 1400 3577 1457 semitonium,

1997 1492 2173 1544 minus
2210 1491 2314 1544 215
2339 1491 2404 1545 ad
2434 1491 2541 1547 256
2567 1491 2917 1562 comparatio.

2648 1638 3069 1790 Duath

2644 1863 2822 1943 Dia.
2840 1873 2962 1957 64-

2620 2052 2938 2121 Sesquitertia

2110 2166 2113 2175 .
2406 2183 2542 2242 1)τῖ
2585 2204 2661 2267 gr

2198 2322 2420 2390 «ομεο
2567 2297 3445 2524 mﬂ

2264 2429 2417 2565 ξῖῖ
3094 2473 3301 2551 me

2123 2592 3443 2719 ειη

2566 2776 2791 2831 CAPUT
2828 2774 3014 2831 XVlll.

2270 2867 2597 2921 Dialessaron
2626 2886 2657 2922 a
2686 2869 2923 2936 diapmte
2949 2878 3068 2923 tono
3098 2880 3306 2924 θηται-ε.
3424 2932 3431 2935 ν

2072 2954 2277 3011 Rursus
2306 2958 2557 3027 diapente
2602 2962 2979 3027 consonantia,
3011 2976 3195 3015 verum
3243 2959 3456 3030 quidem
3498 2971 3577 3018 est

1999 3047 2232 3115 quinque
2278 3050 2677 3105 intervallorum
2728 3063 2986 3121 quatuor,
3017 3053 3173 3106 trintn
3226 3062 3496 3118 tonorum,
3528 3062 3579 3107 et

2000 3141 2208 3194 minore
2239 3144 2542 3196 semitonio.
2579 3143 2811 3196 Ponatur
2840 3146 2980 3197 enim
3010 3143 3148 3199 idem
3176 3157 3430 3198 numerus
3458 3141 3579 3209 192,

1998 3242 2052 3285 et
2092 3238 2210 3299 eius
2251 3233 2570 3299 sesquialter
2617 3244 2889 3299 sumatur,
2918 3236 3009 3305 qui
3054 3236 3125 3289 ad
3168 3251 3287 3289 eum
3334 3234 3580 3303 diapente

2000 3330 2159 3384 faciat
2189 3329 2616 3384 consonantiam.
2651 3331 2733 3386 Sit
2762 3330 2920 3399 igitur
2952 3346 3204 3385 numerus
3247 3330 3372 3386 288.
3422 3328 3581 3399 igitur

1999 3420 2188 3475 borum
2216 3430 2270 3476 et
2297 3420 2542 3489 superius
2572 3421 3034 3489 deprehensorum
3082 3422 3207 3490 192,
3242 3435 3506 3491 ponantur
3532 3421 3581 3473 in

2000 3513 2176 3568 medio
2222 3513 2432 3567 numeri
2489 3512 2541 3566 hi
2582 3513 2707 3576 9.16,
2746 3512 2871 3573 215.
2901 3512 3030 3577 256,
3059 3523 3109 3567 et
3158 3513 3228 3567 sit
3278 3515 3377 3567 hoc
3425 3510 3595 3589 modo,

2004 3604 2229 3659 formata
2256 3604 2562 3674 descriptio.
2604 3606 2721 3670 19-2,
2748 3606 2877 3669 216,
2909 3605 3035 3671 24⁸5,
3068 3604 3187 3672 ἓῦϐ,
3218 3605 3345 3667 28,8.

2660 3737 2972 3779 '_\

2638 3879 2820 3959 Bap
2836 3876 2929 3945 ῗιο

2618 4171 2974 4250 ,ςιιπωιιιεη
3299 4187 3307 4201 ε

2373 4295 2508 4362 uri
2521 4302 2577 4361 ς’
2760 4301 2837 4367 /
2924 4307 3155 4368 Driﬂ'
3310 4304 3333 4307 ﬂ

2127 4385 3082 4585 @.@’¢®‘

2123 4394 3431 4696 muemﬁ

2120 4689 3168 4801 In:
3211 4710 3422 4818 eis.

2009 4869 2067 4925 in
2097 4871 2373 4938 superiore
2404 4870 2566 4940 igitur
2594 4871 2977 4941 descriptione,
3004 4874 3110 4930 192
3136 4885 3189 4929 et
3222 4875 3324 4929 ι⁵256
3351 4876 3487 4928 «Ιιιιεθ
3514 4884 3595 4941 to-_

2015 4974 2112 5014 nos
2141 4972 2192 5015 et
2234 4962 2575 5015 semitoniotn
2626 4963 2890 5020 contineri
2924 4976 3206 5020 monstrati
3236 4976 3376 5020 sunt.
3414 4967 3603 5019 Restat.

2012 5053 2171 5125 igitur
2197 5056 2526 5124 comparatio
2551 5056 2655 5110 956
2684 5057 2750 5111 ad
2786 5058 2911 5123 288,
2942 5076 3057 5129 qua;
3087 5070 3167 5115 est
3199 5059 3593 5128 sesquioetava.

2011 5146 2062 5200 id
2107 5156 2189 5200 est
2242 5155 2419 5212 tonus,
2443 5163 2737 5218 eorumque
2778 5149 3074 5204 differentia
3124 5160 3209 5206 est
3249 5152 3338 5215 32,
3369 5167 3485 5219 qua:
3515 5156 3599 5201 est

2009 5246 2193 5291 octava
2231 5252 2354 5305 pars
2383 5239 2509 5292 256.
2543 5240 2724 5308 Itaque
2756 5252 3048 5295 monstrata
3082 5250 3163 5296 est
3192 5242 3441 5309 diapente
3466 5254 3564 5291 con

2008 5330 2249 5382 Sonantia
2273 5345 2335 5383 ex
2363 5331 2531 5384 tribus
2557 5336 2695 5384 tonis
2718 5334 3107 5402 setnitonioque
3138 5333 3163 5369 ά
3195 5342 3462 5387 censtare.
3489 5331 3600 5385 Sed

2013 5425 2037 5456 ο
2070 5419 2286 5472 dubium
2339 5420 2673 5477 diatessaron
2719 5425 3064 5478 consonantia
3102 5444 3131 5478 a
3171 5434 3381 5478 centum
3432 5440 3594 5475 tona-

2005 5510 2148 5580 ginta
2170 5510 2374 5565 duobus
2394 5514 2628 5566 numeris
2652 5530 2818 5583 usque
2833 5515 2895 5567 ad
2920 5515 3027 5570 256
3050 5524 3286 5568 venerat.
3306 5515 3454 5567 Nunc
3468 5528 3597 5566 vero

2010 5603 2257 5673 diapente
2280 5608 2346 5659 ab
2372 5606 2573 5661 eisdem
2602 5608 2701 5662 19"!
2726 5610 2961 5663 numeris
2984 5592 3158 5678 usque
3183 5609 3246 5661 ad
3273 5608 3379 5662 988
3401 5610 3597 5659 disten-

2009 5691 2174 5748 ditur.
2241 5692 2536 5767 Snperatur
2586 5697 2747 5769 igitur
2796 5697 3127 5756 diatessaron
3181 5698 3529 5754 consonantia
3564 5686 3599 5754 ι

391 5841 418 5870 ι
448 5829 559 5887 Fit.
590 5788 615 5795 ν
652 5832 679 5871 δ
714 5829 1003 5888 Naturalis.
1083 5840 1105 5870 α
1138 5826 1429 5889 Intercidit.
1502 5828 1532 5870 ⁸
1559 5830 1865 5900 Continere,
1943 5840 1967 5872 ο
2002 5829 2240 5889 Dudum.
