4160 6256
605 418 738 485 iis:

1836 414 1944 471 AN.
1987 412 2195 469 MANL.
2239 412 2389 469 sev.
2428 408 2661 494 BOETII‘

3736 402 3877 460 1184

603 544 874 626 diapente,
906 556 967 595 ca
1012 538 1353 608 pr0portione
1383 549 1500 603 quat
1544 533 1682 588 inter
1711 531 1817 587 256
1846 541 1899 585 et
1935 530 2042 585 288
2087 545 2186 583 nu-
2212 532 2265 594 Α
2296 536 2385 582 ton
2411 534 2620 581 vocant.
2652 522 2941 578 Consulem
2968 520 3157 577 eodem
3185 534 3397 625 quoque
3423 530 3735 626 nuncupant
3773 537 3875 578 no-

606 622 782 689 meros
807 632 1129 693 continetur,
1151 638 1207 683 at
1225 639 1307 682 εει
1334 627 1418 681 hic
1450 636 1624 681 tonus.
1651 625 1994 680 Diatessaron
2027 622 2187 692 igitur

602 722 917 793 symphonia
947 737 974 774 a
1007 720 1256 789 diapente
1285 730 1413 780 tono
1442 718 1856 773 transcenditur.

1196 809 1421 865 CAPUT
1458 808 1599 864 XIX.

656 902 917 973 Diapaaon
945 904 1167 974 quinque
1193 904 1323 957 tonis
1350 912 1393 956 et
1423 902 1621 957 duobus
1656 898 1936 956 semitoniis
1961 896 2127 970 iungi.

674 996 936 1067 Diapason
967 998 1315 1053 consonantia
1345 1005 1554 1050 constat
1597 1010 1663 1050 ex
1699 995 1933 1063 quinque
1962 992 2100 1046 tonis
2130 999 2185 1046 et

601 1090 808 1146 doohus
857 1089 1175 1152 semitoniis,
1208 1103 1326 1157 quae
1371 1098 1545 1142 tamen
1586 1101 1746 1139 unum
1790 1100 1896 1139 non
1927 1081 2185 1151 impleant

604 1187 807 1235 tonum.
840 1178 1101 1246 Quoniam
1131 1178 1272 1232 enim
1315 1186 1667 1232 monstratum
1708 1185 1791 1231 est
1822 1174 2077 1243 diapason
2116 1186 2182 1226 ex

601 1272 851 1341 diapente
883 1281 933 1327 et
965 1273 1296 1326 diatessaron
1328 1271 1624 1325 consistere
1644 1310 1658 1331 .
1691 1269 2021 1324 diatessaron
2056 1280 2183 1320 vero

601 1367 823 1434 probata
864 1376 947 1419 εδι
991 1382 1052 1419 ex
1087 1364 1292 1419 duobus
1332 1365 1475 1419 tonis
1505 1372 1561 1419 et
1590 1362 1877 1417 semitonio
1905 1368 2181 1425 constare;

602 1453 849 1525 diapente
888 1470 951 1509 ex
992 1456 1157 1510 tribus
1206 1457 1343 1509 tonis
1372 1470 1436 1509 ac
1483 1455 1768 1509 semitonio
1808 1454 1969 1507 simul
1996 1453 2183 1521 junma

604 1546 837 1602 efﬁciunt
872 1548 1107 1619 quinque
1139 1559 1311 1602 tonos.
1346 1548 1451 1602 Sed
1478 1547 1730 1616 quoniam
1765 1545 1856 1598 illa
1884 1545 1990 1598 duo
2021 1545 2182 1597 semi-

604 1639 743 1693 tonia
771 1654 876 1693 non
906 1649 1059 1694 erant
1083 1643 1301 1708 integrae
1326 1638 1647 1704 medietatis,
1669 1652 1853 1691 eorum
1878 1637 2185 1703 conjunctio

599 1730 665 1783 ad
716 1732 931 1799 plenum
985 1747 1151 1799 usque
1198 1747 1301 1785 non
1355 1731 1619 1800 pervenit.
1684 1729 1789 1785 Sed
1840 1728 2182 1782 medietatem

599 1819 811 1888 quidem
861 1831 1096 1891 superat,
1125 1822 1193 1875 ah
1239 1823 1543 1892 integritate
1596 1822 1934 1891 relinquitur.
1984 1821 2186 1890 Estque

2293 622 2439 676 mine
2467 628 2684 689 propter
2711 615 3085 673 excellentiam
3110 614 3401 686 dignitatis,
3430 628 3601 684 eaque
3642 612 3877 671 Saturno

2290 724 2373 772 est
2398 704 2653 769 attributa
2680 722 2895 783 pr0pter
2926 710 3231 767 tarditatem
3272 720 3449 765 motus
3477 718 3531 764 et
3558 710 3875 779 gravitatem

2287 808 2427 863 soni.
2477 806 2777 876 Parhypate
2818 819 2946 860 vero
2985 804 3241 871 secunda,
3266 802 3419 873 quasi
3458 802 3611 870 juxta
3644 803 3875 872 hypaten

2288 898 2461 969 posita
2491 908 2544 954 et
2575 898 2858 952 collocata.
2893 896 3156 957 Lichanos
3188 896 3345 950 tertia
3375 893 3591 959 idcirco,
3619 895 3875 962 quoniam

2288 989 2530 1045 lichanos
2555 988 2753 1058 digitus
2780 987 2996 1054 dicitur,
3020 1004 3176 1056 quem
3207 1002 3305 1042 nos
3336 986 3565 1041 indicem
3597 1000 3874 1041 vocamus.

2289 1080 2509 1136 Graecus
2549 1095 2579 1135 a
2619 1079 2869 1149 lingendo
2918 1078 3166 1133 lichanon
3213 1078 3467 1148 appellat.
3518 1078 3584 1132 Et
3622 1078 3874 1147 quoniam

2289 1173 2341 1226 in
2386 1171 2629 1226 canendo
2676 1170 2742 1224 ad
2790 1185 2907 1224 eam
2956 1169 3249 1235 chordam,
3280 1185 3398 1238 quae
3442 1177 3558 1224 erat
3602 1172 3759 1225 tertia
3806 1171 3874 1226 ab

2289 1264 2503 1335 hypate,
2532 1262 2689 1318 index
2728 1260 2946 1332 digitus,
2975 1261 3063 1331 qui
3092 1269 3176 1315 est
3203 1260 3443 1315 lichanos
3474 1260 3867 1326 inveniebatur,

2288 1356 2488 1411 idcirco
2534 1354 2645 1422 ipsa
2688 1367 2899 1423 quoque
2942 1351 3185 1406 lichanos
3234 1351 3494 1421 appellata
3527 1359 3628 1406 est.
3671 1351 3867 1417 Quarta

2287 1446 2676 1511 dicitur'mese,
2704 1444 2954 1514 quoniam
3000 1444 3141 1497 inter
3169 1451 3376 1510 septem
3408 1457 3623 1509 semper
3651 1453 3733 1497 est
3757 1456 3869 1496 ma

2288 1540 2394 1594 dia.
2426 1538 2618 1606 Quinta
2645 1546 2727 1591 est
2762 1550 3059 1606 paramese,
3091 1534 3243 1606 quasi
3270 1534 3418 1603 juxta
3450 1534 3678 1589 mediam
3707 1535 3873 1588 collo-

2287 1642 2425 1687 cata.
2456 1630 2900 1697 Septima'autem
2933 1628 3127 1681 dicitur
3158 1638 3302 1691 nete,
3326 1627 3475 1697 quasi
3507 1634 3684 1690 neate.
3713 1626 3766 1680 id
3790 1637 3876 1682 est
3972 1660 3989 1675 .

2292 1722 2528 1776 inferior.
2564 1721 2706 1774 inter
2748 1734 2905 1789 quam
2940 1728 3098 1772 neten
3140 1727 3194 1773 et
3237 1732 3547 1787 paramesen
3592 1725 3674 1771 est
3702 1727 3877 1783 sexta,

2290 1830 2409 1882 quae
2442 1824 2663 1869 vocatur
2694 1819 2968 1879 paranete,
2996 1810 3148 1878 quasi
3172 1810 3321 1878 juxta
3351 1818 3509 1864 neten
3547 1810 3742 1863 locata.
3777 1808 3876 1863 Pa-

601 1912 854 1981 diapason
888 1915 1178 1968 secundum
1211 1915 1347 1969 hanc
1393 1915 1652 1967 rationem
1687 1928 1750 1968 ex
1781 1913 2017 1981 quinque
2049 1911 2186 1966 tonis
2214 1895 2262 1956 Β
2292 1920 2498 1959 “mese
2528 1918 2657 1959 νεΐο
2700 1902 2948 1972 quoniam
2982 1901 3136 1955 ιθτιίθ
3169 1910 3250 1955 εει
3273 1916 3303 1955 ³
3335 1910 3488 1967 “me.
3517 1901 3709 1955 θοάεω
3741 1916 3875 1968 ιιιιο-

598 2015 647 2058 et
677 2004 886 2060 duobus
912 2008 1231 2061 semitoniis.
1264 2008 1394 2074 Quae
1435 2008 1573 2062 sicut
1596 2006 1661 2059 ad
1707 2006 1969 2075 integrum
2001 2014 2183 2059 tonum

599 2106 705 2149 non
722 2097 980 2166 aspirarit,
1000 2098 1069 2151 ita
1087 2099 1222 2153 ultra
1245 2100 1511 2168 integrum
1527 2097 1869 2153 semitonium
1890 2096 2180 2165 prodeunt.

597 2185 703 2241 Sed
747 2203 866 2256 qua:
914 2188 1101 2243 horum
1136 2192 1207 2244 sit
1248 2192 1402 2255 ratio,
1440 2190 1526 2244 vel
1569 2189 2018 2259 quemadmodum
2052 2190 2181 2259 ipsa:

598 2282 816 2336 musicae
863 2283 1229 2337 consonantiae
1281 2283 1648 2352 reperiantur,
1694 2274 1876 2352 postea
1928 2281 2183 2350 liquidius

598 2372 995 2442 explanabitur.
1039 2373 1251 2431 Interea
1281 2378 1526 2443 praesenti
1559 2374 1908 2442 disputationi
1937 2376 2037 2430 sub
2067 2390 2181 2429 me-

597 2462 764 2518 diocri
794 2465 1140 2535 intelligentia
1172 2475 1199 2503 ι
1228 2465 1559 2521 credulitatis
1583 2467 1883 2521 adhibenda
1910 2474 2030 2522 est:
2059 2476 2183 2521 tunc

600 2572 724 2612 vero
752 2557 902 2613 (irma
947 2560 1120 2613 omnis
1152 2559 1285 2612 ﬁdes
1329 2559 1585 2614 sumenda
1615 2568 1718 2624 est,
1755 2575 1874 2615 cum
1905 2558 1931 2597 δ
1968 2560 2181 2629 propria

597 2665 759 2705 unum
796 2651 1042 2722 quodque
1073 2651 1530 2707 demonstratione
1562 2654 1838 2710 claruerit.
1887 2653 1980 2709 llis
2023 2656 2183 2725 igitur

598 2738 667 2794 ita
695 2742 969 2811 dispositis
1009 2744 1279 2813 paulisper
1322 2744 1391 2799 de
1420 2746 1656 2815 cytharaa
1683 2748 1882 2815 nervis,
1905 2761 1967 2801 ac
1993 2748 2061 2801 de
2089 2762 2183 2801 eo—

598 2848 711 2887 rum
738 2834 1066 2902 nominibus,
1090 2850 1304 2906 quoque
1330 2836 1490 2891 modo
1523 2847 1545 2876 ο
1577 2848 1702 2917 sunt
1726 2839 1916 2913 additi,
1946 2839 2181 2895 dissera-

522 2940 527 2951 '
598 2940 734 2991 mus,
764 2941 970 2997 quaque
1010 2943 1197 2983 eorum
1241 2943 1402 2984 causa
1453 2931 1521 2983 sit
1571 2932 1868 2986 nominum.
1912 2931 2006 2986 His
2033 2933 2179 2987 enim

598 3017 824 3083 prinmm
858 3017 921 3073 ad
948 3019 1190 3074 notitiam
1223 3022 1562 3077 venientibus
1604 3022 1761 3079 facile
1798 3024 1902 3080 erit
1930 3025 2175 3094 scientia,

599 3122 712 3177 quae
740 3120 1049 3179 sequuntur,
1080 3111 1349 3182 amplecti.

1202 3203 1428 3261 CAPUT
1468 3205 1585 3263 XX.

738 3293 816 3350 De
835 3298 1076 3352 additone
1102 3298 1410 3353 chordarum
1433 3318 1704 3372 earumque
1732 3303 2041 3358 nominibus.

668 3385 976 3454 Simplicem
1032 3389 1293 3457 principio
1336 3391 1500 3446 fuisse
1544 3395 1800 3450 musicam
1833 3395 1995 3450 refert
2023 3394 2184 3449 Nico-

600 3479 837 3543 machus,
860 3481 995 3535 adeo
1017 3492 1073 3536 ut
1097 3492 1327 3553 quatuor
1355 3488 1536 3540 nervis
1560 3498 1667 3543 tota
1695 3499 1985 3545 constaret.
2022 3489 2186 3560 quue

601 3582 766 3637 usque
794 3570 859 3623 ad
892 3571 1161 3639 Orpheum
1188 3574 1419 3643 duravit,
1446 3587 1500 3629 ut
1525 3579 1725 3645 primus
1749 3581 1963 3649 quidem
1989 3596 2187 3637 nervus

601 3669 652 3715 et
680 3666 900 3729 quartus
928 3661 1185 3732 diapason
1213 3667 1616 3721 consonantiam
1659 3680 1995 3725 resonarent.
2028 3672 2187 3728 Medii

601 3765 727 3807 vero
770 3753 832 3806 ad
860 3769 918 3809 se
942 3756 1165 3811 invicem
1214 3766 1374 3827 atque
1402 3758 1470 3813 ad
1496 3767 1765 3816 extremos
1811 3763 2083 3833 diapente,
2123 3780 2187 3822 ac

603 3843 956 3914 diatessaron,
986 3862 1050 3903 ac
1073 3858 1277 3903 tonum.
1308 3848 1449 3904 Nihil
1479 3866 1607 3906 vero
1636 3852 1692 3906 in
1721 3856 1799 3909 eis
1828 3868 1971 3912 esset
2003 3858 2188 3913 incon-

602 3949 813 4002 sonum,
840 3939 907 3993 ad
953 3939 1301 3998 imitationem
1349 3944 1553 3998 scilicet
1607 3947 1824 4002 musicae
1876 3950 2183 4016 mundanae,

604 4042 719 4095 quae
741 4044 803 4081 ex
827 4039 1053 4098 quatuor
1074 4041 1281 4087 constat
1299 4034 1597 4090 elementis.
1622 4033 1786 4106 Cujus
1807 4040 2186 4108 quadrichordi

606 4113 894 4172 Mercurius
924 4118 1117 4174 dicitur
1145 4123 1414 4177 inventor.

1055 4207 1437 4261 Tetrachordum
1482 4213 1734 4267 Mercurii.

856 4302 1243 4317 ~—

997 4382 1028 4431 6
1076 4398 1102 4433 c
1227 4384 1366 4433 Trite
1387 4384 1779 4450 diezeugmenon

2006 4492 2026 4540 1

664 4644 673 4655 ι
863 4614 900 4673 /
1001 4614 1033 4642 Ο
1066 4614 1104 4642 ιτ
1142 4614 1163 4673 \
1234 4614 1471 4642 ιιιυιιᾱωυδ
1492 4614 1683 4642 ωυδυυ.
1706 4614 1914 4644 Ulaless.
2140 4614 2190 4673 Ξ

609 4678 869 4766 Dlapente(
943 4678 1950 4766 χρὴ-ῃ
2004 4695 2034 4744 2
2125 4678 2177 4766 ’Ξ

2141 4768 2177 4792 νδ

2140 4794 2178 4856 8

610 4903 873 4969 Diapontel
963 4903 1946 4969 \-—>——-————
2004 4905 2036 4951 3

2007 5097 2035 5145 ι

863 4519 1214 4821 ﬂ
1234 4590 1471 4642 Lichanos
1492 4604 1683 4642 meson.
1703 4592 1914 4644 Dialess.

1007 4803 1038 4851 9
1073 4800 1111 4849 F‘
1241 4798 1512 4861 Parhypate
1544 4813 1734 4852 meson.
1756 4800 1924 4854 Tonus

869 4841 1227 5131 Ἡ
1249 5000 1521 5064 Parhypate
1543 5003 1767 5067 hypaton.
1788 5005 1921 5056 Diat.

608 5172 853 5240 Quintam
894 5194 1018 5233 vero
1064 5180 1317 5235 chordam
1358 5194 1476 5253 post
1524 5184 1802 5241 Chorchus
1837 5188 2008 5260 Atliys
2054 5188 2196 5245 ﬁlius

607 5262 868 5335 adjnnxit,
897 5270 982 5338 qui
1017 5272 1113 5325 l’uit
1146 5272 1411 5343 Lydorum
1444 5293 1559 5332 rex.
1593 5278 1827 5349 llyagnis
1852 5295 1983 5335 vero
2016 5278 2195 5352 Phryx

607 5368 813 5412 sextum
847 5360 927 5413 his
952 5364 1198 5429 apposuit
1227 5382 1466 5421 nervum.
1502 5368 1608 5424 Sed
1635 5371 1897 5438 septimus
1938 5385 2131 5426 nervus
2164 5387 2194 5429 a

607 5449 920 5520 Terpandro
967 5454 1158 5511 Lesbio
1207 5458 1489 5527 adjunctus
1528 5471 1631 5528 est,
1663 5464 1954 5518 secundum
1986 5476 2190 5532 septem

608 5543 811 5599 scilicet
865 5548 1193 5614 planetarum
1244 5552 1668 5610 similitudinem.
1727 5555 1890 5626 Inque
1941 5555 2024 5611 his
2076 5572 2196 5628 qua:

610 5639 919 5702 gravissima
968 5644 1182 5709 quidem
1235 5656 1379 5711 erat,
1410 5659 1594 5701 vocata
1646 5660 1724 5703 est
1780 5650 2008 5721 hypate,
2045 5653 2198 5722 quasi

611 5728 780 5792 major
810 5740 968 5794 atque
1000 5732 1385 5791 lionoraliilior.
1417 5737 1567 5794 Unde
1597 5740 1780 5795 Jovem
1812 5742 1972 5797 etiam
2007 5743 2191 5814 Hypa-

600 5814 621 5882 μ
681 5827 706 5855 ι
737 5817 1041 5877 Credulitas.
1120 5826 1147 5866 δ
1181 5826 1418 5897 Proprie.
1497 5842 1517 5870 ε
1552 5831 1670 5889 Sint
1766 5831 1792 5871 α
1824 5833 1973 5891 Sola.

568 5927 687 5967 ,κ’

2218 4656 2271 4717 D
2515 4698 2657 4829 €090

2452 4806 2535 4914 ἑ

2434 4904 2475 4937 ἢ

2416 4935 2460 4982 Ξ

2394 5002 2447 5049 Ξ-

2382 5055 2425 5140 ἓ

2370 5148 2422 5262 OE
2572 5169 2747 5216 Διειζιυξις
2793 5158 2956 5209 Τοηιιε

2392 5268 2437 5361 Ξ

2410 5362 2445 5395 5

2429 5417 2511 5509 ᾗ.

2433 5499 2571 5569 \"o,._

2290 2018 2393 2074 que
2423 2000 2686 2056 vocabulo
2716 1999 2861 2063 trite,
2894 1995 2949 2051 id
2993 2007 3074 2051 est
3121 1996 3275 2052 tertia
3322 2006 3682 2065 nuncupatur,
3710 2004 3771 2050 ut
3806 1995 3876 2051 sit

2288 2092 2585 2163 descriptio
2612 2092 2745 2145 haec.

2365 2211 2840 2416 ﬂ

2364 2423 2444 2507 ἒ
2751 2440 2800 2519 ξ

2340 2508 2390 2589 ἔ
2754 2525 2788 2575 3

2329 2590 2383 2655 ξ’
2754 2578 2802 2651 Ξ.

2323 2658 2371 2744 5.
2756 2655 2792 2712 Ξ

2322 2751 2355 2795 Ξ

2306 2819 2353 2870 «Ξ

2318 2876 2353 2954 ἕ

2319 2959 2353 3037 ξ
2535 2955 2761 3018 Synaphe

2324 3041 2353 3049 -
2535 3016 2567 3049 Γ
2575 3018 2785 3049 hnc-ahala

2534 3077 2836 3193 ἓῖἓθὲῗῧξθ

2333 3212 2390 3325 ξ
2534 3236 2747 3299 Hyagnis

2364 3327 2420 3413 ea
2531 3297 2817 3421 ggga‘nder

2534 3421 2737 3472 Lesbius

2419 3497 2841 3633 ὲ

2898 2228 2923 2278 ί
2954 2227 3169 2296 l_“"__l
3194 2227 3382 2290 Hypata

2751 2440 2800 2519 ξ
2866 2426 2876 2523 l
2902 2451 2933 2498 2
3200 2446 3466 2510 Parbypate

2754 2525 2787 2546 "I

2754 2549 2789 2607 ἓ

2754 2637 2802 2712 Ξ.
2870 2637 2879 2723 Ι
2907 2674 2936 2722 5
3205 2671 3438 2723 Lichanos

2972 2235 3153 2296 _mi__

2971 2426 3160 2523 :rz:

2979 2650 3166 2745 2o:

2983 3100 3172 3193 1a:

2981 3324 3172 3417 :m:

3059 3563 3100 3611 la

2984 2874 3167 2885 ς...ρο

2535 2955 2761 3018 Synaphe
2790 2891 2885 3018 Ἴ
2912 2892 2942 2942 ι
3207 2892 3346 2945 “ese
3366 2891 3591 2956 8mm

2535 3016 2786 3067 Chorebus

2534 3016 2887 3163 ἓξξοειεξξξξεκι
2915 3111 2946 3163 5

2534 3139 2642 3190 Atis
2665 3140 2790 3193 ﬁlius

2534 3236 2747 3299 Hyagnis

2532 3297 2694 3361 fhrjx

2531 3359 2817 3421 Terpander

2534 3421 2737 3472 Lesbius

2913 3335 2942 3383 6
2968 3335 2977 3391 Ι
3042 3339 3114 3388 sol
3170 3335 3183 3391 l
3210 3339 3455 3391 Paranete

3712 2346 3816 2495 \.

3767 2472 3846 2609 ιέ

3805 2613 3859 2642 B'

3722 2608 3838 2796 λέ

3811 3196 3847 3222 ν

3813 3224 3850 3252 α

3793 3257 3864 3387 ἕ

2284 3708 2386 3775 His
2429 3717 2670 3762 octavam
2713 3707 2923 3762 Samius
2954 3707 3193 3763 Lichaon
3225 3706 3505 3776 adjunxit,
3530 3714 3693 3775 atque
3737 3704 3881 3759 inter

2292 3814 2626 3869 paramesen,
2675 3814 2793 3869 qua:
2845 3798 3005 3855 etiam
3057 3800 3178 3875 trite
3227 3798 3439 3864 dicitur,
3488 3808 3543 3852 et
3589 3804 3880 3867 paraneten

2290 3911 2512 3949 nervum
2559 3893 2794 3949 medium
2839 3894 3142 3963 coaptavit,
3176 3904 3235 3947 ut
3282 3893 3397 3962 ipse
3442 3894 3633 3948 tertius
3677 3903 3818 3947 esset
3845 3905 3877 3945 a

2291 3995 2435 4056 nete.
2467 3986 2534 4039 Et
2580 4000 2856 4053 paramese
2900 3985 3115 4055 quidem
3149 3995 3335 4063 vocata
3364 3994 3446 4040 eat
3475 3981 3503 4021 ἀ
3531 3986 3723 4048 solum,
3757 3998 3877 4053 qua

2295 4086 2414 4146 post
2438 4077 2665 4131 mediam
2696 4077 3079 4131 collocabatur.
3103 4074 3278 4131 Trites
3302 4091 3431 4131 vero
3462 4091 3655 4130 nomen
3684 4074 3878 4144 perdi-

2293 4169 2389 4234 dit,
2416 4178 2763 4239 posteaquam
2793 4168 2934 4223 inter
2959 4182 3079 4223 eam
3107 4181 3268 4239 atque
3314 4179 3605 4238 paraneten
3634 4168 3819 4225 tertius
3846 4182 3882 4225 ι

2291 4272 2414 4315 nete
2440 4262 2643 4315 locatus
2673 4269 2756 4316 est
2802 4276 3031 4329 nervus,
3066 4261 3155 4330 qui
3188 4262 3347 4330 digne
3378 4261 3530 4315 trites
3563 4276 3755 4315 nomen
3785 4275 3879 4313 ex-

2290 4355 2528 4423 ciperet,
2574 4365 2631 4407 ut
2680 4354 2748 4408 sit
2803 4353 3189 4408 octochordum
3240 4354 3533 4410 secundum
3590 4353 3879 4410 Lichaonis

2290 4446 2638 4511 additionem,
2670 4445 2771 4499 hoc
2800 4444 2960 4500 modo
2986 4461 3001 4499 :

3070 4606 3090 4653 1
3124 4600 3134 4665 Ι
3173 4600 3255 4648 mi'
3271 4600 3282 4665 Ι
3304 4600 3499 4665 Hypata

3067 4925 3098 4973 5

3070 5082 3099 5130 4

3307 5078 3388 5128 Me

3391 5092 3446 5129 se

3066 5402 3097 5451 6
3124 5388 3278 5451 ITI
3308 5396 3446 5446 Trite

3067 5563 3094 5611 7
3124 5556 3253 5611 [Ἠ
3271 5556 3280 5611 l
3310 5556 3553 5607 Parauete

3138 5629 3269 5640 ρ-

3733 4725 3789 4777 εξ.

3769 4773 3815 4851 Ξ

3780 4860 3828 4920 ἓ

3607 4598 3845 5139 ἓ

3746 5375 3785 5399 ,

3758 5398 3814 5471 “fr;

3784 5479 3817 5506 υ

3777 5513 3828 5575 ἓ.

3586 5231 3846 5791 Ε

3064 5720 3094 5768 8
3124 5714 3284 5771 [TI
3310 5714 3440 5768 Nete

3376 5975 3406 5980 ν,
3444 5962 3599 5976 σκ-ι-ν.
