4160 6256
307 378 451 437 1185

1630 368 1720 426 os
1754 369 2011 447 uusms
2050 372 2178 429 ue.
2220 373 2263 429 l.

3457 379 3592 434 “86

300 502 364 559 In
398 500 760 572 superioribus
791 499 952 570 igitur
978 494 1182 553 duabus
1209 484 1657 562 dispositionibus
1705 492 1893 562 hepta-
1923 490 1977 557 Ᾰ
2006 492 2303 563 parhypate
2338 492 2591 565 hypaton,
2627 492 2868 548 lichanos
2896 490 3154 566 hypaton,
3187 494 3403 568 hypate.
3431 496 3591 554 Aliud

296 594 495 652 chordi
551 602 604 649 et
633 592 963 649 octochordi.
997 584 1426 659 Heptachordum
1450 584 1667 655 quidem
1699 585 1892 639 dicitur

295 700 717 759 synemmenon,
762 683 903 754 quod
948 691 1029 737 est
1078 679 1441 747 coniunctum.
1491 676 1893 741 Octochordum

294 792 438 834 vero
460 777 903 847 diezeugmenon,
936 772 1076 844 quod
1109 778 1193 826 est
1222 769 1568 838 disjunctum.
1605 769 1658 823 In
1704 769 1895 837 hepta-

194 886 199 891 ‘
296 869 512 928 chordo
540 871 681 926 enim
711 877 793 923 est
822 882 982 923 unum
1014 862 1434 927 tetrachordum,
1458 860 1675 933 hypate,
1700 861 1895 933 parhy-

298 970 453 1033 pate,
484 962 745 1025 lichanos,
796 971 963 1013 mese.
1004 954 1161 1011 Aliud
1214 969 1343 1009 vero
1390 967 1559 1019 mese,
1589 965 1889 1022 paramese,

298 1062 581 1124 paranete,
606 1062 749 1114 nete,
777 1048 903 1104 dum
952 1061 1136 1103 mesen
1184 1061 1404 1102 nervum
1435 1046 1674 1101 secundo
1704 1060 1893 1101 nume-

296 1157 507 1207 ramus,
534 1150 694 1210 atque
724 1138 994 1195 ideoduo
1033 1137 1374 1197 tetrachorda
1411 1152 1509 1208 per
1548 1152 1731 1192 mesen
1760 1152 1893 1192 con-

292 1231 614 1301 iunguntur.
661 1231 718 1286 In
749 1229 1077 1286 octochordo
1123 1244 1253 1285 vero
1299 1228 1549 1299 quoniam
1599 1238 1721 1284 octo
1769 1238 1894 1284 sunt

293 1319 543 1386 chordae,
574 1321 881 1390 superiores
929 1330 1177 1389 quatuor,
1213 1319 1265 1374 id
1314 1328 1401 1375 est
1448 1319 1664 1391 hypate,
1699 1320 1893 1393 parhy-

292 1420 449 1481 pate,
482 1410 744 1477 lichanos,
788 1424 966 1475 mese,
997 1427 1160 1465 unum
1208 1410 1603 1466 tetrachordum
1654 1413 1887 1481 explent.

293 1504 389 1561 Ab
416 1504 521 1560 hoc
555 1519 683 1561 vero
722 1503 1045 1574 disiunctum
1080 1514 1241 1575 atque
1288 1505 1553 1574 integrum
1604 1505 1822 1562 inchoat
1860 1522 1889 1561 a

292 1610 606 1667 paramese,
638 1596 1081 1667 progrediturque
1108 1612 1201 1666 per
1230 1597 1389 1653 triten
1414 1606 1468 1653 et
1496 1607 1805 1669 paraueteu.
1837 1609 1892 1655 et

293 1686 327 1720 ⁸
359 1688 573 1743 ﬁnitum
623 1688 689 1743 ad
740 1699 922 1755 neten,
954 1698 1010 1744 et
1045 1698 1127 1744 est
1171 1690 1479 1760 disjunctio,
1510 1707 1629 1761 qua:
1670 1702 1892 1748 vocatur

288 1778 321 1819 ι’
354 1780 653 1837 diezeuxis.
694 1781 981 1852 Tonusque
1023 1791 1106 1837 est
1152 1783 1401 1838 distantia
1450 1799 1624 1840 meses
1651 1792 1706 1840 et
1736 1800 1891 1854 para-

2003 598 2133 639 vero
2159 583 2371 656 hypate,
2406 584 2722 655 parhypate,
2755 583 3016 649 lichanos,
3050 601 3217 653 mese,
3249 599 3303 643 et
3331 588 3445 642 haec
3473 589 3592 657 qui-

1999 677 2122 732 dem
2169 676 2453 747 conjuncta
2506 688 2648 732 sunt.
2702 677 2941 733 Tertium
2988 693 3115 733 vero
3159 688 3240 735 est
3289 694 3589 748 paramese.

2000 769 2147 832 trite,
2194 778 2474 834 paranete,
2524 778 2664 824 nete.
2720 769 2823 824 Sed
2869 770 3116 838 quoniam
3166 771 3304 825 inter
3345 775 3591 841 superius

2000 861 2423 929 tetrachordum,
2453 862 2595 932 quod
2642 871 2726 917 est
2768 862 2961 933 hypate
3008 862 3266 934 hypaton,
3299 863 3594 934 parhypate

1998 953 2260 1025 hypaton,
2305 954 2551 1009 lichanos
2589 953 2847 1021 hypaton,
2880 953 3079 1025 hypate
3123 968 3335 1019 meson,
3367 938 3594 1011 et'iuter

1997 1045 2266 1111 intimum,
2297 1046 2439 1116 quod
2473 1054 2556 1100 est
2580 1059 2879 1114 paramese,
2910 1047 3053 1111 trite,
3086 1055 3370 1115 paranete,
3405 1044 3462 1100 ﬁt
3491 1061 3589 1115 po-

1995 1136 2190 1192 sitione
2218 1138 2452 1193 medium
2482 1137 2909 1203 tetrachordum,
2942 1137 3083 1208 quod
3106 1146 3188 1193 est
3212 1137 3434 1208 hypate,
3468 1152 3591 1208 par-

1996 1228 2212 1302 hypate.
2250 1229 2541 1296 Lichanos,
2571 1244 2736 1296 mese,
2771 1237 2942 1284 totum
2992 1230 3094 1285 hoc
3141 1230 3374 1285 medium
3420 1239 3589 1287 tetra-

1996 1322 2259 1379 chordum
2290 1338 2476 1379 meson
2519 1331 2765 1385 vocatum
2812 1332 2916 1390 est,
2947 1322 3100 1393 quasi
3147 1322 3469 1389 mediarum,
3498 1339 3590 1380 von

1997 1425 2254 1486 caturque
2320 1431 2440 1471 cum
2509 1416 2875 1471 additamento
2934 1413 3036 1469 hoc
3102 1414 3298 1486 hypate
3369 1430 3588 1483 meson,

1995 1508 2290 1577 parhypate
2336 1522 2546 1574 meson,
2573 1506 2814 1562 lichanos
2861 1520 3071 1572 meson,
3098 1520 3269 1561 mese.
3322 1508 3585 1575 Quoniam

1995 1613 2125 1653 vero
2152 1599 2294 1654 inter
2320 1598 2421 1654 hoc
2442 1614 2629 1654 meson
2655 1596 3078 1662 tetrachordum,
3101 1603 3156 1651 et
3184 1595 3423 1663 inferius,
3444 1597 3585 1667 quod

1995 1702 2076 1747 est
2116 1703 2382 1761 netarum,
2415 1692 2705 1764 disjunctio
2735 1701 2838 1761 est,
2871 1706 3047 1747 meses
3094 1690 3303 1745 scilicet
3342 1698 3397 1745 et
3434 1705 3585 1760 para-

1996 1801 2194 1855 meses,
2220 1788 2443 1843 inferius
2468 1803 2630 1843 omne
2659 1786 3062 1842 tetrachordum
3094 1784 3504 1854 disjunctarum,
3531 1783 3585 1841 id

286 1889 498 1931 meses.
545 1875 642 1930 llic
670 1875 831 1945 igitur
860 1890 1009 1931 mese
1039 1886 1240 1931 tantum
1285 1876 1501 1947 quidem
1534 1893 1729 1933 nomen
1752 1879 1891 1933 obti-
1919 1888 1968 1950 Β
1996 1888 2078 1933 εει
2124 1879 2566 1949 diezeugmenon,
2612 1888 2859 1935 vocatum
2904 1888 3007 1943 est,
3053 1891 3174 1932 cum
3222 1875 3583 1931 additamenta

285 1969 433 2024 nuit.
482 1969 598 2025 Non
639 1971 781 2024 enim
830 1980 913 2026 est
949 1969 1125 2025 media
1168 1971 1454 2040 positione.
1482 1973 1604 2041 quia
1645 1974 1700 2027 in
1739 1984 1892 2029 octo-

284 2061 502 2116 chordo
526 2060 647 2116 duae
670 2060 884 2131 quidem
911 2076 1126 2131 semper
1170 2062 1360 2118 mediae
1408 2064 1767 2133 reperiuntur.
1794 2065 1889 2122 sed

285 2166 401 2209 una
446 2154 622 2208 media
661 2169 768 2209 non
811 2164 987 2220 potest
1032 2153 1281 2209 inveniri.
1318 2154 1678 2225 Prophrastus
1705 2164 1886 2211 autem

281 2246 535 2316 periotes
561 2246 626 2301 ad
656 2246 959 2316 graviorem
1011 2256 1216 2317 partem
1267 2263 1424 2302 unam
1475 2247 1680 2303 addidit
1721 2248 1882 2304 chor-

278 2338 438 2402 dam,
475 2346 533 2391 ut
563 2338 761 2392 faceret
789 2346 955 2391 totum
984 2337 1441 2405 enneachordum.
1475 2338 1604 2404 Quae
1631 2339 1882 2406 quon‘iam

277 2446 455 2501 super
476 2431 706 2501 hypaten
729 2439 815 2484 est
835 2429 1037 2494 addita,
1058 2429 1426 2502 hyperhypate
1451 2440 1532 2484 est
1556 2440 1878 2498 nuncupata.

264 2504 414 2591 Quae
466 2522 615 2590 prius
642 2520 855 2591 quidem
895 2520 1020 2575 dum
1062 2534 1254 2576 novem
1301 2520 1625 2575 chordarum
1675 2530 1883 2578 tantum

275 2622 425 2670 esset
476 2615 717 2683 cythara,
748 2611 1117 2683 hyperhypate
1170 2612 1478 2667 vocabatur.
1523 2612 1672 2668 Nune
1700 2624 1883 2668 autem

275 2707 541 2763 lichanos
589 2704 822 2774 hypaton
872 2702 1066 2757 dicitur
1111 2704 1231 2758 aliis
1275 2704 1654 2774 superadditis.
1692 2705 1746 2759 In
1777 2722 1884 2775 quo

272 2800 487 2856 ordine
511 2806 671 2868 atque
692 2796 1068 2858 instructione,
1102 2798 1355 2863 quoniam
1388 2798 1453 2851 ad
1490 2797 1721 2851 indicem
1750 2798 1885 2866 digi-

270 2905 383 2950 tum
414 2893 601 2956 venit,
632 2890 875 2946 lichanos
909 2888 1172 2959 appellata
1197 2899 1297 2944 est.
1350 2889 1457 2943 Sed
1490 2890 1593 2943 hoc
1617 2890 1883 2956 posterius

271 2981 587 3056 apparebit.
622 2980 771 3036 Nunc
800 2995 929 3036 vero
967 2978 1326 3035 enneachordi
1349 2978 1482 3034 ordo
1512 2979 1590 3032 sic
1620 2991 1679 3033 se
1702 2978 1881 3033 habet.

1440 3228 1632 3292 Hypate

1438 3386 1714 3452 Parhypate

1439 3553 1679 3606 Lichanos

1439 3720 1578 3771 Mese

1438 3878 1701 3929 Paramese

1436 4037 1575 4088 Trite

1171 3097 1361 3146 —

422 3225 571 3325 β
1090 3245 1361 3298 2

328 3336 425 3447 ..
1088 3397 1364 3471 3

1087 3554 1367 3611 4

352 3650 452 3792 ’ἓ
1095 3713 1369 3795 r

298 3797 442 3980 ,ἐ
1088 3884 1372 3945 6

1083 4044 1369 4110 7

1082 4181 1368 4258 8

631 4320 752 4408 κη
892 4434 934 4440 1
1093 4355 1389 4442 ’.η

349 4491 613 4549 llestizeus
637 4495 998 4567 Colophonius
1030 4498 1289 4552 decimam
1321 4500 1374 4553 in
1403 4500 1701 4569 graviorem
1745 4514 1867 4569 par-

275 4597 382 4643 tem
434 4592 703 4657 coaptavit
749 4593 1037 4657 chordam,
1086 4591 1400 4646 Timotheus
1449 4608 1579 4648 vero
1629 4592 1867 4647 Milesius

276 4682 637 4737 undecimam.
688 4681 815 4750 Qua:
883 4684 1135 4752 quoniam
1193 4698 1356 4754 super
1414 4683 1647 4755 hypaten
1711 4692 1868 4753 atque

274 4774 609 4845 parhypaten
637 4785 760 4831 sunt
790 4776 1007 4844 additae,
1040 4776 1236 4849 hypate
1260 4778 1476 4848 quidem
1505 4779 1742 4849 hypaton
1774 4791 1865 4832 vo-

275 4876 406 4918 cata:
452 4875 577 4922 sunt
625 4868 775 4935 quasi
807 4867 1053 4923 maximae
1102 4882 1410 4937 magnarum
1440 4876 1496 4923 et
1530 4865 1863 4937 gravissima:

276 4958 536 5025 gius-ium,
570 4966 663 5011 aut
705 4959 1032 5015 excellentes
1081 4960 1475 5015 excellentium.
1523 4960 1627 5017 Sed
1677 4967 1862 5015 vocata

276 5055 354 5098 est
387 5049 552 5115 prima
596 5048 736 5104 inter
788 5051 1034 5106 undecim
1082 5052 1277 5123 hypate
1324 5051 1581 5123 hypaton.
1612 5051 1860 5107 Secunda

276 5148 401 5192 vero
432 5145 725 5213 parhypate
756 5143 1012 5215 hypaton,
1046 5143 1294 5214 quoniam
1321 5144 1466 5213 juxta
1497 5144 1733 5215 hypaten
1759 5143 1861 5216 hy-

275 5237 432 5295 paton
479 5234 737 5289 collocnta
785 5247 890 5291 est.
940 5234 1121 5290 Tertia
1169 5250 1287 5304 quae
1335 5236 1535 5290 dudum
1576 5236 1626 5288 in
1665 5250 1863 5292 ennea-

277 5315 479 5375 cbordo
531 5326 827 5398 parhypate
879 5327 1191 5391 vocabatur,
1222 5325 1462 5381 lichanos
1509 5327 1744 5397 hypaton
1783 5336 1867 5384 est

278 5424 594 5482 nuncupata.
654 5418 871 5486 Quarta-
915 5433 1047 5474 vero
1114 5419 1308 5488 hypate
1360 5420 1635 5487 antiquum
1695 5420 1867 5474 tenuit

278 5513 490 5560 nomen.
529 5510 721 5575 Quinta
759 5512 1075 5583 parhypate.
1119 5510 1280 5567 Sexta
1309 5511 1549 5567 lichanos
1590 5511 1865 5581 antiquum

280 5596 477 5655 scilicet
519 5594 720 5659 habens
765 5605 1101 5660 vocabulum.
1151 5603 1385 5671 Septima
1433 5619 1600 5659 mese.
1664 5604 1866 5661 Octava

284 5699 569 5754 paramese.
604 5695 749 5750 Nona
782 5697 927 5751 trite.
976 5694 1194 5750 Decima
1242 5707 1517 5764 paranete.
1571 5695 1865 5752 Undecima

284 5788 417 5833 nete.
451 5783 539 5838 Est
565 5786 722 5857 igitur
753 5802 914 5841 unum
951 5786 1347 5841 tetrachordum
1379 5788 1575 5856 hypate
1602 5787 1862 5863 hypaton,

348 5882 377 5945 ,⁸⁸
408 5874 627 5939 Finitttr.
703 5883 729 5922 δ
766 5880 1057 5935 Biduum.

2072 3199 2160 3235 τι
2860 3199 3135 3253 ριτνιτνοαε

2798 3254 2835 3321 3
3164 3241 3424 3294 Paramese
3468 3244 3506 3293 di

1911 3266 1959 3331 ο
2449 3318 2505 3391 .3
2605 3338 2649 3389 ἃ,
2751 3281 2759 3417 1
3200 3317 3506 3379 zeugmeuon

2450 3325 2551 3465 Ii
2594 3389 2632 3465 ἑ
2751 3364 2831 3465 I9
3159 3364 3295 3417 Trtte
3341 3372 3506 3418 diezeu

2449 3325 2505 3391 ξ
2605 3338 2649 3389 ἃ,
2751 3325 2759 3417 Ι
3200 3325 3506 3379 zeugluettou

2448 3422 2455 3447 χ,
2629 3325 2696 3528 ζ
2787 3364 2831 3435 9
2856 3325 3295 3528 ΞΤι-ιιε
3341 3372 3572 3430 diezeug~

2448 3422 2543 3528 ἐμ
2591 3389 2632 3528 Ξ
2749 3420 2837 3528 Ιιο
3162 3441 3403 3528 Ρέιῐξξιιῖἓξιη
3462 3490 3570 3528 dio.

3200 3441 3379 3479 menon

2236 3489 2674 3591 κκϋκεκ
2749 3489 3138 3591 |'°l:‘
3161 3489 3570 3591 Ρξέἰῖῗηιξηηδέθ·

2765 3592 2832 3677 ,44
2852 3564 3134 3677 l:_j
3158 3564 3570 3677 ΝέῗὲδἘεέἓὲιῗε-

1996 1972 2203 2029 scilicet
2232 1972 2335 2029 hoc
2364 1992 2375 2026 ε
2404 1988 2686 2044 paramese
2712 1974 3159 2044 diezeugmenon,
3192 1968 3315 2023 trite
3344 1968 3581 2040 diezeug-

1995 2078 2215 2128 menon,
2240 2074 2495 2133 paranete
2522 2065 2965 2135 diezeugmenon,
2990 2069 3114 2116 nete
3134 2059 3581 2129 diezeugmenon,

1996 2164 2052 2209 ut
2082 2156 2152 2210 sit
2176 2155 2468 2226 descriptio
2499 2156 2602 2211 hoc
2630 2155 2823 2211 modo:

2980 2311 3143 2380 :5
3162 2315 3350 2379 ilypate
3432 2317 3579 2380 hypa-

2465 2346 2764 2428 ἎῨΙ
2807 2346 2827 2401 ¹
2865 2346 3143 2428 Ῡ--λ
3166 2346 3289 2428 "illi?

2788 2462 2827 2512 9.
2867 2447 3441 2513 mParhypate
3491 2449 3577 2513 hy-

2465 2349 2469 2353 .
2807 2347 2827 2401 1
3133 2347 3350 2428 ,..i,(;:w
3432 2347 3577 2380 ιυρι-

2788 2462 2827 2512 9,
3167 2447 3441 2512 Parhypate
3491 2449 3577 2513 hy-

1978 2620 1989 2627 ,
2794 2579 2834 2641 3
2865 2347 3144 2657 Ξ
3166 2519 3401 2631 [Ξῑῗιῗὲοε
3430 2582 3577 2645 hypa.

2810 2694 2838 2726 ι
2866 2650 3340 2726 t_______...P°'P._
3463 2724 3498 2726 η

2099 2650 2177 2772 is
2214 2650 2281 2773 /
2596 2650 2763 2773 Ἃ
2790 2694 2844 2771 4
2865 2650 3142 2773 ᾖ
3161 2650 3347 2773 “ﬁgite
3372 2724 3545 2762 meson

2009 2774 2222 2945 ist
2567 2774 2719 2945 ts/
3470 2868 3577 2907 ωε-

2597 2929 2651 2977 sil
2752 2929 2759 2977 l
2864 2929 2871 2977 Ι
3201 2929 3289 2965 5οη

2094 2950 2189 3057 si
2568 2950 2686 3057 vis
2752 2950 2835 3057 ιε
2862 2950 3141 3057 ιτς]
3163 2950 3399 3034 ea...“
3468 2999 3577 3038 ωε-

2046 3058 2193 3105 ωὶ
2596 3058 2760 3105 ΧἏΧΙ
2862 3058 2870 3105 Ι
3200 3060 3290 3097 150n

2072 3118 2230 3235 31‘.
2634 3118 2829 3235 ‘17

3164 3241 3424 3294 Paramese
3468 3244 3574 3294 die-

2860 2664 3142 3253 Ξ

2908 3199 3137 3257 φαίνου(

3195 3687 3375 3725 menon

1980 3758 2075 3814 Est
2118 3760 2279 3830 igitur
2309 3762 2395 3817 hic
2434 3766 2575 3821 inter
2604 3782 2920 3837 paramesen
2951 3788 3014 3830 ac
3046 3791 3229 3832 mesen
3258 3778 3566 3846 disjunctio,

1976 3863 2137 3925 atque
2161 3856 2283 3912 ideo
2309 3858 2731 3931 diezeugmenon
2760 3868 3155 3924 tetrachordum
3180 3871 3282 3926 hoc
3309 3881 3562 3927 vocatum

1977 3958 2077 4003 est.
2111 3950 2265 4015 Quod
2297 3952 2341 4005 si
2376 3966 2654 4020 paramese
2699 3956 2994 4025 auferatur,
3028 3970 3085 4017 et
3125 3963 3193 4017 sit
3232 3978 3381 4020 mese
3421 3965 3565 4031 trite,

1974 4052 2253 4110 paranete,
2283 4054 2427 4109 nete,
2461 4054 2587 4100 tunc
2630 4047 2938 4117 conjuncta,
2972 4052 3023 4107 id
3067 4065 3150 4109 est
3187 4070 3563 4127 synemmena,

1974 4143 2131 4190 erunt
2164 4136 2261 4189 tria
2294 4138 2666 4209 tetrachorda,
2696 4142 3079 4218 vocabiturque
3109 4148 3358 4205 ultimum
3402 4159 3564 4207 tetra-

1914 4250 1925 4259 -
1974 4226 2235 4284 chordum
2262 4242 2649 4301 synemmenon
2679 4232 2782 4293 hoc
2809 4237 3008 4295 modo:

2801 4364 3254 4455 271::
3276 4391 3468 4455 Hypate
3482 4394 3562 4455 hy-

3310 4460 3456 4515 paton

2910 4536 2964 4584 Ζ
3003 4536 3249 4609 [ΣΞ]
3277 4546 3516 4609 Parhypat
3529 4562 3559 4596 e

3308 4608 3523 4668 hypaton

2916 4692 2973 4765 5
3266 4686 3518 4765 Licha???

3309 4749 3523 4813 hypaton

3304 5289 3413 5313 [sua
3478 5289 3557 5325 ay-

3304 5338 3559 5377 nemmen.

2908 5403 2967 5493 8
2989 5403 3241 5493 C:
3272 5411 3558 5493 T3933?

3304 5487 3555 5524 nemmen.

3305 5343 3519 5375 ηϐηιωει

2621 5343 2836 5538 β
2908 5403 2967 5493 8
3272 5411 3411 5463 Trite
3474 5426 3519 5475 sy

2655 5484 2722 5604 ἐ
3304 5487 3519 5523 nemmet

2621 5343 2864 5772 VG:
2894 5560 2947 5637 θ
2985 5343 3245 5673 Ξ
3274 5569 3519 5693 Ρὲξὲἓῗιῗ

2831 5771 2834 5772 ν
2874 5687 3247 5772 ἸΟῘΞ]
3273 5718 3404 5769 Nete
3475 5734 3519 5772 ε]

3312 5644 3550 5693 synemm.

2874 5696 3247 5789 ΕΞ
3273 5718 3404 5769 Nete
3475 5734 3555 5783 sy-

2822 5788 2887 5801 "'
2908 5790 2911 5791 '
3046 5792 3049 5793 '
3304 5793 3550 5834 aeminen-
