4160 6256
608 469 795 545 pellari
846 462 1258 524 trihemitonium
1290 458 1346 513 in
1373 454 1590 510 diatono
1619 441 2190 545 genere_semitonium
2218 439 2271 495 Α

561 603 566 606 ›
609 534 674 621 ac
713 576 896 626 tonus;
947 559 1042 615 sed
1078 570 1182 611 non
1227 559 1310 608 est
1337 544 1784 615 incompositum,
1813 537 2020 592 duobus
2046 534 2194 588 enim

613 659 664 715 id
715 655 988 727 perﬁcitur
1031 646 1356 709 intervallis,
1387 651 1440 698 et
1488 641 1543 695 in
1592 631 1946 727 enharmonio
1996 639 2198 727 genere

617 719 758 805 idem
791 754 890 802 est.
915 742 1136 798 Constat
1162 748 1339 792 autem
1366 749 1430 788 ex
1452 730 1608 794 diesi,
1629 736 1684 782 et
1707 724 1862 788 diesi,
1879 730 1933 777 et
1962 729 1986 756 ι
2015 719 2200 773 ditono

616 840 992 909 incomposito,
1022 835 1163 906 quod
1211 830 1417 884 scilicet
1446 832 1665 896 propter
1691 816 1934 874 eamdem
1981 824 2200 909 causam

626 905 1037 1001 incompositum
1061 935 1450 994 nuneupamus,
1479 916 1727 989 quoniam
1751 912 1804 968 in
1834 923 1945 965 uno
1972 905 2205 963 colloca-

621 1041 732 1087 tum
761 1038 838 1085 est
869 1022 1170 1080 intervallo.

1177 1233 1398 1292 CAPUT
1440 1229 1627 1288 XXIV.

1175 1374 1310 1442 Quid
1340 1373 1404 1426 sit
1431 1368 1679 1440 synaphe.

699 1522 805 1579 Sed
835 1522 887 1575 in
917 1519 998 1572 his
1026 1515 1094 1570 ita
1125 1509 1397 1581 dispositis
1419 1502 1833 1571 constitutisque
1862 1495 2219 1555 tetrachordis

632 1612 868 1686 synaphe
913 1616 1016 1664 est.
1079 1604 1249 1671 Quam
1307 1595 1739 1666 coniunctionem
1805 1591 1984 1645 dicere
2031 1587 2221 1686 Latina

633 1677 1020 1777 signiﬁcatione
1066 1706 1374 1765 possumus,
1424 1687 1672 1759 quotiens
1717 1682 1822 1736 duo
1879 1677 2221 1777 tetrachorda

637 1771 792 1852 unius
819 1791 1030 1848 termini
1062 1787 1320 1842 medietas
1348 1780 1624 1838 continuat
1653 1785 1814 1845 atque
1841 1771 2141 1842 coniungit,
2160 1777 2221 1824 ut
2249 1811 2300 1872 Β

642 1891 691 1949 in
723 1889 822 1945 hoc
854 1879 1193 1942 tetrachordo
1218 1895 1233 1934 :

1321 2119 1701 2191 [Ξ
1726 2117 1911 2182 Hypate
1935 2119 2143 2182 hypaton

1321 2118 1742 2191 ι

1325 2256 1742 2438 ι

1328 2617 1742 2695 ι

1345 3095 1712 3184 _..__:l

1344 3354 1712 3422 _

1742 2863 1928 2925 Hypate
1953 2872 2122 2910 meson

794 2687 864 2780 Ε)

717 2866 866 2976 ινδιξ
1043 2839 1049 2845 ”

824 3367 886 3512 ἓ

815 3517 892 3575 ιθ

678 3888 703 3926 δ
739 3888 846 3942 lloc
874 3887 1033 3957 igitur
1061 3891 1146 3939 est
1165 3896 1326 3937 unum
1364 3892 1385 3919 ε
1416 3875 1809 3935 tetrachordum
1843 3874 2037 3944 hypate
2085 3870 2256 3940 hypa-

681 3990 791 4043 ton,
837 3979 1126 4046 parhypate
1175 3974 1429 4044 hypaton,
1475 3968 1710 4023 lichanos
1764 3965 2020 4035 hypaton,
2063 3961 2259 4030 hypate

681 4083 886 4123 meson.
921 4067 1074 4121 Aliud
1105 4079 1231 4120 vero
1261 4065 1457 4132 hypate
1489 4073 1696 4123 meson,
1725 4056 2020 4126 parhypate
2048 4067 2257 4116 meson,

682 4158 920 4213 lichanos
948 4170 1154 4219 meson,
1175 4169 1344 4208 mese.
1369 4154 1424 4206 lu
1451 4151 1691 4220 utrisque
1714 4149 1874 4218 igitur
1902 4143 2260 4199 tetrachordis

685 4251 877 4321 hypate
905 4263 1086 4302 meson
1117 4254 1459 4299 annumerata
1499 4253 1598 4296 est.
1639 4238 2050 4306 Superiorisque
2099 4245 2264 4290 tetra-

683 4339 869 4394 chordi
894 4354 954 4393 ea
984 4346 1067 4392 est
1095 4336 1423 4400 acutissima,
1447 4331 1759 4402 posterioris
1777 4345 1903 4385 vero
1924 4329 2258 4398 gravissima.

686 4431 882 4498 Estque
909 4429 1009 4481 ista
1029 4425 1332 4495 coniunctio
1373 4439 1475 4477 una
1507 4420 1800 4489 eademque
1839 4419 2036 4475 chorda
2066 4419 2264 4488 hypate

690 4536 896 4584 meson,
917 4518 1024 4573 duo
1051 4515 1389 4572 tetrachorda
1417 4512 1767 4583 coniungens,
1797 4520 1856 4567 ut
1884 4510 2069 4565 eadem
2103 4510 2266 4580 hypa-
2295 4554 2326 4584 _.

2503 547 2505 549 ι
3005 482 3373 545 υ
3421 480 3610 547 llypate
3629 492 3804 530 meson

2493 640 2534 674 ω

2463 682 2563 764 ,ἐκέκ¹
3014 696 3382 762 -
3421 692 3696 755 Parhypate
3717 706 3888 745 meson

2480 760 2543 885 ἓ

2346 880 2388 953 Ἲ,
3018 892 3388 957 _
3427 884 3677 948 Lychanos
3721 900 3894 937 meson

3025 1105 3392 1166 -
3431 1091 3566 1141 δίθθθ

3033 1179 3038 1183 ·

2375 1312 2385 1316 ·
2560 1324 2567 1334 ι
2663 1298 2665 1301 ’
3429 1295 3690 1347 Patamcse

2421 1534 2426 1538 η
2502 1450 2574 1602 ξ
3030 1502 3397 1559 --·
3434 1498 3895 1613 “statim

2410 1669 2440 1687 Α
2511 1677 2580 1774 ,Ξ
3032 1706 3401 1765 _
3439 1705 3680 1758 Paranete
3791 1711 3898 1763 dle-

3501 1784 3807 1832 zeugmenon

2545 1881 2573 1920 7“
2630 1919 2638 1928 '
2687 1931 2699 1937 -
2739 1939 2744 1947 -
2797 1963 2804 1966 ,
3034 1915 3401 1975 _
3439 1910 3901 2021 Neégndiezeugme-

2334 2081 2447 2134 Duo
2491 2079 2652 2148 igitur
2680 2090 2800 2132 esse
2839 2076 3174 2132 tetrachorda
3205 2077 3481 2132 evidenter
3509 2089 3750 2147 apparet,
3778 2095 3904 2149 quo-

2333 2170 2474 2224 niam
2505 2167 2721 2238 quidem
2752 2175 2876 2221 oeto
2911 2175 3036 2220 sunt
3082 2165 3316 2221 chordae.
3352 2163 3458 2222 Sed
3503 2168 3776 2225 diezeuxis’
3804 2183 3906 2241 est,

2331 2259 2385 2314 id
2415 2269 2497 2314 est
2522 2257 2810 2326 disiunctio
2838 2255 2978 2310 inter
3016 2270 3199 2311 mesen
3222 2266 3276 2312 et
3308 2271 3648 2325 paramesen,
3679 2275 3795 2330 quae
3830 2262 3908 2315 in-

2334 2359 2416 2405 ter
2441 2363 2498 2403 se
2539 2349 2698 2417 pleno
2725 2345 2943 2401 differre
2972 2354 3120 2413 tono,
3153 2347 3221 2401 de
3259 2348 3452 2419 quibus
3486 2351 3786 2406 evidentius
3819 2367 3910 2407 ex-

2335 2441 2642 2510 plicabitur,
2679 2454 2801 2494 cum
2844 2441 3262 2511 unumquodque
3297 2442 3588 2499 studiosius
3626 2447 3912 2514 explanan-

2335 2534 2459 2587 dum
2491 2531 2757 2601 posterior
2785 2539 3042 2586 tractatus
3069 2534 3440 2602 assumpserit.
3471 2533 3578 2590 Sed
3605 2535 3912 2606 diligentius

2337 2627 2563 2682 intuenti
2597 2625 2854 2696 quinque,
2885 2639 2994 2680 non
3015 2625 3244 2695 amplius
3277 2627 3612 2684 tetrachorda
3640 2631 3915 2698 reperiun-

2339 2730 2444 2786 tur,
2481 2720 2747 2792 hypaton,
2781 2733 2987 2782 meson,
3038 2733 3445 2786 synemmenon,
3475 2720 3919 2792 diezeugmenon,

2343 2810 2705 2882 hyperboleon
2717 2849 2729 2862 .
3155 2799 3158 2801 ’

2904 2901 3132 2957 CAPUT
3163 2902 3352 2958 XXVI.

2398 3015 2403 3024 α
2470 2994 2670 3059 Quibus
2696 2994 2982 3046 nominibus
3012 3010 3185 3048 nervos
3213 2995 3547 3064 appellaverit
3570 2995 3801 3049 Albium.

2420 3085 2643 3138 Albinus
2673 3094 2849 3138 autem
2876 3097 3059 3138 earum
3091 3087 3305 3139 nomina
3334 3085 3519 3139 Latina
3571 3087 3815 3141 oratione
3857 3089 3925 3143 ita

2269 3195 2314 3258 ρ
2350 3175 2734 3243 interpretatus
2783 3184 2898 3238 est,
2951 3184 3010 3228 ut
3053 3175 3273 3245 hypatas
3322 3176 3643 3245 principales
3692 3190 3928 3243 vocaret,

2349 3281 2526 3321 mesas
2550 3265 2776 3331 medias,
2823 3281 3203 3336 synemmenas
3231 3269 3563 3337 coniunctas,
3595 3269 3929 3340 diezeugme-

2351 3372 2446 3411 nas
2473 3357 2788 3425 disiunctas,
2817 3356 3172 3426 hyperboleas
3193 3357 3537 3413 excellentes.
3571 3359 3678 3415 Sed
3705 3361 3859 3415 nobis
3882 3362 3929 3415 in

2285 3510 2289 3514 ,
2352 3449 2528 3502 alieno
2552 3462 2714 3516 opere
2740 3463 2845 3502 non
2870 3451 2973 3502 erit
3003 3449 3412 3504 immorandum.

2903 3560 3131 3616 CAPUT
3163 3560 3379 3615 XXVII.

2572 3653 2673 3719 Qui
2706 3653 2846 3706 nervi
2873 3652 3050 3722 quibus
3081 3654 3330 3707 sideribus
3346 3661 3725 3723 comparentur.

2431 3745 2562 3800 Illud
2618 3755 2792 3800 tamen
2839 3746 3052 3799 interim
3083 3744 3149 3798 de
3195 3746 3559 3814 superioribus
3589 3745 3940 3802 tetrachordi:

2361 3825 2661 3892 addendum
2694 3837 2923 3902 videtur,
2956 3836 3097 3906 quod
3127 3837 3194 3892 ab
3239 3837 3434 3908 hypate
3466 3851 3648 3892 meson
3680 3854 3850 3906 usque
3877 3840 3941 3896 ad

2364 3940 2517 3987 neten
2561 3931 2712 3999 quasi
2756 3927 3024 3999 quoddam
3061 3929 3266 3984 ordinis
3313 3929 3796 3998 disiunctionisque
3833 3945 3943 3985 cm-

2365 4025 2514 4079 lestis
2541 4023 2814 4093 exemplar
2845 4032 2945 4076 est.
2993 4021 3229 4091 Namque
3261 4022 3457 4092 hypate
3495 4037 3673 4076 meson
3709 4022 3946 4077 Saturno

2364 4125 2446 4170 est
2467 4116 2740 4171 attributa.
2774 4115 3067 4184 parhypate
3100 4129 3226 4168 ιρι-ο
3253 4112 3442 4167 Joviali
3475 4114 3668 4168 circulo
3689 4113 3949 4168 consimi-

2367 4208 2432 4261 lis
2463 4216 2566 4271 est,
2598 4206 2844 4260 Iichanon
2886 4219 3069 4258 meson
3102 4204 3276 4290 Marti.
3295 4203 3584 4269 tradidere,
3627 4205 3718 4259 Sol
3757 4219 3948 4258 meson

2367 4299 2616 4360 obtinuit,
2666 4299 2787 4351 trite
2825 4311 3208 4366 synetnmenon
3253 4295 3432 4350 Venus
3473 4296 3652 4360 habet,
3695 4307 3950 4365 paranete

2368 4406 2752 4465 synemmenon
2801 4390 3090 4444 Mercurius
3133 4391 3288 4460 regit,
3339 4398 3461 4444 nete
3501 4398 3681 4444 autem
3723 4389 3954 4445 Lunaris

2369 4483 2554 4539 circuli
2586 4489 2734 4537 tenet
2765 4480 3090 4549 exemplum.
3123 4476 3229 4534 Sed
3260 4480 3465 4534 Marcus
3491 4478 3697 4534 Tullius
3737 4490 3956 4535 contra-

689 4622 777 4665 ton
815 4626 875 4664 ac
903 4624 1086 4664 meson
1133 4605 1473 4662 tetrachorda
1504 4570 1556 4658 in
1587 4603 1864 4673 superiore
1909 4601 2266 4671 descriptione
2294 4579 2347 4637 D
2372 4575 2508 4673 rium
2527 4573 2795 4673 fminem
2827 4572 2969 4673 (κη’
2998 4571 3128 4625 Nam
3167 4572 3216 4625 in
3259 4587 3310 4625 η
3335 4571 3424 4673 Μξο
3455 4571 3520 4625 de
3551 4570 3847 4673 Republica.
3863 4573 3958 4673 ᾉ⁸ί⁰

688 4705 946 4775 adiunxit.
976 4705 1069 4758 Est
1098 4704 1257 4773 igitur
1285 4701 1545 4774 synaphe,
1568 4715 1686 4770 qua:
1715 4699 2019 4768 coniunctio
2047 4697 2263 4759 dicitur,

688 4799 912 4851 duorum
943 4796 1407 4852 tetrachordorum
1430 4809 1532 4848 vox
1560 4793 1731 4849 media
1756 4835 1768 4857 ,
1820 4793 2114 4862 superioris
2144 4792 2265 4860 qni-

689 4888 808 4943 dem
839 4888 1147 4944 acutissima
1169 4928 1182 4950 ,
1237 4884 1549 4956 posterioris
1600 4898 1727 4938 vero
1754 4884 2092 4954 gravissima.

1262 5079 1489 5135 CAPUT
1517 5079 1686 5134 XXV.

1211 5235 1348 5302 Quid
1380 5237 1445 5290 sit
1474 5237 1749 5291 diezeuxis.

763 5390 1038 5448 Diezeuxis
1067 5405 1194 5444 vero
1224 5391 1541 5461 appellatur,
1583 5407 1702 5461 qum
1733 5391 2019 5462 disiunctio
2039 5394 2143 5450 dici
2171 5409 2266 5466 po-
2322 5377 2342 5397 ’

696 5495 816 5553 test,
845 5485 1090 5556 quotiens
1133 5485 1239 5539 duo
1268 5483 1606 5540 tetrachorda
1636 5485 1747 5539 toni
1793 5485 2080 5545 medietate
2111 5503 2266 5559 sepa-

691 5589 896 5643 rantur,
924 5585 981 5631 ut
1006 5577 1058 5631 in
1084 5575 1170 5632 his
1193 5575 1398 5632 duobus
1425 5575 1803 5633 tetrachordis.

764 5807 788 5836 ι
823 5798 1060 5852 Diatono.
1136 5797 1164 5836 ιι
1196 5796 1298 5850 Hic
1325 5814 1444 5864 ergo
1509 5811 1529 5840 ε
1555 5799 2036 5857 Tetrachordorum.
2117 5801 2142 5841 δ
2175 5806 2293 5872 Qui.

2373 4667 2447 4720 ait
2475 4684 2487 4718 :
2521 4663 2587 4718 Et
2609 4673 2793 4718 natura
2822 4668 2916 4733 fert
2947 4673 2999 4716 ut
3021 4673 3242 4716 extrema
3267 4678 3329 4714 er.
3351 4662 3512 4715 altera
3534 4671 3673 4732 parte
3701 4661 3958 4729 graviter,

2372 4775 2434 4811 ex
2466 4759 2626 4811 altera
2655 4768 2828 4810 autem
2853 4765 2998 4810 acute
3021 4763 3216 4809 sonent.
3248 4753 3417 4820 Quam
3457 4737 3526 4808 Ob
3551 4766 3768 4807 causam
3804 4767 3959 4808 sum-

2373 4865 2491 4904 mus
2545 4849 2633 4902 ille
2686 4847 2808 4902 caeli
2866 4846 3301 4909 stellifercursus,
3356 4845 3507 4914 cuius
3559 4844 3837 4900 conversio
3870 4850 3960 4898 est

2374 4943 2691 4999 concitatior
2714 4950 2890 5007 acuto‘,
2923 4952 2975 4996 et
3003 4943 3234 4997 excitato
3262 4952 3503 5012 movetur
3532 4954 3690 5006 sono,
3710 4937 3962 5009 gravissi-

2376 5049 2463 5089 mo
2487 5045 2664 5091 autem
2689 5035 2774 5088 hic
2805 5035 3008 5088 lunaris
3028 5043 3187 5103 atque
3209 5034 3441 5088 iniimus.
3473 5033 3602 5088 Nam
3622 5042 3768 5087 terra
3791 5045 3958 5097 nona,

2376 5127 2664 5181 immobilis
2695 5140 2936 5191 manens,
2961 5127 3064 5180 ima
3087 5126 3215 5181 sede
3236 5142 3446 5196 semper
3473 5125 3663 5190 haeret;
3691 5124 3776 5179 hic
3797 5123 3962 5194 igitur

2377 5217 2588 5272 Tullius
2613 5227 2810 5273 terram
2839 5218 2990 5288 quasi
3020 5218 3292 5272 silentium
3321 5219 3490 5284 ponit,
3519 5217 3722 5270 scilicet
3763 5218 3962 5269 immo-

2377 5309 2562 5364 bilem.
2600 5309 2724 5363 Post
2761 5309 2896 5363 hanc
2929 5306 2955 5346 ἀ
2985 5310 3066 5363 sui
3114 5311 3386 5378 proximus
3426 5323 3455 5361 a
3486 5307 3698 5363 silentio
3722 5316 3825 5368 est,
3868 5305 3966 5361 dat

2379 5400 2540 5453 Lunae
2570 5401 2939 5469 gravissimum
2971 5413 3186 5466 sonum,
3218 5402 3360 5460 utsit
3382 5401 3528 5455 Luna
3556 5398 3966 5468 proslambano-

2377 5506 2585 5556 menos,
2627 5492 2920 5548 Mercurius
2953 5493 3145 5562 hypate
3194 5492 3451 5563 hypaton,
3491 5492 3667 5547 Venus
3696 5489 3966 5560 parhypa-

2380 5592 2431 5638 te
2463 5582 2717 5652 hypaton,
2746 5583 2838 5640 Sol
2871 5583 3110 5640 lichanos
3154 5582 3412 5653 hypaton,
3446 5583 3588 5639 Mars
3619 5583 3810 5652 hypate
3841 5594 3972 5635 me-
