4160 6256
267 316 404 380 1195

1596 312 1685 372 DE
1722 313 1972 375 MUSICA
2012 316 2139 374 LIB.
2178 316 2219 373 I.

3382 315 3511 375 1194

242 448 384 499 ~son,
435 411 655 501 Jupiter»
690 412 987 501 parhypate
1030 410 1240 490 meson,
1292 416 1557 481 Saturnus
1595 428 1836 485 lichanos
1864 436 1917 496 Α
1939 407 2253 485 revertitur.
2280 427 2387 484 Sed
2405 441 2513 499 jam
2538 428 2769 497 segnior,
2806 440 2904 483 nec
2940 427 3014 482 ita
3036 426 3219 496 celeri,
3253 437 3313 510 ut
3340 412 3508 496 primo

264 539 473 592 meson,
500 524 705 580 leum
734 525 979 581 ultimum
1000 535 1166 577 mese.
1200 520 1331 588 Quae
1354 532 1484 575 vero
1514 521 1621 576 sint
1647 523 1836 577 harum

236 638 247 689 ᾔ
263 615 590 682 immobiles,
619 622 740 685 quae
769 629 898 670 vero
928 614 981 668 in
1026 621 1195 667 totum
1239 610 1483 677 mobiles,
1512 628 1630 682 qua
1658 622 1836 668 autem

238 706 564 763 immobiles
618 704 948 775 mobilesque
982 704 1320 768 consistant.
1368 719 1490 759 cum
1535 704 1603 760 de
1651 720 1839 759 mono-

238 790 732 869 cbordiregularis
775 797 1040 859 divisione
1083 805 1408 864 tractavero,
1440 798 1542 853 erit
1569 798 1716 876 locus
1745 813 1840 869 ap-

260 888 368 945 tior
399 888 724 959 explicandi.

806 979 1031 1036 CAPUT
1054 978 1289 1036 XXVIII.

591 1074 718 1140 Qua:
742 1073 807 1127 sit
829 1083 1017 1127 natura
1043 1063 1508 1127 consonantiarunt.

242 1226 243 1229 η
335 1172 366 1208 ι.
392 1162 806 1218 Consonantiam
836 1177 965 1219 vero
990 1162 1117 1216 licet
1152 1161 1359 1215 aurium
1400 1174 1612 1230 quoque
1651 1174 1841 1216 sensus

236 1240 536 1325 dijudic'e't,
568 1258 745 1308 tamen
775 1254 911 1308 ratio
940 1253 1243 1322 perpendit.
1276 1252 1533 1319 Quotiens
1564 1251 1704 1306 enim
1736 1251 1841 1305 duo

256 1343 431 1407 nervi,
450 1356 558 1397 uno
581 1340 844 1413 graviore,
870 1342 1238 1406 intenduntur,
1267 1342 1529 1411 simulque
1558 1342 1697 1411 pulsi
1722 1340 1843 1395 red-

254 1432 396 1486 dunt
448 1434 770 1500 permixtum
821 1432 1211 1502 quodammodo
1250 1441 1305 1487 et
1356 1447 1573 1488 suavem
1629 1447 1839 1497 sonum,

255 1524 490 1592 duaeque
518 1514 676 1579 voces
704 1524 858 1593 quasi
889 1524 1189 1593 conjunctae
1220 1525 1273 1579 in
1311 1540 1473 1579 unum
1507 1524 1838 1601 coalescunt,

254 1624 391 1670 tunc
418 1617 476 1670 lit
497 1609 558 1672 ea
589 1632 707 1686 quae
733 1617 931 1672 dicitur
951 1615 1322 1672 consonantia.
1358 1617 1487 1671 Cum’
1521 1633 1648 1673 vero
1683 1616 1843 1671 simul

259 1704 291 1743 δ
327 1707 489 1774 pulsi,
536 1707 641 1761 sibi
669 1708 893 1776 quisque
938 1708 1015 1763 ire
1040 1710 1218 1777 cupit,
1264 1722 1363 1763 nec
1409 1710 1729 1778 permiscent
1777 1708 1843 1762 ad

1942 524 2143 592 impetu
2187 523 2413 575 emissus
2458 520 2715 585 cucurrit,
2750 520 2999 589 quocirca
3045 521 3256 589 gravior
3282 535 3515 589 quoque.

1939 611 2070 668 Cum
2107 614 2267 683 igitur
2288 612 2395 681 jam
2422 611 2637 680 gravior
2666 611 2902 677 rediens,
2934 626 3077 665 nunc
3101 611 3326 679 primum
3367 612 3512 680 gravi

1940 718 2075 759 sono
2106 703 2345 757 venienti
2370 702 2557 756 similis
2590 701 2841 767 occurrit,
2864 701 3115 756 miseetur
3134 702 3206 770 ei,
3228 717 3514 771 unamque,

1942 802 1967 841 Β
2001 803 2057 849 ut
2084 793 2157 848 ait
2184 793 2355 860 Plato,
2382 788 2784 847 consonantiam
2819 794 3021 848 miscet.

2507 883 2732 938 CAPUT
2754 883 2945 938 XXXI.

2086 974 2223 1040 Quid
2266 983 2441 1028 contra
2480 973 2751 1028 Platonem
2788 960 3145 1029 Nicomachus
3173 976 3374 1028 sentiat.

2014 1064 2118 1120 Sed
2152 1065 2204 1118 id
2226 1065 2581 1121 Nicomachus
2610 1081 2714 1120 non
2737 1068 3025 1121 arbitratur
3070 1068 3268 1121 dictum
3310 1067 3519 1121 veraci-

1942 1163 2040 1209 ter.
2070 1154 2252 1225 Neque
2300 1158 2439 1219 euim
2484 1157 2735 1212 similium
2766 1158 2884 1212 esse
2915 1154 2942 1193 ιι
2971 1158 3394 1221 consonantiam,
3426 1155 3521 1216 sed

1941 1247 2278 1301 dissimilium
2312 1236 2485 1317 potius
2513 1248 2564 1302 in
2592 1265 2757 1303 unum
2785 1249 3135 1319 eamdemque
3167 1249 3179 1287 ί
3216 1263 3522 1305 consonan-

1944 1340 2071 1393 tiam
2096 1340 2460 1406 venientium;
2506 1336 2718 1411 gravius
2749 1344 2763 1391 l
2806 1357 2935 1396 vero
2964 1342 3108 1411 gravi
3140 1342 3184 1395 si
3214 1342 3520 1410 misceatur,
3554 1374 3557 1377 »

1888 1464 1895 1468 ν
1941 1431 2144 1485 nullam
2179 1432 2354 1487 facere
2379 1434 2807 1498 consonantiam,
2842 1435 3089 1501 quoniam
3120 1434 3259 1489 hanc
3297 1433 3522 1495 canendl

1943 1520 2285 1574 concordiam
2318 1520 2608 1576 similitudo
2639 1540 2741 1577 non
2774 1523 2955 1589 efﬁcit,
3000 1524 3094 1579 sed
3122 1524 3522 1583 dissimilitudo.

1943 1611 2070 1677 Quae
2098 1627 2219 1666 cum
2266 1612 2431 1667 distet
2460 1614 2511 1667 in
2548 1614 2784 1684 singulis
2832 1614 3084 1682 v‘ocibus,
3136 1617 3415 1686 copulatur
3469 1617 3523 1677 in

1938 1702 2146 1757 mixtis.
2191 1702 2296 1757 Sed
2342 1703 2466 1760 hinc
2507 1707 2680 1773 potius
2726 1698 3078 1763 Nicomachus
3120 1710 3523 1767 consonantiam

254 1794 447 1851 aurem
477 1807 891 1867 suavem'atque
929 1815 1094 1853 unum
1144 1815 1210 1854 ex
1241 1800 1447 1853 duobus
1482 1800 1837 1870 compositum
1951 1793 2061 1847 fieri
2096 1785 2261 1863 putat.
2295 1795 2431 1862 Non,
2464 1797 2651 1880 inquit,
2687 1814 2819 1853 unu-z
2849 1810 3051 1853 tantum
3083 1802 3263 1870 pulsus
3292 1809 3397 1865 est,
3433 1798 3524 1870 qui

207 1904 212 1909 ’
256 1902 479 1957 sonum,
504 1899 631 1946 tunc
655 1900 738 1947 est
764 1905 884 1960 quae
911 1891 1105 1945 dicitur
1132 1892 1479 1947 dissonantia.

823 1982 1047 2039 CAPUT
1075 1983 1267 2038 XXIX.
1300 1984 1303 1987 ’

635 2072 679 2149 ll
685 2073 733 2126 bi
756 2075 1099 2127 consonantia:
1126 2075 1464 2145 reperiuntur.

326 2164 389 2218 In
419 2162 502 2218 his
528 2172 706 2219 autem
734 2166 1222 2233 comparationibus
1244 2168 1521 2237 gravitatis
1536 2176 1694 2236 atque
1716 2181 1841 2221 acu-

251 2254 429 2309 minis
455 2254 551 2309 bas
574 2256 950 2311 consonantias
977 2256 1198 2311 neCesse
1227 2267 1308 2312 est
1333 2258 1575 2322 inveniri,
1603 2274 1721 2327 qua:
1742 2258 1841 2312 sibi

245 2344 711 2400 commensuratae
739 2346 866 2414 sint,
899 2346 951 2399 id
978 2356 1059 2400 est
1088 2362 1207 2414 quae
1238 2358 1414 2401 notam
1445 2357 1669 2415 possunt
1696 2364 1841 2401 eom-

239 2443 479 2491 munem
523 2434 1095 2498 haberemeusuram,
1128 2445 1187 2488 ut
1230 2438 1282 2489 in
1316 2436 1699 2504 multiplicibus
1742 2437 1842 2490 du-

208 2519 429 2600 'plum,
478 2526 620 2597 quod
658 2534 760 2593 est,
795 2526 882 2580 illa
922 2528 1307 2595 pars'metitur,
1365 2542 1484 2595 quae
1530 2528 1666 2581 inter
1706 2527 1839 2582 duos

244 2630 332 2675 est
361 2621 629 2673 terminos
657 2616 978 2683 differentia,
1011 2626 1067 2671 ut
1094 2619 1233 2673 inter
1257 2620 1392 2672 duos
1420 2626 1474 2671 et
1502 2626 1730 2687 quatuor
1761 2619 1841 2673 bi-

235 2714 448 2767 narius
488 2712 742 2777 utroSque
787 2710 1021 2775 metitur,
1071 2708 1208 2762 inter
1235 2708 1370 2763 duos
1408 2719 1566 2777 atque
1591 2724 1683 2763 sex
1722 2724 1841 2777 qua:

234 2805 405 2873 tripla
449 2810 553 2866 est,
606 2802 842 2856 binarius
883 2809 1138 2868 utrosque
1163 2801 1445 2865 metiatur,
1479 2801 1617 2855 inter
1645 2814 1839 2855 novem

194 2886 405 2967 'atque
452 2892 574 2947 octo
602 2892 789 2947 eadem
828 2891 1004 2944 unitas
1029 2900 1131 2958 est,
1175 2906 1295 2957 qua:
1344 2899 1598 2960 utrosque
1646 2888 1841 2946 metia-

198 2987 351 3043 'tur.
412 2983 633 3039 Rursus
675 2984 729 3037 in
782 2981 1353 3052 superparticularibus
1401 2983 1446 3037 si
1490 2983 1840 3052 sesquialtera

237 3079 319 3136 sit
364 3075 672 3147 proportio.
728 3083 787 3129 ut
827 3083 1055 3144 quatuor
1078 3073 1144 3127 ad
1192 3088 1306 3139 sex,
1358 3072 1597 3128 binarius
1624 3084 1705 3128 est
1749 3074 1841 3143 qui

1946 1884 2240 1953 simplicem
2271 1885 2655 1942 modumvocis
2686 1884 2914 1954 emittat,
2938 1891 3033 1954 sed
3056 1892 3219 1946 semel
3243 1904 3525 1961 percussus

1946 1990 2144 2031 nervus
2173 1976 2371 2045 saepius
2388 1984 2569 2033 aerem
2590 1980 2791 2048 pellens
2814 1982 3005 2035 multas
3031 1982 3194 2037 efﬁcit
3218 1998 3395 2037 voces.
3418 1982 3524 2041 Sed

1943 2068 2065 2136 quia
2094 2082 2155 2121 ea
2186 2068 2438 2123 velocitas
2464 2078 2545 2123 est
2573 2071 2949 2137 percussionis,
2987 2070 3010 2108 ι
3044 2081 3102 2125 ut
3130 2087 3293 2126 sonus
3333 2087 3526 2127 sonum

1945 2161 2337 2229 quodammodo
2376 2163 2819 2227 comprehendat,
2866 2163 3111 2217 distantia
3145 2180 3249 2219 non
3276 2165 3522 2232 sentitur,

1943 2262 1997 2306 et
2028 2253 2178 2322 quasi
2213 2268 2314 2307 una
2344 2270 2447 2307 vox
2477 2254 2695 2310 auribus
2727 2238 2888 2309 venit.
2932 2240 2986 2310 Si
3034 2257 3195 2325 igitur
3221 2259 3527 2326 percussio-

1946 2360 2040 2400 nes
2068 2345 2305 2412 gravium
2342 2336 2596 2400 SOnorum
2622 2345 3139 2403 ‘commensiirabiles
3166 2351 3273 2403 sint
3305 2365 3527 2419 percusi

1943 2434 2498 2501 sio‘nibusacutorum
2524 2440 2832 2505 sonorum,
2878 2440 3013 2494 utin
3057 2441 3139 2494 his
3170 2443 3527 2510 proportioni-

1945 2523 2046 2578 bus
2097 2539 2230 2594 quas
2260 2540 2421 2594 supra
2452 2528 2754 2592 retulimus,
2779 2545 2882 2584 non
2911 2540 2993 2584 est
3019 2531 3238 2587 dubium
3261 2533 3387 2602 quin
3412 2534 3525 2603 ipsa

1945 2619 2400 2672 com‘mensuratio
2424 2620 2660 2675 sibimet
2699 2621 3004 2688 misceatur,
3036 2639 3305 2695 unamque
3340 2640 3525 2683 vocum

1946 2708 2141 2763 elﬁciat
2164 2708 2597 2767 consonantiam.
2672 2742 2675 2743 ν
2788 2748 2789 2751 η
2888 2732 2889 2735 η

2339 2873 2371 2892 ,
2508 2817 2736 2872 CAPUT
2766 2817 2981 2873 xxxu.
3010 2882 3014 2893 ,
3046 2888 3047 2891 γ

2147 2909 2272 2974 Qua:
2300 2910 2631 2961 consonantia
2656 2894 3016 2979 qttant‘merito
3048 2914 3322 2979 prazcedat.
3604 2980 3609 2981 ί

2016 2996 2122 3051 Sed
2154 2994 2293 3052 inter
2322 2984 2510 3052 omnes
2537 3014 2669 3068 quas
2702 2994 2977 3054 retulimus
3008 2984 3401 3069 consonantias,
3435 3006 3524 3060 hac

1894 3164 1897 3165 ν
1926 3083 2177 3142 ‘hendum
2200 3087 2456 3156 judicium
2488 3097 2571 3143 est
2599 3098 2653 3143 ut
2680 3090 2729 3143 in
2758 3078 2906 3155 aure,
2944 3094 3013 3145 ita
3049 3090 3258 3162 quoilue
3285 3095 3336 3149 in
3362 3098 3523 3151 ratio-

240 3180 521 3240 utrosque
551 3168 824 3234 metiatur,
858 3170 946 3238 qui
978 3168 1182 3223 scilicet
1213 3174 1559 3238 utrorumque
1578 3162 1840 3224 estdiﬁ'e-

1948 3194 2015 3233 ne
2037 3177 2195 3248 quam
2223 3178 2412 3233 barum
2452 3180 2733 3235 meliorem
2766 3168 3007 3250 oporteat
3030 3185 3301 3239 arbitrati.
3326 3187 3524 3246 Eodem

240 3264 454 3318 rentia.
484 3260 637 3338 Quod
675 3260 721 3315 si
748 3261 1083 3331 sesquitertia
1114 3259 1184 3316 ait
1236 3262 1529 3331 proportio,
1556 3271 1613 3316 ut
1646 3262 1690 3314 si
1720 3268 1843 3316 octo

239 3353 477 3409 senario
506 3360 902 3419 comparentur,
918 3350 1059 3405 idem
1079 3347 1316 3405 binarius
1330 3359 1582 3421 utrosque
1603 3349 1840 3418 metitur,

237 3443 301 3499 id
353 3457 495 3499 vero
539 3456 642 3496 non
680 3442 857 3497 evenit
885 3442 939 3496 in
966 3441 1176 3497 caeteris
1205 3442 1486 3512 generibus
1513 3441 1842 3513 inaequalita-

236 3540 395 3599 tum,
420 3546 546 3601 quae
568 3547 728 3601 supra
752 3532 1048 3597 retulimus,
1075 3541 1133 3586 ut
1158 3532 1211 3586 in
1234 3535 1679 3605 superpartiente.
1710 3532 1841 3588 Nam

188 3634 191 3635 '
236 3623 290 3679 si
324 3622 645 3693 quinarium
674 3622 739 3677 ad
762 3622 1055 3677 ternarium
1084 3637 1473 3693 comparemus,
1500 3624 1731 3679 binarius
1752 3624 1842 3693 qui

188 3717 195 3725 '
230 3729 448 3771 eorum
479 3712 776 3769 differentia
798 3724 1161 3779 est,neutrum
1187 3716 1425 3772 metitur.
1458 3716 1590 3771 Nam
1608 3719 1651 3771 si
1672 3717 1865 3772 semel‘

231 3806 502 3863 ternario
525 3818 886 3875 comparatus,
928 3807 1104 3863 minor
1136 3818 1238 3874 est,
1280 3810 1579 3878 duplicatus
1610 3809 1842 3865 excedit.

227 3897 383 3955 Item
421 3895 511 3950 bis
540 3898 784 3965 quinario
810 3910 1167 3969 comparatus,
1199 3902 1376 3958 minor
1403 3913 1508 3969 est,
1533 3904 1690 3958 tertio
1717 3918 1844 3959 vero
1890 3910 1893 3913 “

226 3988 686 4058 supergreditur.
717 3990 890 4059 Atque
910 3990 1107 4045 idcirco
1133 3991 1236 4048 hoc
1257 3995 1486 4064 primum
1512 3994 1845 4065 inmqualita-

226 4082 303 4137 tis
327 4094 523 4151 genus
549 4094 577 4133 a
605 4083 965 4137 consonantia
994 4093 1179 4139 natura
1209 4085 1530 4157 disjungitur
1560 4097 1583 4125 ο
1616 4089 1843 4155 amplius
1886 4112 1913 4115 υ

230 4175 396 4245 quod
432 4174 496 4228 in
528 4174 611 4228 his
640 4191 757 4244 qua:
782 4180 1160 4235 consonantias
1205 4178 1457 4246 formant,
1492 4182 1657 4235 multa
1692 4181 1841 4236 simi-
1880 4198 1883 4203 '

219 4268 302 4325 Iia
335 4274 506 4330 sunt,
541 4266 594 4319 in
624 4262 650 4303 ἀ
680 4267 760 4321 his
790 4284 914 4323 vero
944 4272 1195 4336 minime;
1224 4272 1274 4326 id
1308 4274 1563 4341 probatur
1589 4274 1687 4329 hoc
1728 4290 1843 4331 mo-

218 4360 299 4415 do
335 4377 349 4411 :
391 4371 639 4426 namque
674 4357 893 4425 duplum
925 4362 1054 4416 nihil
1084 4363 1326 4418 estaliud
1346 4366 1448 4420 nisi
1471 4366 1838 4434 bissimplum.
1880 4372 1913 4387 ”

218 4447 505 4523 Triplum
542 4446 670 4500 nihil
700 4448 840 4501 aliud
872 4451 973 4503 nisi
997 4453 1153 4506 tertio
1182 4453 1452 4521 simplum.
1478 4456 1839 4528 Quadruplum

216 4554 368 4593 vero
406 4536 565 4589 idem
594 4544 676 4590 est
700 4537 840 4603 quod
868 4548 1059 4607 quarto
1089 4541 1362 4609 simplum.
1396 4544 1839 4616 Sesquialterum,
1870 4546 1925 4606 D

214 4626 316 4684 bis
380 4625 686 4698 medietas.
737 4626 1146 4697 Sesquitertium
1191 4646 1322 4686 vero
1373 4642 1455 4688 ter
1499 4650 1620 4703 pars
1664 4639 1839 4706 tertia,

210 4720 380 4793 quod
445 4709 603 4772 haud
634 4717 787 4773 facile
828 4718 885 4773 in
929 4724 1137 4777 caeteris
1166 4721 1583 4793 inaequalitatum
1632 4731 1843 4798 generis

211 4810 553 4869 invenitur.

834 4903 1060 4960 CAPUT
1098 4905 1296 4981 xxx,

337 4991 813 5059 Quemadmodum
849 4992 1003 5050 Plato
1044 4998 1180 5051 dicat
1218 5000 1331 5067 ﬁeri
1358 5002 1733 5057 consonantias.

188 5152 195 5158 ,
289 5087 472 5143 Plato
512 5094 539 5123 θ
578 5100 703 5141 vero
730 5085 831 5142 hoc
856 5088 1015 5144 modo
1048 5090 1161 5146 ﬁeri
1190 5092 1242 5147 in
1281 5088 1412 5149 aure
1439 5087 1840 5151 consonantiam

209 5177 382 5238 dicit.
442 5178 695 5235 Necesse
734 5189 835 5248 est,
885 5182 1074 5253 inquit,
1127 5185 1445 5242 velociorem
1477 5188 1692 5259 quidem
1721 5203 1842 5246 esse

208 5275 558 5355 acutiorem
584 5287 796 5347 sonum.
830 5272 927 5331 Hic
950 5277 1114 5347 igitur
1144 5294 1265 5335 cum
1303 5297 1521 5351 gravem
1552 5298 1843 5353 praecesse-

207 5371 317 5434 rit,
354 5366 415 5423 in
446 5380 649 5451 aurem
684 5368 825 5424 celer
850 5369 1166 5440 ingreditur,
1201 5372 1219 5411 ί
1251 5386 1573 5446 osmnsaque
1601 5388 1840 5433 extrema

207 5458 494 5530 ejusdem
550 5461 797 5529 corporis
840 5474 989 5532 parte
1020 5466 1171 5534 quasi
1220 5467 1403 5535 pulsus
1454 5470 1646 5526 iterato
1695 5479 1842 5528 motu

1948 3269 2177 3339 namque
2206 3270 2367 3324 modo
2380 3271 2770 3326 auris‘al‘licitur
2789 3271 2956 3339 sonis',
2982 3275 3063 3330 vel
3080 3277 3264 3330 oculus
3283 3289 3525 3346 aspectu,

1945 3377 2050 3431 quo
2071 3361 2233 3416 animi
2251 3362 2508 3431 judicium
2535 3363 2775 3417 numeris
2796 3364 2879 3418 vel
2904 3366 3154 3419 c0ntinua
3200 3370 3525 3435 quantitate.

1946 3452 2229 3523 Proposito
2267 3455 2407 3510 enim
2457 3469 2681 3525 numero
2712 3454 2797 3509 vel
2833 3444 2994 3519 linea,
3030 3453 3161 3505 nihil
3196 3468 3278 3514 est
3316 3457 3526 3515 facilius

1947 3559 2104 3615 quam
2135 3546 2249 3615 ejus
2280 3534 2509 3616 ‘duplum
2555 3546 2713 3601 oculo
2750 3547 2835 3601 vel
2884 3549 3061 3617 animo
3099 3551 3362 3606 contueri.
3398 3552 3528 3611 Item

1946 3648 2068 3709 post
2104 3639 2249 3708 dupli
2277 3638 2535 3705 judicium
2565 3637 2805 3709 sequitur
2837 3640 3062 3709 dimidii,
3097 3653 3214 3709 post
3248 3642 3529 3699 dimidium

1948 3731 2113 3799 tripli‘,
2146 3729 2311 3800 post“
2347 3732 2560 3802 triplum
2611 3734 2779 3803 partis
2835 3734 3029 3789 tertiae.
3072 3734 3202 3801 Quae
3233 3735 3355 3789 ideo
3392 3750 3527 3804 quo-

1946 3821 2087 3877 niam
2118 3822 2323 3880 facilior
2355 3831 2438 3879 est
2458 3823 2600 3893 dupli
2632 3824 2945 3893 descriptio,
2986 3826 3242 3893 optimam
3282 3824 3527 3880 Nicomao

1944 3914 2078 3970 chus
2102 3916 2529 3985 putat‘diapason
2557 3920 2982 3981 consonantiam,
3008 3924 3127 3984 post
3145 3915 3282 3969 hanc
3304 3915 3527 3985 diapen-

1946 4016 2019 4072 te,
2052 4022 2171 4076 quae
2223 4008 2455 4063 medium
2502 3993 2669 4074 ten‘et,
2721 4008 2845 4062 hinc
2873 4008 3119 4076 diapente
3156 4023 3219 4063 ac
3244 4008 3529 4077 diapason,

1942 4113 2060 4168 quae
2080 4099 2315 4168 triplum.
2340 4111 2379 4138 ω
2399 4099 2706 4169 Cancroque
2728 4100 3017 4153 secundum
3041 4099 3286 4155 eumdem
3310 4100 3528 4159 modum
3580 4084 3585 4089 ﬁ

1945 4186 2277 4258 formamque
2306 4190 2580 4259 dijutlit-ai.
2608 4189 2721 4244 Non
2767 4206 2896 4245 vero
2940 4190 3041 4246 hoc
3069 4191 3388 4247 Ptolemaeus
3431 4208 3526 4248 eo-

1945 4280 2064 4336 dem
2084 4285 2265 4351 modo,
2284 4281 2436 4352 cujus
2463 4296 2676 4338 omnem
2708 4285 3029 4339 sententiam
3058 4285 3323 4354 posterius
3356 4285 3529 4355 expli-

1944 4372 2096 4427 cabo.

2485 4463 2711 4539 caper
2740 4464 2981 4518 xxxut.

2128 4552 2239 4617 Quo
2267 4540 2554 4606 sint'modo
2584 4540 2881 4617 accipienda
2907 4569 3020 4621 qua:
3049 4553 3182 4606 dicta
3206 4563 3343 4606 sunt.

1970 4668 1993 4686 η»
2022 4642 2209 4697 Omnia
2239 4650 2417 4696 tamen
2474 4659 2591 4712 quae
2631 4642 2828 4697 dehinc
2856 4642 3162 4712 diligentius
3191 4644 3525 4713 expedienda

1952 4742 2097 4798 sunt,
2124 4734 2430 4787 summatim
2463 4748 2604 4788 nunc
2633 4747 2695 4787 ac
2726 4732 2958 4788 breviter
2986 4742 3329 4803 attentemus,
3362 4745 3418 4792 ut
3442 4737 3527 4793 inc

1952 4825 2106 4879 terim
2137 4826 2187 4878 in
2217 4823 2498 4893 superﬁcie
2526 4824 2752 4896 quadam
2780 4826 3015 4880 animum
3049 4826 3164 4881 hac
3191 4827 3527 4883 lectorisas-

1950 4917 2265 4985 suefaciant,
2307 4917 2398 4985 qui
2448 4916 2514 4971 ad
2555 4916 2863 4972 interiorem
2907 4917 3183 4972 scientiam
3231 4919 3529 4989 posteriora

1948 5010 2263 5063 tractatione
2281 5007 2590 5064 descendet.
2625 5008 2775 5063 Nunc
2800 5010 3092 5082 veroquod
3116 5018 3235 5065 erat
3259 5011 3530 5083 Pythago-

1945 5099 2069 5155 ricis
2100 5100 2151 5154 in
2184 5114 2411 5168 morem,
2444 5108 2503 5155 ut
2546 5115 2667 5156 cum
2710 5100 2835 5171 quid
2863 5117 2894 5155 a
2934 5102 3190 5172 magistro
3230 5102 3529 5172 Pythagora

1947 5191 2233 5260 diceretur,
2278 5192 2401 5247 hinc
2446 5191 2622 5246 nullus
2663 5192 2897 5246 rationes
2938 5202 3117 5261 petere
3145 5176 3393 5258 audebat,
3434 5191 3528 5245 sed

1948 5292 2064 5339 erat
2093 5284 2141 5337 ei
2162 5285 2299 5338 ratio
2326 5283 2569 5339 docentis
2596 5278 2917 5345 auctoritas,
2937 5282 3095 5351 idque
3127 5282 3288 5336 ﬁebat
3308 5290 3336 5317 η
3364 5296 3530 5350 quan~
3612 5306 3621 5313 ι

1927 5365 2041 5432 diu
2095 5376 2349 5432 discentis
2402 5378 2611 5432 animus
2652 5377 2891 5433 ﬁrmiore
2928 5376 3172 5432 doctrina
3212 5376 3528 5439 roboratus,

1947 5472 2063 5542 ipse
2094 5478 2118 5507 °
2151 5470 2393 5527 eamdem
2420 5482 2603 5527 rerum
2633 5471 2905 5526 rationem"
2926 5470 3073 5524 nullo
3100 5470 3258 5523 etiam
3302 5467 3529 5524 docento

280 5626 325 5660 ’⁸
358 5616 818 5697 ϐρηεεηιαηιὶαεολ
858 5613 887 5653 δ
917 5615 1108 5697 Figuris.
1189 5631 1211 5659 ε
1236 5621 1469 5697 ᾼηιριὶαξ
1497 5624 1683 5697 dicam.
1759 5622 1944 5697 (ullis.
2025 5637 2047 5664 ο
2078 5629 2278 5681 Autem.
2360 5626 2380 5665 τ
2415 5629 2737 5697 Olfensaque.
2816 5638 2841 5675 8
2869 5628 2935 5683 Ut
2960 5627 3029 5680 ait
3056 5625 3212 5697 Plato
3243 5641 3345 5680 non
3370 5622 3528 5697 habe-

210 5699 333 5746 tur.
422 5688 454 5724 ιι
493 5684 894 5742 Comonantias.
978 5684 1376 5745 iConcorditm't.

207 5770 501 5834 serasque.
592 5761 619 5788 ³³
654 5753 854 5818 Quoad.
886 5794 898 5805 .
933 5764 956 5790 ο
990 5755 1319 5837 Earumdent.

490 5867 777 5928 Panos.
826 5862 1050 5925 LXIII.

1458 5692 1469 5743 i
1510 5693 1682 5749 Enim.

1763 5696 1782 5731 ¹ί
1818 5694 1885 5752 Ut
1915 5713 2068 5753 sonus
2088 5715 2269 5753 sonti»:
2297 5694 2688 5770 comprehendat
2709 5698 2970 5754 distantia.

3052 5696 3067 5736 ι
3096 5697 3281 5765 Trt’pli.
3358 5703 3395 5730 m
3419 5682 3526 5747 Civ:

3086 5879 3166 5942 38
