4160 6256
661 284 800 363 itas

1891 297 2001 353 AN.
2044 292 2254 367 nam.
2292 288 2449 369 sev.
2492 289 2713 348 nomn

3804 292 3939 348 H96

660 414 925 485 reperiret
950 432 963 480 ;
1005 415 1075 470 ita
1125 417 1285 471 etiam
1324 376 1471 469 nunc
1496 412 1709 467 lectoris
1738 410 1861 479 ﬁdei
1889 423 2006 479 quae
2046 419 2247 479 propo-
2273 407 2325 473 Α
2352 404 2481 479 sint,
2514 406 2613 461 nisi
2644 402 2850 477 ratione
2878 398 3164 475 ducantur.
3196 386 3311 457 Jam
3335 386 3465 473 veto
3492 408 3693 472 φιδιιμ
3721 401 3793 457 sit
3810 405 3931 475 glo-

658 510 857 569 nimus,
892 508 1347 570 commendamus,
1380 514 1434 559 ut
1458 504 1745 558 arbitretur
1774 503 2030 571 diapason
2069 502 2121 556 in
2145 499 2240 552 du-

659 599 767 681 pla.
802 598 1050 665 diapente
1080 599 1131 650 in
1176 596 1547 664 sesquialtera,
1579 582 1910 649 diatessardn
1948 594 2000 648 in
2031 592 2238 663 sesqui-

659 684 843 754 tertia,
883 688 1131 757 diapente
1159 704 1219 740 ac
1248 687 1505 755 diapason
1538 686 1590 741 in
1618 689 1834 758 triplici,
1867 686 1947 759 bis
1983 687 2240 757 diapason

658 778 711 853 in
751 780 1045 848 quadrupla
1079 781 1443 849 propositione
1473 781 1792 845 consistere.
1823 790 1847 817 ⁸
1879 778 2006 853 Post
2026 793 2153 847 vero
2187 789 2241 845 et

657 870 765 926 hoc
803 873 937 923 ratio
968 870 1272 943 diligentius
1300 873 1607 941 explicabit,
1641 879 1693 941 et
1721 871 1913 940 quibus
1944 871 2117 924 modis
2146 885 2242 924 au-

658 962 798 1018 rium
824 979 1035 1036 quoque
1054 966 1251 1037 judicio
1283 967 1644 1041 consonantiae
1664 965 1879 1041 musicae
1901 965 2239 1037 colligantur,

660 1066 960 1133 ceteraque
1009 1061 1183 1111 omnia
1225 1073 1343 1139 quae
1391 1060 1637 1131 superius
1672 1058 1817 1127 dicta
1847 1067 1971 1127 sunt
2013 1058 2242 1131 amplior

657 1158 919 1225 tractatus
955 1150 1239 1217 edi~seret,
1290 1162 1343 1206 et
1393 1162 1574 1215 tonum
1614 1152 2038 1227 sesquio‘etavam
2066 1152 2242 1213 facere

658 1242 1085 1321 proportionem,
1107 1257 1337 1311 eumque
1366 1245 1419 1297 in
1440 1244 1544 1309 duo
1566 1258 1717 1314 mqua
1743 1242 1907 1297 dividi
1934 1257 2039 1297 non
2064 1256 2239 1310 posse,

660 1333 799 1415 sicut
828 1334 1026 1388 nullam
1071 1334 1310 1403 ejusdem
1344 1335 1555 1405 generis
1586 1334 1612 1371 δ
1646 1336 2039 1411 proportiones,
2079 1334 2132 1391 id
2161 1342 2244 1401 est

658 1422 1163 1495 tuperparticularis
1198 1442 1213 1490 ;
1244 1426 1576 1487 diatessaron
1625 1427 1782 1480 etiam
1838 1425 2242 1487 consonantiam

662 1514 868 1569 duobus
890 1515 1032 1570 tonis
1053 1517 1440 1586 semitonioque
1470 1521 1785 1584 consistere,
1810 1517 2090 1579 semitonia
2116 1531 2242 1572 vero

659 1596 777 1659 esse
821 1605 949 1671 duo,
995 1605 1166 1675 majus
1216 1622 1276 1661 ac
1308 1609 1503 1669 minus.
1556 1609 1807 1677 diapente
1850 1620 2027 1663 autem
2074 1610 2242 1663 tribus

660 1698 801 1751 tonis
830 1713 891 1752 ac
922 1698 1206 1753 seniitonio
1244 1701 1450 1756 minore
1474 1679 1760 1758 contineri.
1811 1703 2077 1769 Diapason
2116 1718 2243 1757 vero

2346 497 2422 551 ria
2465 497 2824 571 meritumque
2882 494 3102 565 rationis
3134 494 3219 553 hic
3266 493 3488 567 intelligi
3539 503 3739 567 potest,
3789 499 3932 566 quod

2345 594 2526 667 caueri
2560 592 2640 660 (ut
2670 591 2741 665 ita
2763 587 2964 658 dicam)
2991 588 3301 661 corporales
3327 587 3561 645 artifices
3586 604 3692 644 non
3726 604 3795 645 ex
3823 592 3935 653 dis-

2336 683 2565 763 ciplina,
2598 682 2693 745 sed
2725 682 2795 739 ex’
2823 683 2951 757 ipsis
2978 681 3155 753 potius
3181 676 3550 747 inanimentis
3583 696 3781 752 cepere
3844 700 3937 745 vo-

2344 777 2555 849 cabula.
2582 776 2713 849 Nam
2743 774 3071 847 cithartpdus
3100 788 3165 845 es
3192 772 3419 853 cithara,
3454 775 3539 842 yet
3568 770 3595 812 ἀ
3628 776 3829 841 tibicen
3870 792 3935 837 es

2354 869 2504 931 tibia,
2553 868 2841 934 caelerique
2891 880 3106 920 suorum
3156 867 3631 932 instrumentorum
3659 868 3935 937 vocabulis

2347 968 2743 1028 nuncupantur.
2791 958 2839 1012 is
2866 973 2993 1031 vero
3022 965 3107 1031 est
3145 956 3379 1031 musicus
3405 958 3521 1025 qui,
3560 958 3770 1013 ratione
3816 974 3937 1029 per-

2349 1066 2537 1121 pensa,
2588 1048 2813 1125 canendi
2862 1048 3165 1123 scientiam,
3208 1061 3321 1121 pop
3352 1047 3577 1121 servitio
3602 1051 3804 1116 operis,
3839 1049 3935 1105 sed

2346 1142 2575 1222 imperio
2626 1139 3013 1215 speculatiottis
3058 1148 3081 1183 θ
3127 1138 3374 1211 assumit
3425 1136 3575 1206 Quod
3628 1138 3837 1205 scilicet
3882 1141 3935 1196 in

2344 1236 2693 1311 gdiﬁciorum
2740 1233 3109 1305 bellorumque
3143 1246 3302 1309 opera
3332 1230 3597 1301 videmus.
3628 1240 3681 1301 et
3708 1233 3762 1293 in
3795 1246 3931 1299 eon-

2350 1328 2511 1397 traria
2537 1325 2745 1403 scilicet
2776 1322 3175 1395 nuncspaliane
3214 1320 3482 1389 vocabuli.
3545 1321 3735 1389 Eorum
3772 1340 3933 1385 nan-

2346 1436 2456 1495 que
2471 1419 2775 1487 nominibus
2795 1419 2874 1472 vel
2902 1415 3126 1483 aediﬁcia
3155 1414 3539 1491 inscribuntur,
3558 1415 3644 1473 rei
3665 1415 3933 1475 ducuntur

2348 1511 2623 1587 triumphi,
2666 1525 2893 1579 quorum
2920 1506 3147 1577 imperio
3178 1520 3241 1575 ac
3283 1506 3491 1577 ratione
3519 1505 3765 1569 instituta
3788 1518 3932 1571 sunt.

2347 1622 2455 1675 non
2500 1619 2728 1673 quorum
2774 1616 2938 1672 opere
2982 1599 3309 1669 servitioque
3348 1599 3604 1669 perfecta.
3657 1599 3785 1663 Tria
3814 1609 3934 1659 sunt

2347 1697 2509 1767 igitur
2539 1710 2735 1767 genera
2768 1710 2887 1764 quae
2926 1693 3069 1761 circa
3099 1702 3269 1774 artem
3300 1693 3560 1755 musicam
3598 1701 3890 1753 versantur
3916 1711 3929 1744 :

659 1789 895 1859 quinque
926 1790 1064 1843 tonis
1090 1806 1152 1845 ac
1179 1792 1388 1849 duobus
1411 1795 1708 1863 minoribus
1740 1796 2039 1855 semitoniis
2060 1797 2243 1863 explc-
2274 1795 2324 1880 ξ
2349 1806 2513 1861 tilum
2537 1803 2704 1859 genus
2726 1796 2806 1851 est
2831 1786 2972 1857 quod
2998 1784 3366 1845 instrumentis
3388 1785 3581 1854 agitur.
3610 1783 3761 1841 aliud
3790 1783 3933 1854 ﬁngit

661 1879 726 1945 ri,
772 1896 947 1952 neque
994 1882 1061 1936 ad
1100 1898 1193 1937 sex
1246 1894 1401 1940 tonos
1445 1887 1555 1941 ullo
1584 1888 1743 1942 modo
1774 1890 2079 1957 pervenire.
2126 1890 2251 1945 Haec

659 1973 836 2026 omnia
867 1974 1133 2039 posterius
1155 1972 1207 2028 et
1234 1992 1579 2033 numerorum
1613 1980 1821 2035 ratione
1847 1988 1901 2037 et
1929 1981 2138 2037 aurium
2165 1982 2251 2050 ju-

661 2062 799 2137 dicio
825 2064 1209 2141 comprobabo,
1234 2077 1393 2138 atque
1422 2069 1535 2123 haec
1557 2071 1837 2133 hactenus.

1207 2157 1435 2235 CAPUT
1464 2161 1703 2215 xxxnv.
1805 2204 1813 2209 .

1197 2252 1335 2319 Quid
1369 2253 1433 2306 sit
1469 2255 1713 2317 musicus.

732 2339 885 2405 Nunc
911 2342 1037 2415 illud
1065 2353 1149 2405 est
1172 2345 1485 2401 intuendum
1521 2346 1663 2415 quod
1697 2347 1871 2403 omnis
1898 2363 2006 2413 ars,
2049 2350 2251 2405 omnis-

662 2448 766 2503 que
796 2435 956 2489 etiam
988 2435 1271 2505 disciplina
1314 2436 1772 2495 honorabiliorem
1812 2441 2126 2496 naturaliter
2157 2440 2251 2494 ha-

660 2524 786 2587 beat
820 2527 1107 2593 rationem,
1148 2543 1306 2597 quam
1358 2528 1668 2593 artificium,
1700 2532 1841 2599 quod
1892 2546 2050 2587 manu
2089 2541 2251 2601 atque

660 2629 822 2684 opere
851 2618 1073 2673 artiﬁcis
1101 2629 1404 2676 exercetur.
1434 2620 1601 2677 Multo
1625 2623 1769 2677 enim
1793 2631 1874 2677 est
1896 2624 2069 2691 majus
2089 2633 2251 2692 atque

668 2717 692 2745 ο
724 2708 884 2763 altius
913 2710 1054 2764 scire
1087 2713 1229 2780 quod
1259 2714 1485 2782 quisque
1512 2712 1688 2777 faciat,
1725 2729 1883 2783 quam
1913 2717 2086 2784 ipsum
2119 2715 2248 2771 illud

661 2798 879 2855 eflicere
943 2803 1084 2870 quod
1133 2804 1306 2868 sciat;
1350 2805 1547 2871 etenim
1604 2806 1888 2875 artiﬁcium
1946 2809 2244 2875 corporale,

659 2894 810 2960 quasi
855 2894 1095 2953 serviens
1142 2894 1448 2951 famulatur.
1498 2898 1653 2953 Ratio
1696 2913 1822 2973 vero
1849 2900 2001 2969 quasi
2032 2900 2249 2954 domina

659 2983 905 3051 imperat,
952 2994 1004 3038 ct
1026 2986 1124 3039 nisi
1153 3003 1345 3042 manus
1374 2989 1669 3044 secundum
1703 2990 1751 3043 id
1795 2991 1939 3061 quod
1967 2992 2103 3063 ratio
2124 3006 2250 3049 san-

660 3073 731 3126 cit
769 3074 985 3139 efﬁciat,
1036 3076 1231 3133 frustra
1277 3079 1354 3133 ﬁt.
1392 3079 1602 3155 Quanto
1643 3082 1800 3151 igitur
1832 3083 2142 3153 praclarior
2166 3092 2250 3145 est

2351 1882 2607 1943 carmina,
2640 1880 2855 1939 tertium
2880 1877 3022 1949 quod
3044 1877 3519 1945 instrumentorum
3536 1890 3676 1943 opus
3692 1889 3932 1937 carmen-

2352 1989 2457 2043 que
2484 1971 2760 2039 diiudicat.
2784 1969 2889 2024 Sed
2921 1968 3048 2037 illnd
3077 1968 3287 2039 quidem
3306 1967 3449 2037 quod
3477 1967 3531 2020 in
3566 1966 3934 2021 instrumentis

2354 2064 2584 2133 positum
2610 2070 2714 2126 est,
2735 2062 2913 2129 ibique
2939 2068 3107 2115 totam
3129 2074 3345 2127 operam
3368 2058 3659 2121 consumit,
3688 2068 3749 2112 ut
3772 2056 3792 2095 ί
3816 2064 3935 2113 sunt

2353 2154 2662 2218 cithartedi,
2696 2152 2893 2222 quique
2922 2164 3124 2221 organo
3150 2148 3469 2218 ceterisque
3492 2147 3711 2209 musica:
3744 2149 3935 2207 instru-

2354 2248 2547 2319 mentis
2584 2246 2864 2300 artiﬁcium
2902 2244 3150 2313 probant,
3188 2256 3218 2303 a
3258 2240 3477 2301 musica:
3500 2241 3749 2303 scientia
3786 2240 3936 2301 intel-

2353 2346 2491 2398 lectu
2532 2340 2754 2408 sejuncti
2784 2348 2927 2403 sunt,
2965 2338 3218 2407 quoniam
3263 2336 3585 2395 famulantur
3615 2336 3701 2406 (ut
3740 2335 3935 2393 dictum

2354 2435 2479 2503 est),
2515 2448 2611 2489 nec
2633 2432 2917 2502 quidquam
2948 2430 3177 2487 afferunt
3207 2428 3454 2494 rationis,
3487 2426 3746 2485 sedsunt
3780 2429 3936 2484 totis:

2353 2524 2731 2597 speculattonis
2795 2534 3064 2593 expertes.
3128 2519 3434 2579 Secundum
3499 2529 3633 2577 vero
3682 2524 3938 2591 musicam

2354 2623 2625 2690 agentium
2652 2630 2733 2677 est
2761 2634 2932 2691 genus
2962 2626 3261 2689 poetarum,
3298 2617 3441 2685 quod
3472 2628 3578 2670 non
3618 2615 3791 2684 potius
3815 2630 3937 2680 ερο-

2354 2714 2622 2771 culatione
2650 2728 2712 2769 ac
2742 2713 2951 2769 ratione
2980 2726 3137 2780 quam
3172 2706 3408 2764 naturali
3436 2708 3664 2776 quodam
3686 2707 3938 2761 instincta

2357 2808 2524 2865 fertur
2553 2808 2618 2862 ad
2650 2821 2888 2871 carmen,
2922 2814 3081 2874 atque
3112 2803 3315 2858 idcirco
3347 2802 3447 2855 hoc
3468 2815 3673 2869 quoque
3706 2814 3885 2867 genus
3913 2814 3943 2854 a

2356 2900 2557 2956 musica
2587 2895 2976 2968 segregandum
3008 2904 3111 2951 est.
3134 2892 3372 2950 Tertium
3394 2900 3475 2947 est
3497 2890 3632 2960 quod
3658 2888 3944 2957 iudicandi

2354 2989 2597 3061 peritiam
2624 2990 2804 3054 sumit,
2822 2999 2878 3044 ut
2900 2987 3178 3058 rhythmos
3230 2985 3627 3053 cantilenasque
3646 2996 3946 3049 eorumque

2360 3096 2576 3138 carmen
2608 3080 2777 3150 possit
2806 3078 3157 3149 perpendere.
3190 3076 3344 3143 Quod
3371 3076 3577 3131 scilicet
3620 3072 3835 3142 quando
3863 3080 3947 3126 ιο-
3990 3132 4003 3141 ,

660 3167 885 3223 scientia
911 3171 1128 3225 musica:
1151 3174 1203 3227 in
1234 3174 1539 3241 cognitione
1563 3176 1805 3240 rationis,
1832 3179 2065 3249 quamin
2086 3192 2250 3246 opere
2276 3175 2325 3251 ο
2358 3184 2471 3235 tum
2519 3174 2569 3231 in
2622 3172 2831 3229 ratione
2877 3186 2938 3226 ac
2989 3170 3355 3240 speculatione
3394 3167 3631 3237 positum
3677 3174 3796 3231 est,
3844 3165 3945 3219 hoc

660 3258 923 3312 efﬁciendi
955 3270 1113 3330 atque
1152 3274 1270 3316 actu
1321 3272 1552 3327 tantum,
1585 3265 1790 3343 scilicet
1843 3277 2095 3335 quantum
2129 3282 2249 3341 cor-

661 3364 757 3420 pus
789 3362 967 3408 mente
997 3365 1282 3424 superatur
1315 3357 1328 3409 !
1359 3357 1508 3423 Quod
1559 3358 1764 3435 scilicet
1794 3360 2015 3429 rationis
2054 3374 2248 3428 expers

662 3445 876 3499 servitio
927 3446 1093 3515 degit,
1142 3448 1229 3499 illa
1264 3463 1390 3502 vero
1434 3450 1685 3525 imperat,
1740 3459 1899 3523 atque
1945 3451 2010 3517 ad
2042 3462 2244 3519 rectum

660 3535 891 3598 deducit,
931 3538 1069 3627 quod
1101 3538 1200 3589 nisi
1231 3548 1413 3609 pareat
1440 3541 1553 3605 ejus
1580 3541 1825 3607 imperio,
1857 3550 1924 3597 et‘
1944 3557 2137 3617 expers
2162 3559 2246 3596 ra-

660 3624 818 3685 tionis
848 3624 981 3697 opus
1022 3628 1286 3681 titubabit.
1326 3629 1477 3684 Unde
1517 3631 1573 3703 ﬁt
1601 3642 1657 3684 ut
1684 3633 1981 3700 Speculatio
2020 3635 2243 3705 rationis

658 3714 913 3783 operandi
942 3727 1061 3770 actu
1094 3733 1199 3772 non
1241 3732 1409 3790 egeat.
1460 3721 1708 3778 Mannum
1739 3740 1868 3780 vero
1900 3739 2062 3797 opera
2094 3726 2238 3781 nulla

2356 3266 2573 3336 pr0prie
2620 3265 2837 3319 musicae
2868 3262 3229 3333 deputabitur.
3264 3261 3418 3331 Isque
3464 3258 3703 3338 musicus
3742 3264 3826 3311 est
3857 3256 3946 3311 eui

2357 3357 2513 3423 adest
2555 3356 2777 3413 facultas
2808 3354 3104 3412 secundum
3144 3352 3563 3420 speculationem
3617 3349 3946 3403 rationem"

2352 3451 2681 3519 propositam
2720 3462 2784 3502 ac
2829 3447 3047 3505 musicae
3082 3445 3514 3505 convenientem,
3562 3440 3629 3494 de
3674 3439 3849 3493 modis
3887 3453 3947 3493 ac

2354 3542 2645 3611 rhythmis,
2678 3542 2852 3610 deque
2874 3538 3160 3610 generibus
3190 3536 3597 3597 cantilenarum,
3628 3546 3692 3585 ac
3723 3532 3791 3595 de
3823 3546 3945 3599 per-

2358 3634 2734 3699 mixtionibus,
2761 3648 2825 3688 ac
2852 3632 2921 3689 de
2950 3630 3199 3686 omnibus
3227 3628 3295 3683 de
3324 3628 3515 3698 quibus
3556 3626 3821 3693 posterius
3852 3642 3945 3680 ex-

2350 3727 2655 3797 plicandum
2680 3738 2861 3794 eet,ac
2889 3725 2959 3781 de
2990 3729 3267 3794 poetarum
3295 3722 3945 3806 carminibusJudicandi.

736 3898 1029 3955 ‘Postvero
1050 3907 1097 3955 et
1127 3901 1259 3969 ratio
1282 3900 1575 3974 diligentius
1589 3904 1944 3983 explicabitur.
2025 3902 2051 3940 δ
2076 3904 2486 3977 PrOportionem.
2570 3918 2591 3947 ο
2626 3907 2859 3965 Auctius.
2936 3902 2963 3944 ἀ
2994 3904 3239 3971 Auledas.
3322 3915 3343 3953 ο
3369 3904 3678 3973 Assumpsit.
3762 3902 3779 3944 ί
3805 3902 3942 3962 Situ.

1746 4123 2123 4237 LIBER
2188 4122 2899 4241 SECUNDUS.

3890 4046 3941 4064 ας

2143 4292 2449 4305 —————-

1169 4370 1393 4428 CAPUT
1434 4373 1719 4429 PRIMUM.

1290 4464 1623 4535 Prooemium.

731 4556 987 4623 Superius
1018 4555 1265 4613 volumen
1304 4568 1492 4627 cpncta
1536 4558 1783 4629 digessit,
1819 4576 1937 4630 quae
1964 4577 2105 4627 nunc
2136 4562 2255 4617 dili-

660 4651 871 4721 gentius
902 4662 924 4686 ἰ
954 4651 1264 4720 explicanda
1294 4668 1412 4707 esse
1434 4653 1714 4723 proponi;
1734 4655 1912 4724 itaque
1939 4656 2248 4725 priusquam

658 4744 724 4797 nd
756 4760 817 4811 ea
873 4744 1082 4798 veniam
1131 4760 1250 4816 quae
1295 4746 1525 4818 propriis
1570 4746 1867 4809 rationibus
1910 4746 2248 4815 perdocenda

658 4844 805 4907 sunt,
830 4848 1004 4905 pauca
1036 4836 1375 4903 praemittam,
1407 4835 1605 4905 quibus
1638 4835 2001 4911 elttcubratior
2035 4836 2247 4895 animus

662 4928 920 4985 auditoris
948 4929 1013 4984 ad
1044 4943 1105 4984 ea
1136 4944 1253 4997 quae
1290 4928 1517 4993 dicenda
1544 4936 1670 4995 sunt
1698 4929 2009 5001 accipienda
2052 4944 2246 4999 perve-

659 5020 788 5075 nlat.

1284 5110 1509 5173 CAPUT
1552 5111 1637 5179 11..

753 5204 891 5272 Quid
921 5203 1250 5276 Pythagoras
1279 5221 1385 5260 esse
1404 5205 1787 5276 philosophica:
1814 5206 2151 5275 constituerit.

726 5300 938 5357 Primus
996 5301 1234 5355 omnium
1292 5299 1622 5370 Pythagoras
1673 5301 1953 5369 sapientia:
2010 5301 2245 5358 studium

654 5392 1047 5463 philosophiam
1079 5393 1447 5463 nuncupavit“
1466 5409 1625 5461 quam
1657 5393 1869 5451 scilicet
1899 5394 2015 5463 ejus
2044 5394 2121 5450 rei
2150 5411 2248 5451 no-

653 5485 820 5551 titiam
852 5501 913 5540 ac
946 5485 1281 5555 disciplinam
1307 5484 1558 5555 ponebat,
1605 5502 1724 5555 qua:
1768 5487 1981 5557 proprie
2010 5502 2247 5557 vereque

648 5588 775 5629 esse
804 5576 1095 5634 diceretur.
1140 5577 1271 5633 Esse
1305 5587 1481 5632 autem
1514 5578 1600 5632 illa
1634 5579 1851 5646 putabat
1882 5594 2001 5649 qua:
2029 5594 2126 5633 nec
2164 5580 2244 5633 in-

652 5670 891 5723 tentione
932 5682 1260 5738 crescerent,
1314 5687 1411 5727 nec
1442 5664 1797 5727 diminutione
1842 5673 2237 5739 decrescerent,

651 5769 675 5794 ι
699 5760 1127 5818 Demonstranda.
1464 5754 1465 5757 ¹
1954 5748 1957 5751 ἱ
2038 5744 2045 5751 δ

2277 4381 2333 4441 D
2359 4395 2457 4436 nec
2483 4379 2607 4435 ullis
2646 4378 3015 4434 accidentibus
3061 4372 3415 4434 mutarentur.
3447 4379 3568 4434 Hmc
3615 4388 3795 4435 autem
3825 4392 3946 4439 esse

2366 4472 2582 4534 formas,
2623 4471 3034 4538 magnitudines,
3066 4472 3367 4541 qualitates,
3395 4470 3757 4531 habitudines,
3787 4481 3947 4524 (“(818-

2362 4580 2525 4634 raque
2552 4581 2669 4634 qttte
2700 4580 2793 4633 per
2818 4580 2877 4619 se
2907 4564 3177 4633 speculata
3212 4563 3557 4618 immutabilia
3588 4573 3731 4631 sunt,
3754 4562 3949 4631 juncta

2360 4672 2488 4711 vero
2516 4657 2834 4725 corporibus
2859 4666 3249 4724 permutantur,
3270 4665 3323 4710 et
3351 4654 3672 4710 multimodis
3699 4656 3951 4708 variatio-

2356 4747 2515 4804 nibus
2545 4749 2814 4809 mutabilis
2840 4750 2919 4807 rei
2941 4749 3261 4818 cognatione
3292 4757 3585 4803 vertuntur.

2972 4841 3197 4895 CAPUT
3243 4841 3327 4895 Ill.

2356 4932 2431 4986 De
2472 4931 2779 4998 diﬂ'erentit's
2822 4934 3154 5003 quantitatis,
3197 4944 3244 4985 et
3274 4948 3387 5002 qua:
3432 4932 3516 4984 cui
3561 4932 3847 5001 disciplina
3879 4935 3946 4984 sit

3010 5026 3271 5093 deputata.
3348 5008 3351 5011 ’

2425 5117 2613 5172 Omnis
2654 5132 2786 5172 vero
2830 5104 3099 5187 quantitas
3131 5117 3422 5172 secundum
3472 5115 3823 5187 Pythagoram
3858 5129 3944 5172 vet

2354 5211 2631 5274 continua,
2658 5210 2743 5273 vel
2772 5210 3006 5265 discreta
3037 5219 3141 5265 est.
3167 5210 3271 5265 Sed
3297 5225 3414 5279 qua!
3442 5210 3693 5263 continua
3728 5221 3807 5264 est
3829 5226 3947 5261 ma-

2353 5303 2576 5371 gnitudo
2601 5302 2927 5372 appellatur,
2954 5316 3072 5377 qua:
3101 5300 3330 5355 discreta
3353 5310 3437 5355 est
3465 5300 3772 5354 multitudo.
3793 5301 3944 5367 Quo-

2353 5412 2471 5452 rum
2513 5398 2626 5452 hac
2667 5406 2748 5452 est
2789 5398 3001 5451 diversa
3047 5405 3099 5450 et
3125 5396 3391 5449 contraria
3440 5409 3577 5461 pene
3618 5396 3942 5465 prapri'etas.

2354 5490 2633 5544 Multitudo
2653 5491 2795 5545 enim
2820 5505 2848 5543 a
2881 5489 3027 5545 ﬁnita
3062 5488 3322 5543 incboans
3342 5488 3659 5557 quantitate,
3693 5502 3947 5542 crcsrens

2352 5580 2403 5634 in
2430 5581 2634 5633 inﬁnita
2679 5582 3036 5653 progreditur,
3081 5580 3339 5649 utnullps
3369 5581 3649 5636 ere-condi
3684 5580 3808 5635 ﬁnis
3848 5595 3948 5635 oc-

2350 5681 2550 5727 currat.
2585 5670 2785 5742 Estque
2807 5672 2871 5737 ad
2896 5673 3172 5728 minimum
3197 5672 3499 5741 terminata,
3526 5671 3948 5739 interminabilis
