4160 6256
637 393 775 447 1205

1856 383 1964 441 ΑΝ.
2009 380 2221 437 MANL.
2263 382 2419 438 θεν.
2461 383 2687 440 BOETII

3764 350 3928 439 mi

633 502 926 571 Multiplieo
956 502 1161 555 binario
1190 497 1592 569 quaternarium
1620 534 1635 559 ,
1665 494 1801 548 fiunt
1841 502 1984 547 octo.
2018 490 2223 545 Rursus
2251 488 2307 551 Α
2327 489 2469 559 quod
2498 491 2658 560 paulo
2683 476 2953 561 posterius
2983 489 3492 545 demonstrabimus.
3532 491 3626 547 Sin
3654 507 3793 547 vero
3836 494 3933 549 illa

633 597 901 649 senarium
930 594 1167 657 binario,
1202 592 1335 644 ﬁunt
1363 588 1450 644 12.
1498 588 1706 642 Rursus
1747 585 2103 642 novenarium
2140 583 2225 638 bi-

632 690 816 754 nario,
852 686 983 741 ﬁunt
1026 687 1107 741 18.
1158 684 1363 740 Rursus
1404 683 1754 738 novenarium
1796 681 2065 749 ternario,
2095 679 2230 737 ﬁunt

631 783 722 837 27.
751 781 1110 847 Disponantur
1139 779 1296 847 igitur
1326 777 1427 831 hoc
1454 776 1614 831 modo
1644 794 1657 828 :

783 812 1099 847 ....,.,.........
1326 812 1427 831 ..νυ
1456 812 1657 831 ...πω
1868 812 1871 815 μ

783 870 2065 966 W

938 1071 969 1135 8
1106 1075 1119 1153 i
1246 1084 1304 1135 12
1426 1074 1453 1153 Ι-
1562 1071 2065 1153 ¹8η1έ²8μ1

634 1198 811 1265 Atque
840 1195 926 1248 hic
952 1194 1141 1247 modus
1166 1194 1271 1245 erit
1300 1191 1351 1244 in
1379 1191 1618 1254 caeteris,
1650 1194 1707 1243 ut
1733 1198 1757 1226 ³
1786 1189 1833 1243 si
1864 1186 2229 1259 sesqnitertias

635 1289 1011 1360 proportiones
1044 1286 1175 1339 velis
1204 1283 1501 1339 extendere
1522 1323 1539 1348 ,
1567 1297 1732 1350 ponas
1764 1282 2227 1351 sesquitertiorum

635 1382 877 1446 radices,
908 1396 1026 1450 quae
1052 1391 1176 1434 sunt
1200 1376 1577 1447 quaternarius
1602 1385 1763 1446 atque
1789 1376 2055 1430 ternarin‘s
2080 1375 2146 1428 ad
2172 1386 2232 1428 se

635 1474 867 1528 invicem
894 1471 1206 1539 comparati.
1792 1540 1799 1549 ί

657 1559 2233 1583 ————-———————u—_———T—

710 1576 1299 1667 lft’tgilid
1570 1583 1581 1663 Ι
1678 1666 1683 1667 ί
1857 1576 1895 1659 li
2144 1576 2218 1667 l__

713 1668 2155 1758 ἰθιίειιδιψίμ]

714 1762 2153 1851 ΓἾΓῒ-Ῐ-ῖῖ-ΤἭἾἿΠ

642 1892 816 1958 Atque
845 1889 909 1942 ad
942 1889 1081 1944 hunc
1119 1888 1336 1944 modum
1370 1889 1717 1959 multiplices,
1762 1887 1899 1957 quod
1943 1885 1987 1938 si
2020 1884 2227 1953 sesqui-
2262 1885 2313 1945 B

643 1990 860 2051 quartas
886 1981 1377 2052 sesquiquartorum
1404 1983 1658 2050 diSpones
1680 1980 1910 2045 radices,
1934 1976 2232 2044 eademque

644 2068 1087 2147 multiplicatione
1125 2072 1530 2141 sesquiquartos
1581 2069 1841 2139 quotlibet
1882 2066 1908 2105 ι»
1954 2067 2231 2121 extendes.

645 2159 915 2227 Quantum
957 2168 1137 2215 autem
1188 2162 1338 2216 nobis
1385 2162 1467 2215 liae
1507 2158 1965 2215 considerationes
1994 2157 2232 2226 prosint,

647 2265 879 2325 sequens
899 2252 1031 2307 ordo
1056 2252 1415 2309 monstrabit-

1265 2343 1493 2400 CAPUT
1535 2344 1620 2399 IX.

724 2437 800 2495 De
820 2440 1149 2511 praportione
1174 2453 1503 2492 numerorum
1524 2435 1611 2506 qui
1635 2434 1700 2488 ab
1726 2432 1845 2487 aliis
1866 2433 2166 2502 metuntur.

720 2530 777 2587 Si
808 2530 945 2586 duos
980 2544 1233 2585 numeros
1264 2543 1450 2583 eorum
1492 2526 1793 2581 ditl‘erentia
1824 2525 2033 2591 integre
2078 2521 2240 2577 fuerit

650 2637 966 2695 permensa,
997 2622 1052 2676 in
1090 2622 1278 2677 eadem
1318 2629 1442 2675 sunt
1470 2620 1814 2688 preportione
1846 2615 2077 2679 numeri,
2107 2628 2241 2683 quos

650 2733 749 2793 sua
777 2716 1081 2771 differentia
1117 2730 1303 2770 mensa
1342 2724 1454 2777 est,
1489 2716 1540 2767 in
1571 2727 1676 2781 qua
1705 2719 1865 2767 erunt
1893 2708 2241 2778 proportione

651 2810 814 2865 etiam
844 2808 896 2861 hi
928 2807 1137 2861 numeri
1181 2804 1474 2860 secundum
1526 2817 1663 2873 quos
1701 2816 1796 2857 eos
1822 2815 1916 2855 sua
1945 2812 2129 2854 mensa
2159 2804 2245 2852 est

652 2900 975 2958 dill‘erentia.
1006 2900 1126 2957 Sint
1152 2899 1296 2954 enim
1340 2898 1546 2952 numeri
1585 2896 1684 2963 50,
1717 2896 1821 2961 55;
1857 2894 1909 2948 lii
1955 2904 1977 2933 ε
2016 2907 2147 2961 ergo
2176 2891 2243 2945 ad

652 3009 715 3050 se
744 2995 970 3049 invicem
999 2991 1391 3061 sesquidecima
1418 2988 1732 3043 habitudine
1758 2995 2163 3054 comparantur,
2193 2992 2246 3039 et

654 3097 737 3141 est
765 3100 951 3140 eorum
985 3084 1285 3139 diﬁcrentia
1314 3082 1595 3150 quinarius
1615 3121 1630 3147 ,
1662 3080 1751 3151 qui
1778 3080 1984 3135 scilicet
2008 3086 2091 3134 est
2121 3091 2246 3145 pars

655 3177 863 3233 decima
913 3176 1122 3231 numeri
1167 3176 1259 3232 50.
1308 3174 1406 3229 Hic
1453 3174 1613 3243 igitur
1653 3173 1904 3227 metietur
1932 3169 2147 3240 quidem
2177 3167 2246 3222 50

2334 581 2651 637 differentiae
2693 583 2999 647 pertneusio
3031 597 3375 635 numerorum
3409 582 3809 638 multitudinem
3841 600 3933 637 su-

2334 676 2624 744 pervadat,
2676 675 2969 744 eademque
3027 687 3283 743 utrosque
3334 675 3544 730 numeri
3617 680 3933 745 pluralitate

2320 777 2620 838 praetereat
2641 802 2660 835 ,-
2683 770 2919 823 minores
2947 779 3105 824 erunt
3132 768 3503 845 proportiones
3527 772 3735 824 numeri
3764 787 3930 840 supe-

2331 858 2443 915 rius
2490 861 2662 915 mensi
2712 876 2832 916 cum
2858 861 3135 915 additione
3166 861 3283 929 ejus
3334 875 3557 916 summa:
3599 878 3705 932 qua
3748 876 3931 919 utros-

2333 966 2437 1021 que
2483 953 2716 1008 metiens
2759 953 3062 1008 differentia
3110 952 3452 1020 supervadit,
3504 968 3661 1021 quam
3709 953 3930 1008 luerunt

2331 1053 2488 1109 ante,
2520 1060 2642 1099 cum
2691 1061 2784 1100 eos
2817 1046 3029 1115 propria
3074 1044 3377 1101 diﬂereutla
3409 1045 3748 1099 metiebatur.
3800 1045 3927 1100 Sint

2332 1138 2475 1190 enim
2509 1136 2716 1191 numeri
2744 1136 2815 1191 48
2855 1136 3043 1201 et'55,
3076 1136 3264 1191 horum
3294 1137 3575 1205 quinarius
3618 1136 3925 1192 differentia

2332 1236 2433 1281 est.
2485 1228 2732 1283 Metiatur
2776 1229 2934 1298 igitur
2980 1230 3052 1283 48
3081 1243 3391 1292 numerum,
3428 1229 3699 1296 quinarius
3731 1231 3923 1284 decies

2332 1318 2468 1373 ﬁunt
2496 1320 2586 1375 50.
2619 1320 2938 1389 Supervadit
2968 1321 3128 1391 igitur
3157 1321 3227 1376 50
3257 1336 3525 1376 numerus
3540 1321 3607 1376 48
3630 1336 3919 1376 numerum

2331 1409 2580 1477 binario,
2622 1409 2765 1466 idem
2796 1414 3072 1481 quinarius
3113 1413 3183 1465 5'3
3217 1413 3472 1467 undecies
3499 1417 3742 1467 metiatur
3777 1416 3921 1469 lium

2333 1500 2434 1567 55,
2461 1503 2552 1571 qui
2600 1502 2803 1557 eisdem
2848 1517 3034 1557 rursus
3076 1504 3284 1557 duobus
3324 1505 3393 1559 55
3421 1519 3702 1560 numerum
3733 1520 3922 1574 super-

2334 1593 2509 1657 vadit;
2543 1594 2775 1648 addatur
2806 1596 3045 1663 utrisque
3092 1595 3331 1649 binarius
3360 1606 3413 1651 et
3442 1599 3795 1666 disponantur
3826 1598 3925 1651 hoc

2333 1686 2493 1741 modo
2526 1705 2536 1739 :

2341 1956 2572 2011 Minores
2619 1957 2779 2025 igitur
2823 1965 2948 2010 sunt
2991 1959 3368 2025 propertiones
3412 1957 3571 2013 50a‘d
3601 1955 3675 2012 55
3701 1966 3924 2028 compa.

2342 2048 2477 2116 rati,
2521 2058 2641 2101 cum
2689 2047 2963 2102 additione
2995 2048 3203 2102 stilice't
3266 2048 3457 2101 ninam
3492 2048 3598 2115 quo
3629 2047 3927 2103 d‘iﬂe'rentia

2342 2150 2435 2195 eos
2485 2144 2713 2194 metiens
2761 2140 3106 2209 supervadit,
3165 2142 3326 2211 quani"
3381 2139 3452 2194 88
3498 2140 3551 2195 et
3600 2141 3671 2195 53
3720 2144 3928 2196 numeri

2342 2238 2479 2303 quos
2502 2232 2690 2289 eadem
2715 2276 2727 2293 .
2758 2238 2879 2302 quae
2907 2238 3083 2287 tanien
3123 2234 3173 2287 in
3202 2236 3283 2289 eis
3311 2234 3674 2304 Supererevit,
3704 2235 3927 2305 quinarii

2343 2324 2640 2380 diaerenlia
2687 2324 2973 2394 permensa
3023 2326 3131 2380 est.
3176 2324 3405 2393 majores
3448 2326 3579 2379 iero
3605 2335 3661 2379 et
3698 2326 3926 2380 Minores

2270 2429 2281 2433 ·
2344 2418 2725 2488 proportiones
2759 2418 2858 2469 hoc
2896 2418 3055 2472 motio
3096 2417 3485 2485 intelligunim.
3540 2417 3764 2471 Dimidi:
3806 2422 3929 2482 pars

2345 2512 2519 2579 majdr
2546 2514 2629 2564 est
2658 2508 2817 2579 quain
2850 2510 3029 2565 tertia.
3065 2509 3251 2565 Tertia
3277 2510 3399 2580 pars
3431 2519 3513 2565 est
3560 2507 3729 2579 ma‘jmi
3772 2512 3929 2577 quam

2345 2610 2553 2673 quarta.
2587 2604 2787 2671 Quarta
2819 2612 2942 2671 pars
2968 2603 3138 2672 major
3162 2608 3245 2658 est
3269 2602 3429 2673 quam
3454 2603 3637 2672 quinta
3655 2645 3668 2667 ,
3696 2616 3756 2655 ac
3780 2603 3927 2655 dein-

2346 2714 2472 2769 ceps
2498 2698 2686 2753 eodem
2718 2698 2895 2751 n‘io’do.
2931 2691 3082 2753 Unde
3107 2682 3162 2750 lit
3195 2710 3249 2751 ut
3278 2694 3629 2766 sesqu’ialtem
3652 2695 3929 2764 proportio

2347 2793 2518 2859 major
2548 2790 2616 2843 sit
2642 2786 2981 2859 sesqiiitertia
3000 2832 3012 2853 ,
3043 2797 3099 2843 et
3124 2786 3463 2858 seSquilerlia
3499 2786 3933 2854 sesquiqu'artarn

2347 2883 2545 2936 vincat.
2577 2880 2748 2949 Atque
2774 2882 2911 2933 idem
2946 2884 2995 2934 in
3026 2882 3256 2935 caeteris.
3295 2879 3433 2934 Hinc
3462 2879 3629 2933 evenit
3654 2882 3709 2929 ut
3740 2878 3798 2929 in
3828 2893 3933 2929 nu-

2298 2984 2309 2997 ‘
2348 2977 2514 3029 meris
2543 2972 2837 3042 majoribus
2865 2973 3059 3035 minor,
3090 2974 3145 3026 et
3183 2972 3478 3025 minoribus
3517 2967 3687 3038 major
3717 2982 3935 3035 semper

2350 3066 2594 3120 videatur
2643 3066 2921 3134 proportio
2967 3062 3529 3132 superparticularium
3563 3072 3929 3115 numerorum.

2349 3152 2500 3227 Quod
2537 3164 2756 3227 apparet
2804 3159 2852 3209 in
2896 3148 3121 3211 numero
3151 3148 3411 3209 naturali:
3444 3146 3759 3223 diSponatur
3787 3153 3927 3205 enim

656 3285 940 3326 numerum
979 3268 1163 3324 decies
1184 3308 1201 3335 ,
1232 3269 1302 3324 55
1334 3280 1467 3321 vero
1498 3266 1786 3329 undecies;
1819 3238 2115 3341 secundum
2146 3261 2246 3316 de-
2274 3274 2327 3339 ο.
2353 3244 2609 3307 numerus
2654 3252 2910 3339 naturalis
2960 3248 3089 3337 1,2
3112 3289 3125 3312 ,
3171 3238 3204 3304 3
3225 3291 3239 3315 ,
3274 3240 3326 3303 4.
3380 3247 3626 3301 Binarius
3673 3245 3829 3315 igitur
3866 3242 3929 3297 ad

656 3378 774 3419 cem
805 3363 964 3432 igitur
994 3370 1154 3431 atque
1180 3361 1242 3415 11
1271 3372 1531 3414 numeros
1559 3358 1627 3414 55
1657 3366 1713 3412 et
1742 3356 1810 3411 50
1838 3355 2053 3425 propria
2093 3352 2247 3408 dill‘e-

656 3456 863 3519 rentia,
891 3453 943 3507 id
983 3462 1065 3506 est
1093 3450 1399 3521 quinarius,
1436 3450 1807 3519 permetietur.
1839 3455 1895 3502 et
1934 3456 2060 3501 sunt
2088 3444 2145 3497 11
2180 3444 2247 3499 ad

658 3546 729 3603 10
754 3544 1145 3614 sesquidecima
1189 3543 1594 3610 comparatione
1633 3541 1938 3611 compositi.
1974 3541 2027 3592 In
2057 3537 2244 3592 eadem

659 3638 823 3709 igitur
843 3644 968 3691 sunt
992 3635 1339 3705 pr0portione
1366 3634 1577 3688 numeri
1602 3646 1735 3701 quos
1760 3632 1972 3700 propria
1996 3629 2248 3685 differen-

659 3731 737 3789 tia
765 3726 794 3766 ⁸³
826 3730 1028 3800 integra
1060 3742 1341 3799 permensa
1370 3739 1470 3794 est,
1504 3728 1555 3781 in
1587 3742 1689 3796 qua
1719 3735 1842 3779 sunt
1872 3725 1923 3778 lii
1953 3724 2246 3779 secundum

659 3838 797 3895 quos
825 3836 919 3877 eos
948 3822 1166 3892 propria
1210 3819 1508 3875 differentia
1538 3829 1621 3875 est
1664 3830 1976 3888 permensa;
2021 3818 2162 3888 quod
2204 3821 2246 3871 si

659 3931 764 3986 qua
795 3914 1098 3969 diﬂerentia
1135 3927 1479 3968 numerorum
1511 3912 1582 3965 ita
1610 3925 1705 3966 eos
1735 3925 1988 3965 numeros
2021 3926 2249 3979 quorum

661 4017 744 4063 est
769 4006 1066 4063 diiferentia
1098 4008 1370 4071 metiatur,
1412 4016 1469 4059 ut
1512 4004 1757 4061 eamdem
1804 4018 2109 4059 mensuram
2153 4019 2251 4057 nu-

660 4114 931 4155 merorum
982 4100 1261 4167 pluralitas
1311 4101 1570 4165 excedat,
1619 4098 1869 4167 idemque
1908 4097 1961 4151 in
2007 4098 2249 4164 utrisque

660 4191 732 4249 sit
770 4205 1055 4253 excessus,
1087 4200 1137 4243 et
1169 4192 1238 4242 sit
1264 4190 1578 4244 diminutior
1606 4188 1923 4245 differentiae
1962 4194 2247 4253 nien’Sura,

661 4297 821 4354 quam
871 4284 955 4337 es:
998 4281 1276 4349 pluralitas
1325 4296 1706 4344 numerorum,
1748 4281 2007 4350 majorem
2037 4282 2249 4335 obtine-

602 4398 605 4399 ν
662 4378 795 4432 bunt
846 4370 1247 4444 pr0portionem
1301 4372 1369 4427 ad
1413 4387 1473 4427 se
1522 4372 1750 4426 invicem
1798 4372 2037 4439 numeri,
2089 4372 2133 4426 si
2176 4374 2253 4426 eis

662 4466 790 4526 illud
839 4468 980 4539 quod
1028 4464 1346 4537 relinquitur
1396 4460 1517 4536 pust
1564 4465 1927 4534 mensionem,
1958 4475 2251 4521 retractum

664 4566 761 4626 sit,
793 4577 949 4639 quam
978 4558 1191 4615 fuerunt
1225 4555 1450 4627 integri,
1484 4572 1604 4611 cum
1635 4572 1728 4612 eos
1756 4558 1969 4635 propria
2001 4552 2255 4611 dili'eren-

665 4658 733 4710 tia
766 4636 1104 4709 metiebatur.
1142 4651 1261 4708 Sint
1300 4650 1439 4737 enim
1488 4652 1691 4706 numeri
1737 4636 1843 4705 duo
1873 4651 1943 4707 55
1965 4692 1979 4717 ,
2007 4644 2114 4716 ‘58;
2154 4651 2251 4706 hos
2278 4659 2336 4721 D

665 4746 823 4816 igitur
850 4745 1125 4815 quinarius
1147 4786 1161 4805 ,
1194 4745 1279 4813 qui
1309 4754 1393 4797 est
1428 4758 1612 4797 eorum
1639 4741 1940 4798 din‘erentia
1963 4784 1978 4809 ,
2012 4752 2036 4780 ε
2066 4744 2253 4819 met-ia-

666 4847 769 4895 tur.
805 4836 1017 4893 Metitur
1048 4838 1206 4906 igitur
1236 4836 1305 4890 53
1335 4838 1609 4905 quinarius
1640 4826 1821 4890 decies
1849 4851 2017 4906 usque
2045 4836 2111 4890 ad
2150 4838 2249 4901 .20,

666 4934 915 5001 relinquit
945 4947 1073 4985 vero
1105 4932 1414 4983 ternarium.
1454 4914 1658 4985 Rursus
1680 4929 1749 4984 58
1779 4946 2060 4985 numerum
2091 4931 2253 4985 uicti-

667 5034 751 5077 tur
781 5024 917 5076 idem
950 5021 1203 5075 undecies
1233 5036 1400 5089 usque
1427 5021 1511 5095 ad
1538 5020 1640 5087 55,
1681 5030 1839 5095 atque
1869 5022 1922 5076 in
1961 5037 2026 5077 eo
2059 5025 2251 5078 iterum

667 5113 962 5167 ternarium
1008 5100 1351 5178 derelinquit.
1397 5107 1684 5165 Auferatur
1728 5111 1888 5180 igitur
1913 5126 1978 5166 ex
2011 5113 2252 5182 utrisque

667 5203 968 5268 ternarius,
1031 5200 1162 5255 ﬁunt
1207 5200 1294 5288 ,50
1344 5208 1399 5253 et
1459 5200 1561 5267 55,
1620 5201 1726 5270 qui'
1768 5202 2084 5270 disponatur
2150 5201 2253 5256 hoc

668 5294 827 5349 modo
856 5308 874 5348 :

764 5399 815 5481 Γ
845 5399 2009 5484 ᾝΣΠῘἮΛᾎ

668 5514 727 5575 lu
756 5516 858 5572 hoc
889 5519 1049 5589 igitur
1076 5519 1414 5573 inanilestum
1441 5528 1524 5574 est
1551 5520 1771 5588 majoris
1799 5534 1921 5574 esse
1953 5521 2255 5588 proportio-

669 5611 753 5663 nis
778 5608 919 5663 inter
945 5623 1007 5664 se
1033 5607 1104 5666 50
1128 5615 1183 5665 et
1213 5607 1285 5665 55
1309 5624 1467 5680 quam
1512 5610 1582 5666 53
1624 5620 1679 5664 et
1721 5610 1813 5667 58.
1855 5610 1911 5665 In
1958 5611 2257 5667 minoribus

656 5704 813 5783 enim
870 5703 1122 5777 numeris.
1153 5703 1321 5773 major
1374 5718 1591 5774 semper
1637 5704 1915 5773 proportio
1967 5692 2253 5774 reperitur,

666 5832 673 5847 '
746 5842 770 5867 ἰ
815 5836 934 5895 Qui.
1005 5835 1033 5873 ι’
1080 5837 1352 5889 Extmdas.

1445 5851 1465 5877 ο
1506 5837 1693 5906 Igitur.
1771 5839 1796 5873 d
1838 5840 2059 5907 Integra.

673 5900 707 5945 δ
752 5900 867 5953 γει.
951 5901 968 5937 ί
1019 5902 1133 5957 γει.

2153 5850 2176 5878 ⁸
2218 5838 2536 5896 Medebatur.

2354 3346 2613 3399 unitatem
2651 3338 2843 3411 duplus
2874 3350 2976 3396 est.
3010 3334 3299 3395 'l'ernarius
3340 3339 3403 3392 ad
3436 3339 3700 3393 binarium
3732 3335 3932 3406 sesqui.

2350 3438 2487 3491 alter
2517 3445 2596 3490 est
2650 3432 3033 3502 Quaternarius
3065 3444 3191 3486 vero
3222 3432 3289 3485 ad
3320 3430 3612 3485 ternarium
3643 3430 3933 3495 sesquiter—

2352 3530 2487 3595 tius.
2522 3526 2747 3595 Majnres
2787 3541 2914 3579 vero
2945 3535 3067 3578 sunt
3095 3523 3306 3581 numeri
3345 3519 3364 3559 ί
3396 3530 3504 3576 tres
3533 3532 3585 3575 et
3614 3516 3669 3572 ιι.
3708 3518 3933 3573 Minores

2351 3591 2744 3669 vero.binarins
2776 3625 2826 3669 et
2872 3615 3080 3679 unitas,
3132 3613 3183 3665 in
3216 3610 3507 3680 majoribus
3552 3611 3708 3677 igitur
3740 3610 3931 3672 minor,

2352 3716 2407 3761 et
2435 3706 2485 3759 in
2513 3704 2808 3759 mineribus
2839 3705 3011 3774 major
3035 3704 3309 3773 proportio
3338 3702 3673 3765 Continetur;
3700 3699 3821 3754 hinc
3839 3715 3934 3767 ap-

2351 3810 2501 3869 paret
2530 3798 2671 3867 quod
2701 3799 2743 3850 si
2768 3797 3034 3865 aliquibus
3066 3794 3303 3849 numeris
3331 3794 3732 3864 preportionem
3764 3792 3934 3849 couti-

2352 3884 2603 3946 nentibus
2625 3890 3194 3967 superparticulurem,
3219 3903 3369 3957 siqua
3396 3876 3671 3954 pluralitas
3687 3883 3932 3946 addatur,

2352 3984 2611 4051 majorem
2656 3999 2773 4036 esse
2813 3984 3210 4051 proportionem
3252 3995 3378 4035 ante
3421 3996 3573 4047 mque
3620 3977 3936 4048 pluralitatia

2354 4090 2724 4146 augmentum,
2759 4092 2917 4145 quam
2963 4086 3313 4145 posteaquam
3343 4074 3424 4129 eis
3454 4088 3607 4143 tequa
3635 4072 3698 4125 sil
3742 4069 3925 4123 addi...

2352 4170 2651 4239 pluralitas.

2976 4301 3203 4357 CAPUT
3245 4302 3311 4355 X.

2485 4395 2613 4458 Qua:
2643 4409 2705 4447 ex
2731 4392 3101 4458 multiplicibus
3128 4403 3173 4446 et
3203 4392 3750 4463 sitperparticnlaribus

2800 4494 2825 4531 8
2856 4484 3260 4555 multiplicitatés
3299 4484 3442 4552 ﬁant.

2430 4600 2557 4653 Illud
2598 4600 2756 4654 etiam
2802 4599 3315 4667 prmtcrmittendnm
3368 4613 3471 4651 non
3518 4598 3740 4660 videtur,
3792 4596 3939 4663 quod

2361 4693 2515 4761 paulo
2550 4701 2667 4761 post
2703 4691 3193 4755 deii10tistraliitur,
3230 4678 3276 4744 Si
3301 4690 3572 4763 multiplex
3602 4686 3937 4740 intervallum

2359 4783 2568 4838 binario
2611 4782 2771 4836 fuerit
2813 4769 3261 4849 multiplicatum,
3296 4764 3348 4835 id
3375 4781 3533 4834 etiam
3573 4776 3714 4847 quod
3753 4791 3817 4830 ex
3849 4778 3935 4830 illa

2360 4876 2799 4945 multiplicatione
2832 4876 3085 4949 nascetur
3117 4874 3396 4942 nsultiplex
3442 4887 3583 4926 esse.
3630 4870 3780 4935 Quod
3810 4870 3855 4923 si
3883 4870 3934 4921 id

2358 4968 2501 5037 quod
2529 4983 2593 5021 ex
2627 4967 2715 5019 tali
2750 4954 3197 5049 titultiplifatinne
3228 4971 3561 5033 procreatum
3595 4963 3661 5015 sit
3693 4976 3796 5015 non
3826 4964 3937 5014 iue-

2355 5064 2427 5116 rit
2461 5060 2777 5127 multiplex,
2814 5068 2937 5112 tunc
2968 5057 3096 5112 illud
3140 5073 3243 5111 non
3279 5073 3399 5111 esse
3446 5056 3720 5125 multiplex
3743 5096 3758 5119 ,
3798 5054 3937 5121 quod

2354 5154 2566 5209 binario
2597 5150 2757 5204 fuerit.
2790 5134 3216 5217 multiplicatum.
3248 5148 3391 5202 diem
3416 5140 3459 5200 si
3491 5142 3935 5213 sitpérparlicula-

2355 5246 2433 5300 ris
2465 5242 2739 5312 proportio
2767 5224 2973 5295 binario
3006 5228 3411 5308 multiplicetur,
3456 5237 3507 5292 id
3536 5237 3675 5307 quod
3706 5238 3763 5289 lit
3792 5231 3816 5269 ⁸³
3849 5250 3936 5286 ηερ

2364 5350 2469 5405 que
2498 5326 2984 5402 superparticulare
3009 5347 3131 5387 esse
3154 5374 3166 5393 ,
3207 5329 3223 5368 ί
3256 5345 3430 5400 neque
3460 5328 3761 5397 multiplex.
3791 5326 3935 5392 Quod

2362 5426 2410 5481 si
2461 5426 2515 5477 id
2562 5424 2703 5493 q‘imd
2746 5440 2809 5479 ex
2856 5424 2944 5478 tali
2988 5423 3429 5490 multiplicatione
3470 5429 3738 5483 nascetur,
3770 5432 3939 5485 neque

2361 5515 2659 5585 multiplex,
2683 5529 2856 5583 neque
2876 5513 3363 5583 superparticulnre
3380 5523 3486 5575 est,
3514 5522 3637 5565 tunc
3656 5507 3783 5563 illud
3801 5507 3938 5578 qund

2362 5607 2573 5663 binario
2604 5607 3011 5676 multiplicatum
3053 5615 3169 5674 est,
3207 5607 3292 5660 vel
3330 5603 3832 5674 superparticularis
3861 5602 3937 5657 vel

2363 5698 2589 5755 alterius
2618 5700 2834 5769 generis
2860 5709 2973 5762 est,
3007 5715 3109 5752 non
3140 5713 3267 5752 vero
3294 5696 3622 5765 multiplicis.

2619 5836 2638 5875 ί
2683 5839 2954 5895 Τρτηίιτὶκδ
2981 5850 3026 5892 et
3046 5839 3421 5908 quater-uarius.
3497 5844 3522 5882 Β
3566 5831 3933 5904 Μαιιίρικαὲι.
