4160 6256
255 391 388 447 1205

855 490 1082 551 CAPUT
1128 492 1221 548 XI.

329 594 432 658 Qui
469 592 963 663 superparticularet
1001 600 1127 657 quos
1164 586 1472 657 multiplices
1514 588 1767 659 efﬁciant.

328 685 425 738 His
451 682 579 738 illud
621 693 703 738 est
744 682 1047 737 addendum
1082 683 1218 736 duos
1261 681 1465 750 primos
1508 678 1841 752 superparti-

257 779 470 833 culares
515 778 739 846 primam
768 775 983 831 efllCere
1022 770 1372 843 multiplicem
1406 765 1837 844 proportionem,

254 880 319 924 at
340 862 663 938 Sesquialter
686 876 739 923 et
764 864 1137 936 sesquiterlins
1159 866 1552 935 eonjnngantur
1578 864 1842 935 duplicem

254 967 466 1014 creant.
510 960 625 1015 Sim
658 959 797 1013 enim
838 957 1048 1012 numeri
1075 957 1144 1024 2,
1173 958 1237 1023 5,
1269 956 1303 1009 4
1324 997 1338 1021 ,
1372 962 1398 993 ι
1428 960 1461 1012 5
1487 956 1553 1011 ad
1579 956 1615 1010 Ξ
1640 960 1847 1027 sesqui-

252 1051 397 1104 alter
427 1052 540 1115 est,
583 1055 616 1103 ι
646 1050 709 1102 ad
751 1051 785 1103 5
825 1050 1230 1119 sesqultertius,
1261 1055 1492 1118 quatuor
1522 1048 1588 1103 ad
1615 1049 1720 1103 duo
1747 1049 1848 1103 du-

254 1146 402 1212 plus.
438 1138 640 1194 Rttrsus
672 1142 876 1211 primus
907 1142 1184 1211 multiplex
1219 1142 1390 1210 primo
1416 1136 1629 1197 additus
1660 1144 1848 1211 Super-

254 1231 571 1298 particnlari
609 1233 899 1289 secundum
942 1230 1292 1301 multiplicem
1333 1234 1501 1287 ereat.
1544 1232 1661 1289 Sint
1704 1232 1848 1288 enim

253 1322 469 1375 numeri
491 1323 556 1388 2,
582 1325 614 1376 4
634 1363 647 1385 ,
670 1324 738 1388 6;
774 1326 804 1377 4
837 1327 1066 1394 namque
1102 1324 1167 1378 ad
1196 1320 1232 1377 2
1257 1325 1457 1393 duplex
1486 1330 1601 1391 est,
1646 1326 1849 1394 primus

253 1412 467 1467 scilicet
500 1414 799 1482 multiplex.
834 1413 902 1469 At
928 1419 958 1470 6
988 1418 1051 1469 ad
1079 1416 1113 1469 4
1139 1417 1481 1487 aesquialter,
1515 1416 1605 1486 qui
1634 1428 1717 1471 est
1750 1418 1852 1487 pri-

255 1496 379 1554 ntns
410 1504 941 1572 superparticularis;
972 1506 1005 1560 6
1033 1506 1097 1561 ad
1123 1508 1258 1563 duos
1286 1508 1476 1577 tripius
1498 1549 1513 1573 ,
1543 1508 1634 1576 qui
1662 1522 1852 1565 secun-

257 1595 365 1648 dus
389 1604 471 1648 est
496 1597 800 1665 multiplex:
826 1599 966 1668 quod
987 1604 1030 1653 sl
1054 1600 1267 1669 triplum
1290 1596 1632 1672 sesqniterfio
1655 1600 1847 1672 addas,

255 1685 588 1753 quadruplus
620 1687 899 1753 efficitur;
959 1689 1003 1743 si
1063 1690 1419 1761 quadruplum
1452 1696 1849 1765 sesquiquarto,

253 1774 598 1843 quincuplus.
643 1776 820 1845 Atque
864 1778 918 1832 in
964 1776 1105 1833 hunc
1143 1778 1358 1835 modum
1394 1782 1597 1852 junctis
1626 1794 1851 1856 propor-

228 1868 495 1921 ‘tionibus
523 1868 897 1937 multiplicium
928 1882 991 1924 ac
1016 1872 1579 1941 superpartiCularium
1600 1920 1615 1944 ,
1647 1874 1699 1931 in
1729 1855 1852 1931 infi-
1882 1855 1933 1934 Β

255 1960 432 2015 nitum
454 1962 771 2030 multiplices
796 1968 1167 2032 procreantur.

872 2066 1099 2132 CAPUT
1142 2060 1255 2132 xu.

332 2150 412 2216 De
439 2165 758 2219 arithmetica
776 2208 789 2231 ,
814 2169 1139 2238 geometrica,
1172 2164 1472 2225 Itarntouica
1495 2170 1778 2227 medietate.

329 2252 597 2319 Quoniam
640 2271 769 2310 vero
798 2258 863 2312 de
894 2260 1327 2329 pr0portionibus
1356 2278 1478 2331 quae
1516 2274 1669 2318 erant
1716 2258 1853 2319 inte—

252 2343 357 2396 rim
385 2346 661 2399 traeianda
690 2348 1061 2417 prazdiximus,
1093 2366 1233 2403 nunc
1262 2352 1329 2405 de
1367 2353 1745 2410 medietatibus
1772 2369 1857 2412 est

250 2428 564 2489 dicendum.
610 2432 892 2504 PrOportio
930 2440 1073 2494 enim
1102 2450 1183 2494 est
1213 2439 1441 2495 duorum
1470 2442 1537 2496 ad
1578 2459 1638 2498 se
1670 2445 1856 2500 termi-

253 2538 448 2579 norum
493 2527 735 2595 quaedam
774 2530 1133 2598 comparatio,
1186 2534 1446 2588 terminOs
1491 2546 1673 2589 autem
1721 2534 1852 2591 voco

254 2633 604 2675 numerorum
646 2624 901 2677 summas.
948 2625 1425 2693 Proportionalitas
1454 2637 1537 2682 est
1576 2644 1852 2697 aequarum

254 2708 669 2778 proportionum
710 2713 977 2768 collectio.
1008 2714 1483 2781 Pr0portionalitas
1512 2731 1639 2772 vero
1668 2718 1723 2773 in
1755 2719 1855 2773 tri-

254 2797 357 2851 bus
407 2802 653 2857 terminis
699 2801 933 2857 minimis
976 2811 1207 2857 constat.
1253 2801 1478 2858 Constat
1512 2814 1692 2859 autem
1740 2808 1855 2874 ple-

254 2890 489 2961 rumque
520 2892 571 2945 in
604 2892 844 2960 pluribus
865 2934 880 2959 ,
911 2902 968 2945 ut
994 2891 1046 2946 in
1077 2900 1307 2960 quatuor
1333 2893 1417 2947 vel
1450 2893 1503 2947 in
1531 2908 1627 2948 sex
1668 2897 1853 2950 termi-

255 2980 363 3033 nis.
396 2982 533 3034 Cum
559 2979 704 3035 enim
736 2982 936 3051 primus
959 2982 1026 3036 ad
1057 2983 1350 3039 secundum
1382 2984 1669 3038 terminum
1699 2999 1853 3039 eam-

254 3067 380 3122 dem
398 3070 597 3124 retinet
620 3072 1014 3140 proportionem
1043 3088 1201 3141 quam
1227 3072 1495 3127 secundus
1519 3073 1585 3127 ad
1611 3075 1849 3145 tertium,

256 3158 456 3215 dicitur
504 3161 617 3215 haec
661 3164 1149 3231 proportionalitas.
1197 3165 1396 3233 Estque
1434 3165 1571 3219 inter
1603 3174 1713 3220 tres
1745 3176 1852 3221 ter-

1565 366 1657 439 ni:
1697 358 1944 439 nusﬁiﬁ
1983 357 2108 434 LiB.
2152 360 2214 434 lt.
2335 448 2341 455 ,

1866 493 1920 553 Α
1947 491 2154 545 tertiam
2180 492 2562 561 descripsimus
2583 536 2597 561 ,
2634 494 2965 550 h’armonica.
3000 497 3235 564 Quarum
3269 495 3380 551 haec
3411 498 3533 553 sub-

3396 384 3532 439 1206

1939 586 2188 659 jiciamus
2213 589 2457 657 exempla
2491 608 2503 640 :

2027 700 2350 750 Arithmetica
2568 704 2618 753 .(i
2629 706 2889 751 eonrotrica
3135 704 3419 753 Harmonica

2032 801 3462 879 Liflﬂi'lil‘iiﬂ‘lﬁ

1950 931 2105 979 aequae
2128 917 2421 967 differentia:
2478 914 2631 979 eq'itze
2654 921 2995 981 proportiones
3057 919 3262 967 diversae
3304 917 3537 967 differen-

3093 982 3175 1029 ιὶω
3200 985 3253 1029 et
3274 987 3487 1041 pr0port.

1952 1061 2069 1117 Non
2097 1078 2224 1117 vero
2247 1064 2554 1132 ignoramus
2577 1064 2710 1119 alias
2744 1078 2959 1134 quoque
2988 1077 3107 1121 esse
3136 1066 3541 1131 proportionum

1952 1153 2292 1219 medietates,
2323 1162 2454 1223 quas
2477 1154 2691 1223 quidem
2720 1156 2771 1209 in
2794 1154 3129 1209 arithmetica
3153 1154 3416 1219 diximus;
3446 1156 3541 1209 sed

1954 1247 2021 1301 ad
2045 1257 2363 1316 praesentem
2388 1256 2671 1302 tractatum
2698 1248 2781 1301 hie
2805 1256 2929 1302 sunt
2952 1246 3166 1301 interim
3198 1247 3540 1301 necessariae.

1964 1336 2060 1392 Sed
2091 1338 2228 1392 inter
2252 1338 2346 1391 lias
2371 1344 2478 1391 tres”
2502 1338 2813 1391 medietates
2837 1336 3303 1406 proportionatitas
3326 1337 3541 1404 quidem

1958 1428 2203 1496 proprie,
2235 1436 2290 1480 et
2330 1429 2558 1480 maxime
2599 1427 2926 1497 geometrica
2954 1430 3307 1495 nuncupatur,
3344 1424 3540 1481 idcirco

1956 1518 2205 1574 tuoniam
2248 1520 2414 1588 aequis
2460 1519 2896 1586 pr0portion’tbus
2942 1526 3049 1571 tota
3080 1519 3401 1572 contexitur.
3433 1516 3540 1573 Sed

1959 1617 2135 1681 tmen
2174 1608 2361 1664 eodem
2412 1620 2620 1664 utemur
2653 1608 2953 1680 promiscue
2983 1609 3280 1677 vocabulo,
3316 1625 3540 1680 propor-

1960 1703 2281 1759 tionalitates
2307 1705 2467 1759 etiam
2496 1716 2719 1759 caeteras
2748 1705 3138 1772 nuncupantes.

2542 1794 2769 1851 CAPUT
2816 1780 2949 1850 an

2056 1962 2059 1965 ἱ
2180 1887 2256 1942 De
2284 1872 2535 1942 continuis
2564 1890 2914 1943 ntedietutibus
2955 1898 2999 1943 et
3036 1888 3307 1961 disjunctis

2031 1980 2134 2033 Sed
2160 1979 2210 2033 in
2243 1978 2325 2033 his
2350 1980 2452 2032 alia
2478 1980 2727 2033 continua
2769 1987 2853 2033 est
2892 1977 3397 2049 proportionalitas,
3441 1978 3541 2035 alia

1960 2073 2245 2140 disjuncta.
2290 2071 2551 2126 Continua
2599 2071 2844 2141 quidem,
2892 2083 2944 2123 ut
2992 2071 3238 2138 superius
3281 2070 3542 2138 disposui-

1961 2179 2080 2217 mus
2107 2162 2335 2217 b.Unus
2377 2163 2518 2218 enim
2564 2163 2811 2233 idemque
2854 2177 3108 2217 numerus
3137 2160 3375 2227 medius,
3406 2176 3543 2218 nunc

1960 2254 2173 2323 quidem
2199 2255 2383 2323 majori
2407 2256 2742 2323 supponitur,
2768 2271 2912 2309 nunc
2938 2253 3151 2321 quidem
3182 2254 3375 2309 minori
3412 2268 3543 2326 prteg

1960 2348 2196 2415 portitor.
2226 2347 2484 2413 Quotiens
2510 2363 2639 2401 vero
2667 2347 2773 2401 duo
2802 2356 2927 2401 sunt
2955 2348 3154 2412 medii,
3193 2358 3317 2400 tunc
3345 2347 3542 2415 disjun-
3626 2350 3627 2353 “

1960 2449 2045 2490 eta
2092 2438 2562 2505 prqportionalitas
2610 2449 2968 2509 nuncupatur,
3020 2450 3076 2494 ut
3122 2441 3174 2493 in
3222 2436 3543 2509 geometrica

1959 2528 2064 2584 hoc
2088 2531 2248 2584 modo
2270 2571 2286 2596 ,
2320 2520 2381 2593 ἰ,
2416 2533 2478 2598 2,
2514 2516 2580 2597 3,
2613 2534 2664 2586 6.
2698 2533 2827 2587 Nam
2861 2546 2917 2587 ut
2945 2545 3030 2589 est
3056 2532 3295 2588 binarius
3327 2534 3394 2588 ad
3428 2535 3547 2586 uni-

1960 2633 2152 2692 tatem,
2184 2628 2255 2681 ita
2304 2629 2548 2682 senarius
2593 2628 2659 2682 ad
2700 2627 3024 2695 ternarium,
3069 2630 3122 2682 et
3169 2628 3387 2682 ineatur
3434 2628 3545 2682 haec

1958 2717 2221 2783 disiuncta
2253 2719 2754 2784 pr0portionalitas;
2791 2720 2932 2771 unde
2961 2716 3184 2785 intelligi
3218 2722 3544 2785 potestneon-

1960 2804 2165 2855 tinuam
2198 2803 2412 2869 quidem
2443 2805 2992 2873 proportiotialitatem
3019 2804 3073 2857 in
3103 2804 3272 2857 tribus
3299 2812 3349 2858 et
3388 2804 3411 2841 δ
3441 2816 3544 2857 ικιι-

1960 2892 2123 2945 nimis
2149 2893 2391 2946 terminis
2418 2894 2681 2962 inveniri,
2704 2895 3022 2963 disjunctam
3046 2896 3175 2948 vero
3198 2896 3248 2948 in
3277 2894 3330 2950 4.
3364 2894 3549 2955 Putet?

1959 2988 2135 3032 autem
2165 2982 2216 3033 in
2244 2979 2278 3031 4
2302 2990 2357 3035 et
2379 2982 2432 3035 in
2462 2983 2702 3049 pluribus
2732 2983 2981 3038 continua
3009 2994 3131 3038 esse
3159 2985 3543 3053 proportione-

1959 3071 2113 3137 ]itas,
2159 3072 2421 3139 siquidem
2470 3073 2571 3127 hoc
2612 3074 2772 3128 modo
2799 3076 2892 3133 Sit.
2930 3075 2952 3127 l
2978 3115 2993 3138 ,
3019 3074 3054 3127 Ξ
3078 3115 3093 3138 ,
3121 3073 3190 3141 4,
3220 3075 3287 3140 8,
3323 3074 3406 3129 16.
3437 3066 3544 3131 Sed

1960 3165 2047 3221 hic
2073 3182 2178 3222 non
2206 3176 2364 3222 erunt
2399 3169 2520 3222 dum
2550 3170 2956 3239 proportiones,
3000 3168 3093 3226 sed
3139 3169 3319 3239 plures
3344 3209 3360 3235 ,
3404 3170 3542 3223 semw'

256 3251 433 3309 minos
463 3254 707 3321 medius,
739 3256 833 3325 qui
863 3256 1131 3311 secundus
1160 3263 1261 3311 est.
1297 3256 1402 3310 llas
1429 3256 1589 3325 igitur
1620 3273 1847 3327 propor-
1875 3234 1927 3310 α
1958 3270 2163 3327 perque
2191 3272 2295 3311 una
2323 3260 2499 3312 minus
2530 3234 2689 3328 quam
2717 3261 2826 3315 sint
2856 3258 3072 3315 termini
3098 3234 3398 3315 constituti.

258 3341 434 3399 tiones
466 3343 630 3401 medii
654 3347 868 3399 termini
896 3345 1297 3414 conjungentis,
1330 3347 1466 3399 trina
1498 3348 1716 3414 partitio
1745 3357 1848 3404 est.
1878 3340 1893 3343 κ

258 3436 367 3491 Αυι
411 3441 554 3493 enim
586 3453 739 3507 (equa
803 3450 885 3493 est
938 3438 1237 3495 differentia
1284 3438 1508 3493 minoris
1542 3441 1753 3495 termini
1786 3440 1854 3495 ad

258 3528 534 3595 medium,
583 3539 639 3586 et
687 3530 851 3585 medii
897 3530 964 3584 ad
1020 3530 1344 3595 maximum,
1390 3531 1485 3585 sed
1538 3547 1643 3585 non
1698 3548 1850 3601 aequa
1892 3559 1941 3597 τι·

258 3621 571 3688 proportio,
618 3628 674 3673 ut
718 3621 772 3675 in
818 3622 902 3676 his
944 3622 1182 3676 numeris
1215 3622 1277 3687 i,
1319 3621 1388 3685 2,
1422 3623 1489 3686 '5;
1522 3623 1662 3677 inter
1691 3638 1850 3679 unum

257 3710 458 3776 quippe
487 3725 551 3764 ac
582 3712 688 3765 duo
718 3720 771 3766 et
796 3711 937 3767 inter
963 3712 1069 3767 duo
1094 3722 1148 3767 et
1178 3722 1286 3766 tres
1314 3722 1518 3767 tantum
1551 3715 1728 3768 unitas
1750 3713 1853 3769 dil—
1896 3714 1906 3719 ’

257 3796 546 3854 l‘erentiam
578 3810 741 3855 tenet.
765 3801 881 3856 Non
912 3812 993 3856 est
1017 3811 1195 3858 autem
1226 3818 1377 3873 aequa
1409 3806 1701 3874 proportio.
1737 3806 1851 3861 Duo

259 3888 460 3956 quippe
489 3890 555 3944 ad
580 3904 741 3945 unum
768 3892 913 3961 dupli
942 3902 1094 3957 sunt,
1125 3897 1387 3950 ternarias
1412 3896 1478 3950 ad
1509 3897 1616 3951 duo
1645 3899 1854 3967 sesqui-
1895 3892 1899 3897 ’

258 3975 416 4030 alter.
450 3983 553 4034 Aut
579 3991 663 4035 est
688 3998 837 4052 aequa
877 3986 1151 4052 pr0portio
1186 3986 1239 4039 in
1285 3989 1555 4055 utrisque,
1590 4003 1696 4041 non
1724 4003 1852 4043 vero

258 4066 559 4131 aequalibus
590 4068 910 4127 diderentiis
938 4075 1263 4137 constituta,
1298 4085 1352 4130 ut
1396 4077 1446 4129 in
1488 4076 1572 4131 his
1616 4078 1852 4132 numeris

257 4152 281 4203 1
310 4193 324 4217 ,
350 4154 416 4219 2,
445 4157 500 4210 4.
532 4159 661 4213 Nam
703 4160 811 4215 duo
838 4163 903 4216 ad
935 4179 1099 4218 unutn
1131 4165 1199 4218 ita
1231 4177 1356 4219 sunt
1383 4166 1561 4236 dupli,
1592 4168 1855 4236 quemad-

257 4250 476 4304 modum
495 4254 866 4323 quaternarius
888 4256 953 4308 ad
978 4257 1265 4311 binarium.
1287 4258 1393 4314 Sed
1414 4259 1553 4314 inter
1567 4269 1853 4327 quaterna-

257 4336 395 4390 rium
413 4340 782 4417 binariumque
798 4342 1052 4413 binarius,
1071 4347 1208 4401 inter
1225 4347 1488 4403 binarium
1501 4359 1659 4418 atque
1678 4352 1852 4405 unita-

258 4435 366 4482 tem
390 4434 564 4489 unitas
588 4433 941 4489 differentiam
966 4436 1108 4492 facit.
1142 4439 1237 4493 Est
1259 4456 1387 4495 vero
1412 4442 1623 4495 tertium
1649 4443 1854 4499 medie-

257 4521 382 4575 tatis
406 4538 597 4592 genus,
625 4527 767 4595 quod
792 4541 966 4596 neque
988 4506 1192 4584 eisdem
1221 4533 1653 4599 proportionibus
1679 4550 1854 4604 neque

2547 3344 2774 3403 CAPUT
2813 3348 2951 3403 XIV.

2029 3435 2133 3490 Cur
2159 3436 2231 3489 ita
2251 3434 2522 3506 appellant
2543 3436 2641 3492 sint
2670 3439 2880 3511 digesta:
2902 3443 3133 3511 superius
3157 3440 3466 3494 medietatem

2032 3526 2230 3582 idcirco
2260 3535 2436 3582 autem
2478 3544 2582 3582 una
2631 3524 2658 3565 ά
2700 3544 2885 3584 eorum
2920 3526 3176 3584 medietas
3207 3528 3543 3586 arithmetica

1957 3627 2312 3688 nuncupatur,
2340 3616 2481 3689 quod
2524 3618 2663 3677 inter
2706 3618 2994 3688 terminos,
3023 3621 3315 3677 secundum
3357 3635 3542 3675 nume-

1957 3726 2073 3764 rum
2104 3726 2253 3779 aequa
2284 3720 2366 3765 est
2391 3711 2713 3767 differentia.
2759 3712 3097 3769 Geometrica
3136 3726 3266 3767 vero
3305 3709 3540 3765 secunda

1958 3801 2171 3868 dicitur,
2203 3802 2341 3871 quod
2374 3804 2567 3857 similis
2596 3813 2679 3858 est
2719 3804 2949 3872 qualitas
2987 3800 3364 3871 proportionis.
3399 3799 3539 3853 Har-

1959 3893 2168 3946 monica
2200 3901 2377 3947 autem
2408 3904 2649 3967 vocittnr,
2681 3895 2932 3963 quoniam
2960 3894 3030 3945 ita
3058 3900 3141 3946 est
3176 3896 3449 3957 coaptata,
3484 3896 3543 3941 ut

1958 3981 2010 4035 in
2053 3981 2368 4036 differentiis
2411 3998 2475 4041 ac
2526 3984 2768 4038 terminis
2813 3983 3090 4050 inqualitas
3137 3979 3544 4050 proportionum

1957 4072 2349 4128 consideretur.
2387 4074 2449 4127 Et
2480 4073 2546 4127 de
2580 4073 2662 4127 bis
2700 4072 2912 4142 quidem
2958 4073 3266 4142 diligentius
3294 4070 3346 4125 in
3377 4071 3544 4125 arithc

1958 4164 2165 4218 meticis
2206 4164 2534 4232 disputatum
2576 4172 2693 4229 est,
2735 4179 2877 4218 nunc
2908 4176 3037 4219 vero
3067 4173 3124 4219 ut
3151 4153 3546 4218 commemore-

1957 4269 2111 4321 mus,
2145 4264 2348 4310 tantum
2378 4257 2478 4311 ista
2511 4256 2897 4325 percurrimus.
3191 4239 3207 4254 ’

2552 4340 2778 4402 CAPUT
2820 4343 2936 4399 XV.

2045 4436 2490 4501 Quemadmodum
2518 4436 2579 4489 ab
2605 4437 2897 4507 (equalitate
2924 4435 3238 4506 supradicta
3261 4451 3460 4502 proces-

2287 4515 2293 4519 ’
2491 4535 2661 4579 serant
2698 4527 3007 4579 medietales.

257 4611 462 4669 eisdem
506 4617 826 4672 dill'erentiis
873 4629 1102 4673 constat.
1160 4621 1263 4675 Sed
1305 4624 1751 4690 quemadmodum
1792 4637 1854 4678 se

2034 4614 2140 4670 Sed
2170 4615 2438 4681 paulisper
2477 4611 2927 4681 quemadmodum
2971 4612 3086 4666 istae
3133 4605 3547 4680 proportionali4

256 4698 419 4760 habet
441 4707 709 4763 maximus
731 4711 993 4764 terminus
1017 4710 1084 4765 ad
1116 4711 1416 4777 minimum,
1443 4713 1516 4765 ita
1542 4728 1661 4768 sese
1690 4714 1851 4770 habet

256 4790 527 4860 majorum
568 4798 917 4855 terminornm
949 4800 1248 4857 differentia
1279 4802 1345 4857 ad
1385 4803 1650 4859 minorum
1692 4805 1846 4862 ditio-

256 4889 487 4944 rentiam
514 4892 893 4958 terminorum,
920 4893 1052 4949 utin
1077 4893 1160 4947 bis
1184 4894 1420 4950 numeris
1441 4896 1504 4956 5.
1534 4895 1568 4949 4
1587 4935 1601 4959 ,
1631 4896 1683 4951 6.
1716 4896 1846 4951 Nam

257 4984 351 5028 sex
376 4978 443 5032 ad
474 4980 509 5033 5
539 4980 735 5049 duplus
764 4994 845 5038 est
867 5024 880 5047 ,
914 4986 1052 5039 inter
1086 5000 1183 5040 sex
1208 5000 1335 5040 vero
1361 4995 1415 5041 et
1439 4987 1473 5041 4
1503 4987 1741 5043 hinarius
1769 4989 1848 5042 in-

258 5069 444 5121 terest.
479 5070 626 5126 Inter
653 5073 1051 5139 quaternarium
1082 5090 1209 5130 vero
1236 5089 1297 5131 ac
1326 5078 1615 5133 ternarium
1649 5079 1844 5133 unitas.

258 5145 359 5206 Sed
390 5156 633 5215 binarius
670 5174 1009 5231 comparatus
1039 5165 1104 5218 ad
1136 5166 1393 5220 unitatem
1435 5182 1621 5222 rursus
1652 5168 1848 5236 duplus

260 5250 372 5306 ⁸8ιί
397 5260 522 5317 ergo
548 5263 603 5304 ut
627 5260 708 5305 est
734 5253 1004 5306 maximus
1028 5254 1286 5309 terminus
1313 5256 1364 5311 in
1391 5258 1626 5312 numeris
1650 5258 1715 5312 ad
1747 5258 1848 5312 mi-

262 5333 501 5407 nimum,
531 5344 605 5398 ita
640 5344 901 5414 majorum
939 5345 1235 5403 differentia
1280 5350 1344 5403 ad
1388 5352 1655 5407 minorum
1696 5350 1851 5407 diffe-

259 5426 486 5514 ‘tentiam
518 5432 891 5491 terminorum.
944 5438 1177 5493 Vocatur
1220 5441 1377 5510 igitur
1421 5442 1509 5497 illa
1554 5442 1843 5508 medietas,

264 5521 312 5563 ¹¹¹
344 5531 447 5584 qua
472 5539 641 5594 aequae
669 5529 1141 5598 suntdifi'erentite,
1162 5533 1521 5587 arithmetica.
1543 5534 1630 5587 Illa
1645 5549 1773 5589 vero
1796 5535 1853 5588 in

264 5610 541 5681 ill-linquat
574 5620 966 5687 proportiones,
985 5624 1333 5696 geometrica.
1363 5626 1456 5677 Illa
1482 5633 1657 5680 autem
1690 5640 1852 5694 quam

332 5815 357 5843 ⁸
396 5810 665 5875 Ternarius
699 5824 765 5875 ad
806 5821 1079 5877 binurium.

1159 5823 1181 5858 δ
1225 5823 1289 5875 In
1324 5823 1481 5874 tribus
1521 5831 1717 5876 constat
1781 5823 2029 5879 terminis.

1959 4714 2093 4759 tates
2118 4703 2186 4756 ab
2206 4704 2508 4771 aequalitate
2543 4710 2566 4738 ο
2595 4708 2945 4771 procreantur
2971 4701 3258 4755 dicendum
3282 4711 3382 4754 est.
3409 4700 3544 4755 Prae-

1959 4794 2156 4850 dictum
2186 4803 2268 4849 est
2306 4794 2450 4848 enim
2479 4790 2621 4863 quod
2654 4793 2708 4846 in
2742 4804 2963 4847 numero
2994 4790 3137 4846 Valet
3173 4794 3371 4857 unitas,
3404 4792 3544 4847 idem

1958 4880 2010 4944 in
2044 4868 2479 4959 proportiOnibus
2522 4887 2879 4958 zequalitatem
2927 4887 3127 4954 valere,
3183 4894 3237 4941 et
3266 4888 3400 4941 sicut
3443 4901 3543 4939 nu-

1961 4984 2093 5037 ineri
2124 4991 2282 5049 caput
2306 4989 2387 5034 est
2414 4981 2585 5035 unitas
2606 5022 2620 5046 ,
2652 4981 2720 5034 ita
2755 4980 3161 5048 proportionum
3188 4977 3543 5045 aequalitatem

1959 5087 2079 5129 esse
2109 5072 2449 5143 principium.
2472 5070 2732 5139 Quocirca
2758 5070 2857 5123 hoc
2885 5069 3044 5145 modo
3071 5068 3405 5122 arithmetica
3435 5083 3544 5120 mc-

1952 5164 2125 5220 dietas
2175 5165 2240 5217 ab
2284 5163 2587 5233 aequalitate
2631 5171 2921 5215 nascetur:
2956 5160 3144 5230 positis
3185 5161 3329 5213 enim
3376 5158 3550 5211 tribus

1940 5245 2119 5327 inquis
2150 5256 2392 5311 terminis
2413 5297 2428 5322 ,
2472 5250 2520 5307 hi
2569 5240 2673 5308 duo
2703 5246 2845 5307 modi
2888 5262 3013 5306 sunt
3053 5252 3247 5320 quibus
3279 5253 3393 5303 hac
3424 5264 3550 5315 pro-

1952 5349 2326 5422 portionalitas
2372 5348 2717 5416 producatur.
2764 5344 2999 5400 Ponatur
3028 5346 3170 5399 enim
3202 5344 3409 5413 primus
3443 5343 3547 5411 pri-

1954 5460 2043 5498 mo
2074 5454 2277 5511 aequus.
2311 5438 2590 5494 Secundus
2623 5440 2794 5509 primo
2824 5446 2877 5492 et
2908 5438 3162 5493 secundo.
3194 5436 3407 5490 Tertius
3441 5434 3545 5501 pri-

1960 5548 2049 5589 mo
2070 5533 2303 5588 secundo
2324 5546 2386 5586 ac
2409 5531 2590 5595 tertio,
2616 5530 2755 5597 quod
2786 5531 2885 5582 hoc
2912 5537 3241 5582 monstratur
3259 5524 3541 5591 exemplo:

1964 5626 2085 5682 Sint
2108 5626 2337 5679 unitates
2356 5630 2487 5679 tres.
2511 5623 2747 5677 Ponatur
2767 5622 2925 5689 igitur
2946 5622 3147 5690 primus
3168 5606 3339 5689 primo
3356 5629 3542 5673 teoqu

2120 5833 2144 5863 ο
2186 5821 2479 5879 Minimum.
2564 5820 2591 5859 ⁸
2631 5822 2847 5880 Earum.
2882 5800 2883 5803 Ἴ
2940 5813 2966 5861 ἀ
3008 5819 3352 5882 Procreenttu'
