4160 6256
558 308 695 389 4207

1794 306 1919 381 AN.
1947 306 2156 379 MANL.
2197 306 2349 365 sev.
2390 309 2614 368 Bosrn

3688 320 3829 375 1208

558 424 615 507 3d
645 433 727 479 est
753 438 909 480 UDUS-
940 420 1217 480 Secundus
1244 421 1415 489 βτίωο
1445 433 1509 474 ac
1536 404 1807 484 secundo.
1836 418 1887 473 id
1914 405 1994 473 εέῑ
2018 418 2143 473 duo-
2176 420 2231 481 A
2252 435 2347 491 per
2376 424 2615 480 numeris
2644 404 2996 491 intermissis,
3029 434 3195 496 atque,
3216 425 3354 482 idem
3380 435 3435 482 et
3458 427 3511 482 in
3541 439 3826 498 quaterna-

561 504 776 596 Tertius
808 529 980 583 primo
1010 510 1245 567 secundo
1266 525 1329 565 ac
1354 504 1548 576 tertio,
1575 510 1626 565 id
1652 520 1736 567 est
1765 520 1903 577 tres,
1935 510 2144 579 eritque

560 605 842 675 dispositio
874 614 899 640 ⁸
930 603 1049 657 talis
1083 620 1094 653 :

699 713 969 793 Ῑί““““ἶ”
1135 716 1144 791 Ι
1332 713 1377 774 Ίί
1574 722 1582 791 l
1637 713 1673 714 ί
1720 713 1805 770 ⁷”1
2007 713 2016 789 l

691 809 2020 885 |,;l9l5l

558 932 771 985 Rursus
797 927 903 981 sint
929 936 1036 980 tres
1064 927 1253 981 binarii
1277 927 1637 995 intequalitatc
1658 926 1965 989 constituti,
1987 925 2021 977 2
2039 966 2053 989 ,
2078 926 2113 978 2
2131 966 2146 990 ,

560 1020 597 1074 2
639 1027 911 1087 εροηθιυι-
938 1016 1140 1084 primus
1165 1018 1336 1085 primo
1364 1033 1566 1086 aequus,
1600 1017 1654 1070 id
1675 1026 1759 1071 est
1784 1016 1837 1069 2.
1871 1015 2149 1070 Secundus

559 1112 737 1183 primo
785 1120 839 1163 et
880 1109 1147 1174 secundo,
1178 1108 1229 1163 id
1264 1116 1347 1164 est
1383 1109 1437 1162 4.
1473 1110 1687 1164 Tertius
1715 1111 1886 1178 primo
1915 1108 2171 1164 secundo:

561 1218 625 1258 ac
655 1201 813 1257 tertio
834 1242 849 1265 ,
884 1201 933 1254 id
966 1208 1049 1254 est
1078 1201 1109 1254 6
1129 1240 1144 1264 ,
1168 1208 1231 1255 et
1250 1201 1363 1255 erit
1392 1200 1670 1268 dispositio
1702 1200 1816 1254 haec
1850 1219 1862 1251 :

686 1402 711 1479 ,ι
910 1408 940 1454 2
1137 1399 1148 1476 ε
1345 1411 1376 1457 4
1571 1399 1656 1479 Γ
1784 1415 1812 1462 6
2012 1402 2171 1479 Ι,η

562 1494 601 1581 δξ
617 1494 723 1578 Sed
748 1521 799 1574 in
824 1520 908 1573 bis
932 1519 1035 1575 hoc
1052 1521 1438 1589 speculandum
1460 1531 1569 1589 est,
1590 1520 1729 1590 quod
1748 1521 1790 1573 si
1806 1522 1977 1573 unitas
1998 1494 2173 1581 fuerit:

564 1613 633 1669 ad
664 1611 985 1682 mqualitatis
1019 1612 1340 1681 principium
1390 1612 1677 1665 constituta
1707 1653 1722 1675 ,
1771 1611 1946 1664 unitas
1993 1610 2169 1675 etiam,

565 1708 667 1764 erit
697 1706 753 1761 in
782 1704 1099 1771 differentiis
1125 1720 1505 1769 numerorum,
1540 1704 1640 1773 ipsi
1671 1719 1800 1757 vero
1832 1702 2037 1756 numeri
2069 1701 2153 1754 in-

2255 518 2358 584 rio,
2381 517 2737 589 quinarioque
2762 520 3103 589 perspicitur,
3126 530 3179 575 et
3209 537 3327 588 qua:
3350 536 3444 574 nos
3472 534 3691 591 propter
3710 524 3832 580 bree-

2251 610 2471 664 vitatem
2513 600 2774 674 tacemus,
2790 610 2976 665 iisdem
2999 610 3194 680 regulis
3209 626 3271 667 ex
3288 612 3576 680 semetipso
3599 613 3827 682 diligens

2251 700 2421 755 lector
2452 701 2705 756 inveniet.
2722 699 3049 756 Geometrica
3064 717 3193 756 vero
3216 702 3684 771 proportionalitas
3706 713 3831 759 tunc

2252 794 2701 862 quemadmodum
2732 793 2960 849 inveniri
2976 794 3044 849 ab
3070 794 3377 865 aequalitate
3398 795 3565 863 possit
3594 796 3830 851 ostendi-

2252 886 2653 957 mus,quando
2703 876 3150 955 quemadmodum
3201 886 3268 939 ab
3318 886 3618 955 aequalitate
3659 888 3831 942 omnis

2254 980 2589 1048 inrequalitas
2642 988 2667 1027 8
2720 978 2944 1049 proﬂuit
2988 978 3452 1045 monstrabamus,
3504 978 3605 1033 nisi
3656 988 3828 1035 tamen

2253 1070 2524 1139 fastidium
2553 1077 2655 1135 est,
2681 1084 2821 1125 nunc
2849 1084 3062 1140 quoque
3088 1068 3318 1124 breviter
3343 1068 3694 1137 repetendum
3726 1078 3824 1124 est.

2168 1218 2169 1221 η
2254 1162 2574 1217 Constitutis
2601 1162 2743 1216 enim
2775 1162 2947 1215 tribus
2975 1162 3141 1229 :equis
3171 1158 3435 1223 terminis,
3467 1160 3826 1228 ponaturpri-

2254 1268 2373 1308 mus
2440 1254 2614 1322 primo
2656 1265 2859 1323 :equus.
2911 1250 3190 1321 Secundus
3237 1251 3410 1320 primo
3451 1265 3515 1305 ac
3570 1250 3822 1305 secundo.

2256 1340 2281 1377 ιλ
2297 1343 2479 1397 Tertio
2501 1343 2672 1413 primo
2696 1341 2905 1397 duobus
2925 1341 3175 1396 secundis
3188 1355 3250 1395 ac
3276 1342 3450 1396 tertio.
3472 1342 3715 1411 Idemque
3734 1342 3823 1398 ﬁat

2255 1436 2508 1489 continue
2534 1443 2693 1502 atque
2720 1434 2792 1487 ita
2811 1448 2877 1488 ex
2906 1432 3209 1501 mqualitate
3230 1432 3556 1502 geometrica
3596 1438 3825 1501 propor-

2258 1525 2528 1580 tionalitas
2557 1525 2876 1595 principium
2908 1532 3105 1597 sumat.
3137 1523 3244 1578 Sed
3273 1524 3339 1578 de
3369 1523 3557 1579 barum
3606 1539 3831 1594 propor-

2258 1619 2460 1672 tionum
2489 1617 2904 1686 proprietatibus
2925 1629 3082 1685 quam
3113 1615 3521 1683 diligentissime
3564 1616 3620 1669 in
3653 1614 3827 1669 arith-

2259 1709 2466 1764 meticis
2491 1708 2734 1763 diximus
2764 1724 2779 1771 ;
2814 1706 2955 1776 quod
2986 1707 3029 1758 si
3058 1705 3124 1760 ad
3157 1705 3274 1760 haec
3304 1705 3412 1760 illis
3448 1706 3741 1761 instructus
3764 1708 3832 1759 lc-

508 1850 515 1854 .
564 1807 648 1856 ter
675 1814 734 1853 se
764 1799 964 1852 nullum
996 1798 1371 1869 interunittunt.
1411 1807 1433 1835 ο
1470 1798 1520 1848 Si
1558 1810 1685 1850 vero
1716 1795 1952 1849 binarius
1977 1803 2152 1848 tenent
2185 1806 2234 1867 Β
2259 1812 2375 1855 ctor
2395 1802 2649 1866 accedat,
2702 1800 2849 1853 nullo
2899 1798 3243 1852 dubitationis
3284 1813 3467 1855 errore
3515 1798 3831 1853 turbabitur.

562 1892 925 1961 mualitatem
945 1893 971 1957 ,'
1005 1890 1241 1944 binarius
1271 1898 1353 1941 est
1382 1886 1679 1941 differentia
1699 1928 1714 1953 ,
1756 1896 1809 1941 et
1848 1900 1984 1939 unus
2016 1886 2153 1939 inter

567 1985 827 2039 terminos
878 1998 1092 2050 semper
1144 1996 1397 2036 numerus
1443 1980 1837 2045 intermittitur.
1884 1978 1974 2034 Sin
2026 1992 2173 2057 vero~

570 2061 999 2129 térnariusidem
1032 2072 1330 2126 dilTerentia
1367 2082 1485 2137 est,
1517 2073 1659 2126 inter
1686 2068 1713 2107 ά
1746 2070 2000 2123 terminos
2025 2083 2153 2121 vero

571 2164 677 2218 duo
707 2163 1019 2217 naturaliter
1040 2161 1314 2216 constituti
1343 2163 1781 2225 intermittentur,
1807 2175 1869 2212 ac
1891 2159 2148 2227 deinceps

560 2234 628 2306 ni
655 2251 797 2305 hunc
826 2251 1040 2306 modum
1065 2266 1079 2302 :

705 2359 716 2435 ι
917 2369 946 2414 5
1136 2355 1159 2414 ιΙ
1298 2358 1818 2435 ηδίῄΑὶέ

626 2449 753 2526 pl.
894 2457 1022 2526 75,7
1118 2447 1159 2526 λι
1360 2458 1415 2513 si
1589 2447 1596 2497 I
1760 2454 1841 2526 is,
1955 2447 2031 2521 ἰ

572 2566 671 2623 Est
700 2567 860 2621 etiam
893 2565 992 2619 alia
1028 2564 1580 2631 proportionalitatem
1612 2555 2001 2618 arithmeticam
2036 2579 2173 2631 pros

572 2657 787 2725 creandi
816 2656 914 2711 via.
953 2654 1234 2710 Ponuntur.
1264 2655 1404 2709 enim
1440 2664 1549 2710 tres
1576 2656 1713 2723 ειπιυί
1747 2656 1961 2710 termini
1984 2696 1997 2720 ,
2029 2670 2158 2709 con-

571 2747 926 2815 Itituaturque
956 2745 1159 2814 primus
1201 2746 1372 2813 primo
1421 2761 1485 2799 ac
1534 2748 1769 2801 secundo
1809 2762 2027 2816 :cquus,
2075 2762 2159 2803 se-

574 2837 778 2895 cundus
823 2838 995 2905 primo
1025 2850 1087 2889 ac
1115 2835 1326 2890 duobus
1364 2836 1643 2901 secundis,
1688 2839 1877 2893 tertius
1908 2840 2080 2907 primo
2106 2850 2161 2894 et

575 2931 780 2987 duobus
811 2929 1063 2984 secundis
1092 2943 1156 2982 ac
1185 2930 1375 2993 tertio,
1412 2938 1467 2984 ut
1508 2931 1553 2983 si
1598 2930 1704 2985 sint
1750 2940 1859 2985 tres
1904 2933 2179 2987 unitates.

577 3021 657 3079 Sit
690 3031 711 3058 ε
743 3022 915 3090 primo
938 3020 1113 3089 primo
1133 3034 1195 3072 ac
1218 3020 1453 3075 secundo
1476 3037 1661 3090 aequus
1682 3063 1695 3084 ,
1721 3022 1771 3075 id
1795 3032 1876 3077 est
1901 3024 2155 3079 secundo.

578 3108 851 3170 Bccundns
878 3126 1006 3166 vero
1049 3111 1256 3179 primo,
1291 3126 1354 3165 ac
1400 3110 1610 3166 duobus
1654 3113 1936 3179 secundis,
1981 3113 2034 3167 id
2079 3124 2160 3169 est

576 3204 754 3259 Iertio.
786 3202 1000 3257 Tertius
1028 3208 1205 3256 autem
1237 3202 1433 3269 primo,
1454 3202 1666 3258 duobus
1694 3203 1946 3259 secundis
1973 3220 2034 3261 ac
2058 3215 2161 3260 ter-
2187 3187 2234 3251 ο

580 3296 650 3348 lio
667 3334 679 3355 ,
713 3291 762 3345 id
790 3299 872 3345 est
896 3292 1143 3359 quatuor.
1180 3342 1185 3347 .
1468 3366 1471 3367 ν

925 3401 2033 3480 Lliltl

716 3490 1832 3580 12451⁷4
2033 3490 2163 3583 |_—_

584 3597 683 3655 Hic
704 3600 864 3666 igitur
894 3602 1243 3657 terminorum
1259 3602 1617 3658 diﬁ'erentiam
1633 3605 1812 3660 unitas
1841 3616 1983 3661 tenet
2002 3626 2014 3670 ;
2032 3610 2170 3662 inter

585 3685 847 3745 binarium
872 3689 1015 3744 enim
1042 3701 1096 3746 et
1127 3692 1407 3760 unitatem,
1425 3696 1594 3762 {atque
1623 3693 1762 3748 inter
1793 3697 2082 3750 ternarium
2107 3712 2170 3751 ac

585 3776 851 3835 binarium
874 3822 888 3846 ,
920 3782 1099 3836 unitas
1130 3783 1373 3837 interest.
1407 3782 1593 3837 Nullus
1616 3799 1746 3838 vero
1775 3788 2033 3841 naturalis
2068 3790 2181 3841 nu-‘

586 3884 767 3926 merus
795 3872 1185 3928 intermittitur.
1230 3874 1357 3927 Post
1386 3868 1655 3929 unitatem
1676 3875 1818 3929 enim
1869 3891 1993 3931 mox
2020 3872 2179 3933 bina?

586 3962 699 4018 rius
721 3972 824 4027 est,
857 3978 920 4019 ac
950 3975 1072 4033 pOSl.
1100 3966 1364 4020 binarium
1408 3965 1689 4021 ternarius-
1706 3968 2025 4022 naturaliter
2044 3982 2176 4023 con-

587 4051 826 4115 Ititutus;
859 4053 998 4107 idem
1030 4057 1216 4110 rursus
1247 4058 1297 4110 in
1321 4056 1532 4111 binario
1560 4057 1671 4111 ﬁat.
1696 4056 1922 4128 Sintque
1954 4069 2062 4114 tres
2089 4060 2175 4113 bi-

588 4138 758 4203 narii,
789 4149 843 4194 et
886 4141 958 4210 sit
986 4143 1190 4210 primus
1225 4145 1397 4212 primo
1419 4161 1482 4201 ac
1506 4147 1743 4202 secundo
1773 4163 1980 4218 aequus,
2013 4150 2066 4203 id
2096 4160 2178 4205 est

594 4230 972 4297 quaternarius
989 4247 1005 4297 ;
1025 4233 1293 4287 secundus
1315 4250 1445 4289 vero
1469 4237 1642 4303 primo
1670 4246 1721 4292 et
1753 4239 1962 4293 duobus
1987 4255 2179 4294 secun-

591 4321 696 4387 dis,
728 4321 780 4375 id
812 4332 893 4377 est
921 4323 1184 4389 senarius;
1219 4326 1407 4379 tertius
1437 4312 1614 4380 autem
1650 4329 2074 4397 primo,duobus
2094 4344 2181 4385 se-

592 4410 785 4466 cundis
811 4427 873 4466 ac
910 4414 1090 4474 tertio,
1124 4414 1173 4468 id
1203 4423 1288 4469 est
1316 4417 1644 4471 octonarius.

604 4503 2175 4605 Tﬁ—T—T—T‘T—

731 4609 743 4683 l
939 4624 969 4670 ι
1133 4609 1177 4689 al
1195 4609 2049 4699 WT—I—T—j

598 4721 697 4776 llic
724 4736 936 4789 quoque
961 4723 1200 4795 binarins
1231 4735 1378 4781 tenet
1412 4726 1768 4784 differentiam
1798 4735 2177 4802 terminorum,

598 4823 704 4862 uno
734 4810 875 4864 inter
889 4826 982 4865 eos
1004 4814 1318 4869 naturaliter
1348 4816 1676 4873 intermisso.
1708 4820 1837 4874 Nam
1891 4823 2032 4879 inter
2069 4827 2102 4879 4
2127 4834 2182 4881 et

597 4899 631 4955 6
658 4900 929 4966 quinarins
956 4903 1266 4957 naturaliter
1291 4906 1683 4978 intermittitur,
1720 4911 1860 4965 inter
1888 4914 1919 4966 6
1960 4925 2117 4983 atque
2146 4917 2179 4971 8

598 4992 933 5055 septenarius
961 4992 1272 5046 collocatur.
1302 4993 1453 5059 Quod
1477 4997 1521 5049 si
1550 5000 1819 5055 ternarius
1855 5004 2177 5072 mqualitatis

594 4595 2167 4620 ——'1'———‘.—————2——————'—

597 5080 915 5148 principium
943 5082 1033 5149 sit,
1059 5083 1147 5137 fiet
1180 5087 1442 5142 ternarius
1458 5088 1783 5157 ditl‘erentia;
1814 5094 1957 5149 verbi
1980 5096 2175 5165 gratia:
2202 5138 2203 5141 η

597 5171 715 5222 Sint
754 5169 771 5207 τ
811 5174 1021 5225 termini
1051 5182 1158 5229 tres
1180 5175 1243 5227 ad
1274 5177 1482 5245 regulas
1514 5181 1848 5248 superiorum
1866 5183 2071 5245 subtus.

604 5264 2174 5367 m

944 5376 1180 5459 Li
1380 5392 1411 5437 9
1609 5376 2053 5459 ΙΜἿῄ

598 5486 651 5538 In
687 5489 767 5541 his
815 5506 942 5559 ergo
989 5494 1255 5546 ternarius
1285 5504 1367 5548 est
1397 5495 1696 5550 dill‘erentia
1718 5538 1731 5561 ,
1761 5507 1813 5551 et
1840 5497 1944 5552 duo
1975 5501 2179 5553 numeri

599 5574 903 5645 intermissi,
936 5581 985 5637 id
1007 5590 1090 5636 est
1110 5598 1218 5637 uno
1242 5586 1417 5639 minus
1440 5601 1598 5655 qnam
1634 5587 2014 5643 sitdill‘erentia
2038 5598 2177 5643 sem-

1890 5465 2163 5477 ’,οι-

582 5668 598 5741 Ι
633 5761 640 5763 Α
677 5698 719 5763 ⁸-
742 5691 887 5763 ῌιιτ.
940 5670 1000 5763 ἰξ
1043 5695 1417 5763 Πανδιιῌάειη
1463 5700 1523 5750 de
1550 5701 1788 5751 Ismario.

601 5758 883 5813 strabimus.
945 5760 1003 5834 Oh
1051 5758 1272 5817 Tertius.
1350 5765 1372 5834 ,ἱ
1426 5767 1790 5823 (ἷοηδιίιιιαιιιν.

2209 4566 2264 4627 D

2258 1892 2575 1948 llarmonica
2620 1906 2748 1946 vero
2777 1891 3060 1956 medietas,
3090 1890 3156 1944 de
3177 1905 3278 1958 qua
3324 1904 3465 1944 nunc
3494 1891 3650 1957 paulo
3681 1890 3833 1947 latius

2258 1986 2589 2040 tractandum
2607 1993 2710 2052 est,
2745 1987 2842 2038 hac
2862 1984 3072 2038 ratione
3096 1991 3427 2051 procreatur.
3469 1979 3832 2039 Constituatur

2256 2077 2396 2131 enim
2418 2115 2433 2140 ,
2465 2074 2726 2144 siquidem
2763 2073 3002 2141 duplices
3031 2068 3279 2126 curamus
3334 2070 3626 2140 efﬁngere,
3663 2074 3834 2129 tribus

2257 2168 2425 2234 mquis
2466 2165 2707 2219 terminis
2739 2162 2946 2233 positis,
2980 2163 3183 2230 primus
3215 2161 3385 2230 primo
3412 2175 3475 2215 ac
3504 2161 3712 2217 duobus
3741 2177 3829 2218 se-

2256 2259 2448 2327 cundis
2473 2256 2715 2325 aequalis.
2750 2254 3030 2310 Secundus
3070 2253 3279 2308 duobus
3318 2254 3504 2322 primis
3519 2263 3595 2323 let
3633 2254 3833 2309 duobus

2168 2356 2172 2361 '
2258 2350 2530 2405 secundis.
2565 2348 2777 2402 Tertius
2803 2347 2971 2401 semel
3014 2347 3220 2416 primo,
3256 2345 3336 2400 bis
3378 2345 3655 2425 secundo,
3678 2354 3731 2401 et
3756 2355 3829 2401 ter

2259 2446 2437 2519 tertio.
2465 2444 2633 2514 Atque
2656 2441 2757 2495 hoc
2786 2438 2943 2493 modo
2963 2441 3069 2493 sint
3096 2438 3343 2492 unitates.

2377 2552 2389 2626 i
2582 2565 2653 2626 1,
2805 2549 2848 2626 Ι,
3045 2561 3066 2608 1
3279 2549 3287 2621 Ι
3488 2557 3509 2603 ί
3706 2551 3715 2621 Ι

2262 2687 2627 2742 Consﬁtuatur
2645 2685 2805 2753 igitur
2835 2656 3035 2753 p’riinus
3062 2683 3233 2752 primo
3260 2697 3323 2736 ac
3349 2682 3549 2736 duobus
3577 2682 3831 2737 seen-dis

2264 2777 2505 2845 aequalis,
2530 2775 2578 2828 id
2597 2785 2679 2829 est
2703 2775 2979 2827 ternarius.
2996 2773 3274 2828 Secundus
3288 2788 3410 2827 vero
3425 2773 3622 2827 duobus
3642 2773 3830 2841 primis

2265 2876 2319 2921 et
2344 2866 2551 2920 duobus
2573 2864 2823 2919 secundis
2846 2907 2861 2932 ,
2884 2863 2935 2916 id
2961 2872 3041 2917 est
3059 2862 3454 2932 quaternarius.
3475 2861 3682 2915 Tertius
3701 2870 3832 2916 vero

2266 2958 2438 3029 primo
2484 2971 2546 3011 ac
2589 2956 2797 3010 duobus
2846 2955 3099 3009 secundis
3137 2963 3192 3010 et
3235 2954 3407 3009 tribus
3435 2954 3643 3018 tertiis,
3672 2953 3726 3007 id
3755 2963 3837 3009 est

2264 3064 2380 3104 sex.
2418 3049 2483 3102 Et
2512 3049 2555 3103 si
2589 3050 2639 3101 in
2672 3047 2893 3125 binariis
2924 3046 3201 3116 aaqualitas
3238 3045 3250 3081 ί
3288 3054 3647 3109 construatur,
3674 3045 3757 3099 vel
3783 3046 3835 3100 in

2269 3134 2725 3197 ternariiseadem
2754 3140 2889 3194 ratio
2931 3138 3231 3193 medietatis
3257 3148 3500 3207 apparet,
3533 3136 3696 3207 duplo
3723 3150 3752 3189 a
3778 3151 3839 3191 se

2267 3233 2511 3288 terminis
2546 3230 2969 3299 dili‘erentiisque
2996 3229 3347 3295 distantibus,
3378 3237 3437 3284 ut
3464 3228 3719 3298 subjecta:
3746 3226 3842 3283 dc-

2264 3325 2583 3392 scriptiones
2606 3331 2840 3377 monent.

2406 3550 2415 3623 l
2615 3563 2645 3608 5
2843 3549 2851 3623 Ι
3054 3557 3081 3599 4
3276 3553 3286 3612 Ι
3484 3563 3515 3611 6
3714 3548 3725 3621 Ι

2618 3649 2646 3693 2
2844 3645 2853 3725 Ι
3051 3652 3078 3695 2
3275 3642 3284 3716 Ι
3482 3653 3510 3700 2
3712 3640 3722 3714 Ι

2412 3824 2419 3879 l
2615 3833 2644 3877 δ
2843 3818 2851 3893 |
3050 3836 3078 3878 5
3278 3832 3286 3893 ι
3481 3833 3510 3878 5
3718 3820 3729 3891 Ι

2408 3916 2416 3988 |
2615 3929 2644 3968 δ
2841 3913 2851 3987 ι
3044 3918 3098 3966 12
3280 3912 3290 3985 ι
3489 3919 3541 3967 ts
3719 3912 3729 3983 ι

2280 4065 2299 4107 t‘
2350 4050 2502 4117 Quod
2541 4051 2585 4103 si
2622 4049 2865 4103 facienda
2895 4057 2980 4103 est
3010 4049 3061 4101 in
3094 4048 3529 4103 extremitatibus
3553 4046 3700 4114 tripla
3723 4059 3847 4112 pro-

2280 4143 2487 4213 portio,
2539 4141 2707 4194 tribus
2734 4126 2911 4209 requis
2963 4140 3206 4195 terminis
3260 4140 3599 4201 constitutis,
3653 4136 3854 4204 primus

2281 4233 2490 4302 quidem
2521 4231 2792 4286 faciendus
2814 4241 2896 4285 est
2915 4245 2978 4285 ex
3007 4231 3179 4300 primo
3203 4244 3263 4283 ac
3290 4229 3547 4294 secundo,
3596 4224 3858 4281 secundus

2281 4339 2409 4378 vero
2437 4339 2500 4378 ex
2524 4323 2698 4394 primo
2737 4338 2798 4376 ac
2820 4322 3029 4377 duobus
3061 4323 3329 4387 secundis,
3362 4322 3549 4375 tertius
3581 4330 3762 4375 autem
3793 4333 3861 4372 ex

2283 4415 2478 4483 primo.
2511 4415 2716 4467 duobus
2739 4412 3073 4481 secundisac
3099 4415 3266 4468 tribus
3298 4412 3488 4475 tertiis,
3532 4420 3591 4465 ut
3632 4410 3863 4465 estsub-

2282 4505 2423 4575 jecta
2453 4505 2759 4574 descriptio.

2420 4638 2430 4714 I
2510 4630 2933 4714 ivli?
3065 4650 3087 4698 ί
3289 4635 3314 4714 Ι

2291 4719 3528 4825 ἽὛἿέῖἾ-εῑ
3727 4724 3740 4825 ι¹

2420 4817 2436 4898 Ῑ
2634 4835 2697 4877 ῑὶν
2841 4817 2903 4898 Τ
3072 4832 3101 4879 2
3298 4822 3309 4889 ι
3507 4826 3536 4871 2
3616 4817 3741 4898 Vl

2420 4916 2429 4991 ι
2558 4910 2655 4967 π
2684 4910 3025 4990 f”it—’
3066 4920 3096 4964 6
3294 4915 3303 4988 Ι
3500 4916 3552 4965 t2
3734 4910 3742 4983 ι

2423 5008 2432 5081 Ι
2630 5023 2660 5067 5
2857 5009 2865 5083 Ι
3062 5013 3091 5057 5
3292 5007 3301 5081 Ι
3500 5010 3530 5056 δ
3634 5002 3736 5083 ,νίΙ

2427 5096 2549 5175 Ιίὴ
2586 5096 2589 5097 7
2626 5096 2707 5150 ἶ
2948 5096 2957 5097 ί
3067 5110 3097 5153 ι)
3297 5099 3306 5174 Ι
3492 5102 3549 5148 18
3733 5096 3742 5167 Ι

2288 5236 2392 5291 Sed
2407 5239 2631 5306 ingressi
2647 5239 3005 5294 harmonicam
3023 5230 3435 5306 disputationem
3458 5220 3576 5302 qua:
3592 5230 3659 5286 de
3673 5244 3734 5286 ea
3751 5228 3889 5305 dili-g

2287 5326 2498 5393 gentius
2540 5326 2643 5380 dici
2700 5336 2923 5395 possunt
2969 5328 3129 5381 tacite
3179 5321 3551 5395 przetereunda
3599 5331 3871 5403 esseyon

2288 5414 2538 5466 arbitror.
2569 5415 2871 5470 Collocetur
2903 5417 3062 5487 igitur
3105 5417 3413 5469 harmonica
3457 5409 3872 5483 proportionali~

2283 5511 2383 5563 tas,
2419 5502 2578 5572 inque
2609 5519 2667 5557 ea
2701 5505 3061 5576 descriptione
3089 5506 3365 5575 superiore
3397 5503 3585 5558 ordine
3615 5501 3845 5556 termino

2283 5607 2399 5645 rum
2430 5594 2567 5648 inter
2597 5608 2654 5649 se
2678 5596 2992 5653 differentia:
3025 5598 3395 5666 disponantur.

1881 5713 1899 5740 ε
1944 5703 2059 5757 Sin.
2137 5702 2161 5739 ἀ
2194 5703 2464 5760 Numeros.
2545 5709 2563 5728 ⁹
2594 5708 2818 5765 Primus.
2901 5711 2918 5751 τ
2958 5713 3077 5768 Tres
3122 5714 3337 5768 numeri.
3368 5721 3443 5801 Ὗς
3474 5708 3870 5786 Ργοπααιηιοητ
