4160 6256
612 394 746 463 tati

611 522 987 592 prOprietatem
1018 536 1207 578 sensus
1256 523 1493 592 apertior
1550 522 1979 592 comprehendit.
2031 520 2197 587 Quale
2225 525 2279 601 Α

612 618 758 669 enim
788 625 871 669 est
908 615 1323 684 unumquodque
1352 630 1447 684 per
1486 617 1860 685 semetipsum,
1895 615 1999 669 tale
2026 622 2080 668 et
2107 613 2202 667 de-
2250 612 2255 617 ’

610 706 954 775 prehenditur
996 721 1178 760 sensu.
1230 706 1287 760 Si
1337 707 1493 776 igitur
1537 709 1742 762 cunctis
1788 707 1966 761 notior
2009 714 2095 761 est
2136 720 2199 760 ea

608 798 955 852 consonantia
1028 813 1145 863 qua:
1190 798 1241 850 in
1292 799 1603 867 duplicitate
1649 798 1929 862 consistit,
1967 804 2071 851 non
2116 803 2201 851 est

610 889 712 942 dub
736 904 823 941 um
842 886 1062 956 primam
1090 903 1209 942 esse
1225 890 1463 943 omnium
1492 891 1745 959 diapason
1769 887 2195 951 consonantiam,

608 981 908 1046 meritoque
948 980 1236 1045 excellere,
1286 982 1537 1050 quoniam
1568 982 1880 1049 cognitione
1907 979 2191 1049 praecedat.

546 1090 555 1095 ι
608 1072 847 1141 Reliquae
872 1086 999 1126 vero
1022 1072 1161 1127 hunc
1177 1077 1482 1129 necessario
1499 1076 1795 1153 secundum
1816 1074 2196 1145 Pythagoricos

606 1162 853 1216 ordinem
888 1173 1091 1229 tenent,
1124 1180 1283 1232 quem
1331 1160 1579 1220 dederint
1623 1164 2030 1234 multiplicitatis
2070 1178 2196 1231 aug-

606 1264 783 1309 menta
833 1262 886 1309 et
938 1258 1443 1326 superparticularis
1494 1258 1819 1312 habitudinis
1845 1258 2193 1312 detrimenta.

606 1344 955 1401 Monstratum
998 1351 1193 1418 quippe
1232 1361 1313 1403 cst
1364 1352 1503 1418 quod
1539 1353 1811 1420 multiplex
1868 1350 2197 1419 inaequalitas

606 1437 1122 1504 superparticulares
1194 1441 1570 1508 pr0portiones
1634 1441 1811 1494 meriti
1880 1440 2195 1508 antiquitate

608 1530 970 1582 transcendat.
1003 1528 1270 1596 Quocirca
1323 1533 1581 1585 naturalis
1616 1546 1873 1586 numerus
1904 1531 1971 1584 ab
1994 1533 2197 1584 unitate

607 1630 772 1687 usque
796 1621 860 1673 ad
891 1622 1289 1689 quaternarium
1320 1621 1654 1695 disponatur,
1689 1630 1741 1687 1,
1775 1621 1830 1685 2,
1861 1623 1914 1685 5,
1938 1624 1991 1675 4.
2026 1622 2195 1690 Igitur

606 1711 1295 1781 unibinariuscomparatus
1316 1712 1721 1781 proiiortionem
1747 1711 2019 1779 duplicem
2047 1710 2193 1776 facit,

606 1810 657 1856 et
686 1802 864 1856 reddit
892 1803 1149 1871 diapa-on
1192 1804 1601 1856 consonantiam
1636 1818 1753 1857 eam
1774 1843 1787 1865 ,
1821 1816 1941 1871 quae
1966 1810 2051 1855 est
2077 1816 2200 1855 mae

606 1892 767 1959 sima,
796 1900 823 1929 ι
855 1894 899 1947 ei
926 1895 1265 1962 simplicitate
1293 1896 1590 1949 notissima.
1623 1895 1678 1948 Si
1706 1909 1835 1948 vero
1858 1893 2049 1947 unitati
2082 1902 2193 1948 ter-
2227 1896 2275 1969 Β

605 1982 786 2036 narius
813 1995 1177 2053 comparetur,
1208 1986 1463 2054 diapason
1486 2000 1548 2039 ac
1586 1985 1837 2054 diapente
1854 1985 2197 2040 concordiam

607 2072 941 2140 personabit.
986 2075 1375 2141 Quaternarius
1424 2091 1554 2131 vero
1609 2076 1805 2130 unitati
1852 2086 2199 2144 comparatus

607 2161 960 2232 quadruplam
985 2174 1149 2233 tenet,
1172 2167 1376 2222 scilicet
1403 2167 1483 2221 bis
1504 2168 1760 2236 diapason
1784 2167 2025 2222 efﬁciens
2045 2182 2190 2237 sym-

607 2253 886 2322 phoniam;
916 2254 1058 2323 quod
1078 2256 1123 2308 si
1159 2256 1423 2310 ternarius
1443 2257 1650 2310 binario
1688 2264 2050 2325 comparetur,
2084 2255 2201 2311 dia-

608 2353 788 2413 pente.
805 2343 1006 2401 Sivero
1021 2347 1392 2417 quaternarius
1408 2347 1642 2401 ternario
1659 2347 1992 2402 diatessaron
2017 2350 2041 2384 δ
2070 2362 2201 2402 con-

606 2438 905 2491 sonantiam
937 2439 1179 2506 supplet,
1211 2438 1363 2506 isque
1401 2448 1483 2493 est
1513 2439 1701 2492 horum
1734 2438 1869 2492 ordo
1898 2439 2105 2493 cunctis
2134 2438 2200 2492 ad

608 2539 667 2581 se
692 2526 919 2580 invicem
948 2527 1294 2595 comparatis.
1327 2512 1458 2581 Nam
1482 2527 1814 2598 comparatio
1843 2543 1963 2597 quae
1999 2534 2200 2601 restat,

608 2615 654 2669 si
681 2619 1083 2685 quaternarium
1109 2619 1315 2672 biuario
1343 2634 1741 2693 comparemus,
1772 2618 1928 2673 cadet
1951 2619 2001 2671 in
2025 2618 2201 2693 dupli-

608 2721 724 2762 cem
739 2710 1161 2777 proportionem,
1177 2725 1336 2779 quam
1360 2712 1579 2765 tenebat
1593 2711 1659 2764 ad
1681 2712 1939 2764 unitatem
1960 2708 2202 2765 binarius

608 2810 975 2867 comparatus;
987 2802 1162 2870 itaque
1176 2800 1405 2855 maxime
1420 2800 1618 2855 distant
1632 2800 1750 2854 soni
1764 2801 1817 2855 in
1829 2800 1911 2867 bis
1922 2800 2198 2869 diapason,

607 2903 730 2944 cum
763 2907 791 2943 a
828 2906 889 2946 se
916 2893 1211 2961 quadrupla
1243 2893 1508 2947 intervalli
1543 2892 1876 2948 dimensione
1902 2890 2199 2945 discedunt.

606 2981 883 3037 Minimum
900 2998 1025 3039 vero
1046 3026 1057 3042 .
1078 2999 1199 3039 cum
1218 2986 1423 3040 acutior
1438 2987 1737 3055 graviorem
1769 2986 1920 3038 tertia
1944 2983 2203 3053 gravioris

606 3083 756 3145 parte
768 3076 1125 3145 transcendit,
1142 3090 1203 3131 ac
1217 3086 1321 3131 stat
1338 3077 1594 3147 deinceps
1614 3075 2070 3131 concinentiarum
2089 3089 2204 3129 mo-

573 3168 577 3171 “
606 3168 706 3222 dus
725 3206 740 3233 ,
781 3168 872 3237 qui
904 3183 1074 3237 neque
1101 3169 1237 3223 ultra
1274 3170 1623 3239 quadruplam
1649 3170 1816 3238 possit
1846 3167 2082 3235 extendi,
2110 3182 2205 3219 ne-

606 3274 707 3327 que
736 3261 871 3313 intra
901 3270 1103 3328 partem
1135 3262 1346 3315 tertiam
1381 3264 1639 3315 coarctari
1667 3276 1682 3325 ;
1715 3269 1769 3314 et
1792 3258 2087 3337 secundum
2110 3256 2203 3309 Ni—

607 3352 919 3406 comachum
939 3352 1153 3421 quidem
1184 3351 1273 3407 hic
1296 3352 1763 3408 consonantiarum
1792 3358 1871 3405 est
1888 3349 2043 3413 ordo,
2058 3349 2196 3402 utsit

607 3441 776 3509 prima
798 3440 1075 3508 diapason,
1099 3442 1335 3495 secunda
1376 3442 1635 3510 diapason
1657 3450 1711 3495 et
1734 3440 1984 3509 diapente
2000 3479 2013 3502 ,
2044 3438 2199 3492 tertia

607 3530 689 3586 bis
714 3532 991 3601 diapason,
1019 3542 1204 3602 quarta
1224 3534 1491 3603 diapente,
1522 3534 1703 3602 quinta
1734 3532 2091 3587 diatessaron.

1171 3610 1396 3667 CAPUT
1438 3610 1625 3666 XVIII.

716 3676 793 3735 De
832 3681 1015 3735 ordine
1046 3682 1495 3764 consonantia-rum
1526 3681 1775 3764 sententia
1820 3679 2091 3734 Eubulidis

684 3824 790 3879 Sed
822 3822 1111 3878 Eubulides
1144 3760 1303 3892 atque
1630 3822 1793 3876 alium
1822 3824 2201 3880 consonantia-

605 3929 722 3973 rum
750 3916 994 3972 ordinem
1018 3924 1249 3986 ponunt:
1286 3916 1431 3969 aiunt
1462 3914 1605 3970 enim
1632 3914 2043 3983 multiplicitatis
2074 3929 2200 3983 aug-

606 4017 783 4063 menta
825 4007 1423 4076 superparticularitatis
1477 4006 1813 4061 diminutioni
1857 4017 1973 4060 rato
2012 4006 2201 4060 ordine

604 4096 949 4165 respondere.
986 4105 1009 4134 ⁸
1034 4098 1215 4166 Itaque
1242 4114 1349 4153 non
1392 4113 1550 4166 posse
1578 4112 1699 4153 esse
1738 4098 1956 4166 duplum
1991 4098 2088 4151 nisi
2116 4097 2198 4151 di-

605 4188 847 4250 midium,
871 4196 971 4241 nec
994 4188 1209 4255 triplum
1238 4199 1430 4257 prieter
1453 4193 1664 4245 tertiam
1687 4201 1913 4259 partem.
1936 4190 2197 4253 Quoniam

604 4279 766 4349 igitur
786 4278 1183 4346 sitduplum,ex
1214 4292 1282 4332 eo
1310 4280 1564 4347 diapason
1593 4281 1997 4335 consonantiam
2023 4280 2195 4334 reddi.

604 4371 867 4437 Quoniam
899 4383 1023 4425 vero
1040 4371 1108 4425 sit
1133 4370 1409 4426 dimidium
1433 4416 1446 4438 ,
1479 4386 1546 4427 ex
1566 4387 1631 4427 eo
1656 4377 1805 4441 quasi
1824 4372 2095 4427 contraria
2118 4373 2199 4426 dio

607 4463 816 4517 visione
840 4463 1275 4532 scsquialteram,
1304 4463 1357 4518 id
1383 4474 1467 4518 est
1487 4464 1768 4532 diapente,
1797 4446 1941 4519 elfici
1968 4479 2195 4533 propor-

604 4555 827 4609 tionem.
854 4553 1054 4621 Quibus
1074 4554 1273 4621 mixtis,
1305 4553 1513 4609 scilicet
1533 4553 1788 4623 diapason
1814 4569 1877 4608 ac
1898 4556 2150 4623 diapente
2178 4594 2194 4619 ,

604 4644 870 4715 triplicem
902 4645 1207 4714 procreari,
1252 4660 1371 4715 qua:
1415 4654 1698 4716 utramque
1737 4650 2012 4702 contineat
2041 4662 2192 4716 sym-

603 4736 891 4805 phoniam,
944 4736 1037 4791 sed
1082 4751 1267 4791 rursus
1302 4736 1527 4806 triplicis
1570 4748 1771 4805 partem
1821 4739 2031 4793 tertiam
2063 4752 2192 4793 con-

603 4828 769 4881 traria
814 4826 1081 4881 divisione
1122 4827 1324 4894 partiri.
1364 4828 1440 4881 Ex
1472 4842 1575 4897 qua
1619 4844 1804 4883 rursus
1858 4829 2190 4883 diatessaron

602 4918 921 4987 symphonia
962 4928 1229 4971 nascetur.
1264 4917 1549 4985 Triplicem
1604 4934 1732 4983 vero
1774 4929 1935 4987 atque
1977 4920 2189 4988 sesqui-

603 5006 821 5061 tertium
844 5008 1059 5076 junctos
1097 5008 1452 5077 quadruplam
1484 5011 1943 5077 comparationem
1970 5026 2192 5079 propor-

602 5102 768 5157 tionis
793 5101 1043 5166 efficere;
1090 5102 1232 5157 unde
1274 5104 1330 5156 lit
1361 5111 1417 5156 ut
1454 5118 1519 5157 ex
1553 5104 1811 5172 diapason
1842 5113 1895 5157 et
1941 5104 2190 5172 diapente

601 5210 723 5266 qua:
754 5207 838 5252 est
859 5212 961 5250 una
984 5197 1361 5263 consonantia,
1392 5206 1446 5251 et
1469 5197 1799 5251 diatessaron
1834 5213 1936 5250 una
1970 5193 1997 5233 ά
2024 5198 2191 5251 conti-

600 5290 785 5344 nentia
808 5288 1183 5359 coniungatur,
1218 5304 1336 5356 qua:
1369 5289 1421 5341 in
1454 5289 1751 5358 quadrnplo
1782 5289 2085 5344 consistens
2112 5289 2191 5344 bis

604 5376 861 5450 diapason
903 5394 1099 5434 nomen
1135 5379 1700 5449 accepit.-Secundum
1735 5380 1832 5434 hos
1864 5397 2073 5450 quoque
2107 5381 2190 5435 hic

599 5477 733 5553 ordo
759 5483 842 5530 est
874 5491 889 5528 :
917 5471 1205 5544 Diapason,
1236 5472 1509 5545 diapente,
1537 5472 1796 5544 diapason
1826 5489 1889 5529 ac
1918 5474 2185 5544 diapente,

600 5564 953 5655 diatessaron,
985 5566 1067 5622 bis
1088 5566 1367 5637 diapason.

638 5750 755 5821 {Et
782 5751 811 5790 δ
836 5753 1244 5821 βοηοὶνιεηιὶαιη.
1294 5763 1315 5789 ο
1351 5750 1519 5819 Igitur
1560 5748 1587 5788 ἀ
1611 5749 1962 5804 Concinentia.
2009 5759 2031 5785 ⁶
2056 5748 2144 5801 In.
2188 5746 2200 5788 ¹

2300 5748 2610 5803 nvideatur.
2652 5756 2679 5794 ι
2711 5746 2933 5817 Duplus.
3014 5746 3039 5783 ιι
3081 5746 3351 5816 Ejusdem.

598 5810 733 5869 luis.
836 5808 863 5856 δ
889 5821 1209 5883 Apponatur.

1831 410 1942 465 AN.
1984 392 2191 463 MANL.
2235 394 2385 464 ειν.
2428 388 2652 462 eam

3734 416 3881 473 1212

2886 542 3116 616 CAPUT
3155 546 3299 618 xix.

2448 668 2718 727 Sententia
2738 669 3046 725 Nicomachi
3067 684 3179 741 qua:
3199 672 3383 743 quibus
3401 673 3751 729 consonantia

2901 775 3244 836 opponantur.

2374 896 2481 953 Sed
2510 895 2868 952 Nicomachus
2895 913 2999 951 non
3046 898 3289 953 eamdem
3326 911 3448 954 esse
3475 899 3556 954 eis
3599 900 3894 955 arbitratur

2301 988 2625 1044 contrariam
2652 990 2992 1057 positionem.
3018 989 3123 1045 Sed
3148 990 3324 1059 potius
3353 1000 3412 1044 ut
3438 990 3613 1045 unitas
3642 991 3693 1044 in
3724 991 3896 1045 arith-

2302 1082 2509 1136 meticis
2558 1083 2817 1135 crementi
2850 1090 2965 1135 erat
3010 1081 3488 1149 diiiiinutionisque
3531 1080 3893 1150 principium,

2303 1172 2373 1227 ita
2416 1175 2577 1227 etiam
2636 1172 2894 1241 diapason
2957 1172 3335 1243 symphoniam
3393 1171 3719 1243 reliquarum
3773 1187 3894 1227 esse

2302 1264 2619 1333 principium
2639 1303 2655 1330 ,
2678 1263 2797 1318 illas
2822 1278 2949 1317 vero
2968 1264 3070 1317 sibi
3099 1273 3121 1299 ε
3142 1262 3414 1317 contraria
3445 1260 3704 1316 divnsione
3728 1278 3891 1330 posse

2302 1358 2576 1421 constitui;
2610 1358 2661 1411 id
2696 1372 2824 1424 vero
2855 1356 3061 1411 facilius
3091 1357 3428 1424 eritcognitu
3459 1348 3665 1420 siprius
3689 1354 3707 1390 τ
3741 1360 3886 1418 pne-

2301 1449 2543 1503 videatur
2576 1450 2626 1503 in
2654 1448 2911 1503 numeris.
2933 1440 3306 1503 Coustitiiatur
3337 1448 3498 1518 igitur
3520 1449 3718 1510 unitas,
3741 1447 3887 1501 dua:-

2301 1555 2405 1610 que
2438 1550 2612 1608 partes
2644 1542 2710 1593 ab
2737 1554 2798 1593 ea
2823 1538 3011 1603 ﬂuant,
3048 1556 3151 1594 una
3180 1540 3514 1608 multiplicis,
3540 1537 3647 1593 alia
3676 1538 3893 1593 divisio-

2302 1634 2404 1688 nis.
2444 1630 2626 1703 Sitque
2657 1631 2772 1687 baec
2803 1630 3065 1687 formula:

2611 1974 3013 1985 ——————-——

3208 2060 3553 2075 —

2751 1908 2930 1960 Dlmid.
3134 1897 3273 1962 -ῙΪ

2723 1988 2842 2043 Pars
2880 1992 2929 2043 5.
3171 1980 3273 2043 ρἾ

2613 2059 2631 2067 ’
2694 2075 2816 2124 Pars
2851 2076 2899 2125 ι.
3208 2060 3273 2113 ’Τ-

2664 2159 2783 2209 Pars
2820 2162 2870 2209 5.
3251 2146 3273 2155 ’

2626 2241 2746 2290 Pars
2784 2244 2833 2292 6.
2900 2256 2925 2308 Ι

3251 2142 3575 2155 —-—

3286 2222 3566 2236 ——_

2925 2200 2951 2253 ί
3255 2200 3314 2308 κ

2304 2449 2371 2503 Et
2395 2446 2461 2502 ad
2502 2448 2643 2505 hunc
2670 2446 2888 2503 inodum
2918 2448 2983 2503 ad
3019 2446 3224 2503 inﬁnita
3255 2448 3561 2519 progressio
3590 2450 3697 2506 est;
3725 2451 3877 2505 Bina-

2305 2542 2415 2594 rius
2460 2540 2602 2595 enim
2644 2540 2862 2595 unitatis
2889 2544 2913 2589 8
2956 2540 3153 2610 duplex
3176 2548 3274 2596 est.
3309 2532 3592 2596 Contraria
3615 2554 3746 2597 vero
3772 2543 3888 2611 eiii

2307 2648 2429 2704 pars
2455 2634 2481 2671 δ
2512 2635 2717 2689 eisdem
2746 2632 3027 2690 dimidium
3077 2638 3293 2690 unitatis
3339 2628 3591 2691 ostendit.
3624 2637 3758 2691 Tres
3787 2636 3885 2690 tri-

2306 2726 2422 2794 pliis
2453 2732 2507 2779 et
2540 2728 2809 2780 Contraria
2838 2740 2962 2796 pars
3006 2728 3182 2781 tertia.
3229 2728 3471 2795 Quatuor
3513 2728 3846 2796 quadruplus
3868 2768 3885 2791 ,

2306 2820 2537 2885 parsque
2561 2827 2614 2872 et
2644 2818 2909 2873 contraria
2956 2830 3165 2886 quarta.
3211 2819 3389 2889 Atque
3428 2821 3494 2872 ita
3526 2819 3806 2872 crescendi
3832 2828 3893 2873 et

2306 2908 2650 2962 decrescendi
2692 2904 2747 2962 iii
2784 2909 3011 2977 simplici
3043 2916 3125 2963 est
3147 2911 3351 2965 unitate
3382 2909 3712 2979 principium.
3735 2908 3890 2962 Idem

2307 2999 2470 3067 igitur
2495 3002 2635 3052 nunc
2656 3001 2721 3053 ad
2744 3002 3127 3055 consonantiae
3149 3002 3551 3055 convertemus.
3577 3002 3590 3035 ι
3618 3000 3713 3053 Est
3732 2998 3894 3066 igitur

2304 3089 2564 3157 diapason
2596 3098 2715 3159 Quae
2744 3090 2904 3160 dupla
2938 3098 3023 3146 est
3051 3092 3290 3159 supremi
3324 3093 3440 3146 luco
3469 3088 3739 3160 principii,
3772 3100 3895 3159 qua

2306 3186 2434 3235 vero
2464 3182 2687 3252 reliquae
2715 3194 2865 3247 sunt,
2895 3186 2947 3238 in
2972 3186 3239 3239 contraria
3269 3184 3529 3238 divisione
3570 3184 3675 3237 hoc
3707 3181 3889 3236 modo.

2227 3276 2276 3360 ό
2314 3272 2641 3343 Sesquialter
2683 3276 2901 3344 quidem
2952 3276 3134 3344 triplo,
3187 3277 3564 3345 sesquitertius
3610 3270 3737 3330 iero
3764 3286 3895 3341 qua-

2306 3362 2529 3434 druplo;
2575 3367 2717 3436 quod
2750 3366 2841 3421 tali
2888 3362 3055 3437 argu'n
3081 3362 3353 3423 entatidiie
3382 3368 3713 3437 probabitur.
3748 3368 3917 3423 Idem-

2308 3458 2450 3511 enim
2485 3459 2503 3508 ι
2542 3457 2773 3527 primum
2807 3464 2890 3515 est
2916 3461 3271 3530 sesquialter,
3322 3462 3411 3530 qui
3458 3462 3662 3529 primus
3693 3460 3887 3529 tripus

2306 3550 2638 3619 principalis,
2665 3552 2872 3608 scilicet
2892 3553 3134 3609 unitatis.
3160 3554 3290 3608 Nam
3324 3553 3590 3610 ternarias
3617 3554 3756 3609 idem
3783 3555 3894 3621 pri-

2304 3650 2422 3693 mus
2453 3642 2645 3710 triplus
2672 3652 2775 3711 est,
2808 3644 3013 3699 scilicet
3042 3644 3252 3699 unitati.
3282 3645 3425 3700 idem
3453 3648 3656 3714 primus
3683 3645 3892 3713 sesqui-

2303 3731 2460 3795 alter,
2492 3732 2537 3785 si
2567 3733 2774 3788 binario
2814 3738 3172 3800 comparetur.
3208 3732 3410 3791 Rursus
3440 3736 3579 3791 idem
3630 3738 3897 3791 ternarias

2304 3822 2546 3891 ejusdem
2578 3822 2895 3881 differentiae
2925 3834 3085 3897 quam
3115 3827 3183 3881 ad
3233 3828 3497 3883 binarium
3542 3826 3704 3892 facit,
3737 3827 3895 3895 cujus

2304 3917 2627 3973 naturaliter
2653 3919 2858 3985 positus
2887 3920 3142 3987 probatur
3163 3935 3284 3975 esse
3314 3921 3661 3989 sesquialter,
3698 3920 3894 3987 triplus

2304 4014 2405 4058 est.
2438 4005 2568 4059 Cum
2592 4008 2751 4075 igitur
2777 4008 2897 4076 jure
2926 4010 3243 4077 scsquialter
3277 4010 3471 4078 triplici
3503 4006 3529 4045 ιι
3566 4017 3886 4079 opponatur.

2303 4095 2553 4163 diapente
2579 4100 2960 4163 consonantia,
3014 4098 3266 4166 diapente
3296 4114 3358 4153 ac
3389 4099 3645 4168 diapason
3685 4112 3887 4150 conso-

2303 4187 2499 4239 nantiae
2531 4187 2925 4243 rationabiliter
2977 4200 3194 4256 putatur
3224 4194 3443 4258 Opponi.
3500 4188 3702 4243 Rursus
3750 4202 3889 4256 qua-

2301 4276 2525 4343 druplus
2577 4278 2906 4347 sesquitertii
2964 4281 3287 4333 contrariam
3338 4280 3660 4333 divisionem
3719 4274 3880 4331 tenet.

2301 4366 2432 4420 Nam
2464 4368 2551 4435 qui
2578 4378 2659 4423 est
2683 4370 2884 4438 primus
2905 4371 3257 4440 quadruplus,
3295 4372 3433 4427 idem
3472 4382 3665 4425 rursus
3688 4384 3891 4441 primus

2300 4459 2675 4527 sesquitertius
2689 4461 2961 4529 invenitur
2976 4462 3078 4518 hoc
3093 4462 3275 4528 modo.
3288 4456 3673 4530 Quaternarius
3695 4463 3891 4534 quippe

2301 4552 2505 4615 primus
2530 4560 2613 4605 est
2650 4552 3015 4622 quadruplus,
3061 4554 3106 4607 si
3136 4554 3325 4609 unitati
3358 4557 3559 4622 primus
3587 4556 3891 4622 sesquiter-

2301 4642 2430 4703 tius,
2460 4644 2502 4694 si
2536 4644 2771 4696 ternario
2797 4652 3166 4713 comparetur.
3184 4642 3387 4698 Rursus
3410 4645 3523 4710 ejus
3547 4643 3887 4707 diﬂ'erentim,

2297 4746 2457 4799 quam
2482 4733 2624 4786 inter
2641 4747 2697 4785 se
2720 4748 2783 4786 ac
2808 4733 3099 4788 ternarium
3125 4744 3291 4800 tenet,
3322 4735 3436 4801 ipse
3458 4734 3513 4787 iit
3532 4733 3888 4802 quadruplus.

2296 4822 2450 4878 Unde
2486 4824 2543 4876 ﬁt
2577 4834 2633 4877 ut
2655 4826 3004 4894 sesquitertia
3042 4830 3338 4895 proportio,
3366 4840 3484 4894 quae
3515 4834 3594 4879 est
3618 4825 3884 4879 diatessa-

2296 4928 2418 4977 ron,
2451 4914 2765 4983 quadruplm
2790 4916 3147 4984 praportioni,
3171 4932 3289 4985 quae
3318 4926 3402 4971 eSt
3418 4917 3499 4971 bis
3527 4916 3804 4983 diapason,
3831 4915 3887 4969 in

2295 5006 2622 5059 contrariqu
2672 5006 2962 5061 dividatur.
3009 5008 3179 5075 Dupla
3210 5024 3340 5064 vero
3383 5006 3633 5077 quoniam
3686 5008 3886 5060 nullam

2299 5095 2461 5150 habet
2482 5098 2779 5167 oppositam
2798 5098 3219 5167 proportionem,
3238 5116 3337 5153 nec
3356 5099 3515 5167 ullius
3544 5099 3656 5166 ipsa
3682 5096 3891 5164 sesqui-

2302 5191 2465 5242 altera
2513 5199 2617 5255 est,
2651 5199 2747 5243 aut
2773 5199 2948 5244 cx'stat
2980 5208 3237 5244 nmncrus
3278 5191 3361 5244 cui
3399 5188 3567 5260 possit
3609 5188 3841 5241 binarius
3868 5227 3887 5253 ,

2300 5283 2388 5351 qui
2420 5283 2622 5351 primus
2654 5293 2736 5337 est
2769 5282 2984 5352 duplus,
3020 5284 3492 5355 superparticuiari
3528 5282 3889 5353 proportione

2298 5378 2572 5447 conjungi,
2621 5380 2777 5433 talem
2809 5377 3034 5434 formam
3067 5382 3353 5434 contrariae
3398 5376 3763 5447 pioportionis
3793 5390 3889 5427 ex-

2297 5468 2459 5523 cedit.
2511 5472 2685 5537 Atque
2718 5471 2916 5525 idcirco
2946 5472 3239 5525 secundum
3289 5468 3674 5524 Nicomachum
3702 5466 3890 5533 diapa-

2294 5576 2391 5616 son
2441 5566 2914 5617 cousonantiarum
2952 5564 3271 5634 principium
3322 5572 3501 5616 teneat
3550 5560 3652 5614 hoc
3682 5557 3881 5614 modo:

3436 5738 3633 5797 θεήι.
3712 5734 3808 5793 tP

3454 5942 3497 5975 Ο
