4160 6256
350 395 487 452 1915

966 582 967 587 η
1014 526 1269 590 DiapaSOn.

391 792 639 857 illapettte
665 798 716 843 et
737 784 985 853 diapas‘dn.
1044 784 1083 857 /
1208 784 1249 857 \
1323 790 1580 852 Dtapente.

655 861 1036 873 ————

1263 860 1628 871 ._——_—_

546 1042 877 1103 Bisdiapasoa.
943 1024 988 1114 /
1430 1034 1767 1085 Diatessaron.

344 1149 453 1202 Seu
486 1146 731 1216 quamvis
765 1147 837 1199 lta
875 1158 996 1199 sese
1041 1142 1270 1205 habeat,
1316 1144 1489 1209 inquit
1518 1146 1696 1192 tamen
1743 1140 1935 1190 omnes

344 1239 540 1294 melius
553 1238 883 1306 multiplices
907 1237 1285 1306 proportiones
1308 1231 1781 1287 consonantiarum
1800 1242 1935 1298 prm-

339 1331 574 1397 cedere,
631 1328 1143 1399 superpsrticulares
1181 1327 1365 1397 sequi,
1416 1325 1557 1379 sicut
1609 1322 1772 1393 paulo
1809 1328 1936 1376 ante

337 1422 750 1490 descripsimus;
776 1419 911 1474 Cum
937 1420 1097 1488 igitur
1117 1418 1466 1472 consonantia
1494 1416 1561 1470 sit
1584 1414 1813 1469 duarum
1838 1426 1935 1468 vo-

337 1530 463 1572 cum
495 1518 609 1569 rata
651 1512 960 1581 permixtio,
993 1520 1159 1567 sonus
1189 1518 1318 1566 vero
1347 1506 1636 1565 modulata:
1664 1507 1815 1562 vocis
1844 1519 1934 1561 ca-

335 1622 465 1671 sus,
506 1621 611 1660 una
644 1605 941 1661 intentione
969 1600 1281 1674 productus,
1330 1603 1509 1671 sitque
1539 1598 1681 1654 idem
1709 1598 1929 1653 minima

332 1696 603 1768 particula
644 1696 1053 1760 modulatibnis,
1091 1695 1268 1748 omnis
1304 1706 1434 1748 vero
1456 1692 1623 1747 sdnus
1660 1698 1688 1728 σι
1719 1695 1933 1745 constet

333 1787 591 1858 impulsu.
623 1786 817 1842 Pulsus
843 1789 971 1841 iero
1012 1785 1189 1841 omnis
1218 1800 1283 1841 ex
1311 1794 1463 1839 motu
1491 1781 1519 1821 υ
1545 1786 1662 1850 fiat,
1695 1797 1929 1852 cumque

331 1887 579 1935 motuum
616 1888 639 1917 ⁸
675 1878 837 1948 aliqui
869 1878 976 1932 sint
1000 1878 1256 1947 aequales,
1303 1876 1393 1931 alii
1420 1890 1552 1931 vero
1588 1863 1920 1947 inaequales,
1958 1880 2009 1961 ﬁ

329 1970 683 2041 insqualium
714 1985 843 2025 vero
872 1970 960 2024 alii
993 1970 1101 2023 sint
1130 1970 1302 2023 multo
1334 1968 1647 2035 inrequales,
1677 1968 1767 2022 alii
1797 1983 1927 2022 vero

331 2060 535 2128 minus,
566 2061 657 2115 alii
675 2075 803 2115 vero
818 2061 1162 2115 mediocriter
1192 2059 1501 2130 inaequales.
1523 2061 1598 2115 Ex
1620 2060 1926 2129 aequalitate

330 2153 551 2224 quidem
580 2153 819 2207 nascitur
843 2167 1099 2208 sonorum
1122 2153 1427 2223 aequalitas.
1453 2153 1533 2207 Ex
1567 2153 1928 2223 inaequalitate

328 2256 464 2301 vero
507 2241 535 2281 ἀ
581 2260 645 2301 ea
667 2256 790 2316 qua:
828 2230 1127 2303 secundum
1172 2238 1601 2302 mediOcritatem
1658 2246 1928 2328 distantia:

326 2334 627 2406 inaequales
652 2345 799 2403 sunt,
843 2338 1179 2402 manifestae,
1209 2340 1509 2409 primaeque
1542 2355 1610 2393 ac
1630 2340 1929 2409 simplicio-

324 2441 421 2487 res
447 2430 698 2485 eveniunt
722 2431 1126 2500 proportiones,
1174 2447 1294 2502 quae
1337 2443 1464 2486 sunt
1491 2432 1700 2487 scilicet
1744 2433 1928 2488 multi-

324 2520 499 2591 plices
527 2530 551 2559 °
583 2522 675 2576 adt
701 2516 1251 2592 superpartiCulares,
1284 2522 1459 2592 dupli,
1492 2523 1662 2593 tripli,
1693 2524 1928 2592 quadru-

324 2613 430 2683 pli,
472 2600 830 2683 sesquialteri,
855 2624 1017 2685 atque
1054 2616 1389 2686 sesquitertii
1418 2617 1812 2671 consonantiae.
1846 2616 1926 2670 Ex

325 2702 418 2758 his
448 2717 579 2757 vero
616 2701 637 2741 ί
678 2718 800 2774 qua
830 2705 884 2759 in
912 2706 1135 2777 reliquis
1161 2706 1604 2776 proportionibus
1626 2749 1641 2773 ,
1676 2708 1759 2761 Vel
1790 2708 1929 2761 mul-

327 2791 590 2859 timodis,
635 2792 722 2847 vel
772 2807 877 2847 non
907 2794 981 2848 ita
1019 2794 1210 2858 claris,
1248 2796 1330 2849 vel
1377 2796 1535 2866 longe
1564 2799 1785 2852 omnino
1812 2811 1842 2849 a
1868 2811 1929 2850 se

327 2874 658 2938 distantibus
684 2880 1079 2953 inaequalitates
1107 2883 1261 2948 fiunt,
1288 2884 1640 2940 dissonantia:
1667 2885 1926 2940 existunt.

328 2971 489 3030 Nulla
505 2982 686 3029 autem
706 2972 963 3029 sonorum
994 2974 1282 3029 concordia
1302 2983 1643 3044 procreatur.

946 3062 1173 3122 CAPUT
1212 3064 1329 3119 XX.

439 3155 581 3225 Quid
600 3167 831 3231 oporteat
854 3159 1091 3231 prtemitti
1113 3162 1167 3213 ut
1191 3160 1443 3229 diapason
1470 3159 1525 3213 in
1555 3150 1826 3230 multiplici

556 3324 559 3327 ὗ
830 3268 1011 3325 genere
1040 3254 1428 3307 demonstretur.
1906 3328 1909 3329 ν

402 3338 519 3399 Hoc
548 3341 711 3414 igitur
742 3345 813 3399 ita
846 3334 1131 3411 distincto,
1168 3344 1638 3400 'deinoustrabitur
1664 3340 1923 3414 diapason

330 3432 743 3492 consonantiam
764 3478 780 3503 ,
820 3452 938 3506 quae
968 3450 1281 3490 cunetarum
1310 3437 1510 3504 optima
1540 3434 1626 3491 est
1662 3430 1714 3489 in
1745 3436 1926 3490 multi-

330 3524 455 3598 plici
501 3525 877 3599 inaequalitatis
908 3532 1124 3598 genere,
1162 3538 1214 3584 et
1246 3528 1299 3582 in
1347 3529 1675 3599 duplicitatis
1713 3529 1926 3584 habitu-

333 3618 459 3675 dine
487 3616 731 3689 reperiri.
766 3621 845 3675 Ac
878 3618 1107 3690 primum
1149 3620 1360 3685 quidem
1394 3620 1519 3675 illud
1549 3612 1927 3676 demonstran-

332 3712 458 3765 dum
480 3755 494 3781 ,
529 3712 979 3781 quemadmodum
1008 3714 1060 3767 in
1089 3712 1497 3781 multiplicitatis
1528 3728 1725 3780 genere
1744 3713 1926 3781 diapa—

333 3787 431 3854 son
484 3798 834 3856 consonantia
870 3804 1040 3872 possit
1080 3804 1321 3875 agnosci.
1361 3803 1801 3859 Prrecurreudum
1845 3813 1926 3857 est

332 3892 496 3962 igitur
526 3893 592 3947 ad
634 3880 798 3951 breve
824 3896 1097 3966 quiddam,
1132 3912 1239 3967 quo
1271 3898 1415 3967 prius
1444 3899 1663 3967 cognito
1713 3896 1925 3951 facilior

334 3972 721 4067 demonstratio
753 3987 839 4041 ﬁat
860 4034 873 4055 ,
906 3990 975 4043 ab
1004 3992 1145 4043 omni
1180 3990 1656 4059 superparticulari
1678 4032 1690 4053 ,
1728 3991 1773 4045 si
1796 4006 1926 4045 con-

332 4077 535 4133 tinuam
591 4070 639 4133 ei
694 4070 1236 4149 superparticularem
1291 4082 1413 4153 quis
1451 4081 1659 4137 auferat
1703 4098 1925 4151 ιιι-θρον-

246 4180 249 4185 '
332 4176 567 4239 tionem,
600 4194 715 4247 qure
742 4187 823 4231 est
849 4174 1059 4233 Scilicet
1084 4178 1278 4241 minor,
1330 4172 1381 4230 id
1429 4177 1569 4246 quod
1604 4178 1926 4248 relinquitur

329 4268 507 4322 minus
538 4278 617 4323 est
648 4269 761 4336 ejus
808 4272 1113 4333 medietate,
1153 4284 1272 4337 quae
1313 4268 1554 4324 detracta
1591 4280 1672 4325 est
1703 4285 1927 4339 propor-

331 4358 528 4424 tioois,
560 4370 616 4413 ut
648 4360 697 4412 in
740 4360 1094 4427 sesquialtera
1139 4376 1201 4412 ac
1247 4362 1608 4430 sesquitertia.
1660 4362 1922 4428 Quoniam

329 4448 679 4519 sesquialtera
713 4449 883 4519 major
911 4456 1010 4512 est,
1040 4450 1440 4516 sesquitertiam
1468 4452 1535 4505 de
1557 4454 1917 4520 sesquialtera

330 4536 362 4591 ii
402 4538 696 4602 trahemus,
727 4538 1047 4606 relinquitur
1072 4539 1446 4605 sesquioctava
1472 4542 1771 4606 preportio,
1801 4555 1924 4609 qua:

328 4628 599 4698 duplicata
631 4642 735 4679 non
765 4627 931 4681 efficit
962 4628 1224 4696 integram
1255 4628 1654 4696 sesquitertiam
1700 4644 1926 4698 propor»

330 4722 566 4787 tionem;
591 4719 684 4774 sed
704 4734 767 4775 ea
789 4720 1043 4775 distantia
1074 4722 1251 4774 minor
1271 4731 1353 4774 est
1384 4736 1499 4788 quae
1540 4720 1593 4774 in
1639 4722 1925 4775 semitonio

331 4814 626 4883 reperitur;
659 4814 795 4882 quod
822 4812 866 4867 si
890 4813 1158 4881 duplicata
1189 4813 1567 4882 sesquioctava
1595 4812 1927 4879 comparatio

330 4915 435 4960 non
468 4913 551 4959 est
578 4904 781 4973 integra
809 4912 834 4950 8
859 4903 1237 4969 srsquitertize,
1282 4902 1508 4971 simplex
1554 4906 1923 4971 sesquioclava

244 4994 247 4999 ’
332 5008 437 5051 non
487 5006 568 5050 est
606 4990 964 5065 sesquitertia:
1010 4994 1370 5063 proportionis
1412 4993 1567 5063 plena
1616 4988 1919 5060 medietas;

334 5088 471 5157 quod
508 5091 552 5144 si
592 5092 1029 5159 sesquiquartum
1061 5086 1402 5156 sesquitertio
1426 5084 1673 5153 auferas,
1707 5086 1755 5140 id
1781 5088 1922 5155 quod

334 5184 649 5254 relinquitur
676 5182 1020 5239 medietatem
1046 5181 1402 5252 sesquiquarti
1423 5195 1527 5237 non
1547 5180 1729 5245 efﬁcit,
1756 5178 1923 5234 idem-

334 5286 435 5341 que
460 5275 514 5330 in
542 5275 769 5331 caeteris.

905 5365 1135 5423 CAPUT
1175 5365 1315 5420 ΧΧΙ.

438 5455 815 5512 Demonstratio
846 5474 934 5529 per
958 5444 1269 5529 impossibile
1294 5456 1545 5525 diapason
1574 5456 1624 5509 in
1646 5456 1817 5510 multi-

898 5551 1022 5620 plici
1051 5569 1231 5621 genere
1260 5570 1386 5607 esse.

404 5648 517 5719 Age
543 5662 686 5705 nunc
724 5648 792 5703 ad
844 5647 1102 5717 diapason
1145 5651 1552 5706 consonantiam
1610 5647 1915 5705 redeamus.

400 5876 423 5905 ⁵
454 5867 684 5931 Constat.
762 5872 788 5910 ι)
821 5872 919 5929 Sit.
1002 5883 1025 5911 α
1059 5872 1181 5926 Alii.
1210 5869 1234 5907 ά
1266 5871 1415 5929 ch.
1498 5885 1519 5911 ο
1551 5877 1641 5929 Ac.

1662 380 1752 444 DE
1794 378 2045 449 MUSibsi
2082 380 2215 446 LIII.
2259 380 2321 445 ll.

1966 500 2023 570 Α
2049 506 2205 574 Quod
2228 505 2273 561 si
2303 508 2366 560 ea
2399 509 2502 557 non
2533 506 2616 559 est
2647 504 2699 558 in
2734 500 3013 574 multipliCi
3058 504 3257 575 genere
3284 500 3638 576 numquam;

2031 1842 2461 2103 (πηίηεῖ

2041 1712 2489 1936 m/
2548 1784 2849 1909 Senticam,
2926 1847 3115 1898 atmiis
3208 1788 3213 1799 ἦ
3324 1828 3556 1903 ianus
3610 1794 3631 1831 γ’

2082 2044 2353 2125 Ήγᾱ32
2424 1842 2461 2152 \l!
2529 2037 2669 2105 1)ιᾶ
2705 2030 2775 2122 t5
2850 2033 3030 2097 anni,
3078 2043 3175 2103 27
3284 2001 3546 2084 Βτὶ24

2119 2185 2214 2251 ΖΒ
2758 2182 2872 2256 z
3078 2194 3232 2267 zu;

2170 2263 3174 2689 λέίαῒρίί

1959 3258 2010 3349 d

1727 5876 1744 5914 ί
1778 5877 2124 5949 Reliquisque.

3501 384 3639 445 12H

2044 602 2140 666 tis,
2176 600 2331 655 cadet
2350 601 2400 653 in
2423 596 2911 669 superparticulare
2938 594 3321 669 inaequalitatis
3343 610 3530 671 genus.
3557 602 3637 658 Sit
3682 668 3693 680 .

2040 694 2202 764 igitur
2228 684 2732 764 superparticularis
2761 696 3034 765 preportio
3052 694 3306 765 diapasdr
3331 694 3604 749 Consonan
3622 727 3639 736 -

2040 782 2135 841 tia.
2167 784 2450 842 Auferatur
2470 780 2539 842 ab
2564 800 2627 842 ea
2653 786 2906 842 continua
2948 784 3321 854 consonantia,
3349 786 3398 841 id
3426 794 3507 841 est
3525 786 3638 841 dia;

2044 882 2236 948 pente‘,
2286 878 2606 949 relinquitur
2648 881 3013 935 diatessaron.
3049 881 3134 935 Bis
3182 880 3339 951 igitur
3370 872 3633 935 diatessa-

2043 985 2140 1026 ron
2172 970 2357 1026 minu‘s
2385 979 2468 1027 est
2492 970 2599 1027 uno
2628 967 2907 1041 diapente,
2940 978 2995 1026 et
3034 966 3063 1008 δ
3095 972 3267 1041 ipsum
3301 968 3637 1026 diatessaron

2042 1074 2149 1119 non
2182 1060 2369 1135 implet
2398 1064 2652 1135 diapente
2678 1060 3045 1120 Consonantim‘
3086 1057 3452 1127 medietatem,
3496 1058 3639 1132 quod

2042 1150 2126 1212 es’l
2179 1151 2535 1228 impossibile.
2591 1154 2971 1213 Monstrabitur
3018 1160 3163 1213 enim
3220 1152 3639 1212 bisdiatessarort

2043 1246 2173 1305 to'no
2203 1266 2263 1306 ac
2295 1246 2584 1307 semitOnio
2633 1242 3041 1307 consonantiam
3075 1240 3325 1320 diapenle
3356 1260 3636 1304 transcen-

2043 1338 2195 1400 dere.
2223 1334 2487 1413 Quocirta
2522 1340 2618 1402 uéc
2661 1346 2920 1416 diapason
2956 1338 3171 1415 quidem
3206 1345 3258 1398 in
3304 1336 3636 1415 superparti-

2042 1430 2212 1492 culaii
2238 1426 2611 1508 inmqualitatis
2628 1438 2826 1508 genere
2854 1436 2977 1507 peni
3011 1432 3217 1523 potest.

2594 2994 2823 3071 CAPUT
2864 2998 3025 3072 xxu.

2038 3172 2425 3229 Dentonstratio
2456 3190 2546 3245 per
2572 3171 2905 3243 impossibile,
2940 3174 3195 3243 diapente,
3223 3176 3559 3242 diatessaron,
3588 3182 3635 3230 et

2383 3258 2560 3320 tonum
2591 3268 2643 3320 in
2671 3264 3141 3337 superparticnlari
3170 3285 3294 3323 esse.

2105 3434 2293 3496 Restat
2320 3440 2481 3509 igitur
2510 3452 2567 3495 ut
2591 3439 2847 3510 diapente
2874 3454 2937 3496 ac
2958 3440 3315 3508 diazessaron,
3342 3451 3397 3498 et
3421 3444 3629 3514 tonum,

2030 3533 2085 3587 in
2130 3527 2716 3603 superparticularitate
2769 3526 3015 3601 ponenda
3072 3528 3193 3589 esse
3245 3532 3630 3591 monstremus.

2031 3624 2162 3679 Nam
2192 3622 2292 3681 etsi
2319 3624 2368 3679 id
2397 3625 2450 3679 in
2500 3614 2668 3695 prima
2700 3640 2912 3695 quoque
2942 3616 3260 3694 probatione
3290 3628 3349 3683 e‘a
3381 3643 3492 3694 qua-
3514 3629 3627 3684 dia-

2030 3731 2199 3786 pason
2232 3717 2285 3771 in
2324 3708 2801 3786 sliperparticuiari
2840 3712 3042 3786 genere
3083 3724 3190 3771 non
3235 3728 3356 3772 esse
3387 3719 3632 3786 ponenda

2030 3807 2480 3869 monstravimus,
2532 3806 2583 3860 id
2636 3822 2846 3877 quoque
2904 3804 3136 3876 qundam
3190 3809 3413 3861 rationis
3469 3811 3629 3863 modo

2029 3899 2352 3967 perclaruit;
2383 3896 2653 3968 sigillatitn
2687 3888 2867 3953 tamen
2898 3896 2967 3952 de
2995 3913 3059 3951 eo
3088 3914 3148 3952 ac
3176 3884 3481 3968 diligentius
3514 3914 3629 3967 per-

2031 3986 2344 4045 tractemus.
2381 3989 2512 4045 Nam‘
2545 3991 2590 4044 si
2625 3992 2674 4043 in
2707 3991 3185 4058 snperparticulari
3210 3993 3329 4062 quis
3356 3992 3451 4045 has
3476 3978 3630 4049 babi-

2029 4083 2242 4137 tudines
2288 4078 2564 4147 ponendas
2596 4098 2712 4135 essv
2744 4098 2848 4135 non
2890 4076 3107 4151 dixerit,
3142 4080 3192 4136 in
3225 4076 3501 4152 multiplici
3536 4101 3631 4155 ge-

2028 4189 2158 4228 nere
2189 4173 2441 4228 fatebitur
2466 4172 2834 4227 cOilocandas.
2862 4158 2990 4227 Nam
3022 4173 3071 4227 in
3097 4174 3514 4243 supcrpartienti
3544 4176 3630 4231 vel

2028 4265 2240 4322 c.r-teris
2270 4266 2452 4320 mixtis
2482 4281 2578 4321 cur
2606 4264 2731 4335 poni
2767 4282 2870 4322 non
2897 4262 3125 4335 possint,
3154 4268 3403 4335 superius
3436 4260 3515 4337 (ut
3539 4282 3627 4322 ar-

2027 4360 2221 4430 bitror)
2245 4360 2592 4428 explanatum
2608 4358 2709 4414 est.
2726 4356 3000 4414 Pouautur
3023 4358 3202 4427 igitur,
3234 4356 3275 4412 Si
3301 4360 3413 4412 ﬁeri
3431 4369 3624 4428 potest,

2028 4452 2080 4505 in
2115 4452 2395 4519 multiplici
2425 4466 2647 4519 genere.
2685 4450 2752 4503 Et
2775 4433 3029 4519 quoniam
3063 4449 3401 4503 diatessaron
3432 4466 3628 4504 conso-

2027 4544 2205 4595 nantia
2230 4543 2407 4595 minor
2429 4550 2530 4605 cst,
2555 4541 2805 4607 diapente
2829 4539 3022 4606 major,
3046 4539 3378 4593 diatessaron
3404 4542 3623 4608 duplici,

2028 4624 2283 4698 diapente
2354 4644 2480 4684 vero
2557 4629 2750 4697 triplici
2819 4629 3151 4698 proportioni
3221 4626 3628 4699 multiplicitatis

2034 4729 2263 4788 aptetur.
2313 4720 2614 4774 Verisimile
2646 4731 2725 4775 est
2757 4722 2899 4774 enim
2936 4720 2990 4774 ui
3019 4730 3101 4775 est
3131 4724 3481 4777 Consonantia
3514 4725 3628 4778 dia-

2033 4822 2277 4867 tessaron
2310 4812 2699 4876 consonantiae,
2729 4812 2982 4879 diapente
3018 4811 3289 4868 continua.
3326 4813 3394 4865 ita
3433 4815 3474 4866 si
3504 4814 3624 4868 dia-

2033 4914 2274 4959 tessaron
2329 4905 2380 4957 in
2426 4903 2621 4972 duplici
2673 4904 2945 4967 statuitur,
3018 4902 3267 4972 diapente
3316 4904 3625 4959 incontinua

2030 4998 2260 5068 duplicis
2286 4999 2446 5069 poni.
2484 4998 2533 5051 id
2564 5008 2645 5052 est
2677 4996 2891 5065 triplici.
2948 4996 3128 5050 Tonus
3159 5006 3334 5049 autem
3371 4997 3624 5065 quaniant

2030 5094 2083 5147 in
2123 5092 2525 5146 habitudinibus
2563 5090 2784 5143 musicis
2826 5098 2945 5159 post
2984 5088 3320 5143 diatessaron
3386 5088 3619 5154 locatur,

2032 5187 2284 5241 nimirum
2327 5189 2376 5238 in
2409 5201 2470 5239 ea
2510 5186 2857 5252 proportione
2898 5192 3145 5252 ponatur,
3185 5198 3305 5252 qua:
3333 5192 3416 5236 est
3450 5182 3625 5237 minor

2032 5280 2251 5349 duplici.
2274 5279 2397 5333 Hmc
2412 5289 2589 5332 autem
2613 5279 2663 5332 in
2683 5276 2835 5331 multi
2845 5276 3037 5344 plicitat
3050 5276 3091 5329 is
3109 5290 3307 5345 genere
3324 5291 3429 5330 non
3452 5282 3625 5342 potest

2032 5370 2281 5425 inveniri.
2319 5371 2504 5423 ltestat
2534 5369 2696 5437 igitur
2724 5376 2783 5422 ut
2812 5367 2864 5421 in
2896 5366 3499 5436 superpnrticularitatis
3528 5366 3621 5421 ha-

2032 5462 2329 5519 bitudinem
2358 5462 2531 5515 cadat.
2566 5461 2649 5517 Sit
2674 5461 2835 5531 igitur
2860 5462 3047 5528 prima,
3075 5460 3124 5516 id
3148 5470 3229 5515 est
3248 5460 3620 5530 sesquialtera,

2034 5554 2147 5609 toni
2178 5555 2474 5623 pr0portio.
2506 5553 2637 5608 Nam
2671 5552 2718 5606 si
2749 5553 3017 5621 duplicem
3048 5552 3374 5615 auferamus,
3406 5550 3623 5620 triplici,

2034 5647 2174 5717 quod
2202 5647 2539 5718 relinquitur,
2571 5645 2889 5716 sesquialter
2910 5654 3012 5699 est.
3045 5644 3198 5711 Quod
3223 5645 3267 5699 si
3289 5644 3622 5699 diatessaron

2206 5887 2229 5922 6
2261 5878 2611 5948 Sesquitertia.
2691 5874 2716 5910 1'
2747 5874 2944 5944 Ipsam.
