4160 6256
261 528 278 595 i-

341 236 475 329 tan
628 324 633 328 .
1267 286 1273 290 ·
1354 324 1357 329 .

390 396 393 399 ·
490 388 493 393 λ
692 434 693 437 γ
898 382 1120 443 CAPUT
1157 375 1351 439 XXVI.
1408 391 1410 394 ν
1460 350 1463 353 ’

390 502 391 505 η
446 482 773 537 Dialessaron
797 496 856 536 ac
877 480 1127 549 diapason
1156 493 1259 531 non
1289 489 1399 529 esse
1424 479 1815 534 consonantiam

730 600 731 603 η
776 575 1053 630 secundum
1080 570 1477 642 Pythagoricos.

403 668 509 726 Sed
564 669 615 723 in
665 667 750 722 his
800 666 928 722 illud
977 665 1204 733 diligens
1253 663 1746 736 lector-agnoscat,
1777 656 1956 735 quod’

330 758 695 817 consonantia:
732 756 1098 813 consona’ntiis
1149 756 1442 824 suppositae
1471 756 1606 811 alias
1654 757 1916 825 quasdam

331 860 358 890 ⁸
383 856 739 908 consonantes
762 850 993 906 efﬁcere.
1023 848 1156 902 Nam
1195 847 1446 917 diapente
1482 863 1545 902 ac
1582 848 1917 904 diatessaron

324 941 546 1012 junctae,
585 941 843 1011 diapason
877 940 959 1010 (ut
985 940 1188 994 dictum
1219 939 1325 1007 est)
1360 945 1550 994 creant
1577 955 1591 1004 ;
1615 939 1738 994 huic
1766 955 1914 1006 vero,

325 1034 381 1089 id
418 1042 499 1090 est
528 1034 1033 1104 diapason,'rursus
1074 1030 1121 1084 si
1150 1030 1399 1100 diapente
1439 1030 1758 1100 symphonia
1794 1033 1964 1100 jun-

321 1134 499 1196 gatur,
549 1124 607 1179 ﬁt
655 1122 1030 1187 consonantia,
1083 1137 1203 1192 qua:
1247 1136 1313 1178 ex
1357 1122 1603 1192 utrisque
1645 1124 1918 1180 vocabulis
1956 1150 1959 1155 ν

252 1229 265 1243 ’
318 1225 680 1285 nuncupatur,
705 1217 963 1285 diapason
995 1214 1201 1269 scilicet
1228 1228 1290 1268 ac
1310 1213 1579 1283 diapente.
1612 1215 1710 1269 Cui
1736 1215 1915 1269 sidia-
1953 1260 1956 1265 .

318 1318 567 1365 tessaron
594 1308 840 1375 addatur,
878 1307 934 1362 ﬁt
970 1307 1054 1362 bis
1084 1306 1369 1376 diapason,
1411 1307 1528 1376 quae
1565 1307 1913 1376 quadruplam

315 1404 719 1476 proportionem
771 1412 935 1457 tenet.
988 1401 1128 1468 Quid
1175 1403 1333 1471 igitur
1378 1402 1422 1455 si
1468 1402 1803 1457 diatessaron
1853 1416 1915 1457 ac

316 1496 576 1564 diapason
604 1494 979 1549 consonantias
1002 1492 1311 1562 jungamus,
1345 1492 1579 1547 ullamne
1609 1492 1905 1547 secundum
1930 1496 1933 1499 ’

314 1582 705 1658 Pythagoricos
741 1584 978 1639 efﬁcient
1016 1583 1464 1639 consonantiam?
1508 1582 1744 1638 Minime.
1789 1583 1933 1638 Mox‘

314 1681 462 1737 enim
495 1680 547 1734 in
568 1676 987 1748 ‘superpartiens
1022 1672 1398 1746 inaequalitatis
1422 1676 1592 1745 genus
1621 1674 1781 1741 cadit,
1812 1687 1917 1731 nec

311 1780 495 1829 servat
520 1772 603 1827 vel
630 1768 1038 1839 multiplicitatis
1085 1766 1907 1853 ordinem,'vel'superpartieu-
1950 1778 1999 1837 Β

280 1930 293 1939 _
311 1864 552 1920 laritatis
581 1864 1007 1936 simplicitatem.
1060 1864 1171 1931 Age
1198 1863 1340 1917 enim
1366 1868 1670 1916 statuantur
1695 1862 1906 1916 numeri

310 1957 509 2028 quibus
552 1956 603 2012 id
642 1955 850 2011 facilius
878 1953 1288 2024 approbemus:
1321 1954 1391 2008 sit
1431 1955 1574 2008 enim
1618 1954 1908 2019 tertiarius,

310 2050 468 2120 cujus
505 2049 575 2105 sit
608 2047 884 2113 senarius,
916 2046 1373 2116 duplus’scilicet,
1403 2046 1457 2100 in
1486 2045 1742 2115 diapason
1785 2060 1910 2112 pro-

310 2145 563 2215 portione
596 2144 915 2198 consistens.
963 2140 1099 2195 Huic
1118 2140 1337 2209 aptetur
1371 2134 1709 2205 sesquitertia
1751 2146 1908 2206 quam

310 2237 645 2293 diatessaron
677 2251 798 2292 esse
818 2232 1188 2304 praediximus,
1216 2240 1274 2287 ut
1304 2232 1630 2287 octonarius.
1672 2232 1734 2285 ‘ls
1765 2231 1929 2285 enim

309 2328 376 2384 ad
425 2327 699 2384 senarium
749 2328 1083 2381 diatessaron
1133 2326 1533 2393 proportionem
1580 2331 1763 2401 tenet,
1814 2336 1915 2392 qui

309 2418 634 2485 octonarius,
667 2417 732 2472 ad
766 2416 1057 2473 ternarium
1090 2426 1433 2483 comparatus
1465 2413 1624 2467 habet
1653 2429 1772 2489 eum
1800 2412 1901 2467 bis.

308 2509 413 2569 Sed
440 2525 510 2566 ne
538 2511 607 2564 sit
635 2510 935 2579 multiplex,
960 2506 1122 2562 habet
1146 2506 1305 2561 etiam
1330 2505 1444 2575 ejus
1467 2505 1674 2574 aliquas
1703 2514 1899 2572 partes,
1926 2570 1929 2573 Α

309 2618 488 2673 neque
525 2618 617 2657 eas
660 2602 951 2671 simplices.
996 2600 1209 2654 Duabus
1256 2600 1397 2653 enim
1430 2614 1549 2652 cum
1592 2586 1901 2663 supervenit

311 2692 624 2751 nnitatibus.
645 2706 763 2760 quae
784 2700 909 2745 sunt
924 2691 1044 2744 duae
1067 2690 1240 2743 tertia:
1264 2700 1447 2758 partes
1471 2689 1712 2753 ternarii,
1742 2705 1899 2756 quem

314 2791 541 2862 primum
573 2784 857 2842 terminum
890 2782 1271 2849 minimumque
1301 2780 1560 2835 locamus.
1592 2780 1712 2834 Sint
1742 2778 1768 2816 δ
1799 2780 1928 2848 igiq

321 2882 400 2939 ιη’
431 2878 642 2937 termini
670 2877 747 2942 hi,
780 2876 832 2940 5,
857 2875 911 2939 6,
940 2874 994 2928 8.
1654 2922 1657 2923 ν
1763 2874 1777 2883 ·

538 2986 544 2993 ’
624 2986 900 3050 Multiplex
924 2984 1357 3048 superbiparliens'
1372 2980 1560 3030 tertias.

685 3279 693 3287 .
837 3277 1154 3340 ,θ’ΨῘΝἿἮιλ
1172 3277 1308 3308 ναι-υ
1321 3277 1415 3336 ιιιρή

822 3376 839 3381 ⁷⁷
911 3335 1399 3456 Ῐαθᾶτσηιάιθδνχ.
1460 3446 1465 3451 κ
1876 3388 1877 3391 η

885 3494 892 3503 -
1013 3455 1261 3508 contra}:
1482 3478 1493 3485 .

1192 3762 1594 3869 Ἠίιίῐεμιιτοτυ

452 3924 496 3933 η

847 3112 1034 3181 /
1208 3112 1335 3153 \

852 3216 1137 3277 “Zur...
1172 3208 1335 3277 λείπει

1397 3177 1515 3277 \

1499 3277 1598 3416 \

837 3216 1154 3340 ‘piapgﬁm
1172 3231 1410 3336 oti-Diog

822 3335 844 3381 ⁵
911 3335 1399 3485 “limatior
1460 3446 1465 3451 ,

885 3494 892 3503 .
1013 3455 1261 3508 ικαώιὶιδ

748 4140 904 4204 Dupla
1204 4132 1539 4207 sesquitertia

311 4222 446 4279 Illud
468 4239 681 4294 quoque
707 4241 823 4293 qua:
849 4227 985 4281 inter
1007 4226 1140 4282 duas
1170 4228 1269 4283 sibi
1294 4229 1575 4283 coutiuuas
1598 4215 1900 4283 consonam

309 4319 416 4372 tias
461 4317 620 4383 cadit,
668 4318 864 4371 etenim
912 4334 1085 4387 neque
1124 4320 1470 4388 duplum‘est
1516 4321 1804 4389 integrum,
1841 4330 1900 4374 ut

311 4411 573 4483 diapason
620 4410 1015 4465 consonantiam
1074 4411 1281 4474 prodat,
1329 4427 1502 4480 neque
1552 4412 1791 4479 triplum,
1843 4419 1901 4465 ut

310 4494 664 4573 diapasonac
693 4502 940 4571 diapente
969 4501 1162 4557 efﬁciat
1191 4503 1585 4571 symphoniam.
1615 4504 1713 4558 Cui
1745 4503 1792 4557 si
1822 4513 1901 4557 to-

309 4610 413 4650 nus
440 4594 686 4656 addatur,
723 4608 844 4646 mox
886 4594 1098 4662 triplum
1135 4593 1350 4647 modum
1389 4596 1748 4661 preportionis
1778 4596 1897 4649 eii-

308 4687 439 4739 ciet.
485 4684 742 4751 Quoniam
772 4684 911 4755 enim
944 4684 1201 4752 diapason
1229 4700 1290 4740 ac
1321 4684 1571 4753 diapente
1604 4696 1623 4723 ε
1651 4684 1751 4739 sibi
1779 4686 1903 4753 jun-

310 4770 415 4831 etas
446 4768 688 4829 efﬁciunt
716 4775 952 4846 triplum,
990 4776 1333 4834 diatessaron
1361 4794 1493 4833 vero
1519 4789 1572 4832 et
1604 4789 1762 4833 tonus
1790 4778 1902 4832 dia-

309 4877 480 4940 pente
525 4862 927 4923 censonantiam
969 4868 1215 4939 jungunt,
1268 4870 1311 4924 si
1358 4870 1612 4938 diapason
1639 4867 1664 4907 ά
1706 4884 1895 4926 conso-

309 4960 492 5015 nantia
523 4957 748 5012 addatur
776 4958 1130 5025 diatessaron,
1158 4960 1509 5015 inconsonum
1537 4960 1613 5028 ﬁt,
1642 4961 1894 5032 quoniam

309 5052 450 5108 inter
485 5051 751 5123 duplicem
793 5067 856 5107 ac
892 5054 1152 5123 triplicem
1190 5054 1328 5108 nulla
1368 5063 1545 5124 potest
1586 5054 1899 5109 naturaliter

309 5146 589 5214 proportio
633 5144 1035 5214 multiplicitatis
1082 5146 1328 5217 intelligi.
1372 5146 1523 5215 Quod
1551 5146 1597 5202 si
1628 5148 1675 5202 ei
1705 5146 1897 5216 adjicio

310 5242 524 5302 tonum,
559 5248 580 5277 ε
609 5238 666 5293 ﬁt
703 5238 981 5309 diapason,
1030 5239 1385 5306 diatessaron,
1434 5249 1491 5296 et
1532 5250 1711 5308 tonus,
1754 5239 1898 5310 quod

312 5329 449 5385 nihil
485 5329 713 5386 distabit
735 5344 912 5388 utrum
941 5334 1197 5403 diapason
1241 5348 1305 5389 ac
1344 5332 1597 5402 diapente
1640 5334 1729 5387 sit.
1776 5332 1899 5387 Dia-

312 5431 561 5477 tessaron
605 5424 746 5479 enim
783 5434 839 5481 et
875 5434 1030 5481 tonus
1071 5425 1321 5497 diapente
1370 5426 1718 5481 constituunt.
1770 5423 1789 5462 ί
1822 5424 1902 5485 Sit

313 5515 457 5570 enim
500 5515 757 5586 diapason
798 5518 1010 5588 quidem
1051 5519 1086 5573 5
1124 5530 1180 5575 et
1216 5517 1250 5573 6
1277 5535 1292 5584 ;
1317 5518 1656 5574 diatessaron
1693 5517 1726 5572 6
1761 5525 1814 5571 et
1844 5515 1899 5582 8;

316 5616 476 5665 tonus
503 5609 537 5665 8
562 5619 617 5666 et
644 5610 678 5666 9
704 5626 718 5677 ;
747 5610 996 5682 diapente
1024 5612 1057 5667 6
1079 5622 1134 5668 et
1159 5612 1193 5668 9
1224 5628 1241 5681 ;
1269 5602 1527 5684 diapason
1559 5625 1621 5667 ac
1651 5611 1901 5679 diapente

1520 324 1527 327 _
1610 268 1698 327 DE
1735 269 1984 331 MUSICA
2020 272 2150 331 LIB.
2194 273 2257 329 ll.

1958 395 2011 455 Α
2033 391 2067 446 5
2097 406 2159 446 ac
2188 392 2221 446 9
2248 409 2263 446 :
2294 393 2398 448 erit
2421 392 2577 463 igitur
2602 394 2678 451 sic
2710 396 2866 468 tripla
2891 357 3163 471 proportio
3190 397 3243 470 5,
3274 400 3328 470 6,
3358 402 3411 471 8,
3435 405 3609 465 9.Sed

1972 510 1977 521 ν
2021 496 2325 554 quanquam
2355 483 2421 539 de
2452 484 2531 541 bis
2563 487 2727 541 multa
2758 488 3131 557 Nicomachus,
3166 509 3263 553 nos
3294 504 3466 551 tamen
3504 513 3608 565 qua

1928 4554 1981 4613 D

3474 287 3611 344 1218

2019 576 2295 646 potuimus
2334 578 2595 633 brevitate
2632 581 2823 648 partim
2866 597 2927 635 ea
2973 583 3084 652 ipsa
3125 600 3242 654 quae
3274 585 3606 657 Pythagorici
3651 593 3654 601 '

2021 668 2290 723 afﬁrmant
2318 679 2643 740 promentes,
2676 672 2867 739 partim
2898 689 2963 727 ex
2991 674 3189 729 eisdem
3213 677 3455 745 quaedam
3480 693 3606 733 con-
3652 664 3655 667 ’

2020 765 2298 833 sequentia
2320 775 2778 834 argumentantes,
2807 768 3167 835 probavimus,
3199 771 3242 823 si
3272 771 3601 826 diatessaron

2021 857 2383 912 consonantia:
2412 858 2673 927 diapason
2708 860 2955 924 addatur,
2987 862 3386 919 consonantiam
3430 880 3492 917 ex
3523 863 3604 918 bis

2021 948 2271 1017 conjungi
2301 963 2405 1003 non
2433 963 2612 1018 posse.
2654 936 2788 1016 Quid
2824 967 2952 1005 vero
2990 956 3184 1006 sentiat
3212 953 3278 1007 de
3320 954 3401 1007 bis
3427 955 3613 1007 Ptole-

2020 1054 2207 1105 maeus,
2234 1040 2496 1108 posterius
2518 1056 2803 1111 apponam.
2835 1044 2939 1098 Sed
2962 1044 3027 1098 de
3050 1043 3131 1100 bis
3149 1044 3429 1113 hactenus;
3462 1061 3603 1104 nunc

2019 1129 2087 1185 de
2114 1130 2410 1186 semitoniis
2440 1132 2881 1189 considerandum
2910 1144 3011 1189 est.

2579 1399 2810 1433 υιαμαδυη
2837 1399 2951 1429 eum
2973 1399 3214 1451 diapente
3230 1431 3245 1449 κ

2298 1617 2356 1697 ὅ
2812 1531 3169 1612 ratapel’e-
3347 1531 3369 1557 ‘

2144 1689 2147 1693 ,
2224 1639 2249 1655 η
2605 1634 2721 1705 6*
2789 1625 2799 1736 l
3096 1637 3105 1751 ι’
3160 1673 3195 1703 δ

2300 1724 2582 1830 Qiapaf
2662 1647 2964 1843 ubiafeﬁ8
3037 1663 3291 1830 Tum:

2279 1871 2281 1873 ι
2350 1821 2543 1919 διψία
2675 1861 2905 1945 ερεςῒρν
3008 1860 3245 1953 {ﬁlictis

2310 2190 2315 2193 ⁷
2374 2264 2379 2269 .
2489 2190 3041 2277 ΟᾸΡυΤΧΧῩιι.
3125 2207 3161 2215 “

2048 2343 2057 2385 ς.
2100 2295 2179 2352 De
2207 2302 2476 2356 semitonio
2506 2304 2556 2356 in
2583 2306 2764 2372 quibus
2794 2305 3016 2357 minimis
3043 2292 3263 2358 nunteris
3293 2286 3501 2359 constet.

2083 2387 2341 2448 Videntur
2362 2396 2428 2449 en
2453 2396 2504 2449 m
2528 2397 2809 2450 semitonia
2833 2406 3153 2466 nuncupata,
3181 2414 3282 2451 nun
3308 2400 3448 2467 quod
3471 2411 3595 2457 vere

2009 2492 2256 2542 tonorum
2296 2489 2401 2543 sint
2441 2489 2772 2552 medietates,
2811 2491 2904 2545 sed
2946 2491 3086 2560 quod
3128 2492 3237 2546 sint
3268 2508 3371 2545 non
3404 2491 3594 2560 integri

2009 2578 2140 2643 toni.
2177 2572 2451 2650 Hujusque
2480 2581 2805 2651 spatiiquud
2839 2597 2979 2635 nunc
3011 2583 3610 2652 quitle'tn.setiiitonium'

2006 2682 2401 2735 nuncUpamus,
2423 2676 2561 2738 apud
2592 2673 2926 2740 antiquiores
2955 2683 3135 2724 autem
3168 2672 3345 2725 limma
3379 2673 3457 2727 vel
3484 2673 3594 2727 die-

2006 2755 2080 2808 sis
2111 2760 2418 2823 vocabatur,
2457 2760 2542 2813 hic
2585 2762 2774 2813 modus
2822 2770 2924 2814 est.
2970 2763 3099 2814 Cum
3128 2764 3267 2815 enim
3299 2777 3362 2816 ex
3393 2764 3619 2827 sesqui-‘

2004 2847 2160 2900 tertia
2199 2849 2541 2917 preportione
2578 2866 2696 2918 qua:
2734 2850 3065 2905 diatessaron
3107 2861 3211 2917 est,
3244 2851 3362 2905 duae
3390 2852 3593 2920 sesqui-

2003 2945 2206 3023 octavaa
2262 2939 2631 3010 habitudines,
2692 2957 2811 3011 qua:
2871 2943 2979 2996 toni
3036 2949 3194 3009 sunt,
3258 2942 3592 3009 auferuntur,

2001 3029 2324 3100 relinquitur
2373 3034 2599 3103 spatium
2645 3035 2784 3102 quod
2837 3032 3180 3089 semitonium
3215 3041 3592 3103 nuncupatur.

1893 3112 1897 3117 ’
1930 3156 1976 3222 C
2006 3122 2522 3199 Quaaramusigitur
2569 3125 2702 3180 duos
2751 3134 2906 3179 tonos
2950 3125 3203 3179 continua
3248 3124 3597 3193 dispositione

2009 3214 2330 3287 descriptos.
2378 3216 2505 3286 Sed,
2539 3218 2788 3287 quoniam
2822 3217 2874 3271 lii
2920 3218 3002 3286 (ut
3029 3216 3228 3271 dictum
3254 3218 3355 3283 est)
3390 3217 3460 3268 in
3482 3229 3596 3270 ses-

1894 3294 1895 3297 i
1918 3310 1957 3358 ς
2007 3307 2288 3376 quioctava
2307 3309 2651 3377 proportione
2671 3307 2987 3370 consistunt,
3008 3306 3245 3376 duasque
3266 3296 3595 3375 seSquiocta~

2005 3413 2104 3452 vas
2132 3400 2506 3469 proportiones
2543 3399 2826 3455 continuas
2866 3397 3125 3452 adhibere
3155 3411 3258 3450 non
3292 3408 3594 3465 possumus,

2007 3491 2108 3545 nisi
2154 3491 2426 3560 multiplex
2482 3490 2604 3558 ille,
2675 3505 2704 3543 a
2754 3504 2859 3559 quo
2899 3497 2924 3536 κ
2971 3487 3319 3541 ιιωύειιίνπί
3350 3484 3595 3555 possint,

2006 3582 2320 3649 reperiatur,
2366 3582 2435 3635 sit
2466 3581 2639 3635 unitas
2665 3580 2837 3649 prima
2859 3577 2885 3615 ιι
2916 3580 3072 3650 eique
3101 3578 3406 3633 octonarius
3445 3583 3595 3631 octu-

2006 3672 2125 3739 plus
2149 3660 2367 3739 primus.
2402 3670 2484 3724 Ab
2517 3670 2617 3725 hoc
2650 3671 2807 3740 igitur
2838 3680 2998 3723 unum
3041 3668 3469 3738 seSquioctavum
3500 3682 3596 3735 νος

2005 3771 2123 3817 tero
2158 3764 2419 3818 derivare.
2460 3762 2563 3816 Sed
2602 3763 2722 3831 quia
2756 3761 2890 3815 duos
2918 3760 3230 3828 qua-rimus,
3266 3759 3392 3813 ﬁent
3428 3758 3595 3813 octies

2005 3866 2147 3921 octo,
2174 3867 2329 3926 atque
2350 3871 2413 3910 ex
2437 3870 2502 3909 eo
2523 3853 2590 3909 64
2616 3853 2981 3922 explicentur."
3006 3851 3121 3904 Erit
3145 3850 3303 3917 igitur
3325 3852 3592 3905 secundus

2005 3948 2253 4017 octuplus
2284 3963 2310 4001 a
2340 3960 2444 4017 quo
2471 3936 2922 4016 possumusduas
2952 3942 3594 4011 sesquioctavaspropor—

2006 4040 2178 4094 tiones
2208 4039 2456 4093 educere.
2482 4036 2721 4105 Namque
2753 4043 2874 4088 octo
2905 4048 3023 4103 qua:
3061 4042 3142 4086 est
3167 4042 3353 4087 octava
3385 4044 3505 4098 pars
3527 4027 3593 4083 64

1898 4125 1907 4133 ’
2006 4131 2267 4185 uuitatum
2290 4130 2492 4185 eisdem
2523 4127 2687 4183 additi
2711 4135 2876 4182 totam
2904 4140 3165 4180 summam
3193 4123 3261 4178 72
3287 4123 3592 4192 perﬁciunt;

2006 4222 2090 4276 bis
2120 4238 2243 4277 vero
2285 4222 2329 4277 si
2366 4235 2460 4274 sua
2498 4231 2682 4275 octava
2720 4217 2968 4273 similiter
3005 4226 3327 4287 opponatur,
3362 4222 3593 4283 quaeest

2006 4315 2348 4381 novenarius,
2382 4311 2445 4368 8i
2472 4311 2719 4377 reddunt.
2743 4310 3028 4379 ,Eruntque
3060 4308 3111 4361 bi
3143 4308 3249 4360 duo
3282 4308 3390 4359 toni
3424 4307 3592 4359 conti-

2006 4408 2094 4462 ntti
2130 4407 2405 4476 principali
2438 4406 2797 4477 dispositione
2827 4401 3116 4470 conscripti
3148 4401 3236 4466 (ii,
3268 4400 3356 4464 72,
3381 4398 3469 4451 8|.

2221 4539 2230 4609 Ι
2388 4549 2449 4595 et
2608 4534 2618 4609 Ι
2774 4501 2833 4593 τὲ
2954 4531 3051 4606 νιη
3158 4530 3382 4609 uti!

2404 4871 2769 4934 Sesquioctava.
2836 4869 3202 4931 Sesquioctava.
3336 4930 3341 4937 κ

2008 4959 2158 5014 Nunc
2189 4958 2349 5030 igitur
2378 4958 2446 5013 64
2473 4959 2731 5013 unitatum
2763 4957 3163 5027 scsquitertium
3192 4954 3592 5035 conquiramus.

2007 5055 2111 5111 Sed
2142 5053 2391 5122 quoniam
2432 5054 2499 5109 64
2535 5053 2825 5123 probantur
2853 5060 3056 5122 partem
3098 5052 3309 5107 tertiam
3351 5064 3454 5104 non
3498 5049 3593 5102 liu-

2008 5146 2158 5211 bere,
2201 5145 2247 5200 si
2292 5159 2478 5205 omnes
2519 5144 2575 5199 hi
2620 5144 2841 5211 numeri
2871 5143 3104 5221 ternario
3148 5141 3593 5211 multiplicemur,

2010 5256 2134 5297 mox
2181 5240 2261 5295 eis
2300 5254 2423 5311 pars
2465 5239 2616 5294 tertia
2654 5237 2950 5308 contingit,
2987 5245 3041 5293 et
3081 5250 3268 5291 omnes
3306 5234 3359 5311 in
3405 5233 3593 5288 eadem

2008 5338 2353 5405 proportione
2383 5332 2678 5395 durabunt,
2713 5332 2764 5387 in
2795 5346 2897 5401 qua
2940 5330 3149 5385 fuerunt
3190 5336 3472 5397 antequam
3514 5324 3591 5380 his

2010 5426 2273 5487 tertiarius
2301 5424 2676 5495 multiplicator
2701 5424 3011 5488 accederet;
3046 5420 3172 5487 ﬁant
3201 5420 3365 5489 igitur
3391 5428 3474 5473 ter
3504 5415 3591 5483 64,

2009 5516 2061 5572 id
2085 5526 2165 5572 est
2184 5517 2304 5584 19'2,
2336 5516 2525 5574 borum
2557 5515 2709 5572 tertia
2735 5516 2802 5569 64
2825 5515 3024 5569 eisdem
3055 5511 3232 5567 addita
3255 5510 3361 5589 256
3384 5508 3590 5563 reddet.

2009 5607 2129 5664 Erit
2172 5608 2335 5678 igitur
2384 5608 2500 5663 haec
2543 5606 2883 5679 sesquitertia
2932 5605 3206 5676 proportio
3258 5596 3589 5661 diatessaron

392 5750 804 5808 ‘Contona‘ntias
901 5750 929 5791 δ
960 5751 1121 5823 Ergo.
1201 5760 1223 5791 ο
1259 5749 1489 5807 Sibimet.
1568 5744 2001 5803 d(.‘onsonantiw.
2083 5756 2103 5785 ε
2140 5744 2273 5801 Fiet.
2356 5744 2547 5803 'Siut.
2627 5740 2829 5801 S‘ch.
2907 5742 2934 5782 ιι
2967 5744 3206 5816 Ejntqne.
