4160 6256
560 332 579 337 ,λ
623 274 758 338 1223

1286 613 1368 659 9“
1600 611 1659 657 72
1730 630 1735 637 ι
1830 618 1833 623 ·
1910 608 2001 655 576
2123 592 2450 678 Im

1598 698 1753 746 διι-
1881 697 2006 745 ets
2078 716 2083 719 -
2140 696 2395 746 «5184"

2030 904 2033 905 έ
2221 874 2401 985 δείδιε

1826 266 1935 327 AN.
1979 270 2199 343 MANL.
2227 268 2379 335 sev.
2421 268 2647 341 somn

2378 606 2729 701 τ-ᾥτ-Ξὲἒὲἑέ

3742 262 3883 321 uss

2838 393 3017 467 oetupli

2856 515 3041 575 2621“
3071 513 3075 517 ’

2855 605 3041 654 294912
3068 632 3075 641 ι

2826 702 2839 731 ‘-
2854 694 3040 745 551776
3068 710 3073 733 ί

2386 772 3110 857 ξξ[ῗῖιδδέέῖῖι“ῖδῡϐξῐέ”⁵

3206 483 3388 535 Omnes
3421 482 3675 545 sesquioe-

3155 566 3251 617 tavi
3289 564 3465 613 inferni
3496 574 3673 626 super-

3147 659 3324 713 norum
3354 646 3438 708 qui
3472 657 3563 696 sex
3596 650 3674 695 to-

3154 744 3245 801 nos
3263 730 3489 782 cﬂiciuot.

3075 486 3125 934 ᾖ

2784 491 2856 581 Γ

1407 1004 1411 1008 >
1460 998 1468 1008 ῦ
1509 934 1941 1058 ηυνριηρηρΗὉἠ
1972 1020 1975 1021 ν
2012 1034 2013 1037 η

1446 1097 1472 1111 ..
1508 1044 1539 1115 ι’
1593 1106 1598 1113 .
1941 1028 2033 1079 ne"
2070 1051 2299 1153 “ileon”
2358 1078 2413 1088 "
2468 1078 2514 1151 ."
2704 1056 2743 1105 ίί
2786 1037 3109 1127 m

2780 985 2788 1135 Ι
2830 985 3057 1012 'QIZOHZ'
3108 985 3119 1132 Ι

2780 1076 2787 1135 Ι
2846 1076 3036 1102 ηυυικι
3058 1078 3065 1085 ’
3108 1076 3119 1132 Ι

1448 1584 1510 1605 ”
1610 1676 1613 1677 —
1707 1606 2084 1718 LIBER
2160 1604 2755 1743 TERTIUS.

1125 1929 1345 1986 CAPUT
1386 1928 1671 1985 PRIMUM.

618 2021 861 2078 Adversus
884 2020 1238 2073 Aristoxenum
1262 2020 1627 2073 domanstratio
1669 2004 2191 2089 superpartioularem

685 2092 1055 2159 proportionem
1084 2088 1284 2142 dimidii
1306 2090 1356 2142 in
1385 2105 1527 2160 wqua
1557 2106 1657 2143 non
1687 2088 1864 2159 posse,
1896 2098 2049 2157 atque
2074 2089 2190 2141 ideo

650 2210 653 2219 ,
689 2176 779 2214 nec
806 2170 998 2213 tonum.

683 2250 967 2320 Superiora
987 2215 1257 2306 volumine
1292 2250 1715 2305 demonstratum
1745 2258 1828 2303 est
1856 2249 2211 2303 diatessaron

615 2342 1014 2397 consonantiam
1044 2357 1107 2395 ex
1138 2340 1345 2395 duobus
1374 2340 1515 2394 tonis
1547 2349 1573 2377 ιι
1602 2340 1841 2408 copulari
1877 2353 1940 2392 ac
1968 2338 2193 2392 semito-

616 2433 738 2497 nio,
776 2433 1020 2500 diapente
1043 2444 1170 2485 vero
1196 2445 1258 2483 ex
1289 2430 1455 2484 tribus
1485 2430 1625 2483 tonis
1655 2444 1715 2482 ac
1746 2430 2032 2483 semitnnio
2062 2442 2196 2481 con-

615 2532 780 2591 Stare.
848 2524 951 2578 Sed
1005 2539 1068 2579 ea
1111 2524 1393 2577 semitonia
1439 2522 1716 2577 dimidium
1768 2522 1879 2575 toni
1932 2523 2194 2589 integrum

559 2672 579 2683 ,,
621 2634 724 2684 non
758 2632 913 2685 posse
933 2616 1211 2685 perlicere,
1244 2616 1288 2669 si
1310 2615 1583 2685 sigillatim
1606 2612 1938 2685 considerata
1964 2620 2196 2666 tracten-

562 2762 581 2767 ,ν
618 2716 727 2775 tur,
777 2717 936 2775 atque
963 2706 1085 2769 ideo
1115 2706 1370 2773 diapason
1411 2703 1599 2767 adsex
1634 2712 1811 2771 tonos,
1836 2702 1984 2771 nullo
2036 2700 2195 2755 modo

574 2865 581 2873 .
616 2802 919 2869 pervenire.
938 2797 1042 2859 Sed
1060 2798 1312 2867 quoniam
1328 2796 1692 2863 Aristoxenus
1713 2794 1965 2861 musicus,
1990 2791 2194 2863 judicio

570 2942 583 2951 ,
613 2892 1033 2961 auriumcuttcta
1062 2890 1375 2959 permittens
1395 2926 1411 2952 ,
1456 2888 1570 2941 haec
1593 2885 1890 2953 ,semitonia
1918 2882 2196 2954 non_arbi-

571 3049 575 3057 _
618 2992 789 3053 tratur
828 2996 949 3037 esse
977 2981 1268 3049 secundum
1302 2980 1683 3051 Pythagoricos
1720 2976 2077 3033 contractiora
2113 2977 2195 3031 di-

614 3073 799 3141 midio,
826 3072 920 3128 sed
942 3072 1081 3139 sicut
1110 3070 1390 3139 semitouia
1422 3070 1689 3134 dicuntur,
1716 3071 1785 3123 ita
1813 3083 1932 3124 esse
1951 3066 2196 3122 dimidie—
2230 3094 2235 3099 -

570 3166 746 3228 ,ta'tes
787 3173 1056 3228 tonorum,
1113 3162 1193 3233 de.
1228 3160 1257 3201 ι’
1292 3161 1495 3217 eisdem
1546 3174 1729 3216 rursus
1790 3160 2063 3231 paulisper
2111 3165 2196 3214 est

576 3320 579 3325 η
608 3255 984 3327 disputandum
1011 3297 1025 3319 ,
1071 3253 1657 3322 demonstrandumque
1694 3252 1842 3320 prius
1870 3250 2071 3305 nullam
2102 3264 2193 3303 su-

570 3347 1081 3417 ,perparticularem
1151 3343 1513 3415 habitudinem
1567 3351 1694 3396 noto
1750 3356 1973 3397 numero
2030 3354 2188 3410 posse

562 3490 571 3511 ,
611 3438 772 3493 dividi
817 3438 867 3491 in
900 3439 1159 3509 integram
1193 3434 1554 3490 medietatem.
1586 3433 1729 3488 Inter
1753 3433 1886 3486 duos
1914 3431 2057 3487 enim
2088 3446 2189 3485 nu-

610 3544 789 3597 meros
814 3523 1353 3598 superparticdlarem
1381 3526 1783 3594 proportionem
1818 3524 2185 3590 continentes,

565 3690 571 3697 ἡ
607 3622 718 3689 sive
746 3619 841 3694 illi
870 3621 979 3689 sint
1009 3617 1324 3697 prin‘cpales
1347 3657 1362 3683 ,
1400 3625 1745 3689 quorutnest
1776 3618 1948 3687 unitas
1977 3625 1998 3653 ε
2032 3614 2191 3669 ditl'e-

606 3715 778 3785 rentia
803 3755 843 3781 ,ν
873 3710 1372 3785 sivepostcriores,
1410 3709 1599 3781 nullus
1627 3708 1699 3764 ita
1738 3708 1935 3783 poterit
1977 3707 2185 3763 medius

607 3820 865 3877 numerus
892 3802 1176 3877 collocari,
1214 3813 1270 3857 ut
1295 3816 1454 3872 quam
1495 3801 1746 3857 minimus
1785 3802 2183 3879 proportionem
2210 3791 2257 3857 C

574 3944 575 3947 η
607 3908 753 3954 tenet
776 3897 841 3969 ad
874 3896 1132 3967 medium,
1165 3908 1283 3950 eam
1314 3894 1522 3948 medius
1549 3901 1731 3969 teneat
1756 3894 1820 3947 ad
1851 3903 2178 3962 extremum,

568 4040 569 4043 η
604 3990 811 4063 scilicet
840 3996 897 4043 ut
926 3990 976 4043 in
1008 3986 1739 4060 geometricaproportione,
1772 3986 1867 4041 sed
1896 3996 1989 4041 aut
2029 3986 2184 4043 dilfe-
2237 3981 2241 3985 ’

566 4150 569 4151 ν
606 4084 805 4151 tentias
841 4098 1021 4155 atquas
1056 4082 1233 4149 facere
1260 4090 1469 4152 potest,
1498 4092 1554 4136 ut
1582 4082 1652 4137 sit
1686 4082 1958 4153 aequalitas
1987 4097 2182 4139 secun-

564 4170 733 4243 ,dum
791 4171 1179 4235 arithmeticam
1236 4171 1618 4239 medietatem,
1674 4182 1764 4227 aut
1814 4173 2177 4229 harmonicam

568 4322 569 4327 η
604 4267 743 4333 inter
789 4263 1005 4320 eosdem
1050 4264 1307 4319 terminos
1328 4263 1542 4319 medius
1572 4280 1846 4333 .numerus
1886 4266 2182 4320 collocatus

602 4354 1157 4430 iacietmedietatem,
1190 4362 1280 4408 aut
1316 4353 1610 4422 quamlibet
1630 4356 1787 4408 aliam
1809 4398 1824 4425 ,
1858 4371 2080 4429 quarum
2126 4357 2180 4411 in

603 4426 950 4500 arithmeticis
982 4442 1203 4499 fecimus
1231 4444 1581 4499 mentionem.
1608 4443 1759 4509 Quod
1790 4447 1834 4500 si
1863 4426 2179 4517 ididemon-

601 4537 875 4604 strubitur,
928 4551 1025 4591 nec
1071 4535 1198 4590 illud
1242 4535 1454 4605 quidem
1498 4545 1744 4590 censure
1783 4537 2015 4606 poterit,
2067 4554 2183 4595 ses-

601 4629 932 4698 quioctavam
984 4627 1381 4697 pr0portionem
1407 4668 1420 4689 ,
1450 4643 1567 4697 qua:
1595 4636 1751 4681 tonus
1773 4636 1854 4681 est
1882 4628 1936 4681 in
1958 4626 2177 4683 dimidia

599 4734 755 4791 posse
784 4718 1016 4775 discerni
1042 4760 1057 4786 ,
1101 4719 1312 4788 quando
1342 4718 1557 4788 quidem
1583 4719 1954 4789 sesquioctuva
1999 4719 2175 4775 omnis
2203 4719 2258 4793 Ι)

572 4796 1121 4883 .insuperparticulari
1164 4811 1538 4882 inaequalitatis
1567 4825 1768 4880 genere
1806 4813 2070 4867 consistit.
2119 4810 2173 4865 ld

542 4958 545 4963 _
600 4916 729 4957 vero
771 4904 960 4957 melius
1001 4901 1307 4956 inductione
1346 4902 1751 4955 monstrabitur.
1803 4900 1933 4956 Nam
1979 4903 2023 4957 si
2076 4916 2174 4971 per

599 4993 836 5064 singulas
867 4993 1239 5064 proportiones
1280 4991 1709 5047 consideratione
1735 4992 1961 5049 deducta
1981 5032 1998 5060 ,
2029 4994 2175 5049 scili-

598 5097 683 5143 cet
727 5085 1272 5157 superparticulares,
1317 5084 1457 5139 nulla
1494 5098 1714 5153 prorsus
1740 5085 1973 5140 occurrit
2010 5100 2131 5155 qua:
2153 5126 2171 5153 ,

597 5164 909 5251 interposito
934 5178 1110 5235 medio
1135 5177 1361 5233 termino
1379 5217 1395 5242 ,
1421 5178 1599 5248 aequis
1615 5176 2053 5247 proportionibus
2084 5177 2168 5232 di-

596 5273 840 5344 vidatur,
909 5288 1015 5328 non
1063 5280 1147 5327 est
1200 5269 1420 5326 dubium
1471 5270 1613 5341 quod
1668 5268 2175 5340 superparticularis

520 5400 521 5403 η
597 5367 919 5438 comparatio
946 5379 1050 5420 non
1082 5364 1253 5434 possit
1296 5362 1350 5418 in
1386 5377 1538 5433 aequa
1587 5362 1790 5432 partiri.
1816 5362 1970 5431 Quod
2000 5365 2046 5419 si
2094 5364 2196 5418 vi-‘

597 5457 746 5513 detur
769 5472 1060 5514 consonum
1088 5455 1306 5511 auribus
1326 5454 1527 5525 aliquid
1559 5470 1775 5521 cauere,
1806 5470 1926 5519 cum
1949 5455 2172 5512 cuilibet

597 5552 709 5606 voci
738 5551 942 5607 duobus
990 5550 1131 5606 tonis
1159 5562 1221 5605 ac
1263 5548 1551 5606 semitonio
1596 5548 1802 5619 integro
1836 5549 2041 5604 distans
2077 5562 2172 5603 vo-

2224 2842 2272 2904 B

2206 1797 2493 1815 ﬂ

2225 1925 2420 1987 Acula
2452 1906 2857 2004 comparetur,
2903 1910 3125 1978 id'non
3179 1898 3300 1976 esse
3347 1929 3637 1974 consonum
3682 1921 3873 1972 natura

2300 1998 2655 2093 monstratur.
2678 2015 2789 2091 Sed
2812 2013 3061 2093 quoniam
3085 2026 3275 2071 sensus
3298 2008 3479 2065 omnis
3504 2021 3626 2077 quae
3652 2004 3873 2063 minima

2298 2114 2421 2158 sunt
2445 2090 2903 2173 comprehendere
2944 2092 3195 2172 nequeat,
3225 2098 3423 2154 idcirco
3447 2095 3582 2151 hanc
3624 2090 3871 2171 differen-

2299 2192 2451 2257 tiam,
2483 2180 3083 2263 quae'ultra'consonum
3124 2188 3385 2260 procedit,
3412 2184 3629 2243 sensum
3665 2185 3871 2240 aurium
3966 2188 3973 2191 ⁷⁷

2300 2296 2404 2335 non
2450 2296 2607 2351 posse
2635 2282 2998 2352 distinguere,
3028 2282 3142 2336 fore
3183 2282 3365 2334 autem
3392 2272 3460 2332 ‘ut
3505 2274 3869 2345 deprehenda-

2301 2378 2418 2436 tur,
2474 2372 2519 2425 si
2563 2372 2993 2443 frequentissime
3024 2372 3143 2426 talis
3198 2368 3457 2439 particula
3508 2380 3604 2435 per
3654 2363 3869 2419 eosdem

2300 2468 2506 2513 crescat
2526 2474 2757 2515 errores.
2794 2444 2923 2515 Nam
2950 2460 3089 2531 quod
3116 2459 3420 2525 ingminimo
3444 2456 3579 2510 haud
3607 2470 3733 2510 sane
3753 2468 3870 2509 eer-

2301 2548 2465 2613 nitur,
2496 2553 2848 2618 compositum
2871 2552 3319 2620 conjunctumque
3338 2563 3457 2603 cum
3488 2548 3591 2616 jam
3623 2558 3869 2615 magnum

2299 2648 2417 2690 esse
2440 2641 2664 2706 coeperit
2695 2640 3018 2709 pervidetur.
3046 2644 3086 2695 Α
3114 2654 3216 2710 qua
3243 2639 3398 2708 igitur
3422 2635 3757 2703 proportione
3784 2640 3868 2692 est

2299 2724 2616 2781 ordiendum
2644 2726 2669 2765 ἀ
2702 2744 2768 2783 an
2798 2711 3168 2799 compendium
3199 2731 3441 2784 dabimus
3482 2723 3790 2796 quaestioni,
3825 2723 3871 2780 si

2300 2816 2365 2873 ab
2389 2833 2454 2874 eo
2491 2820 2556 2875 de
2588 2836 2692 2899 quo
2738 2824 2995 2893 qureritur
3021 2824 3312 2878 ordiamur.
3337 2822 3392 2876 id
3421 2835 3545 2897 vero
3568 2827 3651 2873 est
3680 2827 3870 2882 tonus,

2300 2910 2351 2963 in
2378 2910 2504 2965 duo
2544 2928 2697 2983 aequa
2739 2898 2907 2983 possit
2942 2914 3127 2984 partiri
3184 2928 3373 2968 necne.
3415 2911 3562 2966 Nunc
3598 2908 3753 2979 igitur
3795 2905 3871 2962 de

2298 3009 2425 3075 tono
2447 3014 2526 3057 est
2558 3007 3009 3073 pertractandum,
3028 3016 3079 3062 et
3095 2990 3539 3078 quemadmodum
3569 3019 3675 3058 non
3704 3001 3869 3072 possit

2298 3091 2351 3145 in
2388 3093 2492 3149 duo
2521 3110 2670 3165 :equa
2705 3096 2866 3153 dividi
2906 3099 3380 3155 demonstrandum
3409 3106 3511 3156 est.
3557 3099 3729 3164 Quam
3772 3098 3868 3152 de-

2298 3187 2739 3244 monstrationem
2771 3192 2819 3247 si
2850 3193 2967 3263 quis
3004 3195 3069 3249 ad
3100 3189 3333 3265 reliquas
3363 3194 3868 3265 superparticulares

2299 3280 2724 3348 comparationes
2764 3284 3078 3354 transierat,
3134 3287 3378 3342 similiter
3418 3284 3869 3341 demonstrabitur

2296 3372 2833 3440 superparticularem
2857 3375 2907 3430 in
2926 3391 3075 3446 aequa
3101 3389 3226 3435 noto
3245 3388 3404 3448 atque
3425 3370 3870 3446 integro‘numero

2299 3467 2537 3533 separari
2582 3484 2686 3524 non
2718 3485 2895 3539 posse.
2928 3472 3089 3526 Primi
3120 3472 3278 3542 igitur
3312 3482 3495 3529 tonum
3534 3457 3869 3529 continentes

2295 3557 2503 3612 numeri
2533 3570 2656 3614 sunt
2689 3560 2722 3615 8
2748 3571 2905 3632 atque
2927 3563 2981 3620 9.
3014 3563 3118 3619 Sed
3140 3566 3390 3634 quoniam
3422 3579 3483 3620 se
3502 3564 3591 3618 isti
3622 3564 3694 3618 ita
3715 3572 3869 3618 natu-

2294 3647 2477 3705 raliter
2503 3663 2903 3723 consequuntur
2923 3696 2939 3720 ,
2970 3663 3028 3710 ut
3069 3656 3277 3711 medius
3304 3656 3443 3711 inter
3473 3668 3587 3710 eos
3610 3667 3867 3708 numerus

2296 3753 2402 3795 non
2450 3743 2521 3797 sit
2557 3744 2775 3801 eosdem
2805 3746 3029 3814 binario,
3061 3764 3168 3817 quo
3222 3749 3427 3805 scilicet
3467 3748 3687 3802 minimo
3744 3762 3867 3815 pos-

2289 3845 2429 3897 sum,
2450 3834 2761 3905 multiplico.
2788 3835 2944 3892 Fiunt
2967 3838 3121 3908 igitur
3143 3840 3211 3907 16
3226 3854 3287 3894 ac
3307 3840 3393 3905 18,
3439 3840 3576 3895 inter
3601 3839 3700 3893 hos
3734 3852 3865 3893 vero

2288 3920 2314 3959 ά
2342 3926 2917 3994 naturaliterjuumerus
2935 3930 3177 3999 caditqui
3193 3941 3275 3986 est
3298 3931 3382 3997 i7;
3414 3930 3575 4001 igitur
3601 3932 3667 3986 18
3697 3930 3763 3984 ad
3792 3929 3859 3983 16

2290 4022 2445 4071 tonus
2469 4026 2571 4073 est.
2608 4017 2711 4073 Sed
2740 4020 2807 4075 10
2836 4030 2887 4075 et
2910 4022 2943 4075 8
2964 4021 3029 4075 ad
3074 4021 3141 4075 10
3169 4032 3222 4076 et
3253 4022 3307 4090 7,
3337 4032 3674 4091 comparatus
3699 4018 3862 4075 habet

2290 4119 2410 4161 eum
2459 4118 2679 4176 tonum,
2725 4121 2777 4166 et
2820 4112 2933 4180 ejus
2983 4112 3263 4183 septimam
3317 4113 3582 4169 decimam
3631 4118 3861 4181 partem.

2286 4198 2521 4269 Septima
2573 4202 2778 4257 decima
2824 4218 2952 4259 vero
2996 4219 3119 4274 pars
3151 4206 3327 4260 minor
3355 4216 3438 4261 est
3465 4214 3613 4261 sexta
3654 4203 3862 4259 decima

2287 4291 2619 4347 naturaliter.
2656 4294 2822 4363 Major
2845 4304 2929 4351 est
2961 4295 3122 4365 igitur
3157 4297 3432 4367 proportio
3483 4312 3603 4367 qua:
3652 4298 3748 4351 sub
3789 4292 3859 4349 16

2286 4396 2348 4436 ac
2393 4383 2458 4437 17
2493 4386 2728 4440 numeris
2764 4387 3087 4455 continetur,
3119 4403 3279 4457 quam
3308 4402 3369 4443 ea
3397 4401 3516 4457 quae
3562 4385 3665 4441 sub
3699 4385 3766 4441 17
3797 4398 3861 4440 ac

2288 4476 2374 4532 18.
2416 4477 2516 4546 Qui
2558 4480 2907 4550 disponantur
2933 4481 3035 4537 hoc
3080 4466 3271 4548 modo,
3303 4490 3357 4537 et
3385 4481 3455 4536 sit
3481 4481 3523 4535 Δ
3576 4480 3670 4546 16,
3698 4476 3740 4532 C
3767 4479 3858 4545 17,
3888 4461 3901 4465 ’

2286 4568 2326 4623 Β
2378 4570 2461 4625 18.
2518 4572 2771 4627 Medietas
2800 4573 2956 4642 igitur
2992 4572 3009 4611 τ
3056 4573 3259 4644 integra
3300 4572 3410 4627 toni
3462 4571 3599 4626 inter
3640 4569 3680 4623 C
3706 4583 3771 4622 ac
3820 4568 3862 4622 Β

2286 4660 2432 4713 nullo
2461 4662 2620 4716 modo
2646 4663 2819 4719 cadet.
2853 4664 3022 4719 Minor
3041 4674 3124 4719 est
3145 4665 3289 4720 enim
3312 4662 3353 4720 C
3377 4664 3417 4719 Β
3443 4660 3711 4733 proportio
3738 4659 3782 4713 C
3814 4659 3860 4715 Α

2284 4755 2646 4823 proportione.
2676 4759 2781 4812 'Ad
2826 4759 3081 4828 majorem
3132 4759 3293 4830 igitur
3343 4767 3545 4831 partem
3596 4757 3857 4812 medietas

2285 4855 2398 4901 rata
2428 4849 2670 4916 ponenda
2701 4860 2802 4905 est.
2828 4851 2909 4908 Sit
2929 4866 3055 4909 vero
3078 4854 3335 4907 medietas
3367 4852 3428 4906 Ι).
3466 4850 3724 4918 QuOniam
3757 4847 3857 4917 igi-

2284 4947 2369 4993 tur
2399 4938 2455 4998 D.
2476 4939 2514 4993 Β
2541 4941 2753 5010 quidem
2781 4946 3087 5014 proportio,
3120 4947 3261 5014 quod
3291 4954 3375 5001 est
3401 4946 3663 5013 integrum
3701 4942 3857 4997 dimi-

2282 5031 2426 5087 dium
2459 5032 2591 5101 toni,
2620 5036 2791 5104 major
2812 5046 2895 5091 est
2919 5036 2960 5092 C
2983 5038 3021 5092 Β
3044 5038 3407 5108 proportione,
3436 5026 3555 5107 qua:
3580 5044 3664 5092 est
3684 5035 3859 5090 minor

2283 5130 2407 5204 pars
2429 5136 2562 5204 toni,
2592 5136 2636 5193 A
2665 5135 2705 5191 C
2744 5146 2921 5195 autem
2953 5140 3226 5210 proportio
3252 5154 3371 5211 qua:
3398 5146 3483 5195 est
3520 5137 3693 5207 major
3734 5148 3857 5205 pars

2282 5242 2392 5297 toni
2416 5241 2462 5296 A
2500 5241 2542 5295 D
2573 5238 2917 5313 proportione
2946 5244 3117 5313 major
3143 5253 3257 5312 est,
3303 5241 3447 5314 quod
3477 5250 3562 5298 est
3580 5237 3855 5321 dimidium

2283 5343 2416 5408 toni,
2457 5352 2540 5397 est
2594 5352 2768 5400 autem
2814 5345 2859 5399 A
2884 5344 2925 5399 Ο
2956 5345 3229 5417 proportio
3267 5340 3813 5425 sesquisextadecima
3836 5380 3856 5405 ,

2276 5444 2318 5500 C
2350 5444 2391 5497 Β
2437 5452 2613 5519 autem
2661 5446 3317 5517 sesquiseptimadecima,
3359 5460 3466 5525 non
3500 5455 3586 5500 est
3635 5444 3853 5501 dubium

2277 5546 2402 5616 quin
2457 5547 2662 5618 integra
2714 5549 2971 5607 medietas
3012 5548 3154 5613 inter
3199 5526 3853 5619 sesquisextamdecimam

665 5746 691 5779 ⁸
716 5745 835 5799 Νοη
861 5748 1029 5806 habet.
1105 5753 1132 5787 δ
1163 5748 1281 5802 llis.
1325 5731 1330 5736 ’
1364 5758 1387 5787 α
1413 5746 1693 5802 υἰειιιηιὶθ.
1744 5744 1798 5821 ,ά
1828 5747 1918 5801 Ac.
2000 5754 2022 5783 ⁸
2054 5740 2198 5800 Natu

2290 5747 2346 5801 is.
2430 5744 2451 5785 τ
2490 5744 2708 5817 Integri.

1294 5910 1413 5919 ..γι-ιο·-
1442 5914 1450 5919 .
