4202 6250
596 294 722 349 1254

1818 315 1923 368 AN.
1960 315 2173 373 MANL.
2213 317 2365 374 SEV.
2406 319 2626 377 BOETII

3707 335 3845 396 1252

589 410 680 473 qui
704 411 768 463 ad
789 410 853 466 9-4
878 429 1153 471 numerum
1172 429 1303 473 tono
1318 419 1500 489 distat,
1518 423 1761 492 eamdem
1779 428 1994 483 ternarii
2013 428 2163 483 ditl‘e-
2191 441 2243 498 Α
2268 446 2428 498 pasou
2451 434 2686 505 quinque
2713 435 2854 490 tonis
2876 450 2940 491 ac
2963 436 3172 493 duobus
3202 438 3497 497 minoribus
3537 445 3841 507 semitoniis

590 500 814 554 rentiutn
841 517 1079 559 servans.
1114 506 1397 563 Ternatius
1431 513 1573 568 enim
1603 512 1675 569 24
1708 530 1932 572 summa:
1968 531 2156 575 octava

590 603 712 654 pars
741 602 844 643 est.
877 592 1007 659 Quae
1046 595 1245 651 eisdem
1276 599 1454 656 addita
1484 605 1713 671 primum
1739 620 1770 660 a
1800 610 2035 665 ternario
2060 626 2154 666 cu-

589 681 714 737 ltum
759 686 829 740 20
879 701 941 742 ac
971 688 1002 743 7
1032 691 1224 746 reddit.
1272 693 1346 749 Ex
1376 694 1478 751 hoc
1525 697 1683 768 igitur
1716 701 1987 760 Philolaus
2025 705 2157 761 duas

585 771 749 825 cl‘ticit
781 783 957 842 partes
983 794 995 830 :
1030 794 1188 835 unam
1212 798 1328 851 qua:
1354 783 1575 843 dimidio
1604 788 1673 843 sit
1696 789 1886 859 major,
1931 809 2157 864 eamque

584 874 871 927 aporomen
912 877 1096 933 vocat;
1140 872 1393 941 reliquam
1441 891 1560 946 qua:
1588 878 1813 935 dimidio
1851 883 1932 953 sit,
1955 885 2153 953 minor,

580 969 807 1024 eamque
853 973 1039 1015 rursus
1085 962 1275 1019 diesim
1311 967 1473 1033 dicit,
1508 985 1665 1040 quam
1692 976 1888 1042 posteri
1936 981 2154 1033 semito-

582 1063 707 1103 uum
749 1049 925 1111 minus
979 1056 1333 1125 appellavere.
1376 1061 1573 1118 Harum
1630 1082 1759 1121 vero
1801 1069 2152 1127 differentiam

579 1152 788 1194 comma
815 1156 878 1195 ac
920 1158 1145 1211 prtmum
1177 1147 1365 1211 diesitn
1392 1151 1447 1206 in
1498 1156 1564 1209 15
1594 1156 1886 1216 unitatibus
1906 1162 2155 1218 constare

578 1228 889 1321 arbitratur,
922 1248 989 1288 eo
1012 1237 1153 1305 quod
1178 1249 1201 1276 υ
1226 1239 1328 1297 hoc
1351 1243 1491 1300 inter
1516 1245 1622 1301 256
1642 1257 1699 1303 et
1719 1248 1825 1306 2ιὸ
1854 1254 2060 1321 pervisa
2084 1256 2153 1309 sit

578 1318 898 1383 diderentia.
948 1325 1208 1397 Quodque
1236 1330 1394 1387 idem
1423 1351 1678 1392 numerus
1700 1377 1716 1402 ,
1768 1341 1819 1396 id
1849 1318 1931 1398 est
1959 1346 2045 1410 t5,
2078 1361 2143 1401 ex

578 1414 864 1467 novenario
889 1419 1125 1473 ternario
1152 1430 1310 1491 atque
1336 1426 1537 1484 unitate
1565 1432 1823 1488 consistat
1840 1474 1855 1499 ,
1885 1452 2002 1503 qum
2027 1439 2146 1492 uni-

575 1512 655 1555 tas
678 1504 854 1570 puncti
882 1505 1122 1567 obtineat
1138 1511 1339 1570 locum.
1366 1517 1652 1577 Ternarius
1674 1538 1803 1578 vero
1830 1526 2012 1594 prima:
2042 1530 2137 1583 im-

574 1590 718 1684 paris
744 1591 920 1684 linere.
951 1595 1280 1658 Novcnarius
1321 1606 1475 1675 primi
1500 1611 1717 1679 imparis
1743 1590 2007 1684 quadrati.
2061 1620 2137 1674 Ex

573 1680 655 1732 his
686 1680 847 1748 igitur
867 1688 1043 1741 causis
1071 1703 1191 1745 cum
1219 1693 1284 1747 i5
1304 1695 1492 1753 diesitn
1526 1713 1715 1769 ponat,
1748 1680 1887 1775 quod
1911 1709 2133 1763 semito-

572 1771 716 1825 nium
759 1787 1113 1844 nuncupatur,
1149 1783 1407 1855 reliquam
1436 1788 1506 1844 27
1536 1793 1740 1848 numeri
1766 1771 1975 1866 partem
2022 1814 2141 1868 qua:

569 1875 632 1914 ex
660 1864 724 1917 tt
763 1864 1052 1923 unitatibus
1075 1874 1399 1941 continetur,
1441 1878 1468 1917 δ
1499 1893 1746 1951 apotome
1776 1864 1907 1945 esse
1947 1864 2141 1946 con-sti-

569 1952 687 2006 tuit.
715 1953 817 2009 Sed
848 1957 1097 2024 quoniam
1130 1962 1268 2020 inter
1301 1968 1364 2023 I3
1394 1980 1446 2024 et
1479 1954 1544 2026 η
1569 1979 1746 2033 unitas
1782 1981 2135 2038 diﬂerentiam

570 2048 635 2098 t'at
656 2047 725 2110 it,
750 2050 1002 2104 unitatem
1025 2052 1144 2110 loco
1172 2064 1449 2119 commatis
1470 2080 1654 2125 censet
1672 2087 1791 2130 esse
1811 2075 2132 2144 ponendam,

570 2146 735 2189 totum
758 2153 885 2191 vero
906 2148 1087 2197 tonum
1108 2145 1162 2200 in
1185 2147 1253 2202 27
1274 2153 1562 2213 unitatibus
1583 2161 1742 2228 locat,
1757 2178 1823 2219 eo
1844 2166 1983 2233 quod
2003 2167 2141 2221 inter

571 2229 676 2283 ait;
706 2246 767 2282 ac
795 2228 900 2284 eis
913 2232 1000 2299 qui
1027 2232 1166 2290 inter
1194 2253 1253 2292 se
1281 2241 1478 2300 distant
1503 2251 1705 2304 tonost
1723 2253 1794 2307 sit
1814 2228 2134 2309 differentia.

897 2341 1021 2394 'i'oni
1043 2345 1217 2400 divisio
1231 2356 1499 2409 secundum
1522 2361 1810 2415 Pbilulaum.

1159 3011 1387 3070 CAPUT
1427 3016 1515 3070 Vl.

603 3086 801 3145 Tenum
829 3110 893 3147 ea:
928 3096 1124 3153 duobus
1149 3105 1426 3159 semitoniis
1454 3123 1516 3161 ac
1542 3121 1789 3167 commate
1823 3126 2075 3173 constare.

628 3178 703 3233 Ex
727 3183 918 3251 quibus
944 3186 1099 3245 facile
1125 3205 1344 3262 apparet
1387 3204 1571 3256 tonum
1596 3199 1805 3257 duobus
1829 3207 2126 3265 semitoniis

556 3268 853 3329 minoribus
875 3285 928 3331 et
948 3291 1211 3338 commate
1238 3296 1506 3343 constare.
1557 3290 1689 3347 Nam
1730 3294 1775 3350 si
1805 3303 1949 3354 totus
1970 3308 2126 3358 tonus

556 3376 621 3413 ex
649 3374 896 3432 apotome
924 3382 1133 3428 constat
1178 3390 1240 3431 ac
1265 3381 1572 3449 semitonia,
1603 3387 1947 3447 semitonium
1995 3410 2127 3450 vero

557 3452 625 3552 ab
643 3464 897 3554 epoto-me
982 3460 1102 3517 ti'ert
1131 3478 1427 3537 commate;
1464 3474 1595 3529 nihil
1622 3486 1705 3533 est
1725 3480 1865 3536 aliud
1878 3495 2128 3554 apotome

545 3540 656 3595 arisi
687 3546 1027 3605 semitonium
1062 3553 1236 3609 minus
1265 3567 1318 3613 et
1333 3574 1576 3616 comma.
1604 3564 1661 3622 Si
1697 3568 1855 3639 igitur
1892 3540 2001 3630 duo
2034 3593 2124 3633 se.

552 3632 769 3685 ιηῖιιοηίτι
803 3634 1006 3693 minora
1052 3641 1120 3698 de
1150 3654 1273 3701 tono
1298 3651 1414 3720 quis
1433 3654 1670 3722 auferat,
1701 3632 1915 3718 comma
1946 3667 2002 3721 tit
2030 3685 2122 3725 re-

552 3727 777 3796 liquum.

1146 3830 1375 3893 CAPUT
1414 3840 1523 3897 VII.

552 3905 948 3981 Demonstratio,
960 3928 1136 3977 tonum
1150 3926 1348 3983 duobus
1359 3932 1638 3989 semitoniis
1650 3951 1901 3993 commate
1912 3942 2120 4001 distare.

620 3999 761 4054 Idem
780 4009 1015 4066 rcrohoc
1027 4027 1236 4085 quoque
1250 4021 1561 4089 probabitur
1573 4026 1752 4084 modo.
1783 4028 1914 4086 Nam
1939 4035 1981 4087 si
2005 3999 2121 4091 dia-

1326 4152 1487 4203 Media
1516 4159 1617 4205 toni
1642 4171 1749 4220 pars

1262 4242 1759 4282 ﬂ

1253 4404 1313 4438 rx
1338 4393 1460 4445 diest
1486 4406 1537 4448 et
1560 4404 1816 4461 schismate

853 4359 1124 4740 /
1253 4404 1313 4438 rx
1338 4393 1460 4445 diest
1486 4409 1524 4446 el

908 4710 1120 4740 manli“...
1144 4714 1336 4740 Λὶωυυω
1424 4724 1524 4740 ..-Α

550 4793 657 4802 —-.
670 4794 721 4801 μ..

554 4881 800 4892 σ-ο--υ-

1435 5193 1480 5239 Ιιι
1498 5196 1745 5243 milOmum
1781 5193 1932 5251 majus

1333 5262 1556 5314 :tpotonte
1581 5255 1731 5316 major
1755 5256 1857 5305 toni
1883 5263 1993 5316 pars

1112 5308 1197 5362 '\

1210 5375 1316 5443 \

978 4513 1070 4554 β
1432 4531 1439 4537 .
2152 4552 2157 4557 .

978 4513 2212 4815 diuscltismMWV

978 4710 1120 4757 adium
1144 4714 1339 4762 dieseos
1423 4722 1635 4771 medium
1658 4726 1853 4777 dieseos
1938 4768 1939 4771 η
2057 4746 2212 4795 ςοιιίειι

908 4710 1120 4757 medium
1144 4714 1339 4762 dieseos
1364 4710 1397 4777 V
1423 4722 1635 4771 medium
1658 4710 1853 4777 dies—eos
1875 4710 1939 4777 Vi

2169 4841 2182 4919 Ι
2438 4844 2450 4919 Ι
2668 4840 2673 4841 ί
2959 4841 2974 4941 Ι
3485 4858 3502 4932 Ι

2169 4921 2513 5006 ﬂ
2705 4963 3020 5006 hrm’tnnlum
3072 4973 3231 5006 minus:
3438 4933 3789 5006 Ak“

2589 5073 3418 5200 vl,

2427 5073 3440 5423 hemitoni'm/

2427 5270 2560 5314 ttome
2599 5271 2748 5333 major
2771 5284 2867 5330 toni
2892 5295 3015 5345 par!
3101 5261 3284 5413 /

2427 5372 2659 5420 \
2720 5392 2725 5397 ο
3076 5413 3095 5423 ρ

2264 524 2587 589 continetur,
2613 537 2970 598 superantque
2992 543 3085 585 sex
3114 532 3222 585 toni
3249 532 3507 603 diapason
3529 551 3841 597 consonan-

2264 614 2388 669 tiam
2415 632 2520 670 uuo
2533 628 2817 685 commate,
2852 635 2956 674 non
2982 634 3063 675 est
3091 621 3311 677 dubium
3333 629 3460 695 quin
3492 631 3633 683 tonis
3661 634 3842 701 quinis

2262 704 2328 758 ab
2356 713 2580 776 utroque
2606 706 2779 776 spatio
2815 709 3039 764 sublatis
3068 711 3198 765 [iant
3223 713 3427 783 reliqua
3479 732 3544 771 ex
3575 719 3840 790 diapason

2263 794 2473 861 quidem
2492 795 2599 849 duo
2613 798 3129 869 semitoniaminora,
3148 801 3217 861 tle
3241 817 3335 857 sex
3352 819 3481 860 vero
3496 809 3639 863 tonis
3654 819 3835 867 tonus.

2262 885 2434 955 Atque
2465 886 2551 941 hic
2596 894 2753 942 tonus
2780 888 2897 943 lucc
2923 889 3031 945 duo
3055 892 3336 948 semitonia
3377 910 3495 964 quae
3521 899 3835 971 relinquun.

2259 985 2344 1030 tur
2377 987 2399 1013 ο
2420 978 2582 1033 vincit
2606 990 2893 1037 commate.
2928 982 3097 1048 Quod
3124 984 3170 1038 si
3196 985 3405 1042 duobus
3430 989 3637 1045 eisdem
3668 996 3835 1048 semi-

2260 1072 2426 1125 toniis
2450 1062 2664 1127 comma
2695 1084 3011 1143 reponatur,
3046 1078 3335 1147 aequabunt
3365 1088 3582 1146 tonum;
3621 1097 3833 1141 constat

2259 1160 2417 1228 igitur
2438 1177 2601 1216 unum
2642 1173 2827 1218 tonum
2855 1166 3064 1221 duobus
3109 1167 3409 1224 semitoniis
3437 1172 3732 1228 minoribus
3769 1189 3831 1231 et

2256 1254 2547 1316 commati,
2602 1253 2741 1321 quod
2800 1256 2850 1309 in
2922 1258 3061 1311 “"53
3109 1259 3294 1328 primis
3334 1260 3631 1318 unitatihus
3676 1266 3824 1322 inre-

2248 1340 2419 1405 nitur,
2446 1343 2664 1412 aequari.

2826 1498 3053 1556 CAPUT
3097 1502 3230 1556 VIII.

2533 1607 2610 1663 De
2636 1610 2914 1667 minoribus
2939 1614 3193 1669 semitonii
3229 1610 3527 1673 interraflis.

2318 1767 2586 1823 Philolaus
2612 1771 2769 1839 ig'tur
2795 1770 2911 1826 ltazc
2934 1782 3094 1842 atque
3124 1774 3207 1829 his
3260 1776 3466 1830 minora
3502 1778 3667 1846 spatia
3700 1780 3826 1834 tali-

2250 1857 2349 1913 bus
2371 1857 2773 1915 difﬁnitionibus
2817 1860 3057 1917 includit.
3109 1863 3537 1934 Diesis,inquit,
3584 1877 3665 1922 est
3692 1884 3826 1939 spa-

2251 1949 2380 2003 tittm
2416 1965 2523 2019 quo
2546 1951 2717 2020 major
2737 1963 2818 2007 est
2840 1955 3177 2025 sesquitcrtia
3209 1958 3485 2025 proportio
3510 1958 3721 2015 duobus
3741 1970 3828 2017 to-

2248 2039 2349 2094 nis.
2373 2040 2591 2094 Comma
2607 2058 2735 2098 vero
2754 2052 2837 2097 est
2854 2046 3084 2113 spatium
3115 2061 3219 2116 quo
3248 2046 3419 2116 major
3463 2059 3546 2103 est
3576 2052 3826 2121 sesquio-

2245 2139 2398 2184 ctava
2425 2133 2698 2200 proportio
2725 2133 2931 2190 duabus
2960 2135 3215 2198 diesibus.
3247 2139 3296 2193 id
3318 2150 3401 2194 est
3431 2140 3639 2197 duobus
3658 2146 3824 2198 semi-

2245 2220 2405 2274 toniis
2437 2221 2753 2277 minoribus.
2801 2224 3046 2280 Schisma
3076 2236 3161 2282 est
3187 2229 3467 2285 dimidium
3510 2236 3817 2290 commatis.

2244 2310 2568 2366 Diascbisma
2600 2326 2729 2366 vero
2758 2313 3036 2368 dimidium
3067 2316 3311 2384 dieseos,
3346 2320 3396 2374 id
3439 2330 3524 2375 est
3546 2324 3817 2381 semitonii

2240 2402 2483 2457 minoris.
2529 2402 2605 2457 Ex
2649 2403 2841 2471 quibus
2870 2406 2996 2461 illud
3033 2408 3139 2462 coll
3161 2409 3322 2478 gitur,
3364 2426 3617 2481 quoniam
3659 2427 3815 2472 tonus

2234 2490 2450 2559 quidem
2478 2490 2735 2547 dividitur
2764 2495 3135 2565 principaliter
3165 2497 3217 2551 in
3259 2499 3603 2556 semitonium
3637 2504 3811 2558 minus

2233 2590 2392 2651 atque
2419 2592 2730 2652 apotomen.
2764 2585 3025 2640 Dividitur
3045 2587 3204 2642 etiam
3238 2588 3291 2642 in
3312 2589 3419 2643 duo
3446 2592 3725 2649 semitonia
3750 2604 3807 2647 et

2228 2688 2463 2741 comma,
2492 2691 2599 2746 quo
2628 2677 2687 2732 ﬁt
2713 2687 2770 2734 ut
2795 2678 3065 2735 dividatur
3092 2682 3145 2735 in
3174 2691 3405 2751 quatuor
3429 2684 3807 2742 diascbismata
3832 2768 3849 2771 1

2229 2773 2285 2818 et
2307 2779 2539 2831 comma.
2568 2767 2840 2838 [ntegrum
2859 2784 2987 2825 vero
3010 2770 3287 2826 dimidium
3312 2774 3419 2827 toni
3450 2775 3587 2843 quod
3611 2786 3689 2830 est
3714 2792 3800 2831 se-

2230 2857 2532 2936 mitonium,
2551 2869 2762 2915 constat
2783 2877 2848 2917 ex
2874 2861 3083 2918 duobus
3111 2862 3640 2935 diaschismatibus,‘|
3662 2869 3797 2937 quod

2162 2956 2207 3018 ρ
2237 2956 2317 3002 est
2346 2965 2507 3005 unum
2539 2952 2879 3009 semitonium
2913 2956 3108 3024 minus,
3142 2966 3196 3010 et
3221 2957 3533 3030 schismate,
3560 2960 3696 3031 quod
3722 2973 3803 3017 est

2231 3038 2511 3095 dimidium
2537 3047 2839 3100 commatis.
2869 3045 3132 3113 Quoniam
3164 3058 3187 3085 °
3217 3063 3336 3104 cum
3380 3059 3522 3105 totus
3559 3061 3713 3107 tonus
3739 3069 3803 3109 ex

2232 3128 2441 3186 duobus
2466 3135 2765 3189 semitoniis
2795 3136 3090 3193 minoribus
3118 3151 3166 3195 et
3200 3150 3465 3197 commate
3489 3144 3803 3213 conjunctua

2230 3230 2334 3284 e~t,
2366 3222 2409 3275 si
2442 3223 2560 3292 quis
2589 3222 2642 3279 id
2670 3224 2876 3296 integre
2900 3227 3141 3284 dividere
3167 3230 3314 3296 velit,
3349 3231 3506 3287 faciet
3534 3248 3695 3289 unum
3716 3251 3803 3290 se-

2230 3312 2511 3369 mitonium
2534 3317 2712 3372 minus
2750 3322 3139 3392 commatisque
3165 3321 3469 3379 dimidium.
3507 3326 3615 3381 Sed
3640 3344 3805 3382 unum

2229 3405 2571 3462 semitonium
2613 3410 2791 3467 minus
2835 3411 3091 3468 dividitur
3143 3415 3194 3469 iu
3235 3415 3342 3471 duo
3397 3412 3798 3472 diascbismata.

2232 3491 2516 3551 Dimidium
2557 3512 2686 3555 vero
2723 3502 3004 3557 commatis
3030 3520 3194 3558 unum
3222 3504 3456 3560 schisma
3502 3516 3607 3562 est.
3639 3507 3808 3563 Recte

2229 3583 2390 3654 igitur
2445 3586 2646 3644 dictum
2697 3600 2777 3645 est
2825 3593 3033 3664 integre
3082 3593 3363 3650 dimidium
3389 3604 3573 3651 tonum
3602 3598 3652 3651 in
3698 3598 3806 3652 duo

2232 3676 2605 3736 diaschismata
2635 3691 2793 3753 atque
2824 3700 2985 3740 unum
3019 3688 3249 3743 schisma
3273 3703 3429 3757 posse
3456 3690 3665 3759 partiri.
3688 3691 3806 3758 Quo

2232 3767 2291 3820 tit
2319 3778 2374 3821 ut
2397 3768 2661 3839 integrum
2693 3775 3035 3831 semitonium
3086 3791 3116 3831 a
3148 3778 3354 3833 minore
3382 3778 3668 3835 semitonio
3699 3798 3806 3837 uno

2228 3855 2520 3914 schismate
2540 3861 2756 3918 diﬂ‘erre
2778 3864 3041 3933 videatur,
3069 3878 3318 3937 apotome
3337 3878 3515 3924 autem
3537 3886 3567 3924 a
3597 3871 3804 3925 minore

2235 3954 2518 4010 semitonia
2551 3957 2760 4013 duobus
2788 3962 3165 4019 scbismatibus
3194 3964 3372 4020 diti'ert
3395 4007 3409 4028 .
3455 3966 3633 4020 diﬂ‘ert
3662 3967 3803 4021 enim

2148 4049 2201 4109 1)
2229 4053 2495 4101 commate
2512 4062 2527 4109 ς
2548 4048 2642 4103 sed
2660 4049 2767 4106 duo
2787 4052 3074 4109 schismata
3096 4069 3257 4110 unum
3272 4054 3554 4125 perﬁciunt
3573 4071 3797 4111 comma.

1747 4282 1761 4285 _
2496 4282 2757 4349 //’r
2858 4282 3343 4495 \

964 4282 1313 4495 βπ
1338 4393 1460 4445 diesi
1486 4406 1537 4448 et
1560 4283 2060 4495 schismak
2290 4349 2489 4495 /
2552 4446 2609 4481 cx
2639 4435 2762 4487 dicsi
2789 4449 2839 4490 et
2860 4444 3118 4495 schismate

2623 4182 2778 4234 Media
2806 4187 2903 4235 toni
2931 4200 3042 4249 pars

2151 4674 2241 4730 VI”
2354 4674 2483 4730 \/
2530 4685 2840 4730 -diaschisma
2907 4674 2938 4730 \
2975 4674 3011 4730 /
3075 4694 3359 4730 (liam-hiatus
3424 4674 3478 4730 \\

3448 4710 3474 4783 \‘

2131 4730 2263 4795 tisma
2416 4730 2460 4819 V
2480 4730 2912 4801 med‘iuinnd'ies—cos
3454 4730 3488 4848 Ἰ

834 4896 897 4949 Ἃ

889 4949 1882 5163 ψ
1941 4998 1947 5009 ’
2072 4962 2255 4999 comma
2451 4949 2666 5117 \

1377 5004 1411 5036 ,νε
1798 5024 1808 5033 ι
2638 5042 2651 5046 κ

855 4949 1337 5346 \
1435 5193 1745 5243 lttntilomum
1781 4949 2666 5346 majuvtemitonit

1112 5308 1115 5311 _
1333 5262 1556 5314 apotome
1581 5255 1731 5316 major
1755 5256 1857 5305 toni
1883 5263 1993 5316 pars
2180 5266 2560 5346 \3Dolome
2599 5283 2666 5318 ma

2009 5164 2073 5225 \
2212 5164 2301 5225 /

1031 5225 2180 5370 \\:.poi3t{{2§'5§§33'5'

1348 5350 1444 5374 χ
1825 5365 1871 5374 μ.

610 5748 635 5775 ⁸
682 5740 823 5796 Πανί.
905 5743 930 5783 δ
972 5747 1268 5815 Apotomrn.
1352 5759 1373 5787 ο
1426 5749 1619 5808 Vincet.
1693 5751 1717 5790 ⁸
1760 5754 1882 5810 non
1911 5758 2138 5816 habetur.
2217 5773 2241 5802 ⁸
2280 5764 2454 5825 Enim.
