4160 6256
266 433 398 488 ΒΜ

837 740 883 793 δέ
933 709 969 763 ε
1006 700 1098 764 '9.’
1158 724 1227 774 ια
1258 761 1341 814 II

1764 934 1767 937 λ

252 948 560 1015 lJK-mitior
1508 947 1649 1008 Brimo
1664 976 1799 1009 non:

307 1146 360 1184 2
373 1136 449 1191 56
639 1126 838 1194 Propontis
858 1131 1042 1198 [etnth
1054 1132 1234 1182 "tinnis
1493 1105 1841 1193 ’Ἦ-

275 1417 406 1504 23'?
452 1405 501 1501 ἓξ
619 1387 835 1522 νεγῡ
1284 1470 1327 1513 s:
1399 1378 1515 1508 ρέο
1706 1410 1809 1507 23"

488 1474 615 1730 λ
1477 1403 1751 1844 ᾊίκ

238 1726 514 1862 ίῖ-ΕΞ
545 1677 996 1862 ὲΕξξερονιίο
1024 1772 1199 1841 eam!
1233 1782 1272 1824 ι·
1311 1730 1510 1836 ἑῇ
1537 1743 1837 1841 λμέΓ

206 2068 214 2074 ἢ
246 2004 483 2061 Videtur
524 2015 700 2063 tamen
732 2008 919 2063 eadem
966 2009 1241 2085 proportio
1269 2009 1379 2064 256
1413 2007 1477 2063 ad
1517 2008 1626 2063 245
1674 2008 1845 2077 major

244 2112 377 2151 esse
406 2098 477 2151 ab
501 2112 562 2153 ea
592 2114 748 2168 quam
771 2099 1048 2152 continent
1066 2098 1136 2153 20
1164 2109 1216 2152 et
1248 2099 1333 2153 l9.
1356 2098 1471 2153 Sint
1502 2098 1642 2159 enim
1674 2100 1712 2151 Α
1741 2098 1778 2151 Β
1804 2096 1845 2151 C

243 2188 398 2241 idem
429 2188 521 2257 qui
549 2188 797 2257 superius
822 2188 1078 2257 descripti
1122 2199 1267 2243 sunt.
1311 2188 1559 2244 Metiatur
1606 2187 1765 2257 igitur
1803 2186 1845 2242 ϐ

235 2277 550 2333 differentia
584 2281 624 2332 A
652 2280 939 2334 terminum
966 2279 1166 2349 vigies,
1194 2280 1321 2335 fient
1363 2280 1498 2343 260,
1540 2279 1629 2349 qui
1661 2289 1687 2316 ι
1718 2287 1845 2334 sunt

238 2368 309 2435 D,
342 2370 436 2438 qui
469 2371 761 2437 comparati
790 2371 855 2425 ad
894 2371 947 2425 id
983 2372 1125 2441 quod
1155 2380 1238 2426 est
1268 2373 1308 2425 A
1340 2372 1585 2431 eumdem
1629 2383 1843 2441 quater-

237 2458 403 2512 nario
433 2459 843 2526 transcendunt,
875 2460 959 2515 hic
988 2462 1057 2514 sit
1085 2460 1147 2514 F.
1179 2462 1382 2515 Rursus
1413 2462 1557 2516 idem
1584 2462 1624 2515 C
1654 2463 1839 2516 metia-

237 2538 403 2602 ιαμ-’Β
437 2548 617 2603 decies
648 2551 856 2615 novies,
891 2549 1017 2604 ﬂent
1046 2550 1172 2615 947,
1200 2550 1286 2604 hic
1307 2551 1377 2604 sit
1408 2550 1470 2615 E,
1511 2550 1597 2619 qui
1625 2566 1841 2621 compa-

232 2641 342 2695 rati
371 2641 441 2694 ad
470 2641 509 2693 Β
539 2642 726 2696 codem
754 2641 791 2695 F
822 2644 1220 2697 transcendunt.
1266 2641 1309 2695 D
1349 2643 1507 2712 igitur
1548 2659 1834 2707 numerus,

234 2734 279 2783 Α
336 2726 660 2793 numerum,
691 2742 741 2782 et
784 2730 823 2783 Ε
856 2746 1109 2785 numerus
1156 2748 1434 2787 numerum
1467 2733 1527 2798 Β,
1561 2733 1750 2788 eodem
1798 2734 1839 2787 F

233 2817 660 2873 transcendunt.
685 2817 905 2887 Adjecto
927 2819 1081 2888 igitur
1106 2820 1145 2874 F
1168 2820 1252 2874 Iris
1268 2821 1356 2889 qui
1380 2831 1503 2876 sunt
1526 2821 1569 2876 Α
1592 2833 1750 2892 atque
1774 2823 1837 2891 Β,

234 2909 371 2963 facti
404 2916 531 2981 sunt
557 2908 599 2960 ι)
630 2917 789 2978 atque
820 2907 880 2962 Ε.
914 2907 1082 2976 Major
1111 2909 1270 2978 igitur
1299 2922 1381 2965 est
1430 2912 1705 2979 proportio
1741 2926 1837 2966 eo-

233 3016 365 3056 rum
416 2999 505 3069 qui
542 3010 665 3053 sunt
704 3002 743 3054 A
786 3007 945 3070 atque
977 3000 1035 3067 Β,
1069 3016 1227 3069 quam
1258 3015 1441 3055 corum
1491 3002 1580 3071 qui
1626 3011 1751 3057 sunt
1796 3002 1838 3056 D

231 3101 413 3161 atque
442 3090 503 3145 Ε.
538 3089 643 3147 Sed
680 3090 720 3146 D
750 3105 906 3162 atque
936 3092 976 3147 Ε
1025 3094 1191 3163 vigies
1239 3101 1400 3162 atque
1428 3092 1608 3150 decies
1652 3093 1837 3150 novies

234 3184 675 3255 multiplicatus,
717 3184 758 3239 C
802 3200 1078 3239 numerum
1127 3183 1310 3240 efﬁcit.
1357 3185 1525 3254 Major
1554 3186 1712 3256 igitur
1756 3196 1837 3243 est

1464 424 1467 427 '
1564 424 1655 482 ns
1693 419 1942 481 nusrca
1968 410 2113 482 'Ltu.
2153 425 2242 485 ιιι.

1875 537 1921 596 Α
1951 542 2149 611 minus,
2180 544 2351 614 majus
2380 544 2594 614 quidem
2615 556 2736 599 esse
2751 542 3107 597 commatibus
3138 542 3328 609 tribus,
3360 543 3537 597 minus

3403 426 3537 482 1242

1950 648 2080 689 vero
2108 645 2364 704 quatuor,
2397 635 2539 705 quod
2579 634 2703 688 hinc
2732 633 2983 688 facillime
3012 632 3184 700 possis
3222 645 3534 701 agnoscere.

1948 724 2067 778 Sint
2089 733 2200 778 tres
2231 726 2441 779 numeri
2465 725 2535 778 ita
2564 721 2811 790 diSpositi
2834 764 2847 787 ,
2878 720 2934 776 ut
2980 722 3119 776 inter
3143 736 3202 776 se
3232 722 3537 790 proportio-

1947 831 2067 871 nem
2114 818 2425 874 contineant
2467 818 2757 889 diapason,
2803 828 2860 872 et
2904 832 3022 871 eam
3053 832 3171 888 quae
3209 818 3404 873 dicitur
3444 834 3536 874 ses

1946 916 2221 965 tonorum.
2260 910 2382 967 Sint
2425 910 2567 965 enim
2612 911 2655 965 Α
2704 909 2942 965 262146.
2993 910 3341 965 Intendantur
3378 910 3539 977 igitur

1943 1000 2010 1054 ad
2040 1001 2079 1054 Β
2106 1002 2320 1071 quidem
2347 1004 2584 1073 quinque
2615 1004 2722 1057 toni
2750 1002 3016 1067 continui,
3042 1011 3097 1058 et
3120 1003 3188 1056 sit
3219 1002 3258 1055 Β
3285 1002 3534 1067 472592ς

1943 1090 2009 1144 ad
2039 1090 2081 1146 C
2110 1100 2289 1147 autem
2322 1092 2582 1161 diapason
2632 1092 2984 1149 consonantia
3039 1093 3321 1156 referatur,
3367 1101 3422 1145 et
3467 1094 3539 1145 sit

1943 1180 1985 1235 C
2011 1182 2248 1239 524288.
2279 1184 2358 1238 Ad
2390 1184 2431 1238 D
2458 1193 2635 1239 autem
2662 1199 2758 1238 sex
2794 1184 2906 1240 toni
2938 1182 3283 1239 intendantur
3305 1223 3319 1247 ,
3362 1182 3537 1250 sitque

1944 1269 1987 1323 D
2018 1269 2253 1326 53M“.
2294 1271 2387 1327 [Iis
2436 1272 2506 1327 ita
2536 1273 2810 1343 dispositis
2856 1282 2907 1327 et
2939 1272 3265 1337 constitutis,
3310 1272 3537 1326 manife-

1941 1370 2081 1415 stum
2110 1373 2194 1417 est
2222 1362 2362 1419 inter
2388 1364 2429 1420 ο
2447 1372 2609 1434 atque
2632 1364 2674 1419 D
2694 1380 2905 1420 comma
2936 1365 3213 1433 constitui,
3239 1378 3534 1435 eorumque

1942 1452 2296 1510 dilferentiam
2335 1470 2456 1511 esse
2486 1456 2656 1522 7155;
2692 1456 2743 1511 id
2772 1466 2951 1510 autem
2984 1457 3053 1511 sit
3089 1455 3166 1523 Κ,
3195 1456 3536 1510 remittantur

1942 1545 2106 1615 igitur
2128 1546 2236 1601 duo
2266 1547 2378 1601 toni
2407 1546 2475 1602 ab
2511 1562 2578 1602 eo
2607 1548 2748 1618 quod
2780 1558 2861 1603 est
2887 1548 2958 1612 Β,
2989 1549 3056 1602 ad
3092 1547 3141 1602 id
3171 1547 3311 1618 quod
3340 1558 3422 1602 est
3454 1546 3528 1610 E,

1941 1648 1996 1693 et
2023 1638 2093 1693 sit
2122 1638 2165 1693 Ε
2194 1638 2426 1694 575968.
2460 1639 2663 1694 Rursus
2693 1640 2761 1694 ab
2800 1654 2865 1694 eo
2906 1638 3050 1708 quod
3096 1648 3179 1693 est
3230 1638 3269 1691 E
3314 1637 3533 1692 intendo

1824 1750 1837 1757 -
1942 1728 2275 1784 diatessaron
2305 1730 2371 1783 ad
2398 1730 2449 1784 id
2474 1745 2581 1797 quo
2606 1737 2688 1785 est
2724 1731 2764 1784 F
2801 1729 3036 1785 497664.
3068 1728 3329 1797 Quoniam
3372 1729 3531 1798 igitur

1942 1819 2083 1875 inter
2106 1822 2146 1876 E
2176 1829 2337 1891 atque
2365 1822 2404 1875 Β
2428 1822 2536 1876 duo
2563 1832 2690 1878 sunt
2720 1822 2830 1877 toul
2852 1863 2867 1887 ,
2901 1823 3041 1878 inter
3069 1823 3109 1876 E
3146 1832 3307 1893 atque
3335 1822 3373 1875 F
3413 1823 3531 1876 dia-

1875 1910 1923 1971 Β
1949 1921 2189 1968 ιιιεςςιι-οη
2209 1952 2226 1980 ,
2257 1913 2397 1969 inter
2444 1914 2483 1969 Β
2513 1915 2672 1984 igitur
2710 1925 2872 1982 atque
2902 1914 2941 1969 F
2983 1916 3159 1969 minus
3188 1916 3532 1969 semitonium

1947 2005 2230 2072 reperitur.
2264 2005 2502 2061 Sublatis
2527 2006 2670 2059 enim
2708 2004 2734 2043 ι’
2768 2022 2798 2059 a
2822 2006 3155 2060 diatessaron
3183 2008 3531 2060 consonan°ia

1945 2094 2155 2150 duobus
2186 2097 2351 2163 tonis,
2381 2096 2439 2149 fit
2469 2097 2733 2166 reliquum
2762 2098 3107 2151 semitonium
3140 2098 3335 2164 minus,
3388 2096 3531 2163 quod

1945 2186 1998 2240 in
2029 2188 2212 2255 primis
2243 2188 2480 2241 numeris
2508 2196 2755 2242 constare
2778 2188 2996 2251 prmdixi
3022 2188 3129 2242 256
3153 2197 3207 2242 et
3235 2187 3361 2241 243.
3387 2187 3531 2255 Quos

1944 2277 2160 2332 eosdem
2204 2291 2457 2332 numeros
2490 2278 2534 2331 si
2568 2277 2759 2332 millies
2803 2277 3175 2347 noningenties
3213 2278 3532 2347 quadragies

1942 2376 2237 2436 quaterque
2267 2366 2588 2435 multiplices
2612 2366 2651 2420 Β
2674 2377 2833 2437 atque
2860 2366 3189 2437 F,numeros
3216 2368 3527 2437 explicabis.

1942 2458 2089 2523 Quos
2122 2470 2143 2497 ε
2179 2462 2480 2514 necessarie
2515 2469 2600 2514 est
2644 2460 2892 2515 eamdem
2945 2463 3341 2531 proportionem
3372 2456 3531 2530 supe-

1943 2548 2055 2602 rius
2084 2549 2242 2603 dictis
2269 2550 2507 2604 numeris
2534 2551 2839 2617 continere,
2874 2552 2965 2620 qui
3002 2565 3109 2606 uno
3139 2561 3298 2622 atque
3336 2548 3526 2608 eodem

1942 2652 2208 2703 numero,
2254 2638 2306 2692 id
2354 2648 2438 2694 est
2486 2638 2625 2693 19M
2671 2640 2871 2709 pariter
2918 2641 3254 2710 multiplicati
3285 2658 3527 2699 crevere.

1941 2728 2070 2782 Item
2095 2731 2162 2782 ab
2191 2743 2257 2782 co
2286 2730 2428 2797 quod
2458 2739 2541 2783 est
2574 2728 2643 2789 F.
2675 2730 2895 2784 intendo
2924 2730 3291 2799 diatessaron,
3326 2724 3531 2791 scilicet

1940 2817 2005 2871 ad
2038 2818 2102 2882 (3,
2142 2828 2196 2871 et
2234 2821 2304 2872 sit
2332 2819 2374 2873 (ἱ
2402 2818 2635 2874 665559..
2679 2819 2887 2877 Rursus
2924 2820 2992 2875 ab
3021 2822 3210 2877 eodem
3243 2822 3287 2876 G
3318 2825 3530 2879 remitto

1940 2908 2005 2961 ad
2033 2908 2072 2963 Ρ
2097 2908 2231 2962 duos
2255 2917 2429 2975 tonos,
2458 2916 2512 2963 et
2535 2908 2591 2963 lit
2620 2909 2659 2963 P
2680 2909 2911 2965 524188.
2939 2911 3089 2976 Quod
3120 2911 3159 2965 P
3178 2912 3204 2949 ά
3228 2910 3530 2967 n'ecesSarie

1939 3007 2042 3057 cst,
2070 3008 2126 3051 ut
2151 2998 2398 3053 eumdem
2429 3012 2825 3069 sonum‘quem
2872 2999 2915 3055 C
2962 3016 3218 3073 numerus
3256 2990 3525 3059 exhibeat.

1940 3088 2021 3143 Ad
2051 3085 2409 3159 aequalitatem
2451 3104 2682 3159 namque
2710 3089 2826 3161 ejus
2854 3092 2946 3146 tali
2976 3092 3191 3149 ratione
3213 3108 3529 3165 progressus

1941 3190 2043 3235 est.
2081 3180 2290 3235 Etenim
2335 3196 2397 3236 ea
2438 3196 2559 3251 quae
2586 3190 2663 3236 est
2698 3183 2742 3237 Α
2768 3182 2808 3237 C
2840 3182 3096 3252 diapason
3134 3185 3483 3239 consonantia
3505 3229 3519 3252 ,

232 3277 528 3347 proportio
558 3292 743 3330 comm
774 3276 861 3347 qui
895 3289 1020 3332 sunt
1046 3279 1085 3331 A
1120 3288 1278 3348 atque
1305 3278 1367 3346 Β,
1398 3279 1485 3349 qui
1516 3279 1720 3335 scilicet
1748 3294 1831 3335 se-
1862 3282 1911 3344 (ζ
1944 3290 2062 3344 qum
2090 3282 2299 3329 constat
2324 3275 2556 3345 quinque
2586 3275 2727 3329 tonis
2755 3288 2817 3330 ac
2854 3275 3064 3330 duobus
3093 3276 3392 3329 semitoniis
3424 3264 3526 3331 mi—

233 3368 529 3422 rnitonium
559 3369 859 3433 continent,
892 3384 1048 3438 quam
1073 3384 1139 3423 ea
1162 3384 1281 3438 qum
1312 3378 1395 3423 est
1421 3370 1491 3424 20
1518 3370 1581 3424 ad
1618 3372 1699 3426 l9.
1734 3371 1834 3426 De-

235 3468 611 3515 monstratum
646 3460 803 3529 igitur
840 3470 924 3515 est
962 3462 1306 3516 semitonium
1358 3460 1533 3516 minus
1584 3462 1840 3532 majorem

232 3551 469 3621 quidem
503 3551 699 3608 habere
730 3554 1125 3623 proportionem
1157 3570 1316 3625 quam
1347 3556 1417 3610 20
1442 3555 1506 3611 ad
1542 3556 1634 3627 l9,
1669 3556 1840 3611 mino-

231 3670 360 3711 rem
395 3668 712 3725 veroquam
746 3649 872 3723 191ι
902 3656 967 3711 ad
1002 3650 1144 3724 18-ἑ.
1177 3657 1326 3713 Nune
1357 3657 1496 3712 idem
1536 3658 1711 3713 minus
1747 3673 1836 3713 se-
1872 3706 1887 3720 .

232 3743 536 3798 mitouium
562 3744 810 3799 commati
838 3761 1213 3816 comparemus
1256 3746 1400 3817 quod
1447 3757 1527 3805 est
1568 3748 1863 3815 ultimum,

229 3835 458 3891 auditui
490 3836 771 3906 sultjacens
801 3839 1095 3910 ultimaque
1121 3842 1415 3911 proportio.

1746 4604 1795 4657 ἲ

1644 4746 1826 4906 ξιξ]

226 4158 1805 4427 ,ΛΑ-ῌ-λιη

239 4436 324 4485 es
346 4428 386 4484 6
1139 4497 1150 4506 ,
1636 4426 1794 4517 ἀλδ

306 4622 371 4682 F
428 4542 765 4767 é\\\
1023 4593 1059 4638 c
1352 4462 1679 4812 7
1746 4604 1795 4657 F

1640 4702 1825 4890 ΞΕ

450 4895 493 4965 ε
597 4890 642 4977 έ
1384 4890 1554 4988 \a.
1644 4890 1702 4992 ξ

506 4890 819 5138 φ
1313 4980 1372 5040 π
1446 4890 1801 5219 VX

833 5356 1058 5413 CAPUT
1102 5356 1234 5410 XIV.

225 5490 590 5551 Semironium
622 5490 789 5571 minus
831 5493 1000 5571 majus
1028 5490 1230 5557 quidem
1271 5502 1375 5543 esse
1420 5488 1576 5543 tribus
1615 5506 1836 5543 comma-

664 5562 817 5625 tibus,
849 5562 1015 5613 minus
1044 5577 1155 5613 vero
1184 5571 1422 5628 quatuor.

308 5673 489 5742 Igitur
540 5669 1011 5725 demonstrandum
1081 5672 1427 5740 proponimus
1489 5669 1835 5725 semitonium

308 5856 352 5924 ιι-
389 5850 570 5920 Major
596 5852 744 5912 alios.
823 5860 845 5887 ⁸
878 5851 979 5907 Sit.
1057 5849 1094 5919 οῖ
1130 5849 1297 5903 Minor
1322 5848 1471 5903 alias.
1547 5847 1572 5885 ιδ
1602 5847 1696 5904 De.

1944 3369 2193 3435 noribus,
2220 3368 2286 3425 ab
2314 3369 2347 3425 ϐ
2385 3370 2524 3425 tonis
2553 3380 2821 3426 commate
2856 3379 3157 3439 superatur.
3212 3370 3295 3424 Ab
3338 3371 3527 3426 eodem
3607 3434 3615 3439 ,

1943 3463 2103 3532 igitur
2131 3462 2173 3516 Δ
2202 3462 2432 3517 termino
2456 3450 2712 3516 numerus
2742 3461 2804 3531 P,
2829 3462 3067 3531 quinque
3101 3460 3241 3515 tonis
3278 3474 3341 3514 ac
3366 3461 3529 3515 semi-

1942 3555 2102 3610 toniis
2130 3555 2339 3610 duobus
2372 3555 2592 3609 recessit
2634 3553 2735 3608 hoc
2774 3555 2953 3608 modo.
2986 3556 3067 3609 Ab
3095 3569 3160 3609 eo
3197 3552 3336 3623 quod
3373 3563 3453 3608 cst
3484 3559 3525 3609 Α

1939 3663 2110 3717 usque
2134 3648 2199 3702 ad
2231 3648 2280 3702 id
2310 3647 2449 3717 quod
2472 3656 2552 3701 est
2577 3645 2617 3699 Β
2646 3646 2879 3715 quinque
2916 3646 3166 3700 n’mirum
3200 3636 3528 3714 colliguntur

1942 3739 2080 3803 toni;
2112 3740 2180 3793 ab
2210 3754 2275 3795 eo
2301 3749 2479 3793 autem
2507 3736 2651 3808 quod
2677 3748 2756 3791 est
2784 3736 2821 3789 Β
2847 3751 3011 3805 usque
3041 3737 3107 3789 ad
3140 3736 3190 3789 id
3214 3736 3353 3805 quod
3381 3746 3463 3788 est
3488 3735 3527 3788 Ε*

1940 3831 2116 3882 minus
2141 3845 2262 3885 esse
2288 3832 2514 3883 semitnn
2541 3845 2626 3881 um
2670 3836 2982 3897 pcrnotatur
3002 3868 3016 3891 ,
3044 3827 3083 3879 F
3111 3842 3237 3880 vero
3275 3836 3434 3896 atque
3465 3826 3524 3891 P,

1940 3922 2081 3977 idem
2125 3936 2311 3975 rursus
2356 3922 2696 3976 semitoniqu
2749 3918 3261 3973 minus‘includuut.
3292 3920 3335 3972 A
3365 3918 3527 3985 igitur

1941 4027 2109 4082 usque
2139 4011 2205 4066 ad
2237 4012 2273 4065 Ρ
2304 4010 2540 4082 quinque
2579 4000 2734 4064 tonos
2770 4026 2833 4063 ac
2863 4010 2968 4063 duo
3009 4008 3290 4062 semitonia
3318 4010 3525 4061 minora

1941 4090 2360 4172 produxitJure
2387 4103 2544 4171 igitur
2577 4102 2615 4155 P
2635 4110 2796 4169 atque
2822 4101 2862 4153 (Ξ
2892 4099 3093 4154 eisdem
3127 4099 3366 4154 numeris
3394 4113 3526 4177 conq-

1936 4196 2265 4251 scribuntur.
2298 4194 2402 4250 Sed
2422 4194 2671 4264 quoniam
2697 4193 2833 4247 inter
2861 4190 2900 4246 F
2927 4188 3086 4261 atque
3115 4189 3155 4244 C
3179 4188 3521 4267 semitonium

1937 4288 2115 4341 minus
2142 4296 2245 4352 est,
2279 4286 2555 4340 videamus
2590 4284 2702 4338 haec
2739 4298 2856 4353 qua:
2887 4282 2954 4335 sit
2986 4296 3170 4335 eorum
3201 4279 3524 4343 dilIerentia,

1937 4388 1993 4431 ut
2022 4394 2141 4433 eam
2168 4379 2418 4432 commati
2446 4388 2841 4445 comparemus.
2868 4374 2961 4426 Est
2987 4360 3187 4424 autem.
3210 4384 3396 4424 eorum
3422 4370 3524 4423 dif-

1938 4468 2161 4522 ferentia
2188 4468 2399 4533 2662l,
2432 4476 2487 4521 et
2513 4467 2587 4519 sit
2610 4465 2675 4518 ha
2694 4478 2723 4518 c
2752 4464 2818 4516 bl.
2853 4462 3013 4530 Igitur
3040 4460 3083 4512 Κ
3113 4461 3392 4512 commatis
3418 4459 3523 4512 dif-

1938 4557 2160 4611 ferentia
2189 4566 2298 4620 est,
2330 4555 2375 4607 Μ
2407 4564 2579 4627 autem
2618 4551 2886 4607 scmitonii
2934 4550 3175 4602 min0ris.
3206 4548 3260 4603 Si
3292 4546 3449 4614 igitur
3480 4547 3524 4601 Κ

1858 4655 1910 4715 ι)
1936 4640 2217 4702 numerum
2259 4644 2414 4697 tertio
2460 4643 2797 4705 auxerimus,
2844 4640 2931 4693 lict
2956 4652 3212 4691 numerus
3233 4636 3433 4691 ‘3”59.
3460 4638 3524 4691 Et

1939 4741 2011 4793 sit
2038 4737 2122 4790 ltic
2142 4735 2204 4788 L.
2232 4735 2287 4788 Si
2315 4747 2441 4787 vero
2469 4740 2663 4801 quater
2680 4728 2926 4783 eumdem
2960 4740 3239 4781 numerum
3270 4727 3313 4781 Κ
3347 4728 3523 4781 multi-

1939 4828 2138 4897 plicare
2166 4824 2489 4880 voluerimus
2510 4864 2525 4888 ,
2558 4822 2687 4876 ﬁent
2710 4820 2888 4874 286ιὲ
2910 4861 2924 4885 ,
2952 4828 3007 4874 et
3034 4819 3105 4873 sit
3133 4818 3233 4873 hoc
3254 4819 3317 4873 N.
3362 4818 3524 4889 Igitur

1938 4919 1983 4973 M
2017 4918 2183 4985 major
2211 4916 2422 4986 quidem
2450 4926 2528 4970 est
2560 4914 2627 4968 ab
2666 4913 2738 4979 L;
2771 4914 2909 4967 idem
2942 4921 3119 4987 autem
3167 4912 3215 4966 Μ
3248 4911 3420 4966 minor
3440 4921 3523 4967 est

1934 5010 2003 5064 ab
2036 5008 2100 5064 N.
2133 5009 2238 5064 Sed
2268 5007 2310 5062 N
2337 5016 2524 5077 quater
2545 5015 2712 5061 aucto
2739 5013 3004 5059 commate
3034 5003 3328 5065 succrevit;
3356 5001 3394 5055 L
3422 5014 3521 5055 au-

1816 5140 1823 5146 .
1880 5116 1887 5163 ί
1935 5108 2042 5154 tem
2067 5103 2243 5162 tertio,
2268 5098 2313 5151 Μ
2341 5112 2467 5151 vero
2497 5096 2764 5173 semitonii
2792 5093 3015 5148 mitioris
3042 5092 3245 5147 obtinet
3269 5090 3522 5145 differen-

1939 5191 2092 5244 tiam.
2121 5189 2245 5246 Iure
2274 5189 2431 5259 igitur
2460 5188 2661 5241 dictum
2693 5195 2771 5241 est
2815 5186 2990 5238 minus
3035 5181 3378 5237 semitonium
3423 5180 3520 5232 mi-

1942 5297 2038 5335 -us
2062 5280 2274 5351 quidem
2304 5282 2606 5349 essequam
2631 5288 2858 5348 quatuor
2877 5282 3164 5339 commata,
3199 5271 3369 5340 majus
3392 5283 3522 5323 vero

1936 5388 2095 5439 quam
2126 5374 2244 5425 tria.

1779 5860 1799 5887 ε
1833 5846 2068 5902 Νιτεδ-δε.
2146 5841 2169 5879 ά
2204 5843 2439 5897 Neruae.
