4160 6256
229 443 364 497 1245

1531 430 1618 484 ΒΕ
1658 426 1905 486 MUSICA
1929 424 2072 480 ιω.
2117 421 2222 477 Νι

3325 449 3332 461 -.
3364 415 3501 475 1243

227 569 389 624 supra
418 564 488 622 qu
525 564 628 620 que
664 546 966 615 descriptus
993 552 1078 598 est
1111 541 1344 596 524288.
1387 542 1650 608 Apotome
1681 553 1812 622 vero
1840 542 1891 605 Α
1914 551 2034 604 quae
2074 534 2143 587 sit
2175 531 2478 624 differentia
2507 531 2648 624 inter
2687 529 2728 582 C
2753 537 2913 624 atque
2945 530 2986 583 D
3017 532 3501 624 numerostconsth

231 647 394 700 distat
417 643 486 696 ab
514 655 580 696 eo
615 639 754 708 quod
801 645 882 694 est
929 638 995 690 Α.
1029 635 1076 688 is
1106 647 1362 688 numerus
1383 669 1398 698 ,
1431 632 1518 698 qui
1549 630 1818 698 colligitur

1924 635 2056 679 tuta.
2084 624 2180 678 Esi.
2212 634 2389 691 autem
2425 623 2500 688 E,
2538 623 2741 676 scilicet
2777 622 3041 698 unitatem
3074 621 3234 674 7l53.
3270 621 3506 676 Demon-

231 733 524 790 unitatibus
572 727 804 791 531441,
855 735 909 782 et
934 727 1020 780 sit
1059 733 1086 761 ι
1125 725 1223 776 boc
1257 720 1318 773 C.
1355 721 1614 786 Quoniam
1657 721 1817 787 igitur
1920 725 2150 770 stratum
2183 724 2267 768 est
2294 713 2453 782 igitur
2484 721 2667 767 tonum
2697 711 2902 766 duobus
2944 713 3242 767 scmitoniis
3282 713 3505 768 minori-

231 831 277 884 Δ
312 827 350 881 Β
373 825 552 880 minus
573 819 912 876 semitonium
938 855 954 880 ,
995 818 1038 871 Α
1059 815 1100 869 C
1131 812 1302 880 majus
1322 852 1338 875 ,
1370 809 1667 864 dili‘ereutia
1703 809 1818 876 ejus
1922 806 2022 862 bus
2044 814 2306 862 commate
2333 820 2451 859 esse
2476 804 2752 873 majorem.

226 915 375 987 ,quud
419 922 502 969 est
527 912 565 966 Β
586 911 653 967 ab
680 925 746 964 eo
767 907 1009 977 quodest
1040 905 1080 958 C
1111 900 1464 972 perquirenda
1494 909 1598 956 est.
1635 899 1705 953 Ea
1735 909 1820 953 est

231 1005 435 1071 70l55,
479 1004 536 1060 id
579 1001 649 1057 sit
691 1001 754 1055 Β.
786 998 891 1054 Sed
941 996 1029 1050 hic
1069 1009 1325 1058 numerus
1370 992 1569 1046 dudum
1613 1005 1821 1046 eontnta

233 1097 597 1157 monstrabat;
632 1095 768 1148 inter
793 1090 966 1158 majus
995 1087 1153 1158 igitur
1179 1085 1525 1141 semitonium
1553 1098 1618 1138 ac
1647 1086 1824 1140 minus

230 1200 448 1250 eorum:
475 1184 831 1243 diﬂerentiam
862 1182 1008 1236 facit.
1564 1179 1566 1182 '

659 1390 885 1443 seti-ltum.
1049 1390 1106 1450 /
1183 1390 1366 1446 ιῖυιρηςιι

510 1390 590 1522 /
686 1446 845 1482 minus
957 1390 1050 1518 \l
1177 1431 1220 1479 i)
1275 1431 1391 1479 Διοῦ

498 1526 1550 1610 ιέιιιιιιιι

1033 1514 1264 1526 ο-ο-ι

427 1520 830 1531 ——.'————-——-

254 1523 320 1532 ———_

1027 1603 1750 1615 ————_____—_——_———-

501 1527 784 1609 ΓἿΓῨ
843 1533 852 1604 ι
1010 1536 1044 1580 tt
1189 1527 1199 1601 |
1358 1532 1392 1578 t;

1177 1701 1512 1709 ψ-

217 1767 220 1770 ⁴
505 1723 710 1910 \
911 1701 1536 1968 apolomc/
1653 1787 1658 1792 ‘

711 1909 908 1968 \\,
1105 1965 1131 1968 _

727 1918 1131 1976 \\___’

229 2061 443 2114 Rursus
469 2060 947 2114 demonstrandum
980 2076 1220 2128 [il‘OpttllO
1265 2069 1445 2112 tonum
1485 2060 1697 2112 duobus
1744 2073 1828 2111 se-

231 2149 481 2203 mitoni‘s
508 2149 802 2202 minor‘btts
833 2150 950 2203 solo
981 2157 1248 2203 commate
1277 2163 1397 2203 esse
1431 2153 1708 2218 majorem.
1745 2148 1830 2204 Sit

227 2244 270 2294 Α
311 2256 566 2294 numerus
599 2242 821 2295 i72592.
849 2243 929 2296 Ab
952 2247 1051 2318 hoc
1075 2242 1380 2296 intendatur
1411 2252 1565 2296 tonus
1587 2240 1823 2308 55H”,

217 2341 286 2386 et
321 2332 395 2385 sit
425 2331 522 2385 hoc
553 2331 594 2385 D
619 2332 685 2385 ab
715 2347 779 2386 eo
812 2347 939 2386 vero
973 2332 1114 2399 quod
1146 2342 1227 2386 est
1256 2331 1299 2386 Α
1331 2332 1638 2386 intendatur
1665 2331 1823 2386 semi-

223 2422 444 2475 tonium
473 2421 669 2485 minus,
692 2421 830 2486 quod
855 2422 1015 2495 ρει-Β,
1035 2437 1096 2476 ac
1113 2423 1180 2476 sit
1212 2419 1249 2475 Β
1269 2419 1502 2476 497661.
1525 2419 1652 2476 l'cm
1677 2422 1825 2476 abeo

225 2512 380 2581 quod
403 2519 488 2567 est
512 2512 549 2565 Β
571 2512 912 2586 sem’touium
941 2511 1086 2567 aliud
1111 2513 1420 2567 intendatur
1451 2513 1625 2568 minus
1642 2556 1656 2581 ,
1681 2514 1820 2583 quod

225 2613 316 2658 est
340 2603 404 2668 C,
427 2611 481 2658 et
500 2604 568 2658 sit
587 2602 628 2658 C
650 2601 882 2659 52‘288.
906 2603 1166 2678 Quoniam
1196 2603 1356 2676 igitur
1386 2606 1424 2657 Α
1462 2604 1510 2658 D‘
1532 2613 1685 2658 tonus
1707 2612 1822 2669 est,

225 2695 272 2748 Α
301 2693 350 2748 C
381 2707 506 2746 vem
533 2693 642 2746 duo
662 2695 939 2768 continent
969 2683 1493 2748 minora'setnitonia
1516 2695 1824 2748 :videamus

1951 1149 1987 1362 ί
2147 1149 2368 1645 “"“j
2491 1149 2598 1383 j
2802 1149 2839 1364 j’
3186 1213 3345 1298 m
3458 1155 3481 1720 ἠ

2001 1406 2076 1479 Α
2333 1425 2341 1489 l
2407 1453 2410 1456 -
2460 1401 2534 1487 B
2585 1371 2648 1381 ἢ
2858 1398 2932 1484 C
3094 1384 3475 1502 II

2019 1532 2295 1606 4.72392
2371 1529 2610 1628 {+9766
2632 1521 2674 1596 4
2788 1521 3039 1637 54288
3091 1555 3102 1624 ί
3150 1533 3458 1641 guttat—

1951 955 2454 1362 ﬂio-7‘

2147 1135 2330 1180 minus
2346 1111 2394 1362 (

2147 1135 2330 1180 minus

1931 2233 2038 2290 Sed
2069 2235 2321 2304 quoniam
2357 2235 2534 2288 omnii
2570 2235 2678 2302 jam
2702 2247 2818 2302 qua:
2857 2227 3128 2302 probanda
3166 2223 3510 2297 promisimus

1931 2329 2146 2398 propria
2177 2328 2385 2383 ratione
2416 2335 2707 2382 monstrata
2733 2335 2858 2380 sunt
2878 2366 2892 2388 ,
2924 2333 3065 2378 nunc
3097 2319 3237 2392 quod
3268 2330 3512 2390 superest

1933 2423 2151 2478 musicae
2192 2423 2548 2488 institutioni,
2578 2419 2837 2492 regularis
2880 2415 3229 2474 monocbordi
3276 2409 3513 2470 iacienda

1950 1382 1951 1394 l

1949 1399 1951 1414 l

1916 2521 2014 2569 est
2057 2513 2294 2584 partitio.
2342 2513 2512 2582 Quam
2560 2527 2673 2568 rem
2716 2508 2965 2582 quoidam
3003 2507 3217 2578 longior
3267 2509 3517 2560 tractatus

1930 2603 2210 2672 extendit,
2244 2603 2298 2662 in
2333 2602 2648 2676 posterioris
2692 2599 3072 2676 commentarii
3106 2595 3515 2675 disputationem

1931 2677 2241 2760 censuimus
2272 2674 2694 2752 transferendam
3065 2674 3072 2678 ‘
3345 2697 3348 2701 ’

235 2798 3465 2826 Www—M

1201 2889 1210 2897 '
1301 2905 1724 3044 Lmen
1785 2864 2436 3072 QUARTUS.

1677 3093 2053 3110 ﬂ

665 3257 670 3260 _
753 3201 982 3260 CAPUT
1021 3197 1305 3260 PRlllUll.
1854 3199 1900 3260 C
1931 3197 2163 3256 dissonae
2202 3217 2363 3260 vr-ces
2405 3205 2784 3259 exaudiuntur.
2834 3205 3098 3260 Consonat
3132 3201 3346 3274 quidem
3387 3209 3515 3258 sunt

423 3294 616 3352 l'ocum
645 3293 958 3362 diﬂ‘emuiaa
986 3295 1038 3348 in
1063 3293 1345 3363 quantitate
1365 3290 1654 3347 consistere.
1931 3308 2051 3363 quae
2095 3293 2255 3349 simul
2305 3297 2470 3366 pulsa:
2521 3311 2742 3352 suavem
2787 3297 3218 3368 permixtumque
3271 3296 3408 3350 inter
3455 3309 3518 3349 se

300 3391 427 3447 Etsi
469 3389 646 3445 omnia
691 3401 812 3458 qtta:
870 3385 1282 3442 demonstranda
1331 3394 1490 3440 erunt
1533 3383 1828 3454 superioris
1931 3385 2262 3456 conjungunt
2305 3405 2528 3454 sonum;
2573 3390 2809 3444 dissona:
2839 3405 2966 3446 vero
3003 3405 3123 3460 qua:
3162 3388 3321 3442 simul
3350 3387 3518 3456 pulsae

216 3484 354 3538 libri
383 3481 706 3536 tractatione
735 3478 1081 3548 digessimus,
1119 3492 1221 3532 non
1250 3479 1473 3546 pmnitet
1503 3485 1678 3531 tamen
1712 3491 1826 3530 rur-
1933 3490 2039 3528 non
2069 3477 2301 3531 reddunt
2331 3493 2549 3534 suavem
2591 3494 2765 3548 neque
2808 3481 3129 3549 permixtum
3176 3493 3389 3532 sonum.
3425 3476 3518 3530 llis

213 3587 324 3627 sus
352 3572 554 3628 andem
593 3570 826 3624 breviter
863 3569 1136 3624 memoria:
1167 3568 1525 3635 recolligenda
1549 3579 1825 3637 praescire,
1935 3565 2092 3636 igitur
2122 3568 2190 3622 ita
2213 3569 2585 3638 prtedictis,de
2609 3571 3043 3640 proportionibus
3069 3584 3234 3640 pauca
3255 3568 3518 3623 dicamus.

215 3680 358 3718 eum
379 3661 621 3732 quadam
647 3659 957 3714 diversitate
987 3667 1273 3726 tt-actttas,
1318 3668 1373 3712 ut
1401 3659 1489 3713 itis
1529 3673 1715 3712 rursus
1762 3656 1829 3712 ad
1851 3709 1866 3720 ,

207 3753 566 3809 memoriam
597 3751 948 3806 redeuntibus
970 3749 1037 3803 ad
1079 3750 1278 3818 regulae
1311 3749 1634 3806 divisionem
1659 3788 1676 3813 ,
1724 3761 1830 3817 quo

211 3855 344 3901 tota
377 3842 560 3900 tendit
583 3843 855 3904 intentio,
891 3841 1188 3895 veniamus.
1220 3839 1273 3895 Si
1317 3840 1455 3894 foret
1495 3855 1673 3895 rerum
1715 3853 1829 3893 om-

209 3941 382 3993 nium
416 3935 600 4005 quies,
633 3934 808 3988 nul-lus
848 3933 1084 3988 auditum
1112 3947 1279 3987 sonus
1311 3933 1515 3988 feriret.
1566 3933 1622 3987 ld
1652 3941 1831 3987 autem

2555 3743 2784 3801 CAPUT
2822 3744 2887 3800 ll.

2203 3879 2428 3932 Diversa:
2457 3878 2518 3931 de
2546 3877 2822 3931 intervallis
2850 3875 3237 3947 speculationes.

219 4030 430 4096 ﬁeret,
460 4027 717 4096 quoniam
759 4025 1092 4080 cessantibus
1137 4025 1348 4080 cunctis
1395 4026 1624 4080 motibus
1673 4024 1833 4077 nulla

219 4122 377 4176 inter
409 4133 478 4175 se
507 4133 594 4174 res
621 4117 830 4186 pulsum
857 4119 1099 4172 cierent:
1135 4126 1192 4170 ιιι
1222 4118 1378 4186 igitur
1401 4118 1474 4172 sit
1509 4131 1642 4181 vox,
1677 4116 1830 4184 pulsu

217 4220 309 4266 est
340 4223 516 4279 opus.
550 4208 653 4263 Sed
687 4218 743 4264 ut
762 4209 832 4263 sit
853 4209 1240 4276 rulsus,motus
1264 4223 1483 4266 necesse
1511 4219 1590 4263 est
1618 4216 1834 4262 antece-

217 4305 342 4357 dat.
382 4303 462 4357 lit
485 4316 612 4369 ergo
657 4300 726 4354 sit
755 4315 886 4362 vox,
914 4312 1114 4356 motum
1145 4315 1265 4354 esse
1313 4317 1532 4356 necesse
1579 4310 1680 4356 est.
1728 4299 1831 4356 Sed

219 4393 418 4448 omnis
449 4400 630 4445 motus
653 4388 812 4448 habet
837 4388 888 4442 in
915 4403 974 4442 se
1002 4399 1108 4441 tum
1137 4389 1472 4444 velocitatem
1495 4431 1510 4454 ,
1535 4400 1644 4444 tum
1672 4393 1831 4445 etiam

221 4483 582 4538 tarditatem.
618 4482 671 4534 Si
707 4480 864 4549 igitur
903 4478 973 4531 sit
1015 4478 1197 4531 tardus
1241 4479 1292 4531 in
1340 4481 1589 4547 pellendo
1635 4491 1830 4548 motus,

1949 4010 1958 4016 ⁸
2005 4035 2061 4090 Si
2094 4034 2431 4089 intervallum
2472 4032 2751 4100 multiplex
2785 4031 2992 4086 binario
3031 4029 3436 4096 multiplicetur,
3463 4027 3516 4082 id

1935 4125 2073 4196 quod
2134 4125 2190 4177 lit
2229 4139 2294 4178 ex
2339 4123 2438 4177 hac
2481 4119 2922 4190 multiplicatione
2964 4119 3333 4183 intervallum,
3383 4116 3522 4172 mul-

1919 4217 2098 4286 ‘tiplex
2123 4224 2229 4271 est.
2250 4216 2328 4270 Sit
2351 4212 2625 4281 multiplex
2666 4210 3006 4265 intervallum
3039 4209 3078 4263 Β
3113 4210 3186 4277 C,
3207 4213 3273 4262 'et
3313 4209 3352 4261 Β
3383 4205 3521 4262 mul-

1914 4311 2102 4381 atiplex
2153 4310 2270 4380 ejus
2310 4306 2455 4378 quod
2483 4315 2566 4362 est
2596 4305 2673 4369 (Ξ.
2701 4315 2755 4360 et
2793 4306 2882 4359 (lat
2917 4312 2976 4358 ut
3007 4311 3092 4358 est
3115 4301 3248 4356 C‘ad
3273 4301 3346 4364 Β,
3379 4301 3449 4354 ita
3479 4299 3522 4353 Β

1935 4400 2000 4454 ad
2025 4401 2087 4454 Β.
2119 4397 2381 4468 Quoniam
2405 4397 2564 4466 igitur
2590 4396 2629 4449 Β
2653 4395 2928 4461 multiplex
2951 4403 3054 4457 est,
3077 4392 3192 4461 ejus
3209 4389 3356 4461 quod
3376 4397 3459 4443 est
3477 4388 3520 4441 ϐ

1935 4491 2154 4546 metitur
2178 4491 2218 4546 Ο
2248 4490 2527 4551 terminus,
2552 4488 2603 4541 id
2634 4487 2773 4555 quod
2797 4496 2877 4540 est
2902 4483 2960 4549 Β,
2995 4485 3077 4538 vel
3106 4484 3207 4546 bis,
3231 4483 3312 4536 vel
3337 4482 3515 4544 tertio,

217 4576 472 4644 gravior
510 4572 750 4628 redditur
801 4586 987 4627 sonus.
1033 4569 1166 4623 Nam
1219 4579 1276 4623 ut
1332 4571 1551 4625 tarditas
1593 4575 1832 4637 proxima
1863 4579 2024 4641 Dvel
2049 4580 2332 4647 deinceps,
2366 4586 2419 4634 et
2453 4583 2538 4630 est
2578 4583 2638 4628 ut
2677 4575 2718 4627 C
2753 4574 2820 4626 ad
2847 4574 2912 4634 Β,
2942 4574 3012 4626 ita
3041 4573 3078 4624 Β
3106 4571 3172 4624 ad
3206 4571 3266 4623 1).
3302 4569 3520 4623 Metitur

217 4663 468 4717 stationi
498 4671 602 4725 est,
633 4659 706 4714 ita
735 4659 965 4729 gravitas
990 4659 1237 4727 contigua
1262 4659 1630 4714 taciturnitati.
1665 4663 1832 4717 Velox
1912 4669 2097 4738 .lgilut'
2124 4672 2164 4721 Β
2191 4666 2449 4722 terminus
2479 4665 2529 4718 id
2583 4665 2724 4733 quod
2773 4670 2858 4717 est
2901 4663 2965 4715 D.
3003 4659 3263 4728 Quocirca
3303 4661 3427 4730 quia
3473 4660 3524 4714 ‘C

219 4769 368 4810 vero
414 4764 600 4808 motus
621 4762 831 4808 acutam
860 4753 1101 4807 voculam
1137 4759 1370 4820 prastat.
1404 4747 1688 4818 Praterea,
1719 4769 1836 4822 quae
1913 4759 2200 4813 terminus
2239 4757 2290 4810 id
2332 4755 2476 4825 quod
2516 4764 2599 4810 est
2645 4755 2684 4808 Β
2712 4753 2950 4817 metitur,
2979 4751 3233 4807 metietur
3260 4752 3423 4806 etiam
3455 4748 3519 4804 [Ι.

217 4829 428 4918 gravis
484 4854 566 4899 est
593 4886 606 4909 ,
655 4847 958 4901 intensione
1002 4844 1266 4899 decrescit
1314 4844 1380 4898 ad
1424 4843 1678 4898 medium.
1706 4843 1837 4911 Qua:
1939 4847 2214 4917 Muitiplex
2258 4847 2543 4916 estigitur
2587 4847 2626 4900 Ι)
2671 4846 2788 4916 ejus
2831 4844 2971 4914 quod
2999 4854 3082 4898 est
3117 4844 3188 4908 C,
3223 4847 3278 4898 et
3303 4851 3390 4898 ett
3417 4837 3524 4896 CD

221 4954 368 4994 vero
387 4944 599 5001 .acuta,
645 4939 958 4992 remissione
985 4935 1249 4990 decrescit
1277 4934 1342 4988 ad
1384 4934 1639 4989 medium.
1684 4933 1836 4989 Unde
1941 4937 2310 5003 intervallum,
2343 4937 2594 4992 enectum
2621 4952 2684 4992 ex
2727 4937 3027 5005 compositu
3056 4935 3136 4990 bis
3165 4935 3524 5004 copulatoqtte

222 5034 288 5086 lit
321 5041 390 5085 ut
415 5031 602 5084 omnis
626 5045 787 5084 sonus
817 5031 964 5099 quasi
997 5045 1058 5083 ex
1083 5029 1397 5096 quibusdam
1423 5029 1660 5098 partibus
1687 5043 1836 5082 com-
1939 5033 2155 5087 sib’rnt-t
2179 5041 2234 5085 et
2265 5045 2359 5100 per
2385 5030 2649 5085 binarittm
2690 5030 3047 5099 multiplicato
3076 5031 3114 5083 Β
3140 5030 3182 5083 C
3208 5027 3523 5083 intervallo.

224 5124 458 5191 positus
500 5112 620 5173 esse
663 5119 922 5176 videatur.
969 5121 1153 5174 Omnis
1195 5130 1371 5174 autem
1431 5120 1658 5186 partium
1719 5135 1841 5174 ουηι
1921 5124 1998 5177 -Ιη
2030 5123 2265 5177 numeris
2289 5137 2502 5191 quoque
2530 5122 2669 5176 idem
2711 5115 2983 5191 probatur.
3009 5121 3094 5176 Sit
3129 5122 3269 5176 enim
3309 5122 3348 5174 Β
3385 5119 3451 5174 ad
3485 5119 3530 5172 Ο

217 5211 455 5280 junctio
491 5210 720 5277 quadam
759 5211 1101 5279 proportione
1152 5211 1524 5264 committitur.
1575 5211 1838 5266 Sonorttm
1919 5215 2191 5283 ~duplttm,
2223 5221 2283 5266 ut
2312 5214 2548 5268 binarius
2573 5213 2637 5266 ad
2669 5214 2960 5278 unitatem,
2992 5221 3046 5267 et
3077 5213 3166 5266 liat
3193 5222 3249 5266 ut
3279 5213 3319 5268 C
3346 5211 3414 5266 ad
3447 5211 3526 5275 Β,

222 5303 406 5372 igitur
441 5300 759 5368 conjmctio
794 5300 1224 5369 proportionibus
1250 5302 1538 5355 constituta
1575 5310 1676 5356 est.
1710 5302 1840 5356 Pro-
1940 5303 2013 5358 itn
2046 5303 2176 5360 Bad
2207 5303 2275 5358 Ι).
2296 5301 2411 5358 Erit
2439 5303 2598 5373 igitur
2626 5303 2669 5356 D
2709 5304 3104 5373 quaternarius.
3138 5303 3408 5369 Multiplex
3435 5313 3524 5358 est

222 5395 539 5466 portiones
561 5404 736 5449 autem
769 5394 1132 5463 principaliter
1159 5394 1474 5448 innumeris
1497 5394 1841 5449 eomiderau-
1925 5402 2118 5453 .autem
2142 5393 2181 5446 Β
2217 5392 2281 5446 ad
2304 5393 2342 5445 C
2362 5431 2376 5457 ,
2401 5393 2452 5446 id
2478 5402 2561 5447 est
2584 5393 2819 5448 binarius
2843 5394 2910 5447 ad
2937 5394 3218 5448 unitatem.
3245 5388 3520 5460 Multiplex

220 5495 350 5550 tur,
382 5483 684 5555 proportio
721 5499 848 5538 vero
885 5484 1109 5553 simplex
1141 5499 1485 5539 numerorum
1515 5484 1600 5539 vel
1630 5487 1683 5540 in
1704 5487 1843 5541 mul-
1924 5495 2022 5539 est
2053 5485 2095 5538 υ
2123 5484 2190 5538 ad
2216 5483 2286 5549 Β,
2319 5483 2371 5537 id
2403 5491 2485 5537 est
2512 5485 2886 5553 quaternarins
2926 5483 2989 5537 ad
3021 5483 3310 5538 binarium.
3343 5481 3521 5536 Multi-

219 5575 572 5645 tlplicibus,
600 5575 680 5628 vel
719 5574 768 5626 in
796 5575 1369 5642 superparticularibus
1389 5613 1416 5639 ,.
1441 5575 1526 5630 vel
1567 5576 1618 5630 in
1651 5591 1839 5644 super-
1940 5576 2061 5645 plex
2089 5584 2172 5630 est
2197 5575 2356 5645 igitur
2383 5575 2424 5630 ι)
2448 5576 2828 5645 quaternarius
2848 5576 2913 5630 ad
2941 5577 2982 5630 ϐ
3003 5578 3281 5631 unitatem.
3307 5576 3400 5628 Est
3421 5588 3518 5628 au-

217 5663 620 5739 partientibus
661 5665 951 5720 invenitur.
999 5665 1302 5721 Secundum
1342 5681 1472 5722 vero
1513 5668 1834 5738 multiplices
1939 5675 2046 5722 tem
2099 5665 2427 5737 quadruplus
2474 5669 2850 5736 quaternarius
2901 5667 3158 5732 unitatis,
3214 5673 3268 5720 et
3312 5664 3526 5721 binario

214 5755 634 5831 proportiones
654 5799 668 5825 ,
711 5756 796 5812 vel
842 5756 1355 5827 superparticulares
1378 5798 1393 5827 ,
1448 5773 1698 5814 consona:
1750 5759 1831 5814 vel
1938 5759 2285 5831 multiplictta
2317 5757 2574 5814 medietas
2601 5759 2739 5832 quod
2772 5769 2854 5817 est
2885 5759 3215 5815 intervallum
3247 5758 3286 5812 Β
3312 5758 3378 5814 C.

292 5881 322 5906 ι
375 5859 526 5916 υἷές
