4160 6256
256 343 376 398 lim

251 553 378 623 quod
409 561 490 605 est
519 551 558 603 (Σ
580 547 680 604 erit
711 547 1011 617 multiplex.
1037 545 1093 600 Si
1120 546 1264 598 enim
1291 552 1374 597 est
1403 555 1454 596 et
1488 543 1528 596 D
1554 542 1669 610 ejus
1692 541 1831 608 quod

250 653 323 698 est
364 646 432 706 12,
469 653 548 696 εει
581 639 881 708 multiplex.
932 641 997 693 At
1036 650 1142 691 non
1181 645 1297 699 est,
1342 649 1446 688 nou
1477 635 1577 688 crit
1607 635 1766 701 igitur
1794 631 1832 682 Β

248 737 354 802 ejus
385 732 527 804 quod
559 744 636 786 est
667 731 707 785 C
739 729 1040 799 multiplex.

646 901 1536 1076 /_\

816 1279 827 1348 l
995 1292 1024 1338 6
1200 1276 1212 1348 1
1409 1276 1438 1319 9
1649 1276 1660 1348 1

500 1107 574 1186 κ]
852 1121 954 1170 Non
978 1107 1229 1170 multiplex

278 1207 1024 1554 ίιῖ-ῖιῖ

589 1414 752 1537 9,.
786 1404 1024 1554 ..η-τέ

1175 1654 1278 1703 Non
1303 1653 1551 1712 multiplex

434 1526 606 1554 μνᾷ,
627 1534 662 1537 ν,
681 1531 752 1537 _,_
1041 1526 1088 1531 ._

434 1580 1074 1882 willllipl)\
1069 1711 1088 1734 ί

238 1985 442 2055 Duplex
489 1983 830 2038 intervallum
867 1997 930 2036 ex
961 1981 1171 2038 duobus
1208 1979 1457 2035 maximis
1497 1976 1827 2046 superparti-

235 2077 511 2131 cularibus
533 2116 549 2140 ,
598 2074 947 2144 eonjuugitur
991 2073 1346 2143 sesqu‘altero
1376 2078 1431 2124 et
1463 2067 1844 2137 sesquitertio;

233 2169 314 2223 Sit
335 2168 483 2222 enim
508 2168 549 2220 A
572 2165 786 2235 quidem
809 2166 927 2233 ejus
946 2165 1086 2234 quod
1109 2175 1191 2220 est
1214 2164 1252 2218 Β
1274 2160 1610 2230 sesquialter,
1641 2159 1680 2212 Β
1701 2173 1830 2213 vero

231 2261 353 2328 ejus
394 2259 535 2328 quod
568 2267 650 2313 est
679 2256 718 2311 C
758 2257 1154 2326 sesquitertius.
1190 2256 1322 2310 Dico
1362 2253 1612 2324 quoniam
1641 2255 1683 2306 A
1714 2251 1831 2319 ejus

229 2351 380 2418 quod
412 2361 491 2417 εει
519 2347 559 2401 C
588 2347 781 2416 duplex
806 2355 908 2401 εει.
934 2346 1193 2414 Quoniam
1224 2346 1382 2414 igitur
1409 2342 1730 2410 sesquialter
1751 2349 1833 2395 est

233 2443 274 2493 Α
311 2439 433 2508 ejus
465 2437 606 2508 quod
637 2446 716 2491 est
741 2437 802 2500 Β,
831 2437 988 2504 igitur
1010 2439 1052 2491 A
1080 2436 1236 2490 habet
1259 2436 1311 2488 in
1339 2449 1397 2487 se
1426 2442 1593 2486 totum
1625 2431 1664 2485 Β
1689 2432 1830 2498 ejus-

227 2546 339 2599 que
367 2528 672 2584 dimidium.
710 2527 828 2580 Duo
853 2527 1012 2596 igitur
1036 2528 1078 2580 A
1103 2526 1240 2595 aequi
1267 2532 1388 2579 sunt
1418 2523 1586 2578 tribus
1613 2522 1670 2576 Β.
1702 2521 1832 2575 Rur-

1201 1280 1213 1360 I
1409 1280 1438 1319 "
1549 1280 1670 1360 #1.

1074 1371 1115 1730 ᾇ
1175 1653 1551 1712 Noumultiplcx
1607 1510 1633 1702 ᾗ

1449 1741 1576 1827 /

1085 1624 1132 1716 /

228 2635 325 2674 sus
355 2621 611 2689 quoniam
644 2619 682 2670 Β
714 2617 831 2684 ejus
861 2617 1000 2684 quod
1027 2626 1110 2671 est
1137 2618 1176 2671 C
1197 2614 1568 2684 sesquitertius
1598 2623 1702 2680 est,
1736 2623 1760 2649 °
1793 2613 1832 2666 Β
1857 2609 1859 2612 ’

226 2713 402 2782 igitur
429 2711 592 2764 habet
618 2708 681 2770 C,
720 2717 772 2761 et
799 2707 915 2775 ejus
949 2709 1158 2762 tertiam
1191 2715 1418 2774 partem.
1445 2706 1579 2759 Tres
1607 2706 1766 2774 igitur
1797 2706 1834 2756 Β

226 2802 378 2872 aequi
412 2811 536 2853 sunt
564 2798 630 2852 ad
675 2808 905 2867 quatuor
935 2799 997 2850 (ἶ.
1076 2796 1212 2852 Tres
1241 2806 1418 2850 autem
1448 2796 1489 2848 Β
1518 2795 1654 2863 mqui
1685 2802 1839 2848 erant

1562 333 1647 386 DE
1689 329 1933 388 MUSICA
1981 332 2104 386 LIB.
2153 330 2233 385 l‘t'.

250 462 356 529 ejus
389 458 526 527 quod
555 453 702 510 estC
737 452 1036 525 multiplex.
1072 450 1200 508 Dico
1229 448 1482 519 quoniam
1514 465 1611 504 nec
1645 450 1683 502 Β
1713 448 1827 517 ejus
1863 451 1907 507 A

3372 331 3505 384 1250

2152 943 2405 957 ____.._—

2491 477 2635 516 β
2866 477 2914 486 ‘

2630 665 2824 727 Triplex

2491 792 3198 1014 “:1”?

2495 835 2624 1076 ‘—.
2686 982 2721 1028 Β
3092 971 3126 1016 ι;

2491 1197 2545 1233 ex
2664 1167 2687 1376 ἶ
2923 1172 3220 1235 Sesquialter

1930 1519 1988 1573 Si
2042 1520 2397 1589 srsquialtero
2448 1518 2730 1574 intervallo
2778 1515 3180 1586 sesquitertium
3245 1513 3516 1584 demptum

1932 1612 2094 1666 fuerit
2136 1613 2471 1665 intervallum
2492 1655 2505 1676 ,
2540 1612 2644 1665 erit
2674 1610 2813 1678 quod
2845 1609 3161 1677 relinquitur
3191 1607 3518 1675 sesquiccta-

1929 1718 2074 1756 vum.
2108 1703 2190 1757 Sit
2218 1704 2361 1758 enim
2389 1705 2430 1756 A
2462 1702 2676 1771 quidem
2699 1702 2813 1770 ejus
2835 1702 2976 1770 quod
3009 1709 3089 1754 est
3118 1700 3157 1752 Β
3181 1699 3520 1769 sesquialter,

1852 1833 1902 1891 Β
1931 1805 1986 1850 at
2022 1811 2151 1851 vero
2193 1794 2234 1849 C
2273 1797 2390 1864 ejus
2419 1795 2558 1864 quod
2603 1803 2684 1849 est
2727 1794 2768 1847 Β
2798 1792 3167 1862 sesquitertius
3195 1807 3209 1845 :
3240 1791 3362 1846 dico
3389 1806 3520 1860 quo-

1933 1889 2073 1942 niam
2103 1888 2146 1942 Α
2177 1887 2296 1956 ejus
2317 1885 2457 1955 quod
2488 1894 2570 1940 est
2599 1885 2639 1939 C
2688 1885 3090 1952 sesquioctavus
3129 1892 3232 1938 est.
3259 1883 3521 1946 Quoniam

1929 1981 2071 2035 enim
2098 1983 2140 2034 Α
2170 1981 2287 2048 ejus
2308 1978 2450 2048 quod
2475 1988 2558 2032 est
2582 1978 2622 2032 Β
2643 1977 2959 2045 scsquialter
2983 1983 3087 2039 est,
3114 1977 3153 2028 A
3181 1973 3339 2042 igitur
3363 1972 3522 2025 habet

1931 2071 1984 2126 in
2015 2086 2073 2126 se
2103 2071 2141 2124 Β
2171 2080 2222 2125 ει
2254 2070 2371 2138 ejus
2397 2068 2671 2123 dimidiam
2706 2076 2930 2136 partem.
2960 2067 3094 2120 Octo
3126 2064 3284 2134 igitur
3311 2063 3350 2116 Α
3385 2062 3522 2131 ιεᾳυί

1931 2173 2058 2218 sunt
2087 2164 2154 2218 ad
2197 2163 2481 2217 duodecim
2529 2163 2586 2216 Β.
2621 2161 2826 2215 Rursus
2871 2159 3122 2228 quoniam
3154 2157 3196 2211 C
3236 2156 3353 2223 ejus
3381 2154 3523 2226 quod

1928 2264 2014 2310 est
2043 2256 2083 2308 B
2113 2255 2485 2324 sesquitertius
2512 2261 2627 2317 est,
2655 2252 2695 2307 C
2726 2253 2882 2321 igitur
2911 2250 3069 2305 habet
3097 2250 3148 2304 in
3179 2263 3238 2304 se
3267 2249 3307 2302 Β
3333 2259 3387 2303 ει
3412 2256 3524 2302 ter-

1934 2349 2060 2402 tiam
2083 2347 2214 2416 ejus,
2235 2357 2464 2415 partem.
2493 2345 2694 2400 Novem
2727 2343 2886 2413 igitur
2912 2343 2953 2397 (Ζ
2979 2342 3116 2412 :equi
3151 2348 3276 2396 sunt
3303 2340 3367 2394 ad
3394 2341 3526 2396 duo-

1933 2439 2107 2492 decim
2136 2439 2195 2490 Β.
2232 2437 2520 2492 Duodecim
2552 2437 2591 2490 Β
2620 2434 2759 2502 timui
2786 2443 2938 2490 erant
2968 2433 3032 2488 ad
3063 2442 3188 2488 octo
3211 2435 3285 2496 A;
3325 2441 3380 2486 et
3405 2443 3528 2485 octo

1935 2529 2095 2598 igitur
2121 2529 2164 2582 Α
2194 2527 2334 2598 tequi
2362 2537 2488 2583 sunt
2514 2527 2579 2582 ad
2611 2541 2798 2581 novem
2818 2525 2882 2581 C.
2914 2526 3074 2595 Igitur
3095 2526 3136 2580 A
3165 2538 3352 2594 aequus
3375 2533 3456 2578 est
3477 2523 3527 2576 ei

1935 2619 2077 2687 quod
2105 2626 2192 2672 est
2219 2619 2281 2682 C.
2311 2628 2366 2672 et
2395 2629 2596 2672 oetam:
2626 2618 2742 2686 ejus
2771 2618 2926 2686 parti.
2956 2618 3000 2672 A
3032 2617 3192 2686 igitur
3235 2616 3355 2685 ejus
3384 2617 3526 2684 quod

1934 2721 2022 2765 εει
2049 2711 2089 2764 C
2119 2711 2524 2777 sesquioctavus
2550 2717 2653 2763 est.
2687 2709 2750 2762 Et
2778 2711 2828 2762 in
2856 2712 3091 2762 numeris
3117 2707 3527 2776 sesquialterum

1937 2802 2152 2870 quidem
2184 2801 2522 2855 intervallum
2551 2799 2620 2852 sit
2650 2800 2973 2854 novenarius
3004 2800 3069 2853 ad
3095 2799 3389 2862 senarium,
3419 2811 3533 2851 ses-

1938 2892 2250 2961 quitertium
2272 2905 2402 2946 vero
2421 2890 2731 2944 octonarius
2751 2890 2816 2944 ad
2837 2891 3132 2946 senarium.
3149 2889 3352 2945 Novem
3372 2888 3534 2959 igitur

1940 2984 2004 3038 ad
2036 2991 2158 3038 octo
2182 2981 2555 3052 sesquioctava
2587 2981 2862 3050 proportio
2884 2990 2985 3036 est.

224 2892 459 2945 duobus
484 2889 548 2942 Α.
581 2888 694 2941 Duo
719 2887 878 2956 igitur
899 2885 943 2958 ᾼ
971 2887 1106 2956 τεαυί
1128 2893 1253 2940 ευηι
1272 2884 1338 2938 ad
1361 2892 1586 2953 quatuor
1611 2884 1651 2937 C
1670 2899 1683 2945 ;
1702 2897 1856 2943 unus.

222 2983 404 3050 igitur
436 2981 476 3032 Α
519 2993 704 3049 aequus
732 2989 814 3034 est
843 2977 1052 3032 duobus
1079 2976 1200 3038 CC,
1230 2975 1436 3044 Duplex
1469 2973 1573 3028 erit
1609 2974 1767 3042 igitur
1796 2974 1838 3026 A

222 3073 351 3142 ejus
388 3068 488 3138 qui
518 3069 690 3134 estC,
722 3076 779 3122 et
820 3067 871 3121 iu
902 3068 1161 3120 numeris.
1212 3065 1296 3121 Sit
1339 3065 1480 3120 enim
1523 3063 1840 3134 sesquialtcr

226 3166 294 3219 12
324 3165 400 3219 ad
438 3165 496 3229 8,
523 3162 897 3231 sesquitertius
918 3176 1048 3217 vero
1075 3161 1108 3217 8
1132 3160 1199 3214 ad
1226 3159 1259 3214 6
1290 3179 1301 3214 :
1330 3174 1459 3228 ergo
1494 3158 1558 3212 l9.
1587 3159 1650 3211 ad
1682 3157 1714 3212 6
1744 3156 1840 3211 du-
1873 3206 1918 3264 Ο

221 3260 409 3328 plices
443 3265 590 3310 sunt.

2170 3264 2356 3467 //
2614 3333 2912 3398 Sesquiallei'
3363 3387 3366 3390 λ

2317 3536 2346 3580 9
2686 3529 2716 3573 8
3097 3513 3128 3558 6

2170 3615 2420 3718 —-:-
2692 3657 2728 3706 ρ
2910 3466 3365 3749 -τ-σ

2167 3615 2420 3628 __.__——-

2764 3872 2825 3987 ί
2907 3901 3178 3959 Sesquiler.
3243 3872 3343 3988 /

2317 3536 2346 3580 9
2686 3529 2716 3573 8
3097 3513 3128 3558 6

1981 3628 2044 3637 ’”
2322 3672 2360 3718 Α
2692 3657 2728 3706 c
3105 3641 3139 3688 ιι

1295 3886 1379 3897 —-
1462 3931 1496 3980 ρ
2132 3803 2773 4113 Quum)
2907 3863 3338 4084 Sea—ty

1295 4165 1522 4225 esquiter.
1954 4196 2060 4232 ρων
2091 4195 2461 4232 “mmmam:
2488 4209 2575 4232 an
2593 4195 2870 4232 "ﬁmum.
2903 4192 3134 4232 mnhrm
3163 4203 3282 4232 cum
3310 4211 3338 4232 ῃ

801 3452 906 3496 /

555 3621 619 3694 //
1012 3621 1201 3685 Duplex
1598 3621 1672 3694 \
1981 3628 2044 3637 ’-

2322 3672 2360 3718 Α

649 3791 717 3871 is
861 3796 874 3883 ι
1041 3816 1069 3858 ες
1249 3791 1258 3883 t
1455 3791 1870 3883 64,...
2132 3791 2135 3822 ί

649 3825 704 3871 ta
1041 3816 1069 3858 8
1455 3803 1484 3841 δ
1717 3865 1830 3883 Α,

276 3803 1263 4038 "ti—TiTi
1319 3803 1718 4112 :j

450 4041 674 4112 5""
834 4037 1314 4112 "“T‘T"

2473 3949 2974 4112 _/\
3005 4038 3178 4084 ..κ

450 4000 674 4074 εφη
834 4000 1718 4082 νιηρτρ--γιιι--φ--τι
2227 4000 2372 4082 \
2604 4000 2741 4082 /
2787 4000 2974 4082 \

1954 4196 2060 4250 Sex
2091 4195 2462 4265 proportiones
2488 4195 2870 4264 scsquioctava
2903 4192 3135 4264 majores
3163 4203 3285 4250 sunt
3310 4209 3415 4248 uno
3447 4195 3544 4248 du-

451 4041 674 4074 μ---αο
753 4051 790 4056 ---
834 4044 1176 4179 -η-η-Ϋ-ν

451 4100 547 4254 \_
655 4179 981 4240 Sesquialler.
1042 4184 1076 4237 \
1115 4037 1308 4254 [ﬂ

1955 4289 2078 4358 plici
2107 4289 2408 4343 intervallo.
2439 4287 2520 4344 Sit
2549 4289 2690 4342 enim
2737 4286 2952 4355 quidem
2999 4303 3250 4342 numerus
3283 4286 3348 4352 A,
3383 4286 3541 4356 hujus

1955 4389 2135 4434 autem
2183 4381 2253 4435 sit
2280 4381 2681 4451 sesquioctavus
2721 4381 2780 4445 Β,
2812 4379 2840 4418 ι’
2873 4379 3032 4448 hujus
3062 4381 3458 4448 sesquioctavus
3484 4379 3549 4441 (3.

1955 4481 2010 4527 et
2039 4473 2198 4540 hujus
2245 4469 2648 4540 Sesquioctavus
2681 4473 2743 4537 Β,
2774 4481 2825 4526 ει
2860 4472 3020 4539 hujus
3056 4473 3458 4540 sesquioctavus
3490 4471 3549 4532 F,

208 4550 299 4650 mf
327 4549 571 4650 αυιξιῑεῖ
605 4548 1072 4650 ἰηιετνθιιίζοεείιυξε
1123 4551 1475 4650 ξθεψιίθιιοτίξ
1515 4551 1706 4650 ME“?!
1750 4569 1850 4605 "3‘
1886 4593 1936 4650 D
1959 4563 2187 4631 ejusque
2229 4564 2632 4630 sesquioctavus
2665 4560 2730 4623 G,
2773 4571 2934 4630 atque
2967 4561 3124 4630 hujus
3153 4563 3552 4629 sesquioctavus

217 4643 413 4696 scitur
443 4640 835 4696 intervallum.
863 4639 942 4695 Sit
971 4639 1168 4694 euimA
1191 4639 1307 4709 ejus
1328 4640 1467 4712 quod
1490 4653 1570 4694 est
1587 4641 1845 4710 Bduplex,

1966 4653 2030 4707 K.
2063 4653 2116 4707 Id
2141 4663 2319 4707 autem
2345 4655 2432 4706 iiat
2453 4652 2742 4706 secundum
2770 4651 3096 4720 descriptmn
3127 4652 3174 4704 in
3207 4649 3550 4704 Aritlimetira

206 4731 250 4784 Β
285 4743 501 4788 autem
542 4731 672 4800 ejus
701 4732 843 4803 quod
876 4742 957 4787 est
985 4731 1024 4786 C
1062 4733 1405 4803 sesquialter.
1439 4733 1568 4787 Dico
1605 4734 1845 4804 quoniam

1966 4743 2214 4806 modum,
2261 4751 2314 4795 et
2365 4741 2472 4795 sint
2521 4742 2726 4795 numeri
2775 4744 2813 4796 A
2849 4742 2889 4796 Β
2917 4742 2956 4794 C
2991 4741 3032 4794 D
3064 4741 3103 4794 F
3133 4741 3176 4796 G
3208 4740 3284 4804 K,
3332 4751 3386 4795 et
3411 4742 3481 4794 sit
3513 4743 3556 4795 Α

201 4826 246 4877 Δ
279 4823 424 4892 ejus
454 4823 624 4892 quod
659 4831 741 4876 est
779 4821 820 4876 C
853 4823 1040 4891 triplex
1075 4830 1174 4877 est.
1212 4824 1344 4878 Nam
1391 4825 1641 4893 quoniam
1672 4823 1712 4877 Α
1741 4824 1845 4894 ejus

1964 4828 2199 4896 262144,
2227 4828 2386 4897 hujus
2406 4838 2581 4883 autem
2608 4830 3013 4900 sesquioctavus
3035 4829 3124 4898 qui
3151 4838 3230 4882 est
3254 4829 3292 4881 Β
3321 4828 3552 4890 294919,

201 4916 362 4984 quod
401 4925 507 4973 est
547 4913 599 4967 Β
625 4912 823 4982 duplex
852 4923 954 4978 est,
987 4915 1030 4968 A
1063 4915 1224 4988 igitur
1251 4931 1433 4985 aequus
1460 4925 1543 4971 est
1564 4916 1772 4971 duobus
1795 4916 1854 4970 Β.
1968 4920 2129 4990 hujus
2167 4931 2343 4976 autem
2389 4919 2792 4990 sesquioctavus
2834 4920 2923 4989 qui
2953 4930 3034 4973 εει
3063 4921 3102 4971 C
3136 4919 3363 4980 551776,
3398 4917 3555 4986 hujus

199 5010 439 5064 Rursus
478 5007 764 5077 quoniam
813 5007 851 5059 Β
899 5006 1015 5075 ejus
1045 5007 1188 5076 quod
1225 5017 1307 5061 est
1343 5005 1384 5062 C
1411 5009 1730 5078 sesquialter
1757 5018 1858 5072 est,
1967 5021 2144 5071 autem
2190 5014 2589 5083 se-quioclavus
2632 5013 2720 5082 qui
2749 5023 2830 5067 est
2857 5013 2897 5065 Ι)
2926 5010 3157 5072 575⁵248,
3196 5010 3350 5080 hujus
3380 5021 3556 5064 autem

200 5101 242 5152 lt
273 5102 466 5170 igitur
495 5099 686 5153 habet
707 5099 757 5151 in
780 5113 838 5153 se
863 5109 1031 5153 totum
1055 5099 1094 5154 (Ζ
1119 5111 1169 5153 ει
1192 5101 1308 5168 ejus
1331 5099 1607 5154 dimidiam
1635 5109 1858 5169 partem.
1970 5105 2202 5174 sesquiot
2225 5115 2377 5157 tavus
2408 5105 2497 5174 qui
2529 5113 2611 5158 est
2641 5104 2677 5156 F
2703 5103 2935 5166 419904,
2969 5103 3124 5171 hujus
3149 5111 3323 5154 autem
3355 5101 3559 5170 sesqui-
3617 5133 3620 5138 ι

199 5193 336 5245 Duo
377 5193 588 5271 igitur
636 5189 678 5242 Β
717 5190 854 5258 τεᾳυί
895 5200 1019 5243 sunt
1059 5190 1226 5244 tribus
1272 5192 1335 5245 C.
1364 5190 1469 5245 Sed
1499 5191 1605 5245 duo
1643 5193 1681 5245 Β
1726 5193 1862 5261 :rqui
1970 5212 2003 5250 o
2039 5206 2191 5250 tavus
2221 5197 2308 5265 qui
2338 5206 2416 5250 est
2442 5196 2482 5249 G
2510 5195 2740 5257 472392,
2773 5194 2924 5263 hujus
2957 5204 3132 5249 autum
3161 5195 3559 5260 sesquioctavus

193 5294 373 5337 erant
403 5283 516 5336 uni
560 5283 643 5344 A,
678 5289 732 5334 et
757 5297 892 5335 unus
917 5281 1140 5350 igiturA
1170 5296 1353 5350 mqutzs
1383 5292 1462 5336 est
1488 5281 1737 5346 tribusC;
1770 5283 1864 5352 igi-
1972 5287 2062 5355 qui
2099 5295 2179 5339 est
2209 5287 2251 5339 Κ
2285 5286 2516 5341 551441.
2551 5286 2616 5339 lit
2643 5293 2767 5342 sunt
2807 5283 3008 5340 551441
3045 5284 3182 5354 quod
3213 5294 3295 5337 est
3319 5285 3356 5337 Κ
3378 5325 3392 5346 ,
3443 5283 3560 5352 plus

190 5386 287 5429 tur
321 5379 369 5431 Α
414 5390 553 5431 uno
607 5372 658 5427 C
705 5372 896 5442 triplex
947 5364 1047 5428 esi.
1104 5372 1167 5426 Et
1210 5373 1261 5426 in
1294 5374 1530 5428 numeris
1573 5375 1642 5428 sit
1670 5375 1864 5443 duplex
1973 5395 2130 5449 quam
2173 5378 2419 5448 duplices
2448 5390 2468 5416 ε
2504 5379 2567 5431 ad
2597 5378 2824 5431 ducenta
2854 5377 2922 5431 60
2952 5379 3057 5432 duo
3094 5378 3257 5430 millia
3289 5376 3387 5430 144
3420 5374 3558 5444 quod

186 5469 450 5532 quidem
482 5464 768 5520 senarius
799 5473 949 5517 terna
984 5464 1057 5529 io,
1089 5465 1406 5533 sesquialter
1429 5481 1555 5519 vero
1580 5463 1862 5533 ternarius,
1975 5482 2055 5523 cst
2079 5472 2140 5523 Α.
2165 5470 2267 5523 Sex
2296 5471 2456 5539 igitur
2473 5470 2858 5538 sesquioctava:
2881 5467 3254 5538 proportiones
3277 5466 3562 5535 ampliores

185 5557 466 5612 liiuario.
510 5555 805 5611 Senarius
838 5554 997 5622 igitur
1026 5553 1215 5624 ttiplex
1248 5563 1330 5610 est
1357 5556 1583 5610 hinario.
1978 5571 2100 5614 sum
2134 5577 2238 5615 uno
2266 5546 2462 5630 duplici
2491 5560 2788 5614 intervallo.

262 5767 288 5791 ε·
335 5751 815 5834 ΒῃίῃίηίζιΙωὺει
861 5755 912 5805 iu
939 5771 990 5806 se
1035 5764 1213 5809 totum.
1291 5755 1316 5791 ¹ι
1357 5755 1524 5825 Hujus
1551 5768 1736 5810 autem.
1822 5771 1840 5794 ο

1947 5761 2177 5818 ducentis
2207 5763 2468 5834 sea-agitata
2491 5763 2685 5817 duobus
2717 5761 2937 5817 millibus
2965 5761 3082 5816 144.
3130 5761 3233 5816 Sed
3277 5757 3380 5812 ἐστ
3422 5759 3566 5812 lectio

170 5842 288 5880 non
323 5819 537 5896 plai‘el
568 5819 872 5877 Clareauo.
