4160 6256
1855 291 1956 345 ΑΝ.
1999 288 2200 343 ΜᾹΝΒ.
2240 288 2390 344 εεν.
2434 287 2651 344 ΒΟΕΊἹΙ

3735 284 3860 337 1258

2210 400 2261 458 Α
2293 399 2524 469 hypaten
2566 410 2750 451 meson
2780 400 3105 462 comparata,
3138 391 3187 446 id
3211 399 3291 447 est
3310 391 3353 447 (ἓ
3382 392 3442 458 Β,
3468 389 3690 447 distabit
3714 402 3855 449 tono.

1054 471 1196 535 αδδ,
1234 475 1292 557 δ’

1295 527 1514 607 αρατόη

838 624 1196 715 μειαρειῐει
1478 675 1490 688 .
1626 680 1630 689 ,

672 724 1008 1001 ἔροινθ’
1612 788 1795 909 ραδῥῆ

684 944 888 1130 Amm"
993 1051 1014 1056 ,
1270 959 1502 1068 [Pupia
1887 957 1916 1070 λ
2027 1000 2035 1006 ,

726 1254 847 1366 ei”
1011 1269 1088 1389 εξ
1294 1280 1402 1431 Eg
1621 1307 1674 1367 ην
1834 1290 1837 1291 ί

835 1368 943 1451 ι,
1079 1370 1121 1420 4.
1336 1402 1337 1411 η
1658 1361 1722 1413 ες.
1974 1357 2050 1369 ..κ

947 1403 1298 1551 Μ’ηὲξῆ
1396 1419 1645 1539 Ὦένλιο,

687 1719 742 1779 Α
987 1705 1908 1808 9323323le

725 1836 792 1899 ⁸⁵η,
813 1862 861 1917 τε
1086 1804 1242 1893 Ηγεῶ
1282 1814 1889 1932 “sua

792 1948 981 2086 .\\\‘(1
1259 1965 1458 2024 Ι-οἳδκποε
1507 1961 1592 2029 by?
1615 1858 2042 2073 dial.¢p.R§)
2112 1976 2151 2042 ..η

699 2062 872 2211 Ἐφ’
2058 2047 2151 2197 ,Α

823 2172 1469 2342 ἥοίίχὲἬη
1533 2178 1897 2303 Νέιιιιχριςμς.
1959 2162 2029 2253 ,ᾖξ’

650 2506 858 2573 Quanto
884 2503 1109 2573 spatium
1133 2499 1304 2571 majus
1333 2498 1457 2562 erit,
1480 2505 1620 2551 tanta
1652 2492 1823 2564 major
1846 2488 2103 2562 gravitas;
2127 2488 2219 2542 ubi

652 2610 780 2650 vero
806 2592 1002 2660 minus,
1023 2594 1093 2649 ibi
1126 2594 1295 2662 major
1323 2590 1540 2645 acutics.
1574 2588 1706 2641 Dum
1735 2578 1860 2648 ergo
1886 2581 1925 2636 Α
1948 2582 1989 2635 Β
2011 2581 2060 2633 in
2090 2593 2221 2647 qna-

652 2687 836 2754 druplo
878 2686 1049 2754 spatio
1091 2682 1299 2739 excedit
1336 2682 1377 2736 Ε
1406 2682 1468 2743 Β,
1500 2679 1601 2733 erit
1645 2684 1788 2731 recte
1818 2670 2219 2741 proslambano-

651 2790 838 2829 menos
864 2777 919 2829 in
955 2772 1251 2842 quadrnplo
1287 2770 1514 2833 gravior,
1547 2776 1601 2822 et
1626 2766 1666 2821 Β
1696 2765 1737 2819 Β
1768 2761 1973 2819 acutior
2003 2761 2053 2814 in
2083 2767 2219 2828 qua-

651 2864 859 2933 druplo,
886 2873 938 2919 et
957 2864 1141 2918 eadem
1164 2861 1360 2916 chorda
1390 2862 1428 2915 A
1454 2860 1494 2912 Β
1515 2858 1578 2911 ad
1607 2857 1645 2910 Ρ
1670 2858 1709 2910 Β
1750 2864 1833 2910 est
1856 2851 2218 2921 sesquinctava

653 2956 844 3023 spatio,
887 2940 1049 3021 quare
1078 2962 1204 3007 tono
1229 2951 1296 3004 ab
1323 2950 1363 3003 F
1387 2950 1423 3002 Β
1452 2947 1710 3007 vincitur;
1742 2945 1842 2998 erit
1870 2958 1997 3012 ergo
2026 2940 2221 3011 hypate

653 3046 903 3114 hypaton.
929 3042 1125 3095 Eadem
1149 3053 1332 3094 rursus
1356 3039 1420 3092 ad
1441 3037 1480 3091 C
1505 3036 1543 3090 Β
1564 3034 1896 3103 sesquitertia
1920 3039 2001 3085 est
2021 3030 2214 3099 spatio,

653 3135 755 3188 rrit
794 3148 921 3203 ergo
952 3133 992 3186 C
1017 3133 1056 3185 Β
1087 3131 1342 3200 chbanos
1368 3129 1597 3199 hypaton
1628 3126 1890 3179 diatonos.
1922 3123 2241 3190 Vincetque"

538 3250 553 3257 ο
655 3227 692 3275 t‘.
719 3224 758 3278 Β
787 3224 837 3277 in
868 3218 1109 3278 acumine
1141 3222 1311 3288 ipsum
1353 3222 1390 3273 Α
1421 3219 1461 3271 Β
1485 3216 1830 3271 consonantia
1860 3214 2214 3267 diatessaron.

656 3317 875 3381 Insuper
904 3316 1040 3368 idem
1074 3317 1109 3367 Α
1139 3314 1178 3367 Β
1197 3312 1368 3380 spatio
1394 3309 1609 3379 duplum
1642 3302 1720 3361 est
1753 3305 1815 3359 ad
1848 3306 1888 3357 Β
1915 3304 1985 3367 Β;
2017 3304 2117 3356 erit
2144 3302 2227 3357 id-

656 3406 801 3459 circo
823 3405 1066 3455 acumine
1092 3402 1306 3470 duplum
1330 3401 1499 3467 ipsum
1533 3400 1575 3451 Β
1604 3398 1642 3452 Β
1673 3396 1736 3449 ad
1768 3396 1809 3450 Α
1839 3395 1897 3448 Β.
1930 3394 1993 3448 Et
2016 3392 2095 3446 sic
2120 3391 2160 3444 Ο
2182 3391 2224 3444 Β

659 3503 814 3547 neten
841 3493 1116 3561 Ityperboi.
1146 3493 1465 3551 constituet,
1498 3489 1637 3558 quod
1666 3489 1852 3542 doctus
1878 3487 2048 3541 lector
2074 3482 2226 3537 facile

658 3585 981 3651 conspicitur
1005 3584 1128 3637 dum
1154 3584 1359 3636 acutius
1385 3581 1795 3649 contemplatur.

674 3700 681 3703 τ
732 3668 987 3743 Superior
1016 3668 1144 3728 vero
1174 3674 1457 3739 descriptio
1487 3673 1734 3725 inferiora
1770 3670 1912 3733 signa
1942 3682 2059 3735 quze
2094 3680 2226 3721 con-

662 3767 821 3832 tinet,
866 3768 980 3835 ejus
1010 3774 1133 3820 sunt
1178 3763 1579 3831 descriptionis,
1629 3761 1716 3813 ubi
1762 3756 1980 3813 chordis
2022 3758 2228 3811 notulas

659 3858 1037 3926 opposuimus,
1083 3854 1333 3923 quoniam
1379 3867 1559 3908 earum
1608 3850 1821 3904 nomina
1860 3848 2089 3917 longum
2137 3848 2231 3902 fuit

660 3948 946 4001 ascribere.
974 3947 1101 4000 Item
1133 3945 1176 3999 si
1206 3945 1249 4000 Δ
1277 3943 1317 3998 Β
1344 3945 1507 3999 tribu;
1542 3939 1886 3996 incisionibus
1916 3939 2227 4008 partiamur,

664 4036 763 4091 erit
784 4052 904 4104 pars
931 4038 1081 4092 tertia
1111 4037 1152 4090 Α
1175 4036 1239 4091 G.
1272 4045 1298 4076 ⁸
1330 4037 1456 4090 Due
1480 4035 1638 4103 Igitur
1659 4031 1897 4100 ejusdem
1924 4038 2078 4085 erunt
2099 4030 2141 4084 (Ξ
2168 4031 2228 4083 Β.

664 4126 980 4180 Consonahit
1030 4127 1188 4193 igitur
1227 4126 1267 4179 Α
1306 4126 1345 4178 Β
1383 4108 1945 4193 proslambanomenos
1993 4120 2057 4175 ad
2104 4121 2144 4175 G
2169 4121 2229 4186 Β,

664 4230 781 4281 qum
817 4224 899 4268 est
938 4215 1132 4284 hypate
1186 4228 1367 4267 meson
1392 4257 1406 4281 ,
1455 4213 1705 4279 diapente
1739 4211 2136 4266 consonantiam
2179 4210 2230 4264 in

665 4304 1009 4371 proportione
1036 4302 1380 4370 sesquialtera
1409 4302 1778 4365 constitutam;
1824 4303 1864 4357 C
1887 4302 1926 4355 Β
1960 4310 2135 4355 autem
2165 4301 2231 4355 ad

665 4396 710 4448 Ω
735 4394 773 4447 Β
813 4394 912 4448 erit
938 4393 964 4432 ιτ
996 4393 1391 4461 εθείιυὶοᾚινθ,
1426 4403 1474 4446 et
1509 4392 1801 4447 continebit
1837 4391 2051 4453 tonum,
2079 4380 2235 4459 idque

666 4488 852 4541 ordine
871 4488 1030 4541 cadit.
1071 4487 1199 4540 Nam
1238 4485 1493 4554 chhanos
1514 4483 1746 4553 hypaton
1777 4485 2051 4547 diatonos,
2076 4484 2127 4536 id
2152 4493 2234 4538 est
2262 4542 2308 4554 _
2336 4482 2899 4553 proslambanomenon
2937 4478 3284 4538 describatur,
3322 4473 3409 4543 qui
3437 4472 3511 4525 sit
3538 4469 3705 4529 92M};
3737 4465 3904 4520 mini~
3995 4466 4005 4476 '

2282 490 2338 544 Si
2371 496 2547 542 autem
2567 487 2683 556 ejus
2704 500 2824 555 quae
2844 483 2983 539 estC
3010 485 3046 537 Β
3067 492 3305 554 quartam
3330 493 3534 552 partem
3559 497 3859 554 sumpsero,

2283 577 2387 630 erit
2418 576 2458 631 C
2481 577 2545 630 Κ.
2594 576 2755 644 Igitur
2799 574 2839 628 Β
2865 574 2902 627 Β
2931 575 2995 626 ad
3026 573 3069 627 Κ
3099 573 3136 626 Β
3160 583 3183 611 ο
3226 573 3431 628 obtinet
3468 575 3860 643 sesquitertiam

2284 666 2706 734 pro;.ortionem,
2736 664 2780 717 K
2800 663 2839 717 Β
2866 672 3042 717 autem
3075 663 3142 716 ab
3167 678 3227 717 ea
3252 678 3369 732 quae
3397 672 3481 718 est
3519 664 3563 717 D
3586 665 3627 717 Β
3654 666 3859 734 sesqui-

2280 767 2463 810 octava
2496 754 2840 824 proportione
2878 751 3112 808 distabit.
3156 753 3273 807 Erit
3317 752 3477 823 igitur
3499 753 3543 807 Κ
3565 755 3606 808 Β
3643 755 3853 823 quidem

2287 848 2544 918 chhanos
2566 847 2814 901 diatonos
2840 861 3043 909 meson,
3070 853 3125 899 et
3149 846 3254 899 erit
3274 845 3314 900 C
3340 846 3397 911 Β,
3424 845 3476 900 id
3496 856 3577 902 est
3607 847 3856 919 chbanos

2288 938 2521 1009 hypaton
2547 936 2825 1001 diatonos,
2866 935 2931 989 ad
2976 936 3015 988 Ii
3038 935 3099 1001 Β,
3130 934 3181 989 id
3213 943 3294 989 est
3324 935 3582 1006 chhanos
3608 938 3859 993 diatonon

2292 1027 2477 1082 meson
2519 1026 2852 1080 diatessaron
2893 1024 3297 1079 consonantiam
3322 1026 3616 1080 continens.
3657 1016 3865 1081 Rursus

2292 1119 2343 1183 si
2367 1119 2486 1188 ejus
2515 1134 2633 1189 qua:
2673 1128 2754 1173 est
2786 1119 2827 1171 Β
2855 1118 2894 1171 Β
2923 1132 3117 1171 nonam
3165 1126 3370 1185 partem
3413 1132 3718 1189 sumpsero,
3761 1120 3866 1173 erit

2295 1213 2427 1268 mihi
2459 1213 2499 1265 Β
2528 1212 2588 1267 L.
2633 1211 2800 1279 Igitur
2827 1209 2867 1263 L
2893 1209 2931 1262 Β
2966 1211 3068 1263 erit
3109 1224 3402 1278 paramese.
3450 1210 3503 1266 Si
3530 1194 3701 1264 autem
3742 1208 3866 1278 ejus

2297 1317 2416 1371 qua:
2454 1311 2534 1355 est
2577 1299 2617 1353 Β
2642 1302 2678 1353 Β
2709 1310 2948 1368 quartam
2989 1306 3191 1366 partem
3231 1311 3543 1367 sumpsero,
3582 1299 3684 1353 erit
3720 1300 3763 1353 Β
3788 1299 3859 1352 Μ.

2302 1393 2464 1463 Igitur
2486 1391 2533 1444 M
2563 1391 2599 1442 Β
2624 1390 2725 1443 erit
2746 1396 2864 1442 nete
2890 1401 3295 1458 synemtnenon.
3326 1387 3379 1441 Si
3405 1397 3578 1442 autem
3608 1386 3725 1455 eius
3754 1403 3872 1455 quae

2305 1493 2388 1539 est
2409 1484 2448 1537 Β
2472 1465 2511 1535 Β
2534 1481 2742 1535 tertiam
2768 1490 2970 1547 partem
2992 1491 3289 1545 sumpsero,
3316 1477 3418 1532 erit
3442 1477 3481 1530 Β
3503 1476 3567 1531 Ν.
3590 1477 3751 1546 Igitur
3773 1476 3815 1530 Ν
3840 1478 3877 1529 Β

2308 1575 2412 1631 erit
2440 1583 2561 1627 nete
2584 1571 3019 1639 diezeugmenon.
3052 1567 3109 1623 Si
3134 1577 3311 1621 autem
3339 1567 3383 1620 K
3410 1567 3449 1620 Β
3477 1569 3529 1621 in
3550 1568 3685 1621 duas
3706 1577 3877 1634 partes

2314 1682 2491 1737 mqttas
2522 1665 2677 1719 fuerit
2710 1664 2879 1718 divisa
2901 1702 2916 1728 ,
2943 1662 3045 1718 erit
3072 1662 3113 1716 K
3139 1661 3182 1716 Χ
3202 1703 3217 1731 ,
3246 1663 3450 1732 eritque
3491 1662 3535 1716 Χ
3565 1662 3603 1716 Β
3634 1672 3879 1733 paranete

2243 1768 2294 1827 B
2321 1758 2699 1830 hyperboleon.

3486 2984 3823 3033 η,

2329 3352 3825 3464 ,ιε-ιιειιτεειηιμςιεικιιιιιιοιέί

2950 3500 3174 3567 CAPU'E
3217 3499 3277 3553 V.

2404 3596 2741 3652 Mouochordt'
2783 3604 3015 3650 natarum
3045 3590 3378 3712 Ιιείῆςνῦοιεοη
3410 3602 3498 3654 per
3523 3584 3625 3637 tria
3652 3596 3837 3656 genere

3004 3679 3092 3712 nar
3120 3678 3135 3712 ι
3160 3676 3226 3712 ιο.

3004 3676 3226 3730 parum.

2405 3759 2551 3813 Nune
2582 3757 2737 3826 igitur
2764 3753 3008 3809 diatonici
3037 3748 3247 3821 generis
3277 3743 3563 3814 descriptio
3596 3742 3731 3796 facta
3751 3750 3834 3795 est
3855 3740 3898 3792 in

2331 3864 2397 3904 eo
2425 3849 2628 3902 scilicet
2651 3845 2808 3900 modo
2832 3845 2919 3914 qui
2944 3854 3026 3899 εει
3053 3840 3344 3910 simplicior
3368 3852 3429 3891 ac
3451 3837 3730 3904 princeps,
3749 3845 3897 3900 quem

2334 3941 2555 4011 Lydium
2591 3950 2979 4005 uuncupamus.
3028 3933 3104 3986 De
3131 3930 3321 4000 quibus
3354 3926 3525 3981 modis
3556 3939 3698 3977 nunc
3740 3922 3898 3974 disse~

2334 4030 2557 4085 rendum
2584 4044 2686 4082 non
2712 4037 2816 4094 est,
2841 4035 2897 4080 ut
2926 4039 3051 4079 vero
3074 4037 3171 4092 per
3194 4022 3291 4074 tria
3314 4032 3508 4089 genera
3535 4022 3721 4068 currat
3739 4012 3900 4065 mixta

2334 4120 2643 4188 descriptio.
2672 4127 2728 4171 et
2751 4116 2996 4171 omnibus
3024 4112 3233 4182 propria
3256 4122 3601 4164 numerorum
3635 4103 3904 4173 pluralitas

2333 4200 2627 4281 apponatur
2656 4210 2721 4263 ad
2746 4204 3135 4263 conservandas
3164 4204 3366 4260 scilicet
3388 4200 3761 4270 proportiones
3782 4237 3797 4259 ,
3821 4192 3904 4247 vel

2335 4312 2575 4356 tonorum
2609 4308 2769 4369 atque
2800 4299 3041 4362 diescOu,
3071 4295 3400 4364 excogitatus
3423 4301 3504 4345 est
3536 4304 3791 4343 numerus
3817 4287 3909 4355 qui

2336 4390 2449 4445 ha-c
2476 4388 2650 4443 omnia
2698 4398 2879 4458 posset
2922 4386 3176 4456 explere,
3222 4392 3280 4438 ut
3309 4381 3570 4435 maximus
3600 4378 3809 4447 quidem
3841 4374 3908 4427 ad

666 4581 707 4631 (Ξ
733 4582 793 4643 Β,
824 4579 888 4632 ad
917 4572 1041 4632 eam"
1060 4594 1177 4645 qum
1200 4585 1279 4631 est
1303 4576 1497 4646 hypate
1519 4590 1731 4635 meson.
1764 4576 1815 4628 id
1841 4574 1921 4629 est
1945 4572 1986 4627 Β
2012 4574 2072 4637 Β,
2101 4588 2232 4627 con-

2314 4570 2455 4628 ‘mus
2485 4587 2611 4626 vero
2648 4572 2829 4643 2504.
2859 4568 3197 4634 Reliquorum
3227 4578 3353 4618 vero
3391 4556 3643 4616 'sonorum
3686 4568 3903 4625 propor-

669 4673 1028 4724 tinettonum.
1070 4669 1272 4722 Rursus
1302 4669 1343 4721 A
1367 4668 1406 4721 Β
1435 4649 1647 4736 quidem
1674 4665 2235 4732 proslambanomeros
2260 4657 2266 4663 ’

670 4761 734 4813 ad
754 4759 793 4813 C
810 4761 848 4813 Β
862 4760 1123 4830 chltanon
1146 4759 1377 4827 hypaton
1398 4756 1641 4809 diatonos
1657 4755 2054 4810 consonantiam
2080 4752 2238 4806 habet
2266 4756 2269 4761 ’

667 4848 993 4903 diatessaron
1017 4892 1029 4910 ,
1063 4849 1103 4901 Α
1127 4848 1168 4899 Β
1214 4855 1386 4900 autem
1427 4844 1985 4913 proslambanomenos
2028 4843 2090 4896 ad
2124 4842 2165 4897 G
2199 4844 2237 4894 Β

669 4940 864 5009 hypate
880 4942 1068 4991 meson
1087 4937 1244 4989 habet
1265 4936 1663 4988 consonantiam
1687 4934 1953 5002 diapente.
1982 4934 2109 4988 Item
2131 4934 2171 4987 C
2196 4934 2235 4986 Β

667 5031 731 5083 ad
759 5031 799 5082 Β
823 5029 882 5089 Β,
912 5030 1064 5082 idest
1098 5026 1352 5096 Iyelianos
1391 5025 1621 5095 hypaton
1663 5025 1905 5078 diatonos
1944 5025 2007 5077 ad
2051 5039 2230 5077 mesen

668 5120 829 5173 habet
867 5112 1177 5172 consonanti
1201 5132 1267 5170 -m
1309 5102 1576 5183 diapente,
1605 5115 1646 5168 G
1670 5116 1709 5168 Β
1739 5124 1913 5169 auth
1939 5115 2001 5168 ad
2036 5115 2076 5167 Β
2100 5115 2155 5172 Β,
2180 5115 2233 5168 id

668 5221 749 5265 est
770 5211 963 5279 hypate
988 5223 1172 5263 meson
1200 5208 1263 5260 ad
1288 5200 1490 5269 mesen,
1514 5207 1671 5259 habet
1697 5221 1928 5260 consona
1972 5206 2097 5259 tiam
2123 5205 2235 5259 dia-
2272 5210 2275 5215 '

667 5312 929 5353 tessaron.
974 5296 1249 5368 Lychanos
1289 5298 1464 5350 autem
1511 5296 1773 5366 hypaton,
1814 5296 1863 5350 id
1897 5305 1977 5349 est
2017 5296 2137 5361 CB,
2168 5298 2231 5350 ad

668 5390 828 5443 Intitts
854 5387 1069 5442 chordae
1111 5387 1297 5441 modus
1317 5430 1331 5449 ,
1364 5385 1430 5439 ab
1459 5400 1523 5440 eo
1543 5384 1680 5454 quod
1710 5394 1791 5437 est
1823 5387 1861 5439 A
1895 5400 2062 5456 usque
2092 5387 2155 5441 ad
2174 5387 2232 5441 id
2270 5394 2271 5401 ‘

668 5479 806 5545 qmid
840 5476 1078 5540 esttLL,
1113 5476 1293 5534 hanc.-
1326 5476 1376 5530 id
1421 5484 1502 5529 est
1548 5476 1619 5537 A,
1664 5472 2232 5542 proslambanomenon

667 5566 806 5621 92I6
832 5563 1047 5629 ditido,
1078 5564 1350 5619 dimidiam
1391 5564 1455 5618 ad
1481 5564 1545 5628 0,
1577 5571 1634 5616 ιιι
1663 5564 1731 5617 sit
1763 5574 1869 5618 tota
1901 5565 1944 5618 Δ
1970 5564 2128 5633 dupla
2166 5565 2232 5617 ab

742 5730 767 5755 ιι
801 5720 943 5783 ρυαι.
1016 5717 1044 5756 ιι
1072 5719 1503 5787 Sesquioclar-um.

2336 4664 2508 4717 tiones
2539 4663 2591 4714 in
2614 4646 2829 4714 horam
2856 4658 3142 4713 medietate
3186 4662 3451 4710 texentur.
3504 4652 3642 4706 Sane
3671 4647 3737 4700 ab
3773 4644 3906 4698 infe-

2337 4755 2479 4810 riore
2502 4751 2835 4821 procedimus
2858 4748 3201 4816 omniumque
3224 4745 3436 4799 nomina
3458 4740 3776 4795 chordarum
3801 4748 3907 4786 non

2335 4846 2507 4899 solum
2556 4840 2891 4906 nominibus,
2935 4854 3120 4893 verum
3167 4837 3326 4890 etiam
3354 4830 3377 4868 ε¹
3411 4830 3671 4901 oppositis
3715 4823 3909 4879 litteris

2336 4935 2785 4989 demonstramus.
2818 4930 2922 4984 Sed
2964 4931 3033 4983 ita
3077 4938 3130 4979 ιιι
3158 4925 3409 4995 quoniam
3450 4921 3603 4975 trium
3647 4928 3910 4985 generum

2335 5033 2419 5079 est
2447 5022 2687 5077 facienda
2717 5022 2949 5087 partitio,
2982 5031 3370 5084 nervorumque
3392 5013 3573 5067 modus
3605 5010 3912 5062 litterarum

2335 5113 2551 5168 excedit
2577 5126 2874 5173 numerum,
2899 5110 2984 5164 ubi
3014 5108 3306 5163 defecerint
3336 5106 3543 5161 litterae.
3572 5097 3789 5153 easdem
3820 5111 3915 5166 ge-

2337 5205 2597 5259 minamus
2638 5194 2820 5255 ru'rsus
2866 5200 2967 5254 hoc
3011 5198 3200 5259 modo,
3239 5206 3294 5250 ut
3322 5191 3532 5266 quando
3570 5188 3635 5242 ad
3662 5188 3703 5241 Ζ
3749 5186 3919 5241 fuerit

2338 5307 2503 5359 usque
2527 5298 2834 5359 pert-cntutu
2857 5329 2871 5351 ,
2914 5289 2983 5341 ita
3019 5285 3380 5341 describant-5
3406 5280 3643 5348 reliquos
3674 5272 3873 5332 nervos
3900 5292 3914 5327 :

2337 5380 2418 5435 bis
2440 5382 2480 5433 Α
2539 5379 2588 5432 id
2619 5386 2701 5433 est
2722 5378 2807 5432 AA
2834 5419 2845 5440 ,
2876 5384 2929 5430 et
2957 5376 3036 5430 bis
3059 5375 3118 5439 Β,
3152 5375 3201 5427 id
3225 5382 3306 5429 cst
3329 5372 3432 5434 BB,
3464 5379 3519 5425 et
3548 5370 3629 5423 h's
3657 5368 3717 5431 C,
3751 5364 3804 5419 id
3836 5374 3921 5419 est

2334 5469 2438 5524 CC.
2467 5469 2547 5524 Sit
2587 5469 2747 5535 igitur
2776 5467 2976 5537 primus
3000 5466 3214 5536 quidem
3242 5478 3497 5519 numerus
3537 5459 3921 5525 maximusque
3968 5532 3973 5539 .

2335 5562 2422 5631 qui
2456 5561 3024 5631 proslambanomenon
3054 5556 3293 5613 obducat
3331 5557 3507 5611 locum
3532 5551 3695 5607 92I6.
3724 5542 3921 5618 Sitque

1583 5732 1603 5757 "
1640 5720 1907 5777 Obtineb'l.
1984 5718 2008 5754 δ
2040 5719 2316 5787 Apposit's.
