4202 6250
343 274 475 328 1257

1630 264 1717 317 DE
1759 261 2004 319 MUSICA
2049 261 2175 315 LIB.
2219 262 2304 316 IV.

3462 270 3595 325 1253

342 406 403 445 ea
429 406 547 460 qua:
585 400 664 445 est
693 390 754 444 Ο.
798 389 925 443 Item
948 366 991 442 Ο
1025 388 1095 441 sit
1133 384 1290 451 dupla
1330 381 1397 434 ab
1425 393 1485 433 ea
1525 394 1644 448 qua:
1688 388 1768 432 est
1806 378 1907 433 LL.
1943 377 1995 435 Α
2020 378 2180 441 tonis,
2211 379 2255 429 si
2286 376 2590 430 distantiam
2634 387 2912 444 paranetes
2946 378 3308 449 hyperboleon
3347 394 3400 438 et
3443 397 3594 441 neten

347 485 462 538 Erit
502 485 657 553 igitur
699 485 741 537 Α
784 482 994 552 quidem
1043 474 1633 548 proslambanomenos,
1665 470 1708 524 Ο
1739 478 1916 523 autem

346 590 515 640 mese,
544 586 595 629 et
627 575 707 628 LL
732 584 853 627 nete
878 570 1264 643 hyperboleon;
1298 563 1511 617 habebit
1541 561 1699 630 igitur
1728 561 1769 613 A
1798 562 1917 629 qui-

348 668 469 721 dem
497 668 654 731 9216,
686 667 729 721 Ο
756 683 883 720 vero
914 668 1098 718 horum
1132 658 1404 715 dimidittm
1428 699 1441 722 ,
1479 654 1527 708 id
1557 663 1641 708 est
1671 654 1831 717 4608,
1864 660 1921 704 ut

348 775 495 814 mese
538 761 601 813 ad
653 758 1218 827 proslambanomenon
1264 750 1522 817 diapason
1572 744 1919 798 consonantia

346 850 648 904 conveniat.
684 850 754 901 Ea
783 862 908 900 vero
933 860 1049 912 qum
1080 852 1160 897 est
1200 840 1283 893 LL
1306 838 1583 892 dimidium
1613 841 1696 889 est
1721 847 1917 896 meses,

350 950 409 995 ut
438 941 506 994 sit
536 939 1091 1007 proslambanomenos
1120 934 1188 985 ab
1227 946 1285 984 ea
1317 945 1435 999 qua:
1466 938 1547 981 est
1576 935 1699 981 nete
1730 924 1921 994 hyper-

347 1030 538 1085 boleon
569 1028 857 1097 quadrupla
879 1066 893 1090 ,
939 1035 993 1078 et
1019 1023 1100 1076 bis
1126 1022 1381 1089 diapason
1411 1018 1476 1071 ad
1517 1031 1633 1071 eam
1666 1020 1923 1079 consonet

345 1118 736 1188 symphoniam,
766 1118 938 1184 sitque
965 1114 1048 1167 LL
1068 1113 1230 1167 2506.
1264 1112 1317 1164 Si
1348 1110 1505 1175 igitur
1525 1123 1588 1161 ex
1608 1104 1749 1159 2504
1778 1112 1922 1158 octa-

343 1227 463 1263 vam
488 1220 512 1246 ι
540 1209 810 1263 abstulero
840 1217 1069 1276 partem,
1105 1204 1154 1257 id
1183 1212 1264 1257 est
1288 1202 1415 1265 288,
1439 1199 1749 1266 eisdemque
1774 1192 1922 1263 adje-

341 1316 496 1364 cero,
532 1300 656 1353 [ient
684 1298 815 1351 mihi
852 1296 998 1351 2592
1018 1336 1032 1358 ,
1064 1296 1271 1361 eritque
1299 1291 1385 1345 NN
1416 1289 1557 1344 2592
1588 1303 1707 1357 quae
1733 1287 1803 1340 sit
1832 1300 1921 1353 pa-

342 1403 527 1445 ranete
556 1390 920 1460 hyperboleon
961 1386 1025 1440 ad
1075 1395 1232 1439 neten
1264 1381 1628 1453 hyperboleon
1674 1376 1922 1431 obtinens

342 1484 647 1537 distantiam
680 1490 885 1534 tonum.
939 1479 1142 1531 Rursus
1180 1476 1296 1544 ejus
1335 1490 1453 1543 qua:
1484 1482 1567 1526 est
1597 1469 1716 1533 NN,
1758 1468 1809 1522 id
1841 1476 1923 1521 est

341 1573 505 1638 2592,
537 1572 720 1625 aufero
749 1580 988 1624 octavam
1020 1584 1138 1637 quae
1169 1576 1249 1621 est
1278 1565 1403 1629 524,
1437 1576 1662 1630 eamque
1685 1560 1762 1614 eis
1790 1572 1921 1628 quo-

345 1678 463 1716 rum
509 1670 593 1716 est
629 1670 815 1715 octava
855 1660 1146 1728 subjungu,
1181 1666 1339 1710 erunt
1365 1655 1527 1718 2916,
1564 1654 1757 1720 lietque
1795 1649 1905 1702 mih

2023 468 2389 538 hyperboleon
2415 468 2668 525 diatonici
2696 470 2907 537 generis
2931 473 3337 540 sumpserimus,
3376 474 3599 542 ejusque

2023 560 2298 613 dimidium
2343 571 2593 628 paranete
2643 562 3023 629 hyperboleon,
3066 578 3183 633 qua:
3226 574 3307 617 est
3346 564 3597 619 diatonici

2023 653 2253 720 generis,
2283 667 2633 718 apponamns,
2673 653 2982 705 habebimus
3015 670 3292 707 nuuierum
3323 655 3493 708 tribus
3522 670 3603 708 se.

2025 743 2257 795 mitoniis
2296 744 2363 795 ab
2393 743 2752 811 hyperboleon
2784 755 2904 798 nete
2932 728 3238 810 distantem,
3271 756 3325 800 et
3360 747 3461 800 erit
3489 748 3605 799 [nec

2025 835 2077 887 in
2108 834 2437 888 chromatico
2465 850 2660 902 genere
2700 845 2951 902 paranete
2978 836 3361 905 hyperboleon.
3404 837 3605 890 Aufero

2028 922 2189 1006 igitur
2218 922 2285 977 de
2311 924 2473 987 2592,
2519 924 2569 976 id
2618 932 2699 977 est
2728 924 2792 977 de
2821 936 3075 993 paranete
3107 926 3467 995 hyperboleon
3500 928 3605 980 dia-

2028 1015 2189 1068 tonici
2222 1016 2433 1083 generis
2472 1013 2631 1079 9.504,
2666 1016 2715 1068 id
2762 1026 2846 1071 est.
2871 1028 2989 1073 nete
3030 1019 3414 1088 hyperboleon,
3448 1020 3605 1073 reliu~

2026 1116 2258 1173 quuntur
2290 1105 2418 1157 mihi
2442 1105 2566 1168 ‘288,
2602 1105 2699 1158 hos
2739 1105 2943 1171 divido,
2988 1116 3146 1160 erunt
3172 1104 3299 1161 mihi
3332 1108 3453 1174 M4,
3482 1122 3606 1162 eos—

2026 1195 2145 1248 dem
2174 1193 2417 1263 adjiciam
2446 1193 2608 1256 2592,
2644 1194 2692 1248 id
2719 1204 2800 1249 est
2831 1207 3083 1264 paranete
3105 1190 3467 1265 hyperboleon
3490 1199 3607 1252 dia-

2028 1287 2187 1341 tonici
2216 1287 2450 1355 generis,
2498 1297 2554 1340 et
2582 1296 2739 1341 erunt
2788 1288 2915 1341 mihi
2947 1288 3087 1343 2756
3123 1306 3134 1339 :
3167 1288 3282 1342 hmc
3320 1290 3421 1343 erit
3459 1284 3605 1359 para-

2026 1389 2150 1433 nete
2177 1379 2542 1449 hyperboleon
2584 1379 2932 1433 chromatica.
2964 1380 3166 1433 Rursus
3191 1382 3442 1449 quoniam
3482 1383 3605 1437 trite

2028 1472 2412 1542 hyperboleon,
2441 1473 2522 1524 vel
2551 1471 2840 1538 diatonica,
2873 1472 2955 1525 vel
2987 1471 3337 1537 chromatica,
3369 1472 3504 1527 duos
3533 1485 3606 1528 to-

2028 1578 2125 1616 nos
2163 1562 2325 1615 distat
2367 1577 2409 1631 a_
2445 1571 2570 1616 nete
2611 1561 3005 1631 hyperboleon,
3061 1572 3114 1635 et
3156 1563 3208 1617 in
3256 1564 3606 1620 enharmonio

2026 1672 2222 1726 genere
2252 1664 2502 1725 paranete
2544 1656 2905 1725 hyperboleon
2936 1656 3142 1710 duobus
3174 1656 3315 1710 tonis
3347 1657 3511 1710 distat
3540 1659 3606 1711 ab

342 1752 431 1807 FF
457 1753 578 1807 trite
618 1751 978 1821 hyperboleon
1025 1750 1267 1802 diatonos
1308 1748 1359 1800 in
1408 1744 1675 1799 diatonico
1718 1740 1923 1795 scilicet
1955 1751 2002 1809 Β
2028 1764 2089 1803 ea
2122 1762 2239 1815 qua:
2272 1754 2352 1799 est
2381 1755 2501 1799 ncte
2526 1745 2882 1815 hyperboleon
2912 1742 2936 1779 ά
2966 1745 3153 1799 eadem
3193 1745 3295 1798 erit
3334 1748 3384 1797 in
3415 1746 3607 1799 ειιιιοιι-

343 1859 541 1913 genere
585 1842 724 1897 2916
767 1849 933 1895 totum
965 1839 1176 1908 quidem
1222 1837 1426 1891 distans
1471 1834 1538 1887 ab
1576 1847 1636 1887 ea
1682 1844 1800 1900 quas
1840 1837 1923 1883 est

346 1942 599 2003 paranete
645 1932 1004 2002 hyperboleon
1027 1973 1041 1996 ,
1090 1930 1114 1967 δ
1143 1930 1416 1983 diatonum
1448 1940 1574 1979 vero
1610 1923 1676 1977 ab
1717 1937 1776 1976 ea
1804 1935 1923 1989 qua:

346 2036 431 2081 est
461 2036 585 2080 nete
615 2024 1011 2094 hyperboleon,
1044 2022 1231 2075 eadem
1261 2035 1387 2073 vero
1420 2017 1503 2071 FF
1534 2016 1635 2071 erit
1671 2015 1722 2068 in
1761 2012 1922 2068 chro-

338 2117 540 2172 matico
575 2131 771 2186 genere
810 2118 933 2169 trite
965 2113 1328 2185 hyperboleon
1356 2108 1701 2164 chromatica.
1738 2106 1793 2159 In
1825 2119 1920 2157 en-

343 2208 624 2262 harmonio
650 2223 778 2262 vero
816 2216 1069 2275 paranete
1108 2202 1469 2274 hyperboleon
1510 2196 1920 2275 enharmonios,

342 2300 483 2368 quod
515 2300 721 2353 facilius
754 2307 1074 2367 agnoscetur
1100 2311 1197 2349 cur
1230 2294 1459 2353 eveniat,
1490 2305 1609 2344 cum
1644 2288 1799 2341 trium
1835 2301 1925 2353 ge-

341 2405 529 2443 nerum
579 2390 675 2441 tria
712 2388 876 2455 prima
931 2384 1269 2439 tetrachorda
1318 2398 1346 2434 a
1393 2389 1515 2435 nete
1563 2376 1923 2448 hyperboleon

339 2482 646 2537 inchoantia
690 2477 1155 2544 descripserimus.
1190 2473 1451 2538 Quoniam
1494 2484 1620 2523 vero
1659 2469 1702 2521 si
1743 2470 1780 2521 Α
1814 2481 1926 2521 ses-

338 2570 590 2642 quitertia
624 2570 969 2638 prepqrtione
1016 2565 1150 2619 duas
1179 2563 1579 2633 sesquioctavas
1620 2560 1922 2624 abstulero,

345 2662 667 2730 relinquitur
708 2658 838 2713 mihi
884 2657 1229 2712 semitonium
1273 2656 1478 2718 minus,
1519 2668 1672 2707 sumo
1717 2650 1924 2705 tertiam

294 2790 295 2795 η
349 2753 467 2819 ejus
493 2768 612 2820 quae
639 2759 719 2804 est
743 2749 827 2803 LL
848 2789 862 2813 ,
906 2748 957 2801 id
994 2759 1076 2801 εει
1104 2757 1263 2801 neten
1296 2744 1691 2814 hyperboleon,
1721 2752 1775 2796 et
1804 2750 1927 2793 sunt

347 2844 469 2898 768.
503 2843 611 2897 Ilus
641 2842 841 2896 eisdem
888 2838 1081 2908 adjicio
1104 2884 1118 2906 ,
1167 2838 1295 2891 ﬁent
1324 2837 1452 2889 mihi
1499 2835 1658 2891 5072.
1690 2833 1923 2897 Quorum

344 2947 426 2989 est
456 2935 543 2991 DD
571 2942 691 2989 nete
718 2928 1469 2999 diezeugmenoncontinens
1512 2925 1578 2979 ad
1623 2924 1782 2978 triten
1830 2923 1928 2992 hy-

350 3030 636 3099 perboleon
686 3028 1029 3084 semitonium
1081 3018 1279 3078 minus'.
1328 3022 1458 3075 Nam
1508 3018 1759 3090 quoniam
1804 3024 1927 3071 nete

2027 1841 2238 1895 monico
2277 1854 2472 1907 genere
2522 1848 2773 1907 paranete
2818 1837 3216 1907 hyperboleon,
3260 1854 3378 1905 qua:
3425 1848 3507 1892 est
3553 1840 3605 1890 in

2024 1932 2293 1987 diatonico
2316 1930 2745 1996 vellchromatico
2770 1931 2892 1984 trite
2924 1930 3307 1999 hyperboleon.
3348 1930 3451 1984 Sed
3482 1947 3606 1999 quo-

2027 2026 2167 2079 niam
2196 2025 2321 2078 trite
2364 2024 2725 2095 hyperboleon
2750 2024 3000 2078 diatonici
3043 2024 3258 2093 generis
3284 2034 3337 2077 et
3367 2025 3605 2077 chroma-

2028 2116 2115 2169 tici
2157 2115 2222 2168 ad
2267 2125 2388 2169 nete
2422 2115 2839 2183 diezeugmenon
2884 2114 3059 2167 minus
3104 2114 3444 2167 semitonium
3494 2129 3605 2167 ser-
3668 2170 3673 2179 ,

2028 2216 2173 2269 vant,
2204 2214 2413 2259 constat
2442 2217 2617 2258 autem
2651 2204 3047 2258 tetrachordum
3078 2203 3409 2257 enharmonii
3440 2220 3603 2273 gene-

2027 2300 2099 2353 ris
2130 2315 2194 2351 ex
2230 2298 2437 2351 duobus
2469 2298 2686 2366 integris
2718 2297 2879 2359 tonis,
2921 2306 2977 2351 et
3016 2296 3174 2362 diesi,
3213 2312 3275 2350 ac
3300 2297 3454 2361 diesi,
3486 2313 3606 2367 quze

2026 2400 2150 2445 sunt
2205 2390 2421 2444 dimidia
2476 2390 2643 2456 spatia
2693 2389 2962 2442 semitonii
3015 2387 3255 2447 minoris,
3300 2386 3605 2442 distantiam

2026 2498 2143 2535 eam
2168 2496 2285 2550 qua:
2310 2490 2389 2535 est
2419 2480 2556 2533 inter
2584 2488 2740 2534 neten
2780 2479 3203 2547 diezeugmenon
3239 2488 3290 2531 et
3316 2488 3605 2547 paraneten

2027 2573 2391 2641 hyperboleon
2421 2572 2827 2625 enharmonium
2857 2584 3044 2635 sumo;
3079 2570 3172 2625 sed
3205 2571 3454 2639 quoniam
3485 2580 3607 2625 nete

2026 2665 2445 2729 diezeugmenon
2475 2673 2557 2716 est
2578 2664 2736 2723 50⁵72.
2764 2672 3019 2730 paranete
3039 2670 3216 2716 autem
3246 2662 3604 2732 hyperboleon

2028 2755 2405 2807 cnharmonios
2435 2754 2597 2815 2916,
2635 2754 2823 2806 horum
2847 2754 3101 2805 distantia
3132 2753 3234 2805 erit
3261 2753 3384 2815 156,
3413 2752 3603 2807 horum
3652 2798 3655 2801 γ

2027 2858 2182 2897 sumo
2202 2844 2474 2897 dimidiam
2491 2852 2716 2912 partem,
2731 2844 2819 2911 qui
2850 2854 2974 2897 sunt
2990 2844 3075 2897 78.
3098 2843 3203 2896 llos
3223 2843 3419 2910 adjicio
3438 2843 3603 2905 2916,

2028 2936 2156 2988 ﬁent
2178 2934 2337 2999 2094,
2373 2935 2485 2988 hrcc
2506 2935 2607 2989 erit
2633 2935 2673 2987 E
2698 2935 2738 2988 E
2764 2934 2886 2987 trite
2916 2935 3278 3003 hyperboleon
3314 2932 3603 2987 enharmo-

2028 3028 2176 3089 nios;
2201 3026 2524 3094 descriptum
2557 3034 2638 3078 est
2670 3025 2827 3093 igitur
2849 3022 3140 3078 secundum
3175 3024 3272 3076 tria
3304 3036 3499 3092 genera
3525 3034 3603 3076 te-

346 3120 763 3188 diezeugmeuon
813 3118 878 3171 ad
944 3126 1104 3171 neten
1144 3111 1529 3183 hyperboleon
1592 3108 1923 3163 diatessaron
1955 3123 2000 3183 C
2033 3115 2372 3170 [melior-dum
2416 3114 2555 3183 quod
2605 3122 2688 3169 est
2747 3113 3140 3183 hyperboleon,
3188 3110 3338 3180 cujus
3379 3112 3602 3165 formam

286 3256 289 3259 .
345 3213 584 3267 continet
615 3208 1046 3274 consonantiam,
1078 3207 1204 3260 trite
1230 3213 1407 3258 autem
1432 3201 1792 3273 hyperboleon
1817 3199 1930 3252 dia-

350 3316 505 3357 tonos
536 3315 558 3342 ι
596 3304 664 3358 ab
702 3318 763 3357 ea
805 3302 1045 3356 ditonum
1094 3299 1281 3362 distat,
1335 3295 1654 3364 relinquitur
1699 3292 1929 3360 spatium

348 3397 488 3458 quod
521 3406 601 3448 cst
632 3396 769 3449 inter
804 3404 963 3448 neten
1009 3392 1430 3459 diezeugmenon
1465 3396 1515 3442 et
1547 3386 1706 3440 triten
1740 3383 1929 3454 hyper-

350 3486 540 3538 boleon
567 3483 833 3539 semitouii
866 3481 1109 3536 minoris.

377 3785 1908 4242 lﬁﬁiﬁb

1025 3972 1154 4225 Δ
1874 4194 1902 4244 ,

380 4217 1867 4466 Ε
1964 4306 1967 4307 ε

1951 4477 2003 4535 ο

518 4754 521 4757 ι
577 4732 871 4926 ηὺὰδάηοθι

870 4908 989 4991 “eo!

347 5128 607 5191 Quoniam
640 5130 800 5200 igitur
830 5134 1228 5188 tetrachordum
1271 5128 1634 5205 hyperboleon
1682 5130 1936 5187 diatonici

345 5227 561 5283 ueneris
584 5225 939 5293 explevimus,
972 5244 1113 5283 nunc
1142 5230 1457 5283 chromatici
1513 5238 1568 5282 et
1597 5226 1934 5283 enharmOuii

346 5314 684 5369 tetrachorda
735 5320 1029 5387 supplenda
1085 5332 1207 5376 sunt
1262 5322 1361 5375 hoc
1411 5322 1570 5375 modo
1623 5340 1635 5373 :
1683 5320 1933 5389 quoniam

343 5406 487 5459 enim
524 5419 773 5475 paranete
806 5411 1167 5481 hyperboleon
1200 5414 1263 5467 ad
1306 5425 1463 5469 neten
1494 5413 1849 5483 hyperboleon
1883 5411 1934 5463 in

344 5496 615 5552 diatonico
642 5502 858 5570 quidem
893 5522 1088 5573 genere
1128 5518 1253 5584 ιουο
1290 5508 1469 5573 distat,
1504 5509 1556 5561 in
1604 5507 1934 5562 chromatico

286 5658 289 5659 ν
344 5606 474 5647 rem
515 5591 1037 5673 tribussemitoniis,
1087 5600 1138 5653 in
1181 5599 1530 5655 cnharmonio
1559 5615 1685 5653 vero
1714 5598 1919 5652 duobus
2006 5668 2009 5671 ἰ

2034 3207 2193 3261 ubter
2219 3206 2305 3275 adj
2327 3206 2551 3261 ccimus.

2276 3313 3108 3532 chﬂm

3118 3540 3229 3775 \

2104 3853 2447 4017 I/gmtomlm
2632 3929 2717 3980 ’.δ’

2060 4051 3214 4251 -

2514 4260 2788 4357 seratas
2843 4265 2988 4360 “at:
3018 4187 3216 4389 ,ξ

2296 4572 2632 4699 «θάψω
2661 4558 2810 4627 me?

2274 4667 2523 4861 Α
2589 4794 2686 4817 ,Μ
2827 4678 3053 4842 κ
3182 4732 3303 4826 44¢,

2266 4802 2607 4957 όὲἐμδνκθεω’
2752 4934 2795 4985 ,ἢ
3002 4857 3194 5050 ii.~\\
3292 4836 3296 4841 ·
3328 4796 3421 4921 ἐξ,

2681 4951 2760 5016 ‘6‘)

2060 4933 2124 5168 ί
2558 5010 2679 5091 ε»
2799 5014 2963 5157 liii:

2087 5185 3602 5438 eﬁﬁwwf

2041 5367 2231 5416 .3o7z
2419 5349 2649 5424 291%—
2706 5365 2870 5425 236
2962 5354 3551 5441 7.37477“

2061 5431 2324 5547 ait???
2363 5441 2386 5546 l
2427 5443 2646 5536 mi“
2774 5448 3108 5549 ᾙΐπδζὛ
3261 5440 3271 5444 ’

2808 5554 2833 5581 ._
2938 5518 3030 5550 ω

2809 5571 3135 5677 ἀπογῖ]

413 5718 438 5748 ⁸
484 5710 749 5765 h'Z‘luIero.
830 5710 855 5747 δ
894 5710 1009 5763 Νοη
1056 5715 1309 5777 loquntur.
1396 5727 1415 5753 ε
1452 5718 1528 5770 Ad
1557 5726 1699 5769 neten
1725 5715 1931 5783 Itypcrbt

2026 5731 2084 5766 ιι.
2163 5710 2191 5752 ἀ
2238 5710 2354 5765 Non
2406 5711 2641 5769 habetur.

616 5802 891 5865 L'araot.
945 5802 1186 5863 LXIII.
