4212 6246
549 335 685 389 H75

1795 314 1904 369 AN.
1946 308 2151 367 MANL.
2193 303 2340 359 SEV.
2383 299 2608 357 BOETII

3692 277 3867 333 12ἴῆ

552 452 803 521 hypaton,
830 444 1031 516 hypate
1067 452 1277 503 meson,
1311 448 1478 497 mese,
1533 438 1657 486 nete
1685 440 2119 500 ;synemmenon,
2156 424 2206 479 Α
2226 425 2306 470 est
2332 415 2372 469 L
2395 413 2460 466 ad
2493 413 2568 475 l);
2600 408 2784 478 quinta
2803 406 2869 461 ab
2898 420 2963 461 eo
2999 402 3140 473 quod
3158 410 3247 521 lest
3275 400 3318 455 K
3348 398 3412 451 ad
3443 396 3485 451 C
3514 412 3529 458 ;
3577 405 3747 521 8311::
3776 395 3863 521 ἰὴ

1714 519 1723 521 ‘
1890 518 1899 521 Α
1960 517 1971 521 -
2454 505 2466 521 ¹
2514 512 2578 521 η·
2617 502 2632 521 ι
2658 517 2675 521 -
2698 502 2719 521 γι
2751 501 2787 521 I-
2816 516 2828 521 -
2865 497 3086 521 ωηατ-...-
3126 510 3151 521 ..
3176 509 3191 521 .
3218 507 3281 521 ΑΛ
3313 494 3451 521 ι...η,ι
3483 496 3559 521 ..ει
3674 502 3719 521 σι,

553 517 851 611 paramese,
896 543 1018 590 nete
1061 531 1510 597 diezeugmenon,
1559 517 2129 591 netehyperboleon;

550 609 778 687 mobiles
798 642 925 682 vero
947 638 1077 695 quas
1108 623 1385 692 lychanos,
1417 617 1497 671 vel
1528 624 1811 685 parauetas
1831 652 1846 677 ,
1893 611 1975 665 vel
2021 609 2134 663 dia-

550 725 777 787 tonicas,
812 720 895 772 vel
926 716 1299 777 ehromaticas,
1354 714 1437 767 vel
1460 709 1868 765 enharmouicas
1899 714 1925 741 ει
1958 705 2137 759 ιιοιιιίε-

549 825 766 865 namus.
796 811 909 862 Non
939 808 990 861 in
1020 816 1186 860 totum
1230 805 1453 858 mobiles
1493 809 1583 855 aut
1629 799 1952 860 immobiles,
2004 812 2136 865 quas

550 920 611 971 pa
626 903 878 972 rhypatas
908 902 1057 953 tritas
1088 900 1141 952 in
1192 896 1461 951 diatonico
1492 894 1573 947 vel
1606 894 1901 955 chromate,
1955 889 2139 959 lycha-

549 1006 646 1045 nos
682 1001 862 1046 autem
894 989 977 1044 vel
1008 998 1287 1058 parauetas
1327 988 1380 1039 in
1409 982 1793 1041 enharmonico
1835 994 2031 1050 genere
2058 978 2142 1031 di-

550 1096 651 1135 cun
669 1096 750 1136 US.

1154 1189 1378 1245 CAPUT
1408 1188 1548 1259 xui.

918 1282 996 1336 De
1032 1281 1478 1333 consonantiurum
1506 1278 1786 1348 speciebus.
1862 1276 1869 1281 ’

634 1397 786 1453 Nunc
812 1395 878 1450 de
898 1395 1177 1463 speciebus
1209 1394 1499 1461 primarum
1530 1389 2005 1446 consonantiarum
2040 1400 2145 1443 tra-

567 1489 818 1543 ctandum
846 1497 971 1550 est;
1022 1488 1206 1554 prima:
1250 1495 1427 1539 autem
1460 1483 1822 1538 consonantia:
1860 1491 1987 1535 sunt
2031 1481 2147 1534 dia-

570 1592 757 1647 pason,
785 1576 1054 1641 diapente,
1080 1574 1431 1627 diatessaron.
1459 1573 1675 1642 Species
1699 1582 1873 1625 autem
1897 1580 1978 1623 est
2005 1584 2148 1639 quae-

572 1670 695 1722 dam
748 1670 940 1737 positio
987 1667 1256 1735 propriam
1310 1667 1513 1720 habens
1575 1664 1798 1726 formam
1852 1662 2144 1717 secundum

2236 523 2301 561 eo
2330 505 2469 574 quod
2502 512 2586 557 est
2617 502 2721 556 lad
2750 501 2789 554 B
2816 516 2830 563 ;
2864 497 3089 565 septima
3125 494 3192 547 ab
3218 507 3282 547 eo
3313 494 3451 558 quod
3482 496 3567 543 est
3598 487 3641 540 ll
3672 487 3744 537 ad
3776 484 3856 538 Α.

2236 598 2424 665 Liquet
2457 595 2618 665 igitur
2649 609 2714 647 ex
2738 592 2819 645 bis
2840 606 2957 658 qua:
2982 589 3125 642 dicta
3150 595 3295 648 sunt,
3329 584 3668 635 diatessaron
3697 593 3859 630 con-

2237 688 2540 744 sonantiam
2573 683 2740 739 semel
2780 690 2982 735 tantum
3021 680 3074 732 in
3106 674 3466 731 immobilibus
3514 668 3578 723 ac
3614 671 3857 721 statutis

2239 778 2459 833 vocibus
2498 773 2783 829 contineri.
2813 770 2941 824 Nam
2975 770 3019 822 si
3070 767 3138 821 ab
3183 766 3377 835 hypate
3428 761 3667 831 hypaton
3695 759 3858 811 inci-

2242 870 2403 937 piam,
2430 868 2538 922 erit
2562 872 2598 920 A
2635 866 2711 926 D.
2752 863 2804 917 id
2836 871 2918 917 est
2944 860 3011 913 ab
3037 859 3233 929 hypate
3279 856 3515 925 hypaton
3546 853 3599 906 in
3639 866 3855 904 meson

2243 962 2474 1032 hypaten
2497 975 2558 1013 ea
2614 971 2733 1027 qua:
2761 954 2922 1007 estin
2970 950 3159 1006 ordine
3184 949 3372 1017 prima.
3426 946 3560 998 Nam
3618 952 3857 997 extera:

2246 1066 2349 1105 non
2374 1049 2587 1104 statutis
2614 1046 2836 1100 vocibus
2863 1043 3239 1103 terminantur,
3270 1048 3329 1091 ut
3355 1037 3396 1090 B
3425 1036 3467 1089 E
3507 1035 3547 1089 C
3580 1034 3641 1087 F.
3700 1033 3855 1087 Nam

2248 1140 2269 1179 ί
2306 1141 2598 1211 parhypate
2633 1139 2862 1207 hypaton
2893 1142 2949 1186 et
2994 1131 3288 1201 parhypate
3336 1112 3546 1191 meson,
3578 1124 3857 1195 lychanos

2247 1234 2481 1303 hypaton
2508 1240 2563 1285 et
2590 1231 2844 1300 iychanos
2879 1240 3063 1280 meson
3111 1221 3334 1275 mobiles
3362 1234 3485 1273 esse
3519 1224 3857 1269 monstrata:

2246 1332 2391 1378 sunt.
2423 1320 2575 1388 Quod
2615 1321 2658 1372 si
2690 1312 2877 1385 rursus
2917 1315 2983 1366 ah
3023 1314 3219 1381 hypate
3273 1323 3458 1363 meson
3493 1306 3853 1359 diatessaron

2247 1414 2651 1469 consonantiam
2706 1407 3044 1469 inchoemus,
3085 1404 3188 1457 erit
3243 1404 3451 1469 Species
3496 1397 3855 1451 diatessaron

2248 1503 2461 1559 statutis
2491 1501 2713 1555 vocibus
2756 1497 3037 1552 terminata
3066 1493 3111 1548 G
3164 1493 3204 1546 D
3232 1536 3247 1559 ,
3300 1506 3361 1545 ea
3385 1504 3503 1557 qum
3535 1496 3617 1541 est
3643 1485 3855 1555 prima,

2251 1596 2302 1650 id
2325 1604 2405 1651 est
2444 1594 2511 1647 ab
2539 1593 2735 1665 hypate
2772 1604 2956 1643 meson
2990 1588 3042 1641 in
3075 1600 3278 1640 mesen.
3308 1583 3551 1650 Reliqua:
3589 1580 3858 1639 minime,

2253 1696 2308 1740 ut
2339 1686 2379 1739 E
2420 1684 2463 1737 ll
2511 1690 2566 1736 et
2599 1681 2638 1735 F
2678 1682 2717 1734 ι.
2775 1680 2907 1733 Nam
2938 1676 3232 1745 parhypate
3284 1687 3469 1726 meson
3499 1682 3554 1725 et
3582 1671 3858 1740 lychanos

480 1812 485 1817 ‘
573 1760 987 1829 """mmmdque
1016 1774 1181 1827 genus
1211 1758 1263 1811 in
1323 1758 1739 1845 uniuscujusquf’
1786 1752 2149 1845 proportio?“
2183 1786 2230 1845 Β
2258 1792 2441 1833 meson
2481 1785 2535 1830 et
2565 1774 2687 1827 trite
2728 1773 3148 1840 diezeugmenon
3182 1781 3286 1820 non
3340 1766 3629 1833 probantur
3653 1765 3861 1815 immo-

573 1849 980 1904 consonantiam
1012 1848 1254 1902 facientis
1287 1847 1530 1901 terminis
1554 1843 1866 1908 constituta,
1893 1854 1947 1913 ut
1968 1843 2021 1897 in
2043 1842 2153 1896 dia-

573 1943 753 2000 tonico
782 1956 1001 2010 genere.
1036 1940 1166 1994 Nam
1193 1939 1239 1993 si
1285 1939 1704 2006 diezeugmenon
1746 1934 2151 1991 tetrachordum

574 2032 714 2085 inter
744 2030 1108 2100 hyperboleon
1156 2018 1554 2084 tetrachordum
1593 2028 1620 2066 δ
1649 2042 1943 2096 mesenque
1990 2040 2153 2095 pona-

575 2137 717 2190 mus,
777 2122 1052 2176 subtracto
1091 2121 1298 2175 scilicet
1348 2133 1733 2190 synemmenon
1789 2117 2153 2181 tetrachordo,

576 2221 738 2267 erunt
766 2213 832 2271 15
863 2212 1033 2266 nervi.
1068 2214 1136 2274 ᾼι
1170 2210 1215 2264 si
1246 2210 1314 2263 ab
1345 2211 1426 2263 his
1470 2209 2037 2279 proslambanomenos
2062 2208 2157 2262 de-

577 2305 841 2376 trahatur,
880 2313 1039 2358 erunt
1062 2301 1484 2372 qnatuordecim.
1532 2300 1595 2353 lli
1627 2314 1756 2368 ergo
1802 2300 2157 2369 disponantur

578 2397 681 2463 hoc
712 2394 888 2470 modo.
920 2394 999 2463 .Sit
1026 2395 1069 2448 A
1103 2393 1297 2462 hypate
1331 2391 1584 2461 hypaton,
1614 2390 1652 2443 Β
1678 2390 1970 2461 parhypate
1994 2390 2158 2459 hypa-

576 2497 695 2553 ton,
735 2487 775 2541 C
805 2488 998 2556 hypate
1022 2486 1297 2556 lychanos,
1357 2484 1397 2537 D
1420 2484 1615 2553 hypate
1638 2498 1844 2547 meson,
1895 2483 1936 2537 E
1966 2483 2160 2552 parhy-

583 2588 707 2647 pate
733 2592 939 2644 meson,
977 2578 1014 2631 F
1044 2576 1303 2647 lycbanos
1335 2590 1541 2640 meson,
1570 2575 1615 2630 G
1646 2589 1811 2637 mese,
1847 2574 1887 2627 il
1920 2588 2161 2639 parame-

580 2683 662 2735 se,
695 2668 713 2721 Ι
742 2670 864 2724 trite
893 2669 1334 2736 diezeugmenon,
1365 2666 1407 2719 K
1440 2676 1693 2735 paranete
1714 2666 2158 2734 diezeugmenon,

582 2757 626 2812 L
655 2771 777 2814 nete
808 2760 1248 2827 diezeugmenon,
1281 2757 1328 2811 Μ
1362 2757 1485 2811 trite
1516 2757 1902 2827 hyperboleon,
1935 2757 1978 2811 N
2010 2773 2163 2827 para-

585 2861 709 2905 nete
731 2850 1096 2921 hyperboleon
1124 2889 1140 2914 ,
1200 2848 1244 2902 0
1266 2856 1393 2903 nete
1424 2848 1812 2918 hyperboleon.
1861 2848 1941 2901 Ah
1968 2848 2164 2918 hypate

584 2941 743 3007 igitur
770 2941 833 2995 ad
851 2955 1164 3010 paramesen
1195 2940 1455 3009 diapason
1479 2941 1828 2994 consonantia
1859 2948 1963 2993 est.
1992 2942 2030 2993 A
2060 2954 2166 2994 ιιιε-

587 3048 647 3087 ile
674 3047 801 3087 vero
848 3032 915 3085 ad
946 3032 1175 3103 hypaten
1206 3046 1411 3090 .meson
1456 3032 1813 3095 diatessaron,
1869 3031 1936 3085 ab
1977 3030 2163 3084 eadem

2254 1868 2408 1922 biles.
2440 1867 2643 1919 Rursus
2665 1864 2709 1917 si
2747 1862 2991 1917 eamdem
3021 1859 3357 1913 diatessaron
3384 1868 3664 1923 paramese
3681 1854 3859 1906 susce

2255 1959 2365 2028 piat
2417 1953 2763 2016 ordiendam,
2822 1950 2926 2006 erit
2971 1959 2995 1996 Β
3028 1962 3240 2018 quoque
3279 1962 3399 2015 qua:
3442 1944 3655 1997 statutis
3697 1958 3859 1995 coer-

2254 2061 2438 2106 ceatur
2458 2048 2628 2116 sonis,
2651 2046 2987 2100 diatessaron
3017 2041 3225 2112 Species
3255 2038 3296 2093 ll
3331 2039 3370 2092 L
3393 2077 3408 2101 ,
3437 2036 3489 2090 id
3515 2045 3598 2089 est
3630 2049 3661 2087 a
3695 2048 3861 2102 para-

2258 2155 2406 2197 mese
2434 2139 2486 2193 in
2510 2127 2641 2192 nete
2682 2136 3137 2201 diezeugmenon,
3178 2144 3298 2199 qua:
3358 2134 3441 2182 est
3471 2125 3661 2194 prima.
3716 2124 3858 2176 Nam

2258 2214 2469 2285 cmtera:
2496 2241 2617 2296 qua:
2644 2234 2769 2279 sunt
2800 2224 2816 2278 Ι
2849 2222 2973 2277 Met
2999 2221 3039 2275 Κ
3079 2220 3120 2275 Ν
3160 2218 3450 2273 mobilibus
3488 2215 3860 2270 terminantur

2257 2323 2424 2378 sonis.
2477 2318 2610 2373 Nam
2642 2317 2801 2370 triten
2831 2314 3272 2382 diezeugmenon,
3307 2322 3361 2363 et
3409 2316 3701 2377 paraneten
3734 2305 3856 2358 die-

2262 2423 2594 2478 zeugmenon
2616 2448 2629 2471 ,
2652 2386 2706 2459 et
2732 2407 2894 2459 triten
2932 2402 3297 2472 hyperboleon
3318 2440 3333 2463 ,
3363 2409 3419 2452 et
3442 2405 3729 2466 paraneten
3755 2394 3858 2464 hy-

2261 2501 2549 2572 perboleon
2583 2497 2811 2553 mobiles
2841 2510 2999 2549 voces
3021 2509 3143 2548 esse
3172 2492 3538 2560 prtediximus.
3585 2488 3713 2541 item
3737 2487 3856 2539 dia-

2264 2602 2423 2662 pente
2453 2589 2803 2646 consonantia
2856 2587 2988 2641 duas
3019 2582 3391 2638 tantummodo
3420 2580 3626 2650 species
3680 2585 3851 2640 tenet,

2263 2698 2381 2752 qua:
2433 2681 2651 2736 statutis
2694 2678 2910 2734 vocibus
2955 2674 3315 2731 includuntur.
3366 2670 3433 2726 Ut
3469 2671 3515 2724 si
3560 2669 3627 2724 ab
3655 2669 3855 2739 hypate

2265 2790 2452 2830 meson
2484 2774 2781 2836 ordiamur,
2806 2786 2909 2824 una
2932 2768 3148 2838 quidem
3176 2775 3258 2821 est
3288 2765 3332 2819 D
3355 2764 3395 2817 ll
3414 2803 3429 2828 ,
3459 2763 3513 2817 id
3546 2770 3627 2817 est
3654 2761 3719 2815 ab
3750 2762 3852 2829 hy-

2268 2875 2389 2936 pate
2419 2880 2602 2919 meson
2630 2866 2680 2918 in
2710 2876 3043 2931 paramesen,
3078 2874 3140 2914 ea
3173 2873 3290 2928 qua:
3315 2865 3397 2911 est
3416 2856 3611 2926 prima.
3664 2853 3851 2907 Altera

2267 2974 2394 3012 vero
2415 2957 2458 3011 G
2482 2958 2543 3021 L,
2570 2954 2617 3010 id
2642 2965 2723 3010 est
2760 2970 2788 3007 a
2809 2968 2956 3007 mese
2983 2951 3036 3005 in
3071 2959 3229 3005 neten
3259 2948 3701 3015 diezeugmenon,
3734 2944 3853 2997 hzec

2267 3062 2397 3103 vero
2419 3057 2500 3102 est
2528 3054 2734 3116 quarta.
2767 3024 3008 3113 Reliqua:
3038 3056 3187 3106 vero,
3216 3040 3266 3093 id
3296 3046 3380 3093 est
3413 3038 3453 3090 E
3486 3036 3579 3092 let
3601 3036 3641 3090 l"
3666 3034 3728 3099 K,
3757 3035 3853 3089 mi-

588 3140 717 3178 vero
754 3139 903 3179 mese
929 3123 995 3178 ad
1040 3123 1304 3194 lychanon
1350 3124 1583 3194 hypaton
1610 3123 1881 3191 diapente.
1926 3122 2041 3176 Erit
2068 3121 2166 3193 igi-

2269 3140 2412 3194 nime
2439 3139 2653 3193 statutis
2683 3136 2906 3190 vocibus
2929 3136 3125 3189 clausa:
3174 3138 3319 3186 sunt.
3374 3128 3507 3183 Nam
3540 3127 3848 3196 parhypate,

590 3227 678 3270 tur
704 3216 958 3285 diapason
1013 3216 1229 3286 quidem
1269 3226 1390 3271 octo
1432 3215 1776 3271 chordarum.
1828 3217 2165 3271 Diatessaron

590 3320 719 3360 vero
750 3315 997 3375 quatuor,
1031 3306 1282 3375 diapente
1310 3316 1491 3362 autem
1522 3308 1785 3377 quinque.
1838 3310 1918 3362 Ac
1947 3322 2041 3378 per
2067 3308 2168 3363 hoc

593 3397 813 3451 habebit
867 3398 1195 3452 diatessaron
1244 3399 1460 3468 quidem
1512 3400 1721 3469 species
1751 3409 1888 3464 tres,
1920 3402 2169 3469 diapente

591 3498 769 3542 autem
794 3489 1001 3556 species
1030 3498 1277 3558 quatuor,
1293 3490 1549 3559 diapason
1570 3504 1696 3544 vero
1717 3493 1926 3559 species
1940 3500 2166 3561 septem.

594 3580 925 3648 semperque
952 3594 1054 3632 una
1089 3580 1266 3633 minus
1294 3582 1503 3648 species
1533 3580 1637 3634 erit
1667 3596 1825 3649 quam
1858 3582 2054 3637 fuerint
2088 3598 2174 3638 vo-

594 3684 707 3733 ces,
749 3678 806 3723 ut
854 3670 993 3723 enim
1034 3684 1063 3723 a
1095 3684 1243 3725 mese
1281 3679 1506 3725 eteteras
1531 3680 1552 3708 ο
1578 3671 1889 3726 ordinamus
1919 3674 2175 3728 diatessa-

594 3776 694 3815 ron
724 3764 1087 3818 consonantia:
1116 3763 1327 3832 species
1363 3773 1473 3818 tres
1513 3775 1671 3834 sunt,
1708 3764 1808 3819 hoc
1832 3766 1991 3821 modo
2023 3785 2036 3820 :
2071 3782 2174 3821 una

595 3853 808 3919 quidem
854 3857 1065 3924 species
1094 3856 1200 3910 erit
1226 3855 1293 3911 ab
1317 3855 1358 3911 G
1388 3856 1453 3911 ad
1489 3858 1528 3910 Ι)
1554 3873 1569 3921 ;
1621 3857 1855 3912 secunda
1888 3873 2014 3914 vero
2042 3860 2109 3913 ab
2136 3858 2175 3913 F

596 3948 661 3999 ad
682 3947 723 3999 C
757 3964 771 4011 ;
803 3950 954 4002 tertia
981 3963 1108 4005 vero
1136 3949 1204 4004 ab
1237 3950 1276 4003 Ε
1304 3949 1370 4003 ad
1402 3949 1467 4013 Β,
1514 3960 1567 4004 ει
1595 3949 1698 4004 huc
1727 3966 1894 4019 usque
1922 3951 2176 4005 diatessa.

597 4038 927 4120 ronspecies
967 4040 1399 4108 progrediuntur.
1454 4040 1660 4096 Idcirco
1699 4042 1821 4111 quia
1876 4044 1978 4097 huc
2012 4057 2178 4110 usque

596 4126 806 4193 species
832 4126 989 4178 binos
1016 4131 1255 4183 continet
1302 4146 1515 4195 nervos,
1551 4132 1790 4200 ejusdem
1820 4133 2175 4195 diatessaron,

596 4216 715 4268 ιιιο
752 4214 793 4265 ι)
819 4214 1027 4282 quidem
1064 4229 1157 4268 eos
1187 4218 1274 4281 qui
1302 4227 1427 4271 sunt
1449 4220 1493 4272 Ε
1518 4220 1557 4272 F
1581 4220 1608 4256 (ί
1634 4221 1930 4289 continent,
1958 4221 1998 4274 F
2021 4221 2060 4274 C
2084 4237 2179 4276 eos

598 4304 688 4373 qui
717 4314 839 4358 sunt
866 4304 903 4357 E
938 4305 1002 4368 D,
1028 4315 1080 4360 et
1114 4309 1151 4360 Ε
1184 4308 1338 4362 Beos
1372 4319 1394 4346 ο
1445 4312 1832 4382 continentqui
1871 4323 1996 4367 sunt
2020 4313 2060 4367 C
2092 4315 2133 4368 D
2164 4332 2178 4379 ;

598 4399 641 4452 si
673 4412 802 4452 vero
834 4398 917 4451 his
962 4399 1210 4468 adjecero
1247 4400 1579 4494 diat’essaron
1612 4404 1652 4457 D
1685 4408 1724 4458 A
1753 4449 1767 4473 ,
1814 4406 2021 4460 diversa
2075 4422 2180 4460 non

2270 3240 2324 3286 ct
2353 3230 2608 3293 lvchanos
2634 3267 2650 3293 ,
2702 3236 2756 3282 et
2805 3226 2951 3291 trite,
2978 3234 3037 3286 et
3080 3230 3333 3292 paranete
3364 3218 3640 3273 instabiles
3668 3230 3860 3285 appro-

2272 3323 2485 3377 bantur.
2521 3318 2726 3376 Similis
2747 3327 2926 3372 autem
2953 3314 3088 3370 ratio
3115 3316 3216 3368 erit
3240 3313 3283 3366 si
3309 3326 3338 3365 a
3367 3320 3489 3365 nete
3514 3308 3860 3377 diezeugme-

2274 3413 2454 3469 nonin
2479 3412 2781 3481 graviorem
2811 3416 3014 3477 partem
3034 3449 3049 3475 ,
3103 3405 3153 3458 id
3185 3413 3267 3458 est
3309 3402 3374 3455 ad
3421 3414 3638 3460 mesen,
3664 3411 3860 3451 conso-

2275 3506 2471 3562 nantia:
2512 3504 2670 3572 hujus
2727 3500 2934 3569 species
2979 3496 3409 3556 considerentur,
3461 3490 3666 3546 eisdem
3719 3488 3862 3542 enim

2277 3595 2641 3652 immobilibus
2673 3592 2917 3653 vocibus,
2958 3586 3350 3658 qum-superius
3378 3584 3535 3637 dicta:
3561 3584 3707 3643 sunt,
3737 3592 3863 3631 coa-

2278 3686 2610 3741 tinehuntur.
2652 3684 2778 3735 Sive
2804 3687 2981 3733 autem
3009 3678 3075 3731 ab
3102 3678 3295 3745 hypate
3326 3686 3535 3736 meson,
3566 3684 3660 3723 seu
3691 3683 3721 3720 a
3751 3682 3861 3720 me-

2278 3792 2355 3845 se,
2386 3792 2481 3830 seu
2507 3791 2533 3827 a
2567 3785 2866 3843 paramese,
2917 3769 3032 3823 sive
3073 3766 3230 3820 etiam
3273 3777 3303 3816 a
3350 3772 3475 3815 nete
3503 3757 3861 3829 hyperboleon

2279 3865 2656 3922 consonantias
2689 3862 2713 3899 ιι
2751 3862 2815 3915 ad
2846 3860 3147 3930 graviorem
3182 3863 3385 3925 partem
3417 3852 3697 3906 ducamus.
3732 3848 3864 3901 Dua-

2280 3972 2397 4011 rum
2420 3969 2536 4024 qna:
2574 3953 2790 4006 statutis
2818 3950 3044 4003 vocibus
3073 3953 3460 4007 coerceantur,
3518 3955 3624 3994 non
3678 3938 3863 4006 poterit

2282 4061 2403 4101 esse
2438 4044 2786 4099 idestructio.
2818 4041 3085 4109 Diapason
3116 4051 3245 4092 vero
3267 4032 3635 4089 consonantia:
3665 4030 3778 4084 sive
3803 4030 3865 4081 ab

2285 4137 2480 4206 hypate
2512 4133 2744 4205 hypaton
2783 4131 2836 4183 in
2874 4140 3219 4197 paramesen,
3253 4123 3366 4177 sive
3393 4136 3423 4174 a
3454 4130 3578 4174 nete
3592 4118 3866 4189 diypcrbo~

2285 4228 2405 4280 leon
2440 4227 2489 4278 in
2523 4238 2705 4278 mesen
2735 4221 2869 4275 ordo
2899 4229 3164 4285 sumatur,
3190 4224 3301 4270 tres
3333 4210 3703 4267 tantummodo
3750 4223 3865 4276 Spe-

2286 4320 2396 4371 cies
2422 4313 2703 4376 obtinebit,
2738 4327 2857 4382 qum
2885 4308 3245 4364 immobilibus
3264 4303 3485 4359 vocibus
3505 4307 3867 4354 coerceantur.

2286 4405 2417 4460 Nam
2434 4405 2501 4459 ab
2524 4378 2768 4473 hypaten?
2792 4402 3025 4472 hypaton
3048 4396 3382 4453 ordientibus
3411 4408 3515 4448 una
3538 4401 3626 4447 est
3652 4392 3695 4445 A
3712 4378 3783 4451 Β,
3808 4402 3867 4442 ea

600 4492 700 4544 erit
719 4491 788 4545 ab
817 4505 877 4544 ea
905 4506 1025 4560 qua:
1068 4503 1148 4547 est
1177 4493 1220 4548 (ἱ
1254 4494 1292 4547 D
1313 4479 1523 4560 ,vunum
1550 4495 1692 4550 enim
1719 4497 1893 4551 solum
1921 4498 1963 4553 G
1994 4499 2033 4551 D
2054 4512 2183 4552 con-
2210 4509 2260 4569 ι)
2287 4513 2406 4577 quae
2428 4505 2509 4551 est
2531 4496 2698 4566 prima
2724 4493 2789 4547 ab
2809 4492 3005 4563 hypate
3030 4489 3265 4560 hypaton
3288 4488 3339 4541 in
3361 4496 3658 4554 paramese.
3692 4479 3868 4533 Altera

600 4584 855 4638 sonantia:
878 4600 1098 4639 nervum
1122 4587 1437 4653 continebit,
1472 4589 1521 4642 id
1551 4598 1633 4644 est
1668 4590 1707 4643 D
1732 4591 1923 4647 solum.
1983 4591 2182 4647 Exces-

600 4676 671 4730 sit
699 4675 857 4744 igitur
887 4674 991 4729 GD
1021 4680 1461 4747 consonantiam,
1494 4690 1653 4750 atque
1690 4681 1809 4737 ideo
1843 4683 2181 4738 diatessaron

601 4776 711 4821 tres
738 4769 943 4836 species
971 4768 1169 4825 habere
1198 4772 1526 4841 perhibetur.
1555 4751 1621 4828 Εἳ
1657 4774 1708 4828 in
1739 4777 1947 4828 czrteris
1968 4775 2182 4843 quidem

601 4860 966 4914 consonantiis
990 4860 1130 4916 idem
1157 4873 1259 4918 est.
1298 4864 1555 4935 Diapente
1583 4873 1758 4918 autem
1782 4874 1940 4920 erunt
1976 4866 2185 4935 species

603 4960 828 5021 quatuor
864 4952 965 5006 hoc
1008 4953 1168 5009 modo
1199 4973 1210 5006 :
1245 4955 1360 5009 Una
1410 4955 1623 5023 quidem
1677 4964 1760 5009 est
1791 4956 1832 5009 ll
1864 4956 1929 5009 ad
1961 4946 2033 5020 D;
2084 4956 2185 5009 alia

602 5056 733 5095 vero
753 5041 820 5095 ab
859 5058 923 5096 eo
952 5042 1091 5109 quod
1126 5051 1209 5098 est
1238 5043 1281 5097 G
1312 5044 1378 5097 ad
1409 5044 1449 5099 C
1476 5061 1489 5107 ;
1537 5045 1638 5099 alia
1669 5046 1736 5100 ab
1774 5061 1839 5099 eo
1870 5045 2010 5113 quod
2039 5054 2120 5097 est
2150 5044 2187 5097 F

602 5134 667 5187 ad
696 5135 733 5187 Β
758 5150 772 5200 ;
830 5134 928 5188 alia
976 5142 1150 5189 autem
1181 5136 1247 5190 ab
1275 5151 1339 5189 eo
1364 5137 1503 5204 quod
1526 5146 1609 5192 est
1638 5138 1679 5191 E
1704 5137 1769 5191 ad
1798 5140 1862 5191 Α.
1924 5136 2188 5204 Diapason

605 5238 731 5280 vero
757 5227 1121 5279 consonantia:
1151 5227 1179 5279 7
1203 5237 1361 5280 erunt
1391 5228 1619 5297 species.
1659 5231 1759 5283 hoc
1783 5227 1943 5282 modo
1974 5244 1984 5277 :
2018 5226 2187 5295 prima

605 5315 747 5371 abeo
779 5317 917 5386 quod
947 5326 1028 5371 est
1049 5319 1092 5370 0
1118 5316 1184 5371 ad
1212 5316 1289 5381 G;
1315 5318 1551 5372 secunda
1580 5319 1647 5373 ab
1679 5335 1743 5374 eo
1774 5304 1911 5388 quod
1944 5327 2026 5372 est
2054 5317 2093 5369 N
2124 5316 2190 5369 ad

606 5407 683 5471 F;
726 5408 876 5462 tertia
908 5408 973 5463 ab
999 5423 1063 5463 eo
1088 5409 1227 5479 quod
1258 5419 1341 5465 est
1362 5413 1407 5464 ill
1432 5409 1497 5465 ad
1533 5412 1573 5467 E
1608 5428 1622 5472 ;
1652 5421 1839 5481 quarta
1867 5410 1934 5464 ab
1964 5424 2027 5464 eo
2049 5404 2191 5477 quod

611 5812 712 5855 tur.
790 5797 811 5833 ¹¹
856 5797 940 5849 lu.
1026 5796 1037 5834 ί
1092 5798 1373 5851 Distiuctio.
1462 5798 1472 5845 ι
1530 5797 1646 5851 Non
1682 5798 1881 5866 legitur.

2291 4573 2333 4643 D
2366 4588 2405 4641 L
2434 4602 2497 4641 ea
2518 4601 2636 4657 quze
2667 4593 2750 4639 est
2778 4592 2965 4652 quarta
2998 4581 3066 4635 ab
3094 4580 3290 4650 hypate
3319 4589 3507 4631 meson
3538 4576 3592 4627 in
3624 4582 3745 4626 nete
3762 4568 3870 4623 die-

2299 4693 2658 4750 zeugmcnon.
2719 4676 2922 4731 Dehinc
2943 4674 2983 4729 G
3008 4674 3053 4727 Ο
3084 4672 3198 4727 hzec
3224 4669 3453 4740 septima
3484 4666 3583 4733 est,
3639 4663 3692 4717 id
3736 4674 3818 4716 est
3845 4675 3871 4713 a

2291 4786 2437 4826 mese
2465 4772 2519 4825 in
2560 4778 2721 4823 neten
2754 4766 3140 4838 hyperboleon.
3198 4762 3541 4830 Reliquarum
3592 4772 3723 4809 vero
3758 4768 3869 4822 spe-

2291 4863 2491 4916 cierum
2535 4873 2696 4914 voces
2721 4860 2935 4913 extima:
2968 4855 3116 4909 nullo
3149 4852 3311 4907 modo
3344 4851 3356 4900 i
3400 4846 3771 4903 immobilibus
3788 4857 3868 4895 vo-

2293 4954 2441 5007 cibus
2466 4953 2774 5007 constitutae
2805 4959 2948 5006 sunt.
3006 4947 3137 5003 Nam
3166 4944 3490 5015 parhypate,
3518 4948 3573 4995 et
3601 4938 3873 5009 lychanos.

2295 5056 2348 5101 et
2380 5050 2502 5101 trite
2524 5089 2538 5111 ,
2580 5053 2635 5101 et
2663 5052 2918 5115 paranete
2948 5041 3042 5113 (ut
3085 5054 3244 5109 supra
3272 5050 3487 5107 quoque
3511 5033 3706 5085 dictum
3756 5027 3871 5095 est)

2297 5139 2602 5193 imumhiles
2652 5152 2759 5191 non
2793 5143 2937 5188 sunt.
2966 5132 3225 5189 Similiter
3252 5137 3427 5182 autem
3460 5134 3514 5181 et
3544 5137 3634 5192 per
3663 5118 3873 5174 easdem

2294 5246 2453 5286 voces
2491 5232 2535 5285 si
2567 5232 2634 5285 ab
2666 5229 3024 5300 hyperboleon
3072 5234 3193 5277 nete
3237 5221 3543 5282 ordiamur,
3588 5213 3876 5283 specierum

2298 5320 2433 5375 ordo
2490 5320 2836 5383 contexitur,
2906 5330 3133 5387 quorum
3190 5312 3428 5366 omnium
3488 5304 3877 5377 intelligentiam.

2297 5413 2541 5479 subjocm
2582 5408 2878 5479 descriptio
2902 5406 2926 5445 ιι
2960 5406 3136 5463 docet.

683 5726 1000 5780 IVomm'is.
1081 5728 1104 5764 δ
1146 5728 1434 5795 .llrsouquc.
1520 5739 1539 5763 ο
1585 5727 1886 5779 Ordiamur.
1968 5725 1992 5761 (ἲ
2035 5724 2149 5777 Non

683 5817 712 5847 -.
790 5797 811 5833 ιι
856 5797 940 5847 lu.
1026 5796 1037 5834 ί
1092 5798 1373 5847 Distiurtio.
1462 5798 1472 5845 ι
1531 5797 1646 5847 Non
1682 5798 1881 5847 lenitur.
1964 5795 1984 5831 ¹ι
2032 5793 2168 5847 Facit

2264 5722 2417 5775 ’iemr.
2473 5732 2525 5805 ἐ’
2571 5720 2690 5775 Non
2727 5705 2958 5779 habetur.
3046 5718 3063 5759 τ
3110 5718 3229 5775 Non
3258 5716 3459 5790 legitur.
3547 5722 3571 5760 ε
3615 5708 3732 5763 Non
3764 5708 3873 5775 (agt:

2264 5810 2341 5847 sse
2373 5803 2649 5847 notiorem.
3098 5816 3101 5817 ν

2081 5796 2207 5850 aciei
2234 5810 2341 5850 esse
2373 5795 2649 5847 notiorem.
3098 5816 3101 5817 ν
