4160 6256
237 3573 267 3601 1

314 2555 348 2614 a

313 2616 362 2681 ἓ

304 2684 352 2763 ἕ

306 2768 367 2826 ξ.

308 2885 354 3012 ξς

307 3036 355 3128 ἓ

308 3132 354 3176 .2

315 3179 368 3294 ἓ

318 3317 355 3362 Ξ

310 3366 369 3448 Ξ.

318 3452 357 3508 s

320 3529 357 3559 ε

309 3562 372 3721 ,ἓ

307 3728 359 3769 Ω

298 332 430 385 1277

390 719 594 765 Mobiles
672 703 680 870 ι
796 723 830 767 Β
936 703 1282 961 l—Parltypate
1312 728 1516 787 hypaton
1868 703 1875 711 '

385 808 592 855 Mobiles
794 811 828 857 (Ι
1020 810 1262 871 Lychanos
1280 816 1491 876 hypaton

383 898 597 943 Stabiles
673 890 680 1048 ἶ
789 899 830 945 D
1017 897 1203 957 Hypate
1227 915 1392 950 meson

385 986 592 1033 Mobites
794 989 828 1034 Ε
939 974 948 1107 Ι
1020 987 1287 1048 Parhypate
1313 1005 1480 1040 meson

387 1075 589 1122 Mobiles
668 1064 676 1167 Ι
793 1079 827 1125 F
940 1110 947 1144 ι
1016 1077 1263 1137 Lychanos
1296 1094 1461 1129 meson

300 607 309 703 Ι
384 631 595 679 Stabiles

384 631 595 679 Stabiles

313 703 594 765 ﬁﬁnlobiles

301 703 592 876 ΙΜοῠίιρε

385 808 592 855 Mobiles

383 898 597 943 Stabiles

385 808 592 855 Mobiles

383 898 597 943 Stabiles

317 874 674 886 m—

679 876 934 887 .—

679 965 937 976 ———

301 1086 661 1167 t____t'°br',"s
668 1086 673 1167 ι

298 1167 596 1304 '__Stabiles
668 1167 677 1304 ‘
774 1171 826 1215 Η
1021 1167 1189 1217 Mese,

381 1253 596 1300 Stabiles
788 1258 827 1304 ll
941 1254 949 1304 I
1020 1257 1279 1304 Paramese
1870 1167 1879 1304 Ι

382 1520 593 1570 Stabiles
673 1502 681 1589 ι
798 1523 833 1569 L
945 1502 953 1664 Ι
1021 1524 1147 1572 Nete
1169 1526 1557 1585 diezeugmenon

384 1610 592 1659 MoniIes
671 1602 681 1677 l
791 1613 833 1658 Μ
1020 1612 1160 1661 'l‘rite
1186 1614 1515 1674 hyperboleon

383 1700 586 1748 Mnhiles
670 1692 678 1771 ἱ
794 1702 831 1748 Ν
944 1668 954 1847 1
1022 1702 1264 1751 Paranete
1288 1705 1617 1766 byperholeon

383 1788 593 1837 Stabiles
671 1774 678 1841 Ι
793 1791 834 1839 Ο
1021 1791 1145 1839 Nete
1172 1793 1501 1853 hyperboleon

320 1142 661 1152 .—_—_—-—

684 1143 938 1156 _.._—

384 1232 664 1240 *οε-

680 1322 942 1334 —___.

297 1341 305 1473 l
387 1343 589 1389 Mobiles

382 1432 589 1473 Mnhiles

384 1610 592 1659 Mohiles

383 1700 586 1748 Mnhiles

316 1165 596 1238 __Stabiles
668 1153 677 1251 ι
774 1153 947 1251 .G_i

381 1253 678 1312 Stabiles|
788 1258 827 1304 ιι
941 1254 949 1312 |

672 1333 678 1410 Ι
804 1347 821 1393 ι

682 1410 940 1421 .——__

382 1432 589 1479 Mobiles

382 1520 593 1570 Stabiles

384 1610 592 1659 Mobiles
671 1602 681 1677 Ι

383 1700 586 1748 Mnhiles

320 1499 668 1509 -ᾑ-

671 1418 681 1589 ἱ

684 1500 937 1512 —___

313 1589 674 1601 —-——_—

317 1677 672 1690 ᾗ

679 1680 945 1691 ———___

318 1765 672 1778 '——-———_

684 1767 933 1776 -ι-

788 624 1198 707 LLllypale
1220 624 1485 707 hypaton:

788 636 826 678 Δ
934 636 1198 707 |__Hypale
1220 638 1426 698 hypaton
1474 648 1485 657 '

671 636 679 870 Ι
796 723 830 767 Β
936 710 943 870 1
1015 722 1282 784 Parhypate
1312 728 1516 787 hypaton

794 811 828 857 t1
1020 810 1262 870 Lychanos
1280 816 1491 870 hypaton

794 811 828 857 t1
937 810 944 876 Ι
1020 810 1262 871 Lychanos
1280 816 1491 876 hypaton

789 899 830 945 D
937 897 945 957 Ι
1017 897 1203 957 Hypate
1227 915 1392 950 meson

950 1050 1865 1073 Ἣ

944 1351 952 1419 ι
1019 1346 1157 1393 'l‘rite
1194 1348 1579 1406 diezeugmenon

945 1423 953 1664 Ι
1024 1434 1265 1483 Paranete
1293 1423 1677 1499 diezeugmenon

1021 1524 1147 1572 Nete
1169 1526 1557 1585 diezeugmenon
1587 1511 1677 1520 ’-

1020 1612 1160 1661 'l‘rite
1186 1614 1515 1664 hvnerboleon

798 1523 833 1569 L
946 1523 953 1585 |
1021 1524 1147 1572 Nete
1169 1526 1557 1585 diezeugmenon

791 1613 833 1658 Μ
945 1612 956 1674 l_
1020 1612 1160 1661 'l‘rite
1186 1614 1515 1674 hyperboleon

924 2526 977 2627 εξ

912 2629 991 2741 ἐξ·

579 2812 981 3591 ᾖ

531 2989 985 3711 νικῖ

521 3220 563 3246 υ
646 3156 704 3241 '5
888 3163 945 3194 θ’

526 3411 582 3467 β
897 3432 955 3514 οξ

889 3524 942 3556 ν,

1608 342 1689 395 DE
1729 343 1975 401 MUSICA
2016 345 2139 400 LIB.
2183 347 2267 401 IV.

1903 467 1951 519 Α

3420 343 3554 398 1273

2560 523 2786 581 CAPUT
2824 524 2961 579 XIV.

1984 674 2062 728 De
2088 677 2357 730 modorum
2394 674 2647 736 exordiis,
2674 676 2724 727 in
2773 691 2872 735 quo
2900 674 3163 743 dispositio
3204 681 3438 724 notarum
3468 688 3555 740 per

2400 746 2627 814 singulos
2660 746 2835 798 modos
2865 760 2924 796 ac
2952 760 3112 797 voces.

2054 919 2130 972 Ex
2156 917 2407 986 diapason
2437 916 2594 986 igitur
2614 917 2976 971 consonantiae
3005 912 3283 983 speciebus
3314 910 3552 964 existunt

1983 1010 2073 1079 qui
2101 1009 2436 1078 appellantur
2466 1005 2628 1071 modi,
2660 1021 2792 1075 quos
2822 1004 3039 1059 eosdem
3067 1012 3249 1070 tropos
3287 1000 3369 1054 vel
3402 1010 3557 1053 tonos

1985 1097 2459 1154 nominant.‘Sunt
2501 1107 2679 1151 autem
2728 1096 2863 1163 tropi
2913 1095 3317 1148 constitutiones
3348 1091 3398 1144 in
3436 1090 3559 1143 totis

1984 1208 2171 1246 vocum
2204 1191 2497 1255 ordinibus,
2522 1190 2605 1243 vel
2632 1187 2912 1258 gravitate,
2939 1186 3020 1239 vel
3041 1184 3284 1238 acumine
3310 1181 3559 1234 dill‘eren-

1984 1292 2087 1349 tes,
2117 1280 2426 1334 constitutio
2455 1295 2582 1334 vero
2610 1286 2690 1332 est
2718 1278 2930 1345 plenum
2973 1274 3137 1328 veluti
3182 1271 3559 1326 modulationis

1985 1386 2180 1439 corpus
2209 1385 2272 1425 ex
2304 1369 2771 1423 consonantiarum
2820 1365 3197 1433 conjunctione
3235 1364 3557 1425 consiStens,

1985 1463 2143 1531 quale
2168 1470 2251 1516 est
2280 1460 2364 1514 vel
2390 1461 2665 1527 diapason,
2697 1459 2782 1512 vel
2813 1458 3065 1525 diapason
3093 1465 3147 1509 et
3184 1456 3430 1523 diapente
3462 1465 3483 1490 ³
3506 1464 3560 1508 et

1985 1551 2342 1617 diatessaron,
2366 1549 2450 1604 vel
2476 1550 2558 1603 bis
2578 1550 2855 1617 diapason.
2876 1548 2967 1601 Est
2988 1546 3127 1600 enim
3156 1544 3408 1613 diapason
3431 1558 3560 1596 con-

1986 1640 2208 1705 SIitutio,
2243 1652 2272 1691 a
2302 1638 2868 1707 proslambanomenos
2906 1636 2957 1689 in
2995 1649 3177 1688 meson
3207 1634 3414 1687 caneris
3441 1648 3560 1701 quae

1987 1737 2111 1783 sunt
2139 1727 2327 1782 mediae
2355 1728 2576 1781 vocibus
2605 1725 2990 1789 annumeratis,
3024 1724 3103 1776 vel
3137 1738 3164 1775 a
3195 1736 3340 1775 mese
3374 1736 3559 1776 rursus

1914 1828 1961 1885 Β
1987 1820 2039 1874 in
2066 1828 2226 1875 neten
2249 1818 2611 1889 ltyperboleon
2634 1832 2754 1871 cum
2787 1815 3008 1872 vocibus
3039 1813 3351 1881 interjectis,
3384 1812 3463 1865 vel
3492 1811 3561 1865 ab

1988 1912 2182 1982 hypate
2212 1924 2397 1965 meson
2427 1909 2481 1962 in
2509 1919 2666 1963 neten
2695 1907 3139 1976 diezeugmenon,
3165 1918 3284 1957 cum
3318 1902 3401 1955 bis
3429 1916 3560 1970 quas

1985 2012 2242 2057 extremae
2267 2015 2427 2057 voces
2470 2000 2675 2054 medias
2710 1997 2983 2056 claudunt.
3030 1996 3291 2063 Diapason
3314 2004 3367 2047 et
3387 1991 3416 2030 δ
3445 1992 3561 2046 dia-

1988 2102 2227 2148 tessaron
2258 2106 2385 2147 vero
2412 2088 2725 2145 constitutio
2750 2103 2812 2143 ea
2841 2095 2923 2142 est
2951 2102 3068 2157 qua:
3096 2102 3123 2137 τι
3157 2085 3560 2154 proslambano-

1985 2195 2170 2237 menos
2210 2181 2260 2235 in
2288 2188 2447 2235 neten
2491 2192 2901 2248 synemmenon,
2944 2191 3064 2229 cum
3117 2175 3199 2227 his
3225 2189 3341 2243 qua:
3369 2172 3559 2226 media:

1983 2281 2107 2326 sunt
2131 2270 2424 2337 interiectae
2452 2278 2688 2323 constat.
2733 2268 2819 2321 Bis
2844 2266 3101 2331 diapason
3131 2275 3307 2318 autem
3335 2278 3362 2315 a
3395 2277 3553 2331 pros-

1985 2363 2429 2416 lambanomenon
2478 2356 2530 2411 in
2563 2368 2720 2412 neten
2763 2355 3146 2427 hyperboleon,
3177 2369 3295 2408 cum
3327 2351 3410 2405 bis
3438 2366 3561 2420 qua:

1984 2451 2037 2505 in
2068 2450 2243 2505 medio
2284 2456 2409 2501 sunt
2444 2447 2775 2516 interposita:
2818 2444 3208 2500 consideratur.
3250 2441 3359 2497 Has
3400 2440 3561 2510 igitur

1983 2539 2392 2596 constitutiones
2419 2537 2463 2590 si
2488 2537 2604 2606 quis
2631 2545 2771 2591 totas
2788 2534 2943 2590 faciat
2968 2534 3235 2587 acutiores
3255 2531 3336 2585 vel
3364 2531 3413 2582 in
3435 2544 3558 2598 gra-

1983 2634 2100 2687 vius
2127 2640 2265 2686 totas
2294 2628 2560 2691 remittat,
2593 2626 2886 2680 secundum
2928 2623 3262 2693 supradictas
3304 2620 3558 2687 diapason
3594 2636 3601 2649 κ

1984 2721 2352 2778 consonantia:
2380 2717 2588 2788 species
2619 2718 2814 2771 efﬁciet
2852 2714 3041 2768 modus
3071 2722 3299 2779 septem,
3331 2722 3557 2777 quorum

1984 2812 2201 2867 nomina
2232 2819 2356 2863 sunt
2388 2807 2534 2861 hac:
2568 2802 2913 2874 hypodorius,
2938 2799 3355 2868 ltypophrygius,
3390 2796 3558 2863 hypo-

1984 2900 2181 2972 lydius,
2205 2898 2404 2962 dorius,
2443 2895 2714 2965 phrygius,
2748 2891 2940 2960 lydius,
2975 2886 3333 2958 mixolydius;
3366 2885 3556 2938 horum

1983 3005 2114 3044 vero
2141 2989 2219 3043 sic
2239 2989 2373 3042 ordo
2395 2983 2653 3054 procedit.
2678 2980 2760 3034 Sit
2781 2980 2830 3032 in
2848 2978 3116 3032 diatonico
3141 2992 3337 3046 grnere
3366 2990 3556 3029 vocum

1985 3060 2118 3134 ordo
2146 3077 2436 3146 dispositus
2460 3090 2488 3127 a
2514 3070 3049 3153 prpslambanomcne
3079 3068 3129 3121 in
3162 3078 3319 3121 neten
3365 3066 3559 3135 hyper-

1911 3188 1955 3249 ρ
1985 3173 2199 3238 boleon,
2229 3180 2387 3238 atque
2412 3167 2498 3221 hic
2520 3166 2589 3218 sit
2615 3163 2939 3234 hypodorius
2966 3162 3175 3215 modus.
3203 3162 3255 3216 Si
3274 3161 3391 3229 quis
3407 3174 3559 3228 pros-

1984 3263 2431 3319 lambanomenon
2473 3259 2523 3311 in
2564 3270 2789 3311 acumen
2836 3255 3074 3310 intendat
3105 3264 3257 3318 tono,
3296 3252 3559 3323 hypaten-

1985 3372 2089 3426 que
2102 3357 2342 3424 .bypaton
2362 3351 2549 3406 eodem
2575 3358 2700 3403 tono
2712 3356 2973 3413 attenuet,
2996 3354 3324 3414 caeterasque
3339 3344 3560 3412 phtbon-

1985 3462 2170 3518 gorum
2220 3456 2404 3498 omnes
2448 3441 2608 3495 faciat
2658 3440 2953 3502 acutiores,
2995 3437 3201 3490 acutior
3241 3443 3382 3488 totus
3426 3433 3559 3487 ordo

1974 3540 2299 3611 proveniet,
2332 3551 2489 3605 quam
2516 3532 2614 3588 fuit
2644 3533 2791 3602 prius
2820 3546 2977 3600 quam
3010 3529 3117 3584 toni
3154 3529 3452 3597 susciperet
3478 3526 3560 3578 in-

1986 3633 2303 3689 tensionem.
2336 3628 2448 3681 Erit
2477 3626 2634 3696 igitur
2664 3632 2769 3679 tota
2800 3623 3109 3677 constitutio
3136 3622 3343 3674 acutior
3371 3618 3557 3672 eliceta

1987 3722 2386 3796 hypophrvgius
2429 3720 2652 3786 modus,
2698 3720 2840 3788 quod
2892 3717 2934 3771 si
2965 3718 3017 3771 in
3050 3714 3416 3786 ltypophrygio
3444 3713 3557 3767 toni

1988 3832 2171 3873 rursus
2202 3813 2555 3869 intettsionem
2590 3825 2749 3865 voces
2782 3809 3106 3876 acceperint,
3139 3805 3407 3875 bypolydii
3439 3818 3557 3855 mo-

1900 3952 1903 3955 γ
1986 3907 2187 3963 dulatio
2214 3913 2485 3959 nascetur.
2526 3901 2597 3954 At
2634 3902 2676 3954 si
2716 3899 3060 3970 liypolydium
3106 3896 3226 3965 quis
3273 3893 3560 3948 semitonio

1986 3999 2245 4061 intendat,
2274 3995 2481 4051 dorium
2514 3992 2690 4057 faciet,
2719 4002 2774 4047 et
2805 3992 2855 4045 in
2885 3991 3003 4044 aliis
3022 3988 3235 4058 quidem
3266 3986 3457 4041 similis
3478 3994 3561 4038 est

1988 4093 2039 4146 in
2073 4103 2295 4145 acumen
2326 4084 2788 4152 intcnsionemque
2810 4095 3119 4159 processus.
3154 4079 3416 4148 Quorum,
3451 4091 3557 4130 non

1989 4191 2045 4237 ut
2065 4192 2086 4221 ε
2110 4176 2508 4248 intelligentiam
2532 4174 2869 4230 solummodo
2892 4173 3026 4226 ratio
3047 4168 3556 4240 comprehendatur,

1986 4288 2175 4329 verum
2202 4270 2369 4325 oculis
2396 4283 2608 4337 quoque
2639 4266 2809 4320 forma
2844 4262 3009 4333 possit
3037 4262 3272 4333 agnosci,
3305 4261 3372 4315 ab
3411 4260 3562 4313 anti—
3606 4308 3615 4314 .

1988 4371 2107 4440 quis
2150 4366 2341 4423 tradita
2370 4365 2589 4419 musicis
2617 4361 2911 4430 descriptio
2940 4356 3287 4428 supponenda
3331 4365 3442 4418 est;
3472 4352 3563 4406 scd

1988 4461 2239 4530 quoniam
2264 4473 2357 4527 per
2378 4457 2615 4523 singulos
2636 4456 2823 4508 modos
2853 4468 2878 4503 a
2905 4452 3174 4505 veteribus
3196 4448 3413 4502 musicis
3441 4460 3563 4499 unas

1914 4568 1965 4626 ι)
1988 4570 2214 4624 qumque
2240 4567 2341 4605 vox
2368 4551 2595 4605 diversis
2626 4548 2823 4602 notulis
2853 4546 3100 4613 insignita
3137 4553 3241 4607 est,
3274 4541 3563 4607 descriptio

1990 4646 2137 4714 prius
2166 4642 2466 4697 notularum
2489 4640 2699 4692 videtur
2716 4651 2834 4691 esse
2864 4634 3129 4703 ponenda,
3153 4643 3211 4685 ut
3228 4632 3310 4685 his
3331 4632 3559 4700 primum

1992 4750 2083 4805 per
2113 4749 2171 4787 se
2191 4731 2413 4799 cognitis
2436 4730 2490 4784 in
2517 4728 2796 4785 modorum
2815 4725 3177 4794 descriptione
3204 4722 3373 4779 facilis
3395 4723 3563 4793 possit

1993 4840 2111 4881 esse
2138 4823 2411 4894 dispectio.

1020 987 1287 1048 Parhypate
1313 1005 1480 1040 meson

1016 1077 1263 1137 Lychanos
1296 1094 1461 1129 meson

1021 1166 1156 1214 Mese
1186 1216 1189 1217 ,

1020 1257 1279 1306 Paramese

1587 1511 1868 1523 -ξ-

1022 1702 1264 1751 Paranete
1288 1705 1617 1766 byperholeon

1021 1791 1145 1839 Nete
1172 1793 1501 1853 hyperboleon

1128 2492 1315 2566 ῌῐρθιθ
1341 2500 1552 2562 hypaton

1121 2560 1265 2604 Stans

1082 2472 1093 2613 Ι

1127 2666 1397 2731 Parhypate
1423 2674 1650 2736 hypaton.
1694 2681 1885 2732 Mobilis

1038 2664 1069 2712 Β
1087 2647 1097 2801 Ι
1127 2666 1359 2731 Parhypat

1036 2849 1070 2898 C
1125 2851 1359 2913 Lychanos

1035 2826 1096 3119 BI
1126 3024 1359 3119 §?.ﬁ'.‘i£

1035 3023 1072 3071 D
1127 3024 1315 3087 Hypate
1339 3041 1507 3079 meson

1125 3085 1272 3135 Stans
1296 3089 1569 3151 phtliongus

1032 2991 1095 3508 El
1125 3193 1399 3259 Parhypate
1422 3213 1607 3253 meson.
1631 3204 1822 3254 Mobilis

1038 3365 1072 3413 Ρ
1128 3366 1371 3429 Lychanos
1394 3386 1561 3422 meson

1126 3429 1313 3479 Mobiiis
1337 3432 1614 3496 phthongus

1032 3536 1096 3691 (Ξ.
1130 3551 1283 3603 Mese.
1318 3547 1762 3623 Stans'phthongus

1034 3697 1097 3785 HI
1128 3722 1405 3775 Paramese.
1428 3728 1573 3785 Stans
1610 3730 1881 3785 pbtbongus

1035 3023 1098 3087 D|
1127 3024 1315 3087 Hypate
1339 3041 1507 3079 meson

1125 3085 1272 3135 Stans
1296 3089 1569 3151 phtliongus

1087 3950 1095 4196 ἱ
1125 3952 1314 4003 Mobilis
1341 3950 1620 4019 phtbongu's
1835 4002 1845 4009 .

1001 3950 1067 4196 IK
1126 4061 1368 4112 Paranete
1390 4065 1774 4127 diezeugmenon

1125 4122 1319 4196 hiohilis
1343 4125 1618 4185 phthongus

1003 4196 1098 4390 'Ll
1124 4233 1251 4305 Nete
1276 4236 1662 4305 diezeugmenon

1127 4294 1314 4343 Mobilis
1340 4298 1618 4358 phtltongus

1004 4390 1126 4728 El

1005 4728 1094 4892 ΙΟΙ
1125 4745 1253 4793 Nete
1273 4744 1606 4807 hyperboleon

1126 4808 1267 4853 Stans
1292 4807 1565 4868 phthnngus

1162 3381 1193 3429 1

1032 3536 1096 3691 (Ξ.
1130 3551 1283 3603 Mese.
1318 3547 1762 3623 Stans'phthongus

1034 3697 1885 3862 ﬁgmems

1043 3888 1060 3937 Ι
1088 3888 1095 3956 |
1124 3891 1368 3956 Raranete
1401 3895 1788 3956 diezeugmenon

1125 3952 1314 4003 Mobilis
1341 3952 1620 4019 phtbongu's

1251 3857 1480 3870 .—

1484 3862 1873 3876 ______,.

1835 4002 1845 4009 ν

1770 4031 1879 4043 -ο

1034 4059 1067 4106 Κ
1089 4059 1097 4127 |
1126 4061 1774 4127 Ramnetediezeugmenon

1128 4122 1319 4172 nobilis
1343 4122 1618 4185 phthongus

1002 4161 1128 4296 ΙῖΓ

1034 4230 1070 4280 L
1088 4230 1098 4298 Ι
1124 4233 1662 4298 ῌθιθρίρῑειιεηιθηοη

1087 4294 1098 4358 Ι
1127 4294 1314 4343 Mobilis
1340 4294 1618 4358 phtltongus

1036 4380 1098 4546 Μ’
1126 4405 1261 4453 Trite
1284 4408 1617 4465 hyperboleon

1128 4465 1317 4513 Mobilis
1342 4468 1617 4530 phthongus

1128 4465 1317 4513 Mobilis
1342 4468 1620 4530 phthongus

1032 4572 1096 4635 NI
1127 4572 1366 4635 lfaranete
1392 4575 1725 4635 hyperboleon

1130 4590 1366 4621 raranue
1394 4590 1422 4621 n
1458 4590 1615 4635 perm).

1126 4632 1314 4681 Mobilis
1339 4590 1615 4697 phtftongus

1030 4744 1094 4807 0|
1125 4745 1253 4793 Nete
1273 4744 1606 4807 hyperboleon

1126 4808 1267 4853 Stans
1292 4807 1565 4868 phthnngus

1491 4544 1876 4553 ———_———

1427 4645 1615 4697 ttongus

388 5751 561 5807 “.Non
585 5752 784 5820 legitur.
836 5751 1181 5839 .bDiapenle.
1265 5765 1281 5792 ε
1318 5748 1693 5821 Ιῃιείιὲσςηιέω.
1750 5764 1757 5775 ·
