4200 6248
592 268 728 322 1985

1764 224 1773 233 ’
1809 266 1918 320 ΑΝ.
1964 264 2172 321 nam.
2211 262 2361 319 sev.
2406 261 2627 318 nomn

3714 255 3849 307 ΗΜ

588 380 801 434 notulas
829 378 1033 447 integra
1065 379 1255 449 pagina
1298 375 1715 446 disgregaverit,
1742 376 1853 429 toni
1894 376 2035 431 inter
2074 389 2167 430 eas
2196 380 2247 438 Α
2269 372 2622 427 demonstrat.
2651 371 2780 425 Item
2809 384 2959 425 mese
2982 367 3259 440 hypolydii
3281 367 3348 422 ab
3368 382 3431 422 ea
3454 381 3574 437 quae
3595 374 3678 421 est
3708 384 3852 423 mese

588 470 821 524 sciamus
849 484 968 523 esse
995 469 1324 523 distantiam.
1354 466 1450 521 Sin
1492 478 1681 521 versus
1710 465 1941 529 notulas,
1974 480 2035 519 ac
2062 482 2170 520 non

553 545 560 553 ’
591 559 781 628 pagina
813 560 1123 626 distinguit,
1148 557 1419 613 semitonii
1450 570 1554 611 non
1604 558 1911 625 ignoremus
1938 569 2059 610 esse
2084 556 2168 610 di—

590 654 860 703 stantiam.
895 649 984 701 His
1027 649 1189 717 igitur
1214 648 1284 701 ita
1315 645 1628 716 praemissis,
1655 647 1699 699 si
1736 646 1842 699 duo
1870 647 2086 700 ordines
2116 645 2169 699 in

588 738 671 791 bis
696 738 950 805 diapason
980 737 1325 791 consonantia
1346 737 1620 790 constituti
1646 735 1747 790 sibi
1772 736 1997 789 invicem
2024 751 2171 789 eom-

593 836 877 896 parentur,
922 827 1091 896 utqui
1129 828 1261 881 ordo
1301 828 1370 881 sit
1398 828 1612 897 gravior
1640 827 1806 895 possit
1842 826 2092 895 agnosci,
2123 825 2169 879 si

591 918 1155 986 proslambanomenos
1172 926 1198 954 ³
1218 918 1760 987 proslambanomene
1784 916 1942 969 fuerit
1958 916 2169 985 gravior

590 1010 670 1061 vel
699 1009 950 1075 quazlihet
979 1008 1081 1061 alia
1112 1023 1217 1061 vox
1243 1008 1482 1076 ejusdem
1514 1008 1616 1061 loci
1643 1021 1772 1061 voce
1800 1009 2014 1074 gravior
2041 1020 2160 1073 per-

592 1107 838 1165 notetur,
870 1099 925 1150 in
957 1098 1145 1153 eodem
1178 1098 1382 1153 scilicet
1423 1113 1621 1166 genere
1664 1097 1971 1161 constituta,
2000 1104 2165 1149 totum

591 1204 801 1259 quoque
833 1191 1073 1243 ordinem
1102 1204 1322 1244 necesse
1352 1198 1585 1244 estesse
1611 1189 1934 1258 graviorem.
1964 1189 2167 1243 Tamen

589 1280 643 1333 id
667 1280 858 1334 melius
882 1292 1121 1334 sumetur
1142 1280 1208 1334 ad
1241 1281 1467 1335 mediam
1490 1296 1610 1349 qua:
1630 1287 1711 1333 est
1733 1293 1898 1333 mese.
1930 1278 2165 1331 Duorum

589 1373 733 1426 enim
766 1371 793 1411 δ
833 1374 1080 1428 ordinum
1138 1372 1219 1428 his
1260 1373 1514 1440 diapason
1565 1362 1973 1427 consonantium
2014 1372 2167 1441 cujus

591 1476 739 1517 mese
759 1461 917 1517 fuerit
943 1463 1178 1530 gravior,
1204 1462 1442 1531 ejusdem
1476 1471 1618 1517 totus
1642 1463 1775 1517 ordo
1802 1478 2014 1532 quoque
2042 1477 2164 1531 gra-

590 1552 707 1605 vior
734 1553 855 1606 erit.
880 1552 1011 1605 Nam
1062 1562 1270 1606 caetera:
1316 1553 1537 1621 singula:
1588 1554 1813 1621 singulis
1839 1563 2164 1621 comparata:

592 1626 935 1696 nihilominus
963 1642 1236 1711 graviores
1287 1643 1655 1706 invenientur,
1700 1645 1877 1712 itaque
1912 1644 1958 1697 si
1990 1645 2165 1697 media

588 1734 658 1788 ab
686 1734 789 1787 alia
822 1735 993 1787 media
1025 1742 1152 1787 tono
1174 1744 1263 1786 aut
1292 1734 1499 1787 acutior
1526 1733 1792 1796 videatur,
1816 1744 1907 1787 aut
1935 1740 2166 1802 gravior,

589 1839 777 1878 omnes
798 1838 1007 1893 quoque
1037 1824 1187 1878 nervi
1210 1825 1254 1877 si
1278 1824 1332 1877 id
1363 1825 1551 1878 eodem
1577 1838 1776 1891 genere
1816 1827 1945 1889 sint,
1975 1826 2170 1894 singuli

593 1926 617 1953 ο
640 1916 855 1971 sibimet
875 1917 1169 1985 comparati
1193 1924 1321 1971 tono
1347 1917 1614 1970 acutiores
1631 1926 1721 1969 aut
1746 1916 2020 1984 graviores
2048 1931 2170 1969 esse

589 2006 933 2061 videbuntur.
993 2008 1235 2072 Quatuor
1287 2015 1467 2061 autem
1521 2005 1715 2059 mediis
1774 2004 1820 2058 si
1876 2005 2047 2073 prima
2102 2003 2170 2057 ad

589 2104 832 2163 "quartam
856 2096 1188 2150 diatessaron
1216 2096 1523 2151 distantiam
1556 2104 1751 2160 servet,
1783 2096 1951 2163 prima
1981 2110 2109 2148 vero
2139 2109 2169 2147 a

590 2187 825 2241 secunda
852 2197 976 2240 tono
995 2187 1226 2249 differat,
1256 2188 1487 2241 secunda
1514 2202 1723 2255 quoque
1741 2200 1771 2238 a
1796 2186 1947 2239 tertia
1979 2186 2168 2239 eodem

589 2276 798 2329 differat
830 2284 976 2339 tono,
997 2273 1151 2327 tertia
1179 2274 1244 2327 ad
1270 2284 1513 2343 quartam
1540 2274 1808 2328 semitonii
1831 2274 1990 2329 faciet
2017 2273 2171 2329 diffe-

590 2366 817 2441 rentiam
846 2365 946 2417 hoc
976 2363 1137 2417 modo
1171 2381 1183 2417 :
1218 2365 1324 2418 sint
1351 2366 1383 2417 4
1425 2364 1615 2419 mediae
1644 2369 1689 2418 A
1723 2366 1761 2418 Β
1793 2366 1833 2419 C
1864 2366 1928 2433 D,
1960 2375 2015 2420 et
2043 2366 2087 2420 A
2119 2367 2169 2420 ei

590 2468 711 2520 quae
740 2462 821 2506 est
850 2453 893 2505 D
932 2462 1237 2521 comparata
1291 2461 1471 2507 servet
1514 2452 1580 2506 ad
1607 2469 1725 2507 eam
1769 2455 2166 2522 sesquitertiam

590 2544 1011 2611 proportionem,
1035 2558 1153 2612 qua:
1175 2551 1256 2597 est
1274 2543 1629 2598 diatessaron.
1656 2544 1784 2597 Item
1816 2543 1861 2595 A
1880 2556 1909 2594 a
1942 2543 1979 2595 Β
2008 2543 2169 2597 distet

591 2642 746 2697 tono,
792 2634 830 2686 Β
858 2648 886 2686 a
910 2634 949 2687 C
975 2635 1139 2688 distet
1169 2641 1319 2700 tono,
1350 2634 1672 2703 relinquitur
1720 2642 1780 2689 ut
1823 2632 1862 2688 C
1903 2634 1968 2687 ad
2000 2633 2043 2687 D
2081 2648 2167 2689 se-

595 2726 803 2780 ntitonii
850 2726 1158 2781 distantiam
1182 2734 1376 2780 servet.

1132 2856 1454 2918 Scsquitertia
1478 2856 1621 2905 ratio.

792 3266 836 3313 Α
1128 3262 1172 3315 Β
1563 3264 1609 3315 C
1916 3269 1970 3317 D

592 3624 660 3678 Et
687 3638 731 3677 ει
752 3622 986 3693 quinque
1012 3623 1119 3675 sint
1151 3622 1337 3675 media:
1372 3621 1558 3676 eodem
1586 3622 1766 3693 modo.
1797 3622 1852 3677 Si
1883 3622 2024 3675 enim
2059 3621 2166 3689 pri-

590 3731 677 3770 ma
709 3732 737 3769 a
782 3714 965 3783 quinta
1011 3712 1360 3781 sesquialtera
1399 3711 1425 3749 '1
1469 3712 1734 3766 disteterit
1777 3713 2157 3780 proportione,

590 3809 868 3875 primaque
892 3821 920 3859 a
953 3805 1214 3867 secunda,
1246 3820 1309 3859 ac
1338 3806 1571 3859 secunda
1598 3820 1625 3856 a
1660 3805 1836 3870 tertia,
1871 3814 2164 3873 quartaque

588 3914 618 3951 a
641 3901 841 3968 quinta,
873 3898 1096 3966 singulis
1125 3908 1149 3934 ε
1178 3896 1481 3951 disteterint
1513 3897 1673 3961 tonis,
1721 3898 1874 3949 tertia
1903 3896 1967 3948 ad
2000 3911 2163 3965 quar-

592 4000 700 4041 tam
748 3988 1014 4041 semitonii
1066 3986 1224 4040 faciet
1253 3986 1627 4041 differentiam.
1682 3987 1808 4039 Item
1840 4002 2165 4055 qnmcunqne

590 4076 782 4130 medim
831 4076 1055 4128 aliorum
1100 4076 1377 4129 modorum
1413 4075 1980 4144 prOslambanomcnos
2009 4091 2163 4130 acce-

587 4168 722 4220 dunt
766 4166 846 4218 lue
876 4155 1148 4233 graviores
1188 4168 1374 4221 modos
1411 4178 1719 4235 operantur.
1764 4167 1781 4205 ί
1821 4170 1949 4233 Quae
1994 4167 2160 4232 netis,

587 4258 694 4312 illm
725 4256 989 4309 acutiores
1028 4254 1289 4309 efficiunt.
1331 4257 1592 4321 Quoniam
1625 4260 1782 4327 igitur
1806 4260 1856 4311 in
1887 4258 2161 4325 superiore

587 4348 780 4415 pagina
820 4345 1104 4413 descriptis
1152 4345 1323 4399 modis
1370 4356 1575 4414 partem
1624 4348 1893 4401 sinistram
1939 4347 2161 4416 legentis

588 4436 1105 4507 proslambanomeni
1135 4436 1287 4503 primi
1314 4446 1516 4494 tenent.
1546 4439 1768 4493 Dextera
1790 4453 1917 4499 vero
1938 4440 2161 4508 legentis
2188 4452 2241 4511 ι)

586 4528 839 4586 extremis
859 4529 1123 4584 clauditur
1143 4529 1302 4593 netis,
1326 4529 1430 4584 erit
1448 4530 1699 4584 omnibus
1719 4530 1932 4599 quidem
1956 4532 2161 4587 acutior

587 4631 612 4669 ι
642 4621 846 4685 modis,
874 4622 964 4688 qui
1005 4621 1306 4676 inscribitur
1346 4621 1868 4692 hypermixolydius,
1910 4624 2159 4678 omnibus

586 4727 713 4766 vero
733 4714 992 4781 gravioris
1012 4714 1098 4780 qui
1122 4711 1471 4782 hypodorius.
1500 4712 1607 4767 Nos
1633 4728 1762 4767 vero
1790 4728 1818 4766 a
1840 4712 2157 4783 gravissimo

585 4803 881 4873 hypodorio
909 4804 1239 4871 inchoantes,
1273 4815 1499 4859 caeteros
1530 4820 1686 4874 quam
1719 4806 1856 4860 inter
1877 4820 1936 4859 se
1962 4805 2157 4860 habent

583 4894 939 4949 differentiam
992 4894 1407 4962 designabimus.
1456 4895 1699 4964 Namque
1753 4896 1805 4949 in
1862 4896 2159 4965 hypodorio

582 4990 745 5043 modo
774 5003 919 5042 mese
945 5003 1064 5056 quae
1090 4998 1173 5041 est
1198 5011 1236 5041 ω
1266 4989 1333 5041 ab
1378 5003 1440 5041 ea
1468 5003 1614 5043 mese
1642 5005 1759 5056 qure
1798 4997 1881 5063 est
1913 4990 1964 5042 in
1998 4990 2157 5044 modo

584 5077 954 5149 hypophrygio
977 5087 1101 5130 tono
1133 5074 1159 5112 ιλ
1189 5077 1421 5132 distabit.
1457 5078 1609 5145 Quod
1641 5080 1695 5131 in
1726 5079 1827 5135 hoc
1856 5080 2007 5134 facile
2034 5096 2155 5150 per-

581 5172 858 5240 spicietur,
899 5173 943 5226 si
966 5172 1086 5241 quis
1127 5172 1192 5227 ad
1226 5187 1408 5227 mesen
1456 5174 1836 5244 liypnphrygii,
1866 5190 1985 5244 quae
2013 5185 2094 5228 est
2124 5198 2155 5245 φ

580 5263 821 5333 ejusdem
854 5264 1203 5334 hypophrygii
1237 5287 1276 5317 ω
1302 5274 1594 5332 comparet,
1628 5280 1745 5333 quae
1766 5273 1848 5319 est
1875 5264 2155 5334 hypodorii

576 5354 792 5423 quidem
817 5370 983 5421 mese,
1006 5356 1056 5409 in
1078 5352 1444 5426 hypophrygio
1465 5365 1639 5409 autem
1664 5355 1920 5427 lychanos
1943 5372 2150 5412 meson.

575 5445 708 5501 Nam
729 5470 760 5520 φ
781 5457 939 5517 atque
962 5472 996 5500 ω
1031 5460 1155 5502 tono
1180 5447 1455 5512 differunt,
1483 5448 1620 5517 quod
1654 5449 1842 5519 pagina
1866 5450 2150 5519 interjecta

2272 462 2624 535 IiypOphrygii
2653 464 2764 518 toni
2796 463 3152 517 differentiam
3183 461 3328 516 facit.
3357 460 3597 530 Namque
3626 460 3688 526 C,
3736 477 3851 529 qua:

2272 566 2355 613 est
2381 572 2527 612 mese
2559 556 2852 627 hypolydii,
2878 566 3004 610 tono
3025 555 3186 609 distat
3206 570 3236 607 a
3260 578 3311 627 φ,
3335 569 3453 622 qua:
3470 562 3554 607 est
3582 552 3853 623 hypolydii

2271 651 2486 720 quidem
2506 650 2765 720 lychanos
2785 663 2986 711 mesen,
3010 649 3061 701 in
3089 646 3649 718 hypophrygioautem
3682 662 3850 701 mese.

2274 743 2403 796 Item
2436 756 2586 797 mese
2613 740 2903 812 Iiypolydii,
2928 755 3047 809 qure
3074 749 3156 793 est
3184 739 3248 803 C,
3272 737 3339 791 ab
3365 752 3429 792 ea
3454 753 3573 805 qua:
3602 746 3685 790 est
3712 752 3853 792 mese

2271 833 2410 887 dorii
2455 831 2745 887 semitonio
2774 832 2956 885 distat.
2990 828 3143 897 Quod
3202 828 3326 882 hinc
3374 829 3571 897 poterit
3600 830 3851 897 agnosci,

2272 926 2522 995 quoniam
2550 926 2793 980 ordinem
2842 941 3051 981 sursum
3097 925 3445 993 prodeuntem
3493 924 3611 993 ejus
3640 940 3847 986 meses,

2271 1032 2390 1085 qua:
2436 1028 2519 1072 est
2565 1017 2868 1088 hypolydii,
2897 1028 3055 1086 atque
3102 1032 3224 1072 eum
3272 1017 3515 1070 ordinem
3558 1017 3608 1070 in
3639 1032 3853 1072 sursum

2271 1109 2622 1178 prodeuntem
2658 1109 2977 1178 ejusmeses
3000 1124 3119 1178 qua:
3157 1117 3238 1162 est
3263 1107 3424 1173 dorii,
3450 1124 3582 1161 unus
3618 1109 3854 1163 versicu-

2268 1201 2371 1268 lus,
2398 1216 2504 1255 non
2531 1200 2719 1271 pagina
2747 1201 3040 1270 distinguit.
3075 1200 3191 1267 Quo
3222 1199 3279 1253 Iit
3318 1210 3375 1253 ut
3401 1215 3543 1254 mese
3563 1200 3848 1270 hypodorii

2268 1293 2337 1345 ab
2361 1307 2423 1346 ea
2452 1307 2598 1347 mese
2623 1308 2743 1361 qua:
2764 1301 2844 1346 est
2869 1292 3027 1357 dorii,
3065 1292 3268 1360 integra
3292 1290 3615 1346 diatessaron
3638 1306 3843 1346 conso-

2270 1383 2451 1437 nantia
2473 1382 2666 1447 distet,
2698 1382 2859 1451 idque
2906 1382 3162 1450 probatur
3199 1380 3301 1434 hoc
3332 1380 3525 1434 modo:
3564 1397 3681 1434 nam
3727 1396 3846 1449 qua:

2269 1484 2353 1531 est
2382 1489 2528 1530 mese
2555 1500 2594 1529 ω
2625 1475 2679 1528 in
2711 1474 3028 1545 hypodorio,
3052 1473 3249 1528 eadem
3274 1480 3357 1526 est
3385 1496 3423 1526 ω
3453 1473 3506 1526 in
3539 1472 3723 1535 dorio;
3755 1473 3853 1543 hy-

2268 1577 2391 1636 pate
2422 1581 2606 1621 meson
2640 1576 2722 1621 est
2744 1567 2809 1621 ab
2838 1581 2899 1621 ea
2920 1580 3041 1634 qua:
3070 1574 3155 1619 est
3181 1552 3364 1625 mese:
3380 1566 3430 1618 in
3463 1565 3653 1631 quovis
3694 1564 3853 1618 modo

2268 1658 2350 1713 vel
2390 1673 2590 1727 genere
2621 1658 2954 1712 diatessaron
3004 1656 3353 1711 consonantia
3393 1655 3669 1709 differens.
3723 1654 3855 1708 Item

2201 1743 2248 1801 B
2275 1764 2422 1805 mese
2451 1750 2588 1803 dorii
2631 1764 2749 1817 qua:
2779 1758 2863 1803 est
2888 1771 2928 1803 π
2957 1748 3025 1801 ab
3076 1761 3137 1801 ea
3178 1762 3323 1801 mese
3353 1761 3469 1813 quae
3506 1755 3591 1799 est
3619 1746 3852 1815 phrygii,

2272 1840 2326 1894 id
2356 1849 2437 1894 est
2460 1840 2529 1904 Μ,
2555 1840 2717 1893 distat
2744 1849 2890 1894 tono.
2921 1839 3054 1893 Nam
3084 1853 3201 1907 quae
3245 1848 3325 1891 est
3355 1852 3501 1892 mese
3529 1838 3580 1891 in
3617 1838 3791 1902 dorio,
3815 1861 3855 1891 π

2271 1931 2460 1985 eadem
2504 1932 2555 1985 in
2602 1930 2829 2001 phrygio
2886 1931 3142 2000 lychanos
3188 1943 3393 1983 meson.
3450 1929 3655 1983 Rursus
3707 1912 3856 1983 mese)

2272 2023 2478 2093 phrygii
2504 2038 2623 2089 qua:
2649 2010 2736 2077 est
2756 2023 2824 2089 Μ,
2847 2022 2916 2076 ab
2942 2038 3003 2077 ea
3036 2037 3182 2077 mese
3206 2037 3328 2091 qute
3357 2028 3441 2075 est
3465 2019 3616 2090 lydii,
3642 2020 3693 2074 id
3725 2029 3807 2074 est
3836 2018 3856 2075 I

2273 2111 2436 2166 distat
2461 2121 2606 2165 tono.
2636 2113 2768 2166 Nam
2792 2128 2913 2180 quae
2934 2114 2984 2165 in
3012 2112 3232 2183 phrygio
3251 2120 3334 2189 est
3356 2113 3401 2165 M
3425 2126 3596 2175 mese,
3627 2114 3681 2165 in
3713 2112 3857 2181 Iydio

2272 2210 2355 2256 est
2385 2202 2644 2272 lychanos
2671 2216 2876 2255 mesen.
2922 2201 3127 2256 Rursus
3157 2216 3303 2256 mese
3353 2201 3482 2271 lydii
3515 2200 3657 2254 modi
3698 2202 3766 2253 ab
3794 2215 3855 2256 ea
3916 2254 3924 2261 ,

2272 2304 2422 2345 mese
2443 2305 2563 2360 quae
2590 2300 2673 2345 est
2699 2290 3030 2360 myxolydii;
3062 2291 3113 2344 id
3149 2299 3232 2345 est
3262 2302 3316 2355 II,
3348 2291 3637 2345 semitonio
3671 2290 3856 2343 distat.

2270 2382 2481 2436 Etenim
2524 2381 2537 2418 ί
2572 2382 2616 2435 si
2644 2383 2778 2435 ordo
2811 2382 2901 2450 qui
2947 2390 3125 2435 rectus
3156 2381 3285 2451 lydii
3315 2382 3555 2435 continet
3581 2396 3759 2435 mesen
3800 2381 3853 2435 ei

2270 2472 2444 2526 ordini
2488 2474 2581 2542 qui
2622 2483 2800 2526 rectus
2844 2473 3117 2543 ntixolydii
3164 2488 3347 2526 mesen
3390 2472 3549 2527 habet
3578 2486 3850 2541 compara-

2268 2571 2377 2627 tus,
2412 2579 2517 2616 non
2542 2562 2811 2631 paginula,
2837 2563 2931 2617 sed
2953 2577 3108 2617 versu
3134 2564 3149 2611 l
3181 2562 3524 2632 disjungitur.
3546 2563 3617 2616 Ea
3638 2576 3852 2632 quoque

2270 2666 2419 2706 mese
2446 2668 2563 2721 qua:
2595 2663 2676 2706 est
2704 2653 2999 2723 myxolydii
3048 2664 3083 2706 tt
3128 2653 3195 2707 ad
3233 2669 3350 2707 eam
3392 2668 3575 2707 mesen
3605 2668 3725 2721 qua:
3773 2661 3855 2711 est
3928 2666 3931 2667 '

2271 2744 2772 2814 hypermyxolydii,
2817 2745 2869 2798 id
2898 2754 2983 2799 est
3017 2757 3087 2809 Γ,
3122 2746 3229 2797 toni
3278 2743 3635 2799 differentiam
3683 2744 3854 2807 facit;

2270 2836 2475 2891 idcirco
2497 2838 2748 2905 quoniam
2776 2847 2809 2889 tt
2832 2851 2949 2905 qua:
2972 2837 3022 2888 in
3056 2835 3346 2905 mixolydio
3368 2850 3513 2889 mese
3542 2846 3649 2899 est,
3667 2835 3851 2889 eadem

2270 2927 2323 2980 in
2363 2926 2827 2996 hypermixolydio
2866 2926 3125 2996 lychanos
3168 2941 3353 2980 meson
3397 2936 3500 2979 est.
3534 2924 3688 2980 Unde
3717 2926 3772 2978 Iit
3796 2934 3852 2980 ut

2269 3006 2578 3071 mese‘dorii
2605 3016 2671 3069 ab
2692 3031 2756 3070 ea
2789 3031 2935 3071 mese
2964 3032 3080 3085 qua:
3109 3026 3191 3071 est
3215 3016 3491 3085 mixolydii
3521 3014 3853 3069 diatessaron

2187 3093 2232 3156 (ἶ
2268 3110 2618 3165 consonantia
2644 3109 2828 3163 distet.
2862 3108 2921 3162 Id
2954 3109 3211 3177 probatur
3240 3107 3341 3162 hoc
3364 3107 3560 3161 modo:
3590 3122 3709 3160 nam
3732 3121 3846 3160 me-

2265 3216 2364 3255 son
2391 3216 2509 3269 quae
2540 3208 2621 3253 est
2652 3198 2790 3253 dorii
2811 3190 2843 3265 ,’
2861 3200 2912 3253 id
2941 3208 3024 3253 est
3049 3199 3073 3235 ¹¹
3101 3220 3162 3265 π,
3197 3198 3383 3253 eadem
3420 3206 3504 3252 est
3542 3192 3842 3265 mixolydii,

2268 3293 2320 3346 id
2365 3303 2451 3346 est
2486 3290 2503 3327 ι
2540 3314 2579 3345 π
2612 3292 2808 3361 hypate
2852 3305 3036 3344 meson
3064 3330 3079 3354 ,
3125 3304 3247 3360 quae
3276 3290 3341 3343 ad
3377 3289 3663 3359 cujuslibet
3701 3288 3851 3342 modi

2266 3397 2450 3437 mesen
2477 3382 2809 3439 diatessaron
2856 3382 3257 3436 consonantiam
3307 3388 3504 3435 servat.
3544 3381 3673 3435 Item
3704 3396 3850 3435 mese

2266 3475 2424 3543 dorii,
2454 3475 2507 3530 id
2529 3487 2612 3530 est
2638 3485 2751 3551 τιξπ,
2787 3474 2854 3529 ad
2894 3491 3011 3529 eam
3044 3490 3225 3531 mesen
3256 3490 3373 3542 quae
3401 3486 3482 3530 est
3512 3476 3850 3545 bypermixo-

2267 3563 2398 3633 lydii
2446 3579 2565 3633 quae
2610 3574 2747 3619 estr
2782 3565 3033 3634 diapente
3077 3566 3477 3620 consonantiam
3521 3576 3723 3621 servat.
3776 3568 3848 3624 Ea

2268 3655 2410 3719 enim
2434 3670 2581 3709 mese
2610 3670 2729 3722 quae
2756 3664 2841 3709 est
2861 3656 3019 3721 dorii,
3044 3655 3095 3709 id
3120 3664 3203 3710 est
3224 3664 3250 3691 ιι
3278 3678 3338 3722 π,
3360 3656 3412 3709 in
3437 3658 3626 3711 ordine
3656 3657 3848 3727 hyper-

2268 3743 2546 3814 mixolydii
2598 3745 2853 3814 lychanos
2900 3744 3131 3815 hypaton
3188 3755 3310 3808 est;
3358 3745 3614 3815 lychanos
3672 3756 3846 3800 autem

2267 3838 2500 3907 hypaton
2541 3837 2607 3891 ad
2649 3853 2832 3892 mesen
2877 3838 2929 3891 in
2975 3837 3246 3891 diatonico
3292 3852 3492 3907 genere
3529 3837 3580 3890 in
3610 3838 3845 3907 quolibet

2268 3927 2427 3981 modo
2474 3926 2519 3980 si
2566 3936 2944 3995 comparetur,
2982 3928 3231 3995 diapente
3272 3916 3622 3982 consonantia
3664 3928 3842 3982 distat.

2264 4017 2373 4071 Cur
2401 4024 2575 4071 autem
2606 4028 2824 4071 octavus
2854 4018 3063 4082 modus,
3102 4018 3190 4086 qui
3220 4028 3304 4073 est
3329 4019 3840 4089 hypermixolydius,

2265 4107 2505 4173 adjectus
2532 4116 2635 4174 εει,
2668 4118 2691 4141 υ
2715 4106 2803 4161 hic
2828 4115 2993 4176 patet.
3024 4107 3105 4162 Sit
3134 4106 3215 4161 bis
3260 4107 3518 4177 diapason
3547 4122 3843 4162 consonam
3896 4181 3909 4187 ρ

2268 4200 2338 4253 tia
2369 4199 2507 4253 hinc.

2831 4597 3059 4653 CAPUT
3100 4596 3260 4652 XVII.

2368 4688 2518 4741 Ratio
2546 4691 2781 4759 superius
2818 4689 3082 4757 disposita:
3125 4691 3389 4742 modorum
3436 4688 3724 4757 descriptio.

2340 4817 2601 4885 Diapason
2629 4818 2787 4887 igitur
2806 4818 3205 4873 consonantiam
3242 4824 3419 4871 servat
3449 4818 3489 4869 A
3524 4815 3589 4868 ad
3622 4814 3673 4868 id
3699 4813 3841 4882 Quod

2265 4915 2347 4962 est
2372 4908 2435 4975 II,
2474 4919 2594 4962 octo
2622 4908 2763 4962 enim
2796 4908 3017 4963 vocibus
3054 4909 3393 4962 continetur:
3426 4906 3650 4974 primam
3681 4904 3836 4971 igitur

2264 4996 2490 5051 dicimus
2518 5004 2637 5055 esse
2685 4998 2918 5066 speciem
2959 4997 3212 5066 diapason
3246 5012 3306 5052 ea
3334 5012 3451 5067 quae
3479 5006 3563 5051 est
3590 4997 3635 5049 Α
3658 4994 3722 5057 Η,
3749 5008 3842 5047 se-

2264 5086 2491 5142 cundam
2522 5103 2649 5142 vero
2690 5087 2730 5140 B
2758 5087 2797 5155 Ι,
2827 5088 3037 5142 tertiam
3067 5087 3106 5142 C
3143 5086 3205 5151 K,
3240 5097 3481 5157 quartam
3512 5086 3552 5139 D
3592 5086 3649 5148 L,
3684 5086 3845 5153 quin-

2265 5189 2371 5233 tam
2407 5181 2447 5233 E
2479 5180 2546 5245 Μ,
2583 5190 2789 5235 sextam
2834 5178 2874 5234 F
2899 5180 2964 5246 N,
3010 5181 3290 5249 septimam
3333 5180 3373 5235 G
3401 5180 3466 5234 Ο.
3503 5176 3843 5242 Relinquitur

2259 5269 2419 5340 igitur
2439 5281 2586 5325 extra
2612 5271 2652 5325 II
2675 5270 2733 5335 P,
2763 5288 2881 5342 qua:
2907 5281 2963 5326 ut
2991 5281 3129 5328 totus
3158 5272 3291 5326 ordo
3316 5270 3599 5338 impleatur
3624 5266 3848 5330 adjecta

2261 5372 2374 5429 est,
2402 5374 2558 5433 atque
2587 5360 2672 5417 hic
2700 5372 2781 5417 est
2823 5373 3043 5419 octavus
3075 5362 3291 5430 modus,
3321 5377 3477 5432 quem
3519 5359 3850 5413 Ptolemaeus

2257 5466 2419 5522 super
2449 5454 2719 5508 annexuit.

646 5591 670 5657 ξ
704 5583 819 5657 Non
846 5582 1047 5657 (fgitttr.
1094 5580 1148 5657 ,ι’
1191 5582 1486 5657 Ordinem._
1528 5582 1834 5657 f_Singtifis.
1911 5582 2253 5657 dﬂDestitgrit.
2331 5596 2353 5623 ε
2387 5584 2701 5643 Dcstiterint.
2786 5586 3179 5657 fQum-imque.
3258 5596 3281 5632 ε
3307 5584 3519 5639 Modus.
3598 5579 3623 5618 ιι
3652 5581 3827 5635 Distat

581 5650 598 5687 ί
643 5650 716 5705 Is.
796 5653 814 5701 f
849 5651 1206 5728 Distinguilur.
1288 5654 1413 5707 κΝμ
1475 5652 1487 5689 ¹
1524 5653 1639 5706 Ν.”
1666 5650 1701 5688 ’ἦ
1726 5653 1788 5707 Ν.
1866 5662 1892 5691 ⁸³
1921 5654 1983 5707 Ν.

2064 5666 2086 5691 ο
2123 5655 2281 5712 llinc.
