4200 6248
305 303 439 358 1285

870 411 1093 467 CAPUT
1135 407 1320 463 XVIII.

304 506 743 573 Quemadmodum
772 505 1114 573 indubitanter
1142 500 1349 573 musica'
1391 498 1736 549 consonantia:
1762 512 1883 548 aure

829 574 903 642 dij
911 572 1107 626 udicari
1145 570 1360 640 possit...

376 669 443 722 Ut
475 677 501 704 ι
534 683 661 722 vero
685 666 1045 721 indubitanter
1074 661 1546 716 consonantiarum
1570 660 1707 713 ratio
1734 660 1884 713 colli-

302 771 477 825 gatur,
504 760 595 811 tali
626 757 943 813 brevissimo
964 770 1027 809 ac
1054 752 1282 820 simplici
1306 750 1444 805 efﬁci
1470 752 1663 817 poterit
1689 751 1883 804 instru-

304 861 504 905 mento.
534 850 615 905 Sit
645 851 806 919 igitttr
841 848 1020 917 regula
1068 845 1353 913 diligenter
1384 852 1601 896 extensa
1626 843 1664 893 Α
1702 842 1763 904 1),
1796 841 1881 894 cui

304 942 409 993 duo
437 940 818 1008 bemisptieria,
849 954 981 1007 quas
1007 935 1258 1004 magadas
1297 933 1468 988 Grmci
1500 942 1707 999 vocant,
1741 933 1885 985 insu-

304 1044 400 1097 per
426 1040 777 1097 apponantur,
804 1028 872 1080 ita
907 1036 965 1079 ut
992 1029 1059 1078 ab
1088 1040 1149 1079 ea
1182 1039 1298 1092 quae
1326 1033 1408 1075 est
1440 1024 1479 1075 E
1506 1032 1788 1076 curvatura
1819 1021 1882 1074 ad

305 1123 357 1175 id
388 1122 529 1190 quod
555 1130 636 1175 est
669 1123 706 1172 Β
740 1120 965 1173 deducta
1016 1119 1152 1171 linea
1200 1126 1376 1170 rectos
1405 1116 1546 1169 circa
1576 1130 1634 1168 se
1663 1116 1884 1183 angulos

304 1216 493 1268 reddat
522 1232 533 1264 :
563 1214 687 1266 item
730 1212 797 1265 ab
826 1227 886 1266 ea
929 1227 1046 1280 qua:
1072 1219 1154 1263 est
1181 1210 1219 1263 [τ’
1248 1217 1532 1262 curvatura
1570 1208 1636 1261 ad
1669 1207 1718 1260 id
1745 1208 1884 1273 quod

302 1306 447 1361 estC
474 1316 724 1373 punctum
753 1306 977 1358 deducta
999 1304 1136 1357 linea
1162 1312 1337 1356 reetos
1357 1301 1558 1354 circum
1583 1314 1640 1353 se
1662 1299 1886 1367 angulos

300 1399 522 1454 efﬁciat.
556 1399 671 1451 Sint
698 1413 824 1451 vero
848 1398 929 1450 bte
953 1396 1232 1465 azqualiter
1259 1394 1490 1462 undique
1520 1394 1796 1461 perpolita:
1821 1392 1886 1445 ad

299 1491 518 1544 eosdem
552 1504 699 1551 usus,
724 1489 830 1541 sint
853 1487 1053 1541 eisdem
1077 1487 1193 1538 alia:
1218 1485 1448 1552 :equales
1473 1494 1692 1551 par-alte,
1724 1497 1888 1550 super

306 1582 404 1635 bas
461 1580 766 1634 intendatur
809 1593 1006 1631 nervus
1053 1577 1273 1636 aequalis
1322 1576 1573 1642 undique,
1608 1573 1651 1626 is
1682 1573 1769 1641 qui
1806 1583 1889 1626 est

1616 298 1703 351 DE
1740 295 1980 352 MUSICA
2022 293 2146 348 LIB.
2194 292 2251 346 Υ.

1912 409 1961 465 Α
1989 436 2172 476 nosco.
2207 419 2360 487 Quod
2389 418 2434 472 si
2476 418 2725 487 diapente
2768 416 2983 471 efﬁcere
3023 416 3301 480 volumus,
3335 418 3571 486 quinque

3430 285 3569 343 1286

1987 513 2226 582 partibus
2260 520 2424 564 totam
2455 509 2710 563 cliordam
2734 550 2748 574 ,
2789 507 2839 561 id
2882 518 2966 561 est
2992 509 3219 575 spatium
3259 506 3325 560 ab
3362 506 3402 559 E
3426 506 3492 559 ad
3531 510 3570 561 Ε

1985 602 2165 655 divido
2194 616 2256 654 ac
2306 610 2417 653 tres
2446 599 2536 651 uni
2588 598 2957 667 pmportioni,
3002 597 3132 651 duas
3176 612 3306 651 vero
3354 599 3572 667 reliqua:

1985 692 2145 754 dabo,
2172 703 2332 759 atque
2360 690 2427 742 ita
2459 689 2634 757 posito
2655 688 3047 756 semisphmrio,
3070 688 3371 741 secundum
3404 702 3562 755 supe-

1988 786 2103 837 rius
2153 783 2355 836 dictum
2402 782 2620 834 modum
2668 782 3047 834 consonantias
3100 780 3570 847 dissonantiasque
3662 798 3682 813 -

1986 876 2294 941 perpendo;
2330 874 2455 926 item
2500 874 2543 926 si
2577 873 2833 940 diapasmt
2881 870 3282 924 consonantiam
3313 880 3573 936 temptare

1989 964 2231 1027 voluero,
2262 972 2430 1016 totum
2471 962 2640 1015 tribus
2692 960 2931 1029 partibus
2959 976 3105 1023 seco,
3132 968 3290 1029 atque
3320 959 3372 1012 in
3415 976 3571 1014 nnaut

1988 1056 2229 1124 duasque
2275 1053 2605 1107 distribuens
2654 1054 2870 1106 easdem
2922 1053 3081 1105 simul
3132 1054 3211 1105 vel
3262 1053 3571 1106 alterutram

1991 1146 2205 1221 pulsans
2230 1154 2252 1181 ο
2283 1144 2407 1212 quid
2440 1153 2718 1207 consonet,
2766 1144 2850 1196 vel
2882 1143 3020 1211 quod
3068 1143 3309 1196 dissonet
3349 1154 3573 1211 utraque

1989 1249 2276 1301 cognosco.
2300 1234 2478 1300 Tripla
2500 1248 2648 1293 vero,
2675 1248 2793 1300 quae
2812 1248 2875 1285 ex
2904 1233 3181 1300 permixtis
3208 1235 3571 1289 consonantiis

1989 1326 2243 1383 nascitur,
2272 1325 2341 1376 ita
2372 1323 2639 1387 redditur,
2662 1322 2783 1375 utsi
2820 1332 2981 1376 totam
3015 1323 3065 1376 in
3094 1332 3318 1390 quatuor
3340 1324 3571 1391 partium

1989 1416 2343 1491 divisionibus
2374 1412 2401 1450 ἀ
2432 1418 2742 1483 partiamus,
2768 1423 2930 1481 atque
2961 1416 3012 1466 in
3047 1424 3154 1467 tres
3191 1424 3243 1467 et
3274 1429 3430 1468 unam
3461 1424 3571 1467 tota

1989 1507 2137 1559 nervi
2173 1504 2454 1574 prolixitas
2480 1504 2775 1565 dividatur,
2814 1502 2992 1571 itaque
3022 1500 3449 1571 seuiispharrium
3475 1504 3570 1555 tri.

1990 1596 2089 1648 bus
2118 1594 2415 1663 appositum
2468 1594 2641 1660 tripla:
2693 1593 3051 1662 proportionis
3081 1593 3464 1647 dissonantiam
3513 1599 3568 1646 et

300 1673 343 1725 A
375 1673 413 1724 Ε
439 1671 478 1725 F‘
504 1672 563 1724 D.
593 1671 648 1725 Si
686 1668 709 1706 δ
733 1671 893 1736 igitur
914 1669 1248 1721 diatessaron
1274 1666 1681 1743 consonantiam
1712 1665 1889 1731 qualis

1994 1686 2394 1739 Consonatttiatn
2422 1685 2633 1739 reddat.

298 1762 372 1817 sit
402 1762 638 1831 reperire
660 1763 903 1824 voluero,
930 1761 1028 1813 hoc
1061 1759 1219 1812 modo
1253 1759 1439 1812 faciam
1468 1777 1479 1810 :
1506 1760 1571 1811 ab
1604 1758 1641 1810 E
1672 1767 1887 1825 puncto,
1922 1778 1969 1835 Β

296 1870 410 1923 quo
439 1869 632 1907 nervus
680 1852 1106 1921 semispbazrinm
1142 1851 1340 1918 tangit,
1378 1866 1542 1917 usque
1582 1850 1645 1900 ad
1689 1849 1726 1901 Ρ
1750 1865 1886 1916 pnn-

295 1954 446 1997 ctum
467 1984 481 2007 ,
514 1958 617 2010 quo
649 1959 834 1997 rursus
864 1943 931 1995 ab
962 1943 1063 1994 alia
1097 1953 1244 2006 parte
1287 1943 1459 1993 altero
1491 1954 1686 1992 nervus
1725 1940 1889 1993 semi-

298 2032 540 2100 sphazrio
563 2032 822 2100 jungitur,
842 2031 1021 2085 divido
1038 2031 1268 2098 spatium
1290 2031 1430 2099 quod
1450 2040 1531 2083 est
1561 2030 1597 2081 Ε
1626 2030 1661 2082 F
1684 2038 1890 2097 septem

298 2126 567 2193 partibus,
600 2136 653 2176 et
676 2124 741 2176 ad
781 2133 986 2191 partem
1014 2133 1256 2191 quartam
1303 2123 1652 2188 septiinarum
1679 2134 1893 2188 appono

295 2226 556 2286 punctum
590 2214 730 2284 quod
759 2223 842 2268 est
866 2214 942 2278 K;
975 2222 1059 2267 est
1089 2215 1247 2282 igitur
1278 2214 1317 2265 E
1346 2212 1387 2265 K
1416 2212 1481 2265 ad
1515 2226 1632 2265 eam
1661 2225 1781 2279 qua:
1809 2218 1891 2264 est

294 2312 342 2365 Κ
376 2313 416 2365 F
444 2313 803 2381 scsquitertia.
837 2310 892 2365 Si
930 2311 1090 2379 igitur
1118 2311 1181 2361 ad
1207 2309 1248 2361 Κ
1280 2324 1489 2375 :rquum
1529 2305 1893 2374 superioribus

293 2404 692 2470 semispbreriis
715 2416 1036 2470 apposuero,
1056 2409 1217 2468 atque
1242 2397 1500 2451 alterutra
1530 2397 1757 2450 vicissim
1792 2397 1831 2448 E
1851 2395 1895 2448 K

294 2504 355 2547 et
382 2494 425 2546 K
457 2494 495 2547 F
520 2494 726 2564 plectro
746 2492 986 2546 adhibito
1016 2491 1302 2559 pellantur,
1330 2491 1531 2541 diatess
1552 2505 1665 2540 Iron
1694 2488 1897 2540 distan-

294 2585 438 2637 tiam
463 2584 799 2639 consonabit.
834 2582 929 2637 Sin
961 2596 1088 2635 vero
1127 2580 1286 2633 simul
1320 2590 1498 2648 partes
1528 2578 1670 2631 idem
1703 2576 1743 2631 C
1770 2576 1815 2629 K
1845 2585 1899 2630 et

297 2675 345 2726 Κ
381 2673 423 2726 F
457 2684 709 2740 utrasque
740 2686 1078 2741 percussero,
1110 2670 1447 2723 diatessaron
1492 2671 1898 2723 consonantiam

293 2797 3555 2829 ____________________________________________——_——————-

1404 2930 1783 3030 LIBER
1861 2918 2471 3048 QUINTUS.

366 3193 507 3246 Post
536 3185 888 3243 monochordi
924 3183 1183 3255 regularis
1223 3180 1543 3235 divisionem
1590 3178 1887 3247 adjicienda
1917 3179 1964 3241 (ζ
1996 3176 2141 3229 tione
2161 3172 2734 3241 perpendens.Sensus
2751 3173 2893 3226 enim
2918 3188 2980 3227 ac
2996 3169 3579 3239 ratio,qnasiqua:dam

282 3284 542 3338 arbitror
586 3294 705 3334 esse
748 3293 807 3331 ca
855 3279 906 3330 in
940 3276 1133 3345 quibus
1158 3282 1370 3327 veteres
1394 3270 1613 3325 musicte
1641 3259 1895 3323 doctores
2000 3266 2268 3321 facultatis
2301 3263 2629 3317 barmonicaa
2660 3264 3015 3317 instrumenta
3036 3272 3182 3316 sunt.
3208 3261 3407 3315 Sensus
3435 3276 3581 3314 nam-

281 3370 593 3428 sententiae
639 3366 953 3421 diversitate
995 3364 1341 3426 discordant,
1384 3362 1793 3429 habendumque
1829 3360 1897 3415 de
1997 3370 2101 3424 que
2141 3352 2425 3433 confusam
2468 3350 2720 3421 quiddam
2771 3368 2834 3407 ac
2883 3354 3126 3421 proxime
3156 3351 3282 3414 tale,
3315 3351 3472 3419 quale
3500 3358 3583 3405 est

282 3463 557 3518 omnibus
588 3460 780 3514 subtile
806 3458 1102 3527 judicium,
1133 3450 1295 3523 atque
1339 3454 1390 3508 id
1431 3453 1573 3523 quod
1622 3452 1897 3521 proposito
2000 3446 2128 3501 illud
2177 3445 2319 3515 quod
2352 3448 2538 3503 sentit.
2572 3445 2820 3499 advertit.
2875 3445 3031 3499 Ratio
3075 3443 3084 3477 ⁵
3124 3453 3302 3497 autem
3332 3441 3584 3509 dijudicat

281 3560 467 3611 deest
501 3554 683 3621 operi,
718 3550 1005 3606 mediocris
1047 3548 1307 3603 doctrinm
1336 3556 1359 3584 ε
1396 3545 1745 3614 dispositione
1774 3560 1898 3613 sup-
2001 3538 2360 3606 integritatem
2392 3546 2551 3605 atque
2582 3550 2714 3589 unas
2744 3535 3081 3604 persequitur
3105 3532 3454 3587 differentias.
3478 3533 3585 3585 Ita-

279 3649 562 3719 p'endum
602 3654 702 3697 est.
738 3644 917 3696 Potest
946 3642 1089 3719 enim
1128 3640 1231 3694 alia
1264 3656 1477 3708 quoque
1517 3654 1640 3693 esse
1668 3638 1892 3702 divisio,
1999 3644 2101 3699 que
2130 3645 2318 3682 sensus
2348 3628 2554 3681 invenit
2584 3627 2798 3695 quidem
2827 3625 3050 3680 confusa
3076 3640 3140 3709 ac
3168 3624 3412 3693 proxima
3442 3623 3587 3677 veri-

280 3717 340 3794 in
375 3753 493 3804 qua
529 3752 633 3789 non
672 3749 808 3788 unus
845 3717 1214 3787 tantummodo
1245 3747 1441 3785 nervus
1468 3732 1778 3797 assumitur,
1807 3731 1897 3799 qui
2002 3720 2117 3785 lati.
2149 3720 2345 3786 aCCiPil
2393 3734 2520 3772 vero
2568 3718 2778 3771 ralionc
2816 3718 3198 3786 integritatem.
3250 3717 3409 3770 Ratio
3456 3731 3587 3771 vero

278 3833 497 3903 positis
548 3829 980 3897 proportionibus
1019 3826 1037 3864 τ
1068 3826 1291 3880 dividat.
1322 3825 1518 3878 Verum
1554 3834 1704 3889 octo,
1740 3833 1899 3893 atque
2001 3809 2115 3876 ίιιεει
2139 3809 2349 3877 αυίάειη
2376 3809 2577 3862 ί¹¹νεηίι
2604 3810 2984 3877 ίηιεϐτίῑειίθητν
3011 3807 3350 3873 θθοίρῖίνθτο
3381 3805 3393 3855 ί
3426 3820 3586 3860 δθυευ

274 3896 574 3993 Eiusmodi
606 3896 826 3990 οςιιηιη,
861 3919 984 3982 σαι,
1019 3927 1042 3964 ε
1080 3927 1169 3972 θυι
1218 3919 1271 3971 in
1317 3917 1589 3985 pluribus,
1636 3923 1689 3977 el
1716 3915 1896 3983 quanti
2000 3898 2276 3957 confusam
2333 3914 2396 3952 ac
2443 3899 2742 3966 proximam
2777 3897 3319 3951 verisimilitudinem.
3352 3896 3587 3964 Namque

275 4012 607 4069 necessarii
639 4021 761 4065 sunt
794 4010 962 4071 nervi,
998 4017 1105 4062 tota
1143 4008 1550 4078 proportionith
1580 4008 1717 4083 ratio
1745 4006 1895 4075 quasi

1995 4004 2189 4063 sensus
2215 3989 2346 4043 nihil
2371 3989 2603 4056 concipit
2630 3990 2974 4057 integritatis,
2998 3988 3091 4041 sed
3120 4003 3285 4055 uSque
3313 3986 3378 4040 ad
3410 3989 3587 4053 proxi-

273 4106 467 4163 οευιξε
492 4102 744 4170 subiecta
774 4110 1049 4154 cernatur.
1688 4078 1695 4083 ’
2008 4098 2150 4135 mum
2180 4082 2344 4135 venit.
2390 4079 2547 4133 Ratio
2577 4095 2703 4133 vero
2730 4078 3007 4148 dijudicat,
3042 4081 3185 4133 velut
3213 4078 3258 4131 si
3284 4080 3404 4146 quis
3428 4093 3588 4130 manu

2000 4174 2262 4229 circulum
2296 4173 2515 4233 scribat,
2547 4172 2774 4226 fortasse
2804 4187 2926 4225 eum
2958 4170 3216 4224 circulum
3246 4184 3374 4223 vere
3402 4171 3589 4223 oculus

2000 4268 2315 4320 arbitretur.
2336 4264 2490 4317 Ratio
2517 4278 2645 4318 vero
2669 4264 2815 4317 nullo
2837 4262 2993 4317 modo
3021 4277 3139 4317 esse
3162 4261 3212 4315 id
3242 4261 3383 4330 quod
3415 4262 3586 4315 simu-

2002 4357 2140 4411 latur
2169 4356 2438 4425 intelligit.
2475 4354 2583 4409 Iloc
2603 4370 2733 4410 vero
2764 4354 2963 4408 idcirco
2984 4361 3085 4416 est,
3112 4353 3362 4421 quoniam
3394 4367 3588 4406 sensus

2001 4453 2140 4506 circa
2174 4452 2453 4506 materiam
2493 4452 2745 4513 vertitur,
2775 4449 3091 4518 speciesque
3137 4447 3189 4498 in
3237 4461 3296 4498 ea
3348 4459 3591 4512 compre-

2007 4539 2278 4604 henditur,
2335 4553 2453 4605 quae
2507 4539 2573 4589 ita
2625 4544 2750 4588 sunt
2816 4533 2977 4586 ﬁuitle
3042 4544 3201 4598 atque
3256 4532 3589 4597 imperfecte.

2010 4625 2032 4663 ¹ί
2066 4628 2247 4693 Neque
2296 4623 2672 4685 determinate,
2728 4630 2776 4673 et
2822 4618 2833 4655 ³
2877 4620 3133 4688 usquead
3164 4633 3392 4685 unguem
3427 4632 3592 4685 expo-

2005 4716 2119 4776 lite.
2152 4718 2285 4768 sicut
2330 4723 2411 4765 est
2455 4712 2566 4779 ipsa
2616 4710 2863 4764 materia.
2897 4710 3073 4774 Quare
3105 4716 3142 4742 ιιι
3168 4707 3338 4772 ipsum
3384 4721 3593 4773 quoque

2007 4805 2251 4858 confusio
2310 4803 2570 4870 sequitur.
2628 4810 2859 4865 mentem
2914 4812 3043 4851 vero
3089 4805 3250 4867 atque
3303 4796 3591 4861 rationein,

2008 4891 2257 4962 quoniam
2308 4892 2528 4944 materia
2560 4906 2663 4962 non
2705 4896 2966 4953 moratur,
3009 4889 3217 4957 species
3248 4903 3377 4956 quas
3406 4888 3595 4956 pra-vi-

2008 4984 2120 5048 det,
2165 4992 2357 5050 prmter
2405 4982 2630 5049 subjecu
2674 4981 3105 5034 communionem
3153 4980 3403 5042 intuetur,
3432 4989 3595 5046 atque

2010 5074 2129 5129 ideo
2157 5091 2274 5128 eain
2304 5073 2578 5142 integritas
2610 5072 2897 5126 comitatur
2922 5085 2984 5125 ac
3007 5071 3221 5131 veritas,
3257 5079 3283 5105 ιι
3318 5068 3597 5139 potiusque

2011 5167 2062 5219 in
2094 5182 2307 5220 sensum
2342 5165 2484 5235 quod
2531 5174 2804 5233 peccatur,
2834 5174 2923 5217 aut
2953 5164 3126 5217 minus
3157 5171 3258 5225 est,
3288 5174 3375 5215 aut
3407 5178 3595 5217 emen-

2009 5260 2120 5325 dat,
2140 5271 2229 5313 aut
2250 5260 2505 5328 complet.
2540 5258 2789 5328 Fortasse
2812 5265 2987 5309 autem
3021 5256 3071 5309 id
3103 5256 3242 5322 quod
3272 5271 3462 5310 sensus
3492 5270 3597 5308 non

2009 5351 2237 5417 integre,
2263 5353 2353 5405 sed
2382 5327 2655 5411 confuse:
2680 5360 2838 5418 atque
2860 5346 3087 5403 veritate
3112 5349 3286 5403 minus
3311 5350 3460 5417 quasi
3483 5348 3600 5416 qui«

2008 5442 2131 5496 dain
2166 5442 2443 5495 incallidus
2467 5442 2773 5496 teSIimator
2797 5441 3060 5510 agnoscit,
3092 5439 3144 5492 in
3172 5439 3393 5509 singulis
3423 5439 3600 5493 minus

1814 3095 2094 3106 .__—_—

738 4223 779 4273 Ε
1124 4240 1133 4245 ·
1406 4216 1440 4261 Ρ

294 4448 1878 4591 στῶ-ξς

840 4695 1063 4749 CAPUT
1095 4695 1375 4749 PRIMUM.

292 4785 368 4839 3e
393 4787 445 4839 vi
479 4784 807 4838 harmoniae
847 4795 892 4837 et
940 4802 1052 4852 quae
1086 4787 1184 4838 sint
1215 4792 1325 4856 ejus
1355 4788 1693 4840 instrumenta
1713 4790 1904 4859 judicii

501 4890 557 4932 et
587 4895 807 4945 quonam
838 4896 995 4947 usque
1020 4879 1244 4932 sensibus
1275 4889 1504 4947 oporteat
1540 4881 1699 4933 credi.

352 4981 477 5037 Sed
526 4981 600 5035 de
646 4980 731 5033 bis
781 4982 937 5046 paqu
1000 4990 1112 5048 post
1156 4982 1467 5046 loquemur;
1518 4997 1661 5035 nunc
1713 4984 1899 5036 dicen-

270 5075 417 5129 dum
454 5082 550 5127 est
586 5086 707 5137 qua:
750 5071 818 5123 sit
846 5072 924 5125 vis
973 5072 1329 5130 liarmo‘nicre.
1371 5074 1436 5126 de
1494 5090 1595 5140 qua
1672 5083 1902 5130 tractare

269 5164 683 5224 instituen'cs,
734 5170 965 5230 quatuor
1022 5162 1182 5215 libros
1243 5163 1600 5228 implevimus.
1649 5164 1903 5220 Naturam

270 5273 423 5311 Vero
468 5255 610 5322 ejus
652 5250 680 5287 ¹³
713 5269 923 5321 unoque
968 5255 1371 5321 exprimendam
1427 5256 1477 5309 in
1534 5255 1687 5324 hujus
1733 5258 1904 5325 quinti

268 5344 607 5402 voluminis
635 5343 829 5397 seriem
854 5345 1183 5399 distulimus.
1224 5347 1541 5400 Ilarinoniea
1570 5359 1651 5400 est
1681 5347 1905 5401 facultas
1931 5350 1940 5360 '

265 5440 649 5496 differentias
666 5444 942 5491 acutorum
964 5447 1018 5492 et
1035 5440 1272 5507 gravium
1291 5453 1545 5493 sonorum
1566 5454 1725 5495 sensu
1752 5457 1812 5495 ac
1830 5458 1906 5495 ra-

344 5654 371 5680 ιι
422 5642 621 5711 Ergo.
772 5638 909 5711 Non,
941 5639 1144 5711 legitur.
1174 5652 1248 5711 με
1294 5642 1459 5707 Quod.
1545 5640 1571 5679 ά
1612 5642 1909 5698 Patiamur.
2010 5653 2032 5681 θ
2078 5642 2484 5702 Dispensatione.
2598 5643 2618 5681 τ
2652 5644 2938 5697 Dii-idatur.
3068 5651 3091 5689 ι
3126 5642 3209 5695 Ut.

3308 5642 3339 5679 h
3369 5643 3430 5679 Γὶ

344 5654 371 5680 ⁸·
422 5643 621 5715 Ergo.
691 5643 718 5677 ιι
772 5643 912 5720 Non.
941 5643 1144 5707 legitur.
1228 5652 1248 5680 ε
1294 5643 1459 5707 Quod.
1545 5643 1571 5679 ἀ
1612 5643 1909 5698 Patiamur.
2010 5653 2032 5681 θ
2078 5643 2484 5702 Dispensatione.
2598 5643 2618 5681 τ
2652 5644 2938 5697 Dii-idatur.
3068 5651 3091 5689 ι
3126 5643 3209 5695 Ut.
3308 5643 3339 5679 δ
3369 5643 3598 5713 l'intquc.

269 5724 287 5751 ι
335 5713 506 5769 Vero.
609 5722 622 5758 ι
668 5708 789 5762 Non
815 5709 1019 5776 legitur,
1098 5708 1122 5747 ¹ι
1156 5709 1287 5766 Nec.
1371 5713 1383 5750 ι
1420 5717 1603 5782 Atque.
1684 5724 1720 5751 ιη
1765 5715 2005 5770 Sensum.
2083 5723 2107 5749 υ
2142 5713 2421 5782 I’otiusque
2450 5715 2585 5780 quod
2614 5715 2664 5768 in
2714 5731 2861 5769 sqnau
2906 5723 2994 5769 aut
3044 5724 3299 5783 peccatur.
