4200 6248
630 276 764 330 19.87

593 430 599 438 ι
631 390 823 446 habeat
856 381 1038 436 errati.
1073 377 1308 433 Collecta
1355 385 1483 426 vero
1507 365 1924 434 multiplicantur
1968 359 2020 414 in
2066 373 2206 411 sunt-
2235 349 2289 418 λ

632 497 796 543 mam,
838 486 997 546 atque
1036 472 1234 534 idcirco
1265 477 1289 503 δ
1321 476 1566 533 magnam
1604 451 2206 512 faciuntdill'erentiam.

632 575 764 629 Nam
788 570 830 624 si
861 545 991 621 duas
1024 562 1236 616 voculas
1263 567 1388 611 tono
1417 569 1606 609 sensus
1655 551 1858 604 distare
1901 545 2207 604 arbitretur,

635 675 807 730 neque
839 658 1055 717 distent,
1089 663 1379 716 rursusque
1408 647 1475 700 ab
1501 655 1608 697 una
1639 654 1821 695 earum
1846 637 1888 686 .b.
1908 644 2046 693 tono.
2066 642 2228 702 putet,

637 724 838 808 distare
869 747 1099 805 tertiam,
1131 755 1312 810 neque,
1332 740 1403 792 sit
1430 738 1630 803 integra
1660 747 1723 785 ac
1755 745 1880 784 vera
1906 728 2012 780 toni
2041 725 2110 779 sit
2134 724 2213 777 di-

637 841 851 898 stantia.
874 837 1003 890 Item
1033 833 1203 887 tertia:
1244 821 1693 897 quartacqt'te‘toiti
1740 833 1928 882 sensus
1964 815 2220 882 (μίσει-ειν.

637 935 766 986 tiam
795 935 964 997 putet,
994 933 1150 991 atque
1180 922 1232 974 in
1264 918 1448 972 eadem
1478 926 1686 980 quoque
1717 917 1916 970 errent,
1945 919 2118 972 neque
2146 903 2215 956 sit

637 993 936 1078 differentia
969 1014 1099 1070 toni.
1123 1011 1188 1064 ab
1209 1010 1308 1076 hac
1332 1006 1728 1071 etiatuvquarta,
1745 997 1984 1066 quintam
2015 993 2214 1056 distare

595 1159 600 1164 .
638 1108 981 1169 semitonium
1015 1091 1183 1170 pntet,
1226 1111 1400 1165 neque
1429 1108 1577 1155 vere,
1608 1103 1782 1157 neque
1830 1087 2034 1152 integre
2072 1081 2216 1134 testi‘

641 1211 770 1264 met,
820 1199 873 1252 in
918 1193 1144 1262 singulis
1196 1191 1432 1242 fortasse.
1471 1183 1647 1236 minus
1683 1180 1926 1231 videatur
1958 1181 2214 1236 erratum.

641 1260 795 1359 Quod
841 1301 970 1341 vero
1015 1260 1079 1336 in
1128 1260 1299 1348 primo
1341 1285 1466 1330 tono
1508 1284 1701 1327 sensus
1735 1265 1948 1333 reliquit
1977 1273 2134 1330 atque
2165 1260 2214 1340 id

640 1352 782 1453 quod
814 1381 864 1432 in
888 1374 1123 1432 secundo
1155 1380 1210 1425 et
1249 1369 1405 1423 tertio”
1445 1355 1604 1432 atque
1634 1363 1688 1414 in
1721 1362 1911 1427 quarto
1933 1352 2217 1432 semitou'to

643 1447 922 1542 peccatum
945 1473 1044 1529 est;
1081 1465 1135 1515 in
1159 1475 1320 1515 unum
1346 1460 1726 1524 congregatum
1755 1463 1913 1517 atque
1935 1447 2215 1500 collectum

641 1540 859 1623 efficiet,
886 1569 943 1613 ut
971 1557 1138 1624 prima
1164 1569 1265 1606 vox
1291 1551 1355 1604 ad
1381 1551 1618 1628 quintam
1641 1556 1825 1620 vocem
1845 1540 2092 1615 diapente
2111 1550 2216 1614 non

642 1653 922 1708 contineat
946 1633 1374 1707 consonantiam,
1401 1629 1543 1708 quod
1587 1632 1866 1703 oportebat
1907 1629 2021 1682 ﬁeri
2043 1627 2088 1681 si
2110 1637 2217 1679 tres

643 1756 798 1799 tonos
823 1757 885 1796 ac
909 1739 1251 1806 semitonium
1275 1732 1700 1796 sensus'integre
1723 1715 2033 1792 iudicasset.
2065 1718 2215 1785 Quod
2247 1719 2296 1777 B

644 1837 803 1904 igitur
830 1833 880 1886 in
911 1831 1133 1900 singulis
1169 1825 1307 1880 tonis
1339 1823 1513 1876 minus
1541 1815 1943 1888 pervidehatur,
1972 1811 2024 1866 id
2055 1811 2220 1865 colle-

643 1902 788 1980 ctum
821 1925 872 1975 in
900 1917 1302 1976 consonantiam
1337 1911 1614 1967 evidenter
1650 1905 1918 1975 apparuit.
1946 1902 2135 1972 ‘Atque
2164 1908 2222 1952 ut
2291 1945 2294 1947 Α

650 2015 990 2084 pcrvideatur
1023 2025 1239 2065 sensum
1268 2006 1482 2077 quidem
1513 2001 1738 2076 confusa
1769 1999 2044 2066 colligere,
2078 1993 2222 2048 nullo

650 2083 810 2158 modo
834 2111 1012 2166 autem
1041 2101 1108 2154 ad
1140 2098 1498 2167 integritatem
1534 2091 1758 2146 rationis
1789 2087 2103 2147 ascendere,
2148 2083 2225 2136 sic

653 2194 1056 2250 consideremus
1082 2207 1096 2243 :
1126 2191 1272 2242 Data:
1295 2187 1436 2241 enim
1491 2185 1644 2237 linere
1677 2176 1934 2247 majorem
1964 2177 2224 2228 minorem

655 2296 679 2324 ο
712 2299 778 2338 ne
803 2283 961 2336 aliam
995 2280 1250 2346 reperire,
1282 2276 1412 2329 nihil
1444 2284 1526 2327 est.
1551 2272 1769 2325 difticile
1799 2261 1999 2322 settsui.
2026 2266 2227 2344 Propo-

653 2376 754 2429 sita
778 2387 903 2427 vero
931 2384 1183 2425 mensura
1215 2368 1266 2421 in
1309 2377 1456 2419 tanto
1492 2365 2026 2429 majorem,-tantove
2056 2356 2227 2409 mino—

654 2479 767 2518 rem
794 2463 1048 2529 rcperiat,
1082 2459 1132 2511 id
1172 2473 1276 2511 non
1307 2455 1469 2508 faciet
1497 2466 1686 2506 sensus
1723 2450 1894 2527 prima
1924 2446 2224 2512 conceptio,

651 2553 746 2608 sed
796 2543 966 2606 solcrs
1018 2549 1239 2603 rationis
1281 2546 1538 2600 inventio.
1569 2542 1775 2606 νεικεῖ
1820 2528 2008 2593 rursus
2051 2538 2227 2589 datam

653 2645 844 2696 lineam
875 2642 1206 2711 propositum
1237 2639 1306 2692 sit
1343 2637 1431 2692 vel
1468 2635 1776 2702 duplicare,
1817 2621 1906 2684 vel
1946 2628 2223 2682 dimidiam

650 2751 859 2796 secare,
890 2736 941 2788 id
990 2733 1217 2786 lortasse
1256 2733 1380 2784 licet
1415 2729 1572 2797 paulo
1607 2725 1880 2779 difficilius
1910 2735 2068 2790 quam
2095 2733 2226 2773 con-

656 2827 772 2880 fuse
824 2826 1080 2892 majorem
1135 2823 1465 2876 minoremve
1511 2818 1769 2886 reperire,
1809 2813 2004 2881 poterit
2051 2819 2228 2863 tamen

651 2932 844 2972 sensus
889 2915 1193 2992 inventione
1242 2911 1512 2965 constitui.
1562 2908 1618 2962 Si
1663 2912 1789 2960 vero
1823 2904 2134 2971 imperetur,
2172 2907 2232 2951 ut

657 3008 944 3076 ρι-οιιοεὶιω
977 3007 1129 3059 linea:
1161 3005 1314 3072 tripia
1345 3011 1593 3072 ponatur,
1625 2999 1708 3053 vel
1739 2997 1804 3052 ab
1833 3011 1893 3049 ea
1929 3009 2047 3063 pars
2077 2992 2230 3046 tertia

1833 252 1938 306 AV.
1981 246 2188 302 MANL.
2232 242 2381 298 SEV.
2427 240 2670 296 UOETII.

3746 216 3884 270 1288

2385 350 2665 404 harmonici
2707 358 2730 394 ε
2766 342 3096 414 Pythagorici
3129 339 3201 392 v.l
3225 337 3580 399 Aristoxenus,
3604 333 3679 384 vel
3705 327 3886 383 Ptole-

2383 438 2540 475 ma’us
2569 435 2675 473 esse
2702 419 2893 470 dixere.

2387 512 2700 582 Ilujusmodi
2760 511 2920 580 igitur
2969 508 3376 560 instrumentum
3424 500 3478 554 in
3519 512 3625 567 quo
3665 494 3890 550 rationis

2312 604 2548 658 adhibito
2601 601 2782 664 modo,
2819 614 3070 654 sonorum
3119 593 3432 649 differentia:
3485 588 3889 659 perquiruntur,

2313 703 2534 747 vocatur
2587 689 2894 758 harmonica
2949 686 3155 754 regula,
3203 685 3257 736 in
3297 697 3399 749 qua
3441 695 3499 734 re
3531 676 3890 730 1|"multorum

2283 781 2594 854 doctorum
2633 778 2910 832 sententia:
2940 772 3208 829 discordia
3231 770 3350 824 fttit.
3382 767 3607 835 Quidam
3630 767 3770 820 enim
3801 765 3891 833 qui

2314 867 2680 937 Pythagoricis
2719 865 3010 934 disciplinis
3059 863 3295 916 maxime
3344 858 3717 919 crediderunt,
3759 855 3894 907 hanc

2317 960 2664 1012 intentionem
2717 957 3039 1012 barmonicaa
3084 967 3206 1008 esse
3257 951 3547 1016 dicebant,
3592 957 3650 1002 ut
3699 958 3888 1002 cuncta

2315 1049 2507 1100 rationi
2533 1056 2891 1100 consentanea
2941 1048 3312 1113 sequerentur.
3342 1044 3568 1095 Sensum
3592 1040 3735 1093 enim
3766 1039 3894 1092 dare

2316 1138 2556 1205 qutcdam
2584 1136 2811 1204 quodam
2849 1135 3018 1204 modo,
3035 1132 3239 1186 semina
3266 1121 3605 1198 cognitionis.
3635 1121 3893 1179 rationem

2318 1244 2446 1283 vero
2469 1231 2752 1294 perlicere.
2772 1213 3123 1280 Aristoxenus
3137 1267 3140 1270 .
3156 1237 3284 1277 vero
3297 1221 3597 1284 ,econtrario
3626 1216 3892 1269 rationem

2319 1315 2533 1384 quidem
2557 1316 2806 1369 comitem
2835 1329 2898 1368 ac
2922 1311 3290 1367 secnndarium
3313 1324 3434 1362 esse
3454 1307 3671 1370 dicebat,
3693 1316 3892 1360 cuncta

2284 1406 2290 1478 ς
2321 1406 2450 1459 vero
2472 1420 2662 1460 sensus
2687 1404 2888 1472 judicio
2919 1401 3216 1463 terminari,
3243 1407 3298 1452 et
3332 1397 3397 1450 ad
3437 1397 3550 1464 ejus
3577 1393 3895 1448 modulatio-

2322 1510 2441 1548 nem
2491 1509 2920 1560 consensumque
2960 1507 3078 1546 esse
3123 1491 3137 1528 ί
3193 1490 3500 1544 tenendum.
3535 1489 3574 1540 A
3609 1486 3898 1539 Ptolemzco

2287 1589 2292 1592 ⁴
2321 1576 2496 1643 autem
2528 1587 2756 1657 quodam
2798 1585 2960 1658 modo
2991 1580 3318 1638 harmonica
3361 1578 3610 1632 delinitur
3650 1576 3900 1638 intentio,

2323 1692 2385 1731 ea
2437 1678 2642 1731 scilicet
2693 1687 2748 1730 ut
2793 1676 2923 1729 nihil
2973 1675 3190 1728 auribus
3231 1669 3530 1738 rationique
3577 1665 3751 1736 possit
3785 1680 3902 1720 esse

2325 1767 2672 1821 contrarium.
2718 1765 2771 1819 Id
2815 1765 2956 1819 enim
2988 1761 3279 1817 semiudum
3309 1756 3658 1813 Ptoletnmum
3685 1757 3904 1810 harmo-

2325 1850 2476 1911 nicus
2520 1856 2731 1909 videtur
2779 1853 3079 1918 intendere,
3111 1859 3170 1904 ut
3198 1851 3252 1904 id
3280 1852 3421 1917 quod
3471 1863 3666 1902 sensus
3698 1846 3906 1915 judicat

2324 1946 2460 1999 ratio
2491 1929 2711 2013 quoque
2766 1933 3080 2012 perpendat,
3126 1950 3180 1995 et
3221 1941 3294 1994 ita
3344 1925 3482 1992 ratio
3531 1937 3906 2005 praponiones

2327 2037 2562 2090 inveniat
2610 2044 2670 2088 ut
2713 2049 2778 2088 ne
2820 2049 3010 2088 sensus
3041 2033 3318 2096 reclamet,
3351 2031 3689 2096 duorumque
3720 2029 3905 2081 horum

2288 2127 2298 2202 '_
2327 2127 2612 2180 concordia
2689 2126 2863 2179 omnis
2914 2123 3241 2178 harmonica:
3299 2122 3532 2182 intentio
3596 2120 3918 2185 ntisceatur._

2330 2223 2506 2288 Atque
2536 2221 2588 2272 in
2627 2235 2691 2272 eo
2730 2220 2959 2272 maxime
2987 2218 3364 2271 Aristoxenum
3423 2229 3484 2267 ac
3525 2214 3907 2284 Pythagoricos

2288 2313 2695 2382 'reprehendit,
2752 2313 2894 2382 quod
2955 2312 3306 2366 Aristoxenus
3351 2295 3482 2362 nihil
3541 2307 3755 2371 rationi,
3812 2305 3909 2359 sed

2333 2420 2538 2463 tantum
2570 2395 2820 2463 sensibus
2847 2407 3036 2470 credit,
3071 2405 3454 2476 Pythagoricos
3501 2413 3676 2456 autem
3707 2400 3724 2449 i
3762 2399 3910 2468 quod

2333 2502 2608 2554 minimum
2641 2501 2910 2566 sensibus,
2939 2499 3223 2568 plurimum
3265 2504 3441 2548 tamen
3472 2489 3910 2562 proportionibus

2332 2591 2554 2646 rationis
2579 2592 2869 2660 invigilent.
3138 2589 3141 2592 ”

2915 2681 3170 2757 ὀΑυυτ
3212 2698 3298 2752 HL

2335 2794 2400 2848 In
2446 2813 2544 2864 quo
2591 2796 2919 2847 Aristoxenus
2966 2793 3042 2845 vel
3093 2787 3424 2859 Pythagorici
3474 2786 3550 2838 vel
3597 2782 3910 2835 Ptolemais

2477 2867 2771 2934 gravitatem
2800 2876 2948 2930 atque
2969 2877 3181 2914 acumen
3215 2868 3447 2912 constare
3467 2862 3760 2926 posuerunt.

2405 2976 2665 3040 Quoniam
2689 2990 2816 3029 vero
2838 2988 3026 3028 sonum
3050 2986 3170 3027 esse
3191 2983 3379 3024 omnes
3408 2966 3749 3022 consentiunt
3771 2963 3915 3018 aeris

653 3099 947 3163 recidetur,
977 3097 1061 3151 vel
1084 3095 1374 3165 quadrupla
1397 3095 1770 3155 constituatur,
1791 3089 1874 3142 vel
1900 3101 2022 3156 pars
2042 3093 2228 3154 quarta

2337 3068 2753 3136 percussionem,
2783 3065 3056 3134 gravitatis
3085 3071 3243 3130 atque
3271 3060 3531 3114 acuminis
3558 3057 3915 3110 differentiam

653 3196 927 3241 resecetur
957 3201 1131 3239 nonne
1155 3181 1488 3251 impossibile
1514 3182 1582 3234 sit
1604 3177 1806 3239 sensui,
1827 3177 1926 3229 nisi
1953 3166 2231 3240 integritas

653 3275 876 3328 rationis
893 3273 1131 3337 accedat,
1151 3265 1251 3325 hoc
1278 3271 1419 3336 ideo,
1443 3270 1566 3338 quia
1593 3283 1687 3336 per
1712 3277 1992 3334 processus
2016 3262 2230 3332 quidem

653 3363 848 3416 rationi
881 3364 1027 3415 locus
1055 3361 1330 3424 accrescit,
1356 3360 1535 3413 deficit
1566 3357 1767 3411 sensui.
1813 3355 1877 3430 Si.
1915 3355 2056 3408 enim
2087 3363 2234 3405 octa-

653 3469 771 3505 vam
801 3461 1004 3520 partem
1035 3450 1322 3518 proposita:
1350 3450 1505 3502 linea:
1531 3441 1743 3500 auferre
1773 3443 1966 3512 aliquis
1995 3431 2230 3511 impete;

653 3549 760 3603 tur,
797 3541 880 3593 vel
909 3539 1147 3606 ejusdem
1179 3539 1444 3604 octuplam
1477 3537 1606 3589 dare
1645 3545 1886 3603 cogatur,
1925 3533 2085 3586 totius
2111 3530 2230 3598 qui-

653 3631 775 3684 dem
819 3629 846 3666 d
896 3629 1171 3691 dimidiam
1221 3642 1433 3682 sumere
1487 3626 1843 3692 compellitur,
1894 3623 2233 3690 dimittiteqne

651 3705 950 3788 dimidiam,
982 3729 1042 3774 ut
1068 3720 1359 3787 sitquarta,
1392 3726 1598 3785 quarta:
1645 3726 1668 3752 θ
1700 3730 1822 3781 quae
1843 3713 2145 3778 dimidium,
2177 3713 2234 3764 tit

651 3813 722 3866 sil.
750 3821 956 3866 octava.
990 3810 1304 3879 Rursusque
1348 3809 1509 3861 totius
1543 3806 1780 3872 duplam,
1816 3803 2099 3873 duplaeque
2136 3803 2232 3856 du-

651 3906 817 3972 plam,
851 3912 905 3956 ut
927 3903 998 3956 sit
1025 3887 1349 3970 quadrupla,
1372 3897 1786 3967 quadruplreque
1816 3894 2050 3964 duplam,
2082 3901 2138 3946 ut
2166 3894 2234 3945 sit

650 3995 884 4059 octupla.
937 3991 1118 4059 Itaque
1164 3992 1214 4042 in
1263 3999 1408 4042 tanta
1463 4002 1640 4040 rerum
1688 3984 2071 4038 numerositate
2101 3982 2234 4036 nihil

652 4079 818 4132 ellicit
846 4092 1054 4132 sensus.
1087 4078 1250 4145 Cujus
1292 4092 1452 4132 omne
1493 4077 1751 4145 judicium
1794 4075 2051 4137 subitum,
2075 4082 2235 4142 atque

650 4166 702 4219 itt
727 4164 1010 4232 superﬁcie
1039 4166 1269 4231 positum
1318 4166 1673 4234 integritatem
1705 4163 2235 4230 persecutionemque

571 4319 590 4333 δ
650 4270 756 4308 non
781 4254 1033 4320 explicat.
1059 4253 1266 4309 Idcirco
1296 4269 1400 4307 non
1444 4263 1525 4307 est
1553 4255 1762 4306 aurium’
1789 4253 1970 4306 sensui
1999 4251 2232 4304 dandum

648 4359 807 4397 omne
847 4343 1129 4411 judicium,
1171 4342 1263 4397 sed
1309 4343 1611 4397 exhibenda
1643 4350 1726 4395 est
1760 4335 1920 4396 etiam
1954 4343 2089 4395 ratio
2115 4356 2234 4410 quae

647 4439 911 4502 errantem
961 4445 1176 4486 sensum
1237 4441 1388 4500 regat
1430 4447 1494 4486 ac
1546 4441 1832 4500 temperet,
1881 4448 1986 4500 qua
2047 4430 2233 4486 labens
2265 4451 2319 4509 D

647 4527 840 4574 sensus
865 4519 1228 4589 deﬁciensque
1286 4521 1460 4575 veluti'
1478 4521 1665 4574 baculo
1696 4519 1971 4573 innitatur.
2007 4519 2137 4573 Nam
2179 4529 2237 4573 ut

647 4610 870 4678 singula:
919 4620 1061 4664 artes
1101 4611 1297 4665 habent
1346 4612 1698 4664 instrumenta
1749 4610 1994 4678 quzedam
2045 4611 2236 4679 quibus
2287 4607 2295 4614 “

646 4703 840 4766 partim
895 4699 1114 4754 confuse
1152 4700 1352 4770 aliquid
1403 4700 1693 4754 informem
1739 4706 1799 4752 ut
1848 4696 1865 4735 ί
1918 4699 2232 4767 asciculttm,

609 4839 613 4844 .
646 4790 837 4855 partim
864 4803 993 4842 vero
1022 4789 1162 4856 quod
1193 4799 1276 4843 est
1316 4789 1577 4857 integrum
1607 4787 2009 4856 deprehendat,
2039 4797 2099 4840 ut
2126 4787 2236 4840 cir-

647 4881 870 4935 cinum-
899 4881 972 4934 Ita
1018 4883 1178 4936 etiam
1227 4882 1533 4935 harmonica
1566 4881 1645 4934 vis
1675 4881 1836 4934 habet
1879 4880 2013 4932 duas
2049 4879 2259 4947 judicii-

647 4979 828 5038 partes
861 4987 872 5020 :
910 4985 1070 5022 unam
1096 4968 1310 5037 quidem
1345 4968 1671 5036 hujusmodi,
1711 4982 1806 5036 per
1835 4982 1994 5036 quam
2044 4982 2235 5021 sensus

647 5058 1054 5126 comprehendit
1083 5057 1441 5126 subjectorum
1466 5057 1798 5112 ditl‘erentias
1823 5071 2014 5110 vocum
2035 5097 2049 5120 ,
2077 5057 2235 5111 aliam

649 5169 778 5208 vero
806 5169 898 5223 per
924 5169 1080 5221 quam
1113 5155 1345 5221 ipsarum
1376 5152 1796 5207 differentiarum
1828 5153 2049 5206 modum
2079 5168 2235 5208 men-

570 5310 587 5328 ,
647 5259 931 5312 suramque
961 5242 1293 5297 considerat.

1276 5329 1500 5387 CAPUT
1542 5311 1610 5384 ὴ.

650 5423 786 5485 Quid
837 5424 917 5476 aid
980 5422 1276 5475 harmonica
1326 5423 1532 5493 regula,
1587 5424 1663 5478 vel
1708 5440 1862 5492 quam
1911 5426 2235 5477 intentionem

723 5542 744 5567 ³
784 5531 1080 5584 Maximam.
1159 5531 1185 5569 ι)
1215 5531 1428 5586 Tumtnt.
1493 5542 1514 5569 ο
1552 5531 1646 5584 Ve.
1706 5532 1730 5567 ά
1759 5531 2156 5587 Dimidielalem.

2239 5543 2260 5569 ο
2292 5533 2412 5587 Non
2457 5536 2658 5598 legitur.

2335 3158 2541 3212 diversa
2565 3157 2770 3210 ratione
2797 3155 3080 3225 ponebant,
3106 3152 3478 3206 Aristoxenum
3505 3147 3663 3202 secuti
3704 3155 3758 3199 et
3801 3144 3916 3212 Py-

2297 3278 2301 3282 η
2338 3248 2614 3316 thagorici.
2673 3247 3024 3300 Aristoxenus
3069 3243 3263 3314 quippe
3307 3254 3558 3295 sonorum
3586 3235 3917 3292 differentias

2295 3363 2297 3366 ⁴
2335 3339 2624 3398 secundum
2667 3339 3002 3407 gravitatem,
3035 3344 3192 3404 atque
3239 3348 3460 3387 acumen
3491 3330 3519 3368 κ
3550 3330 3832 3384 arbitratur
3862 3330 3920 3382 in

2336 3428 2589 3497 qualitate
2616 3421 2948 3490 ’consistere';
2983 3414 3315 3495 Pythagorici
3360 3435 3488 3474 vero
3527 3419 3580 3472 in
3624 3416 3919 3488 quantitate

2339 3516 2623 3586 ponebant.
2677 3504 2993 3570 P'tolemaius
3041 3520 3222 3566 autem
3282 3507 3646 3580 Pythagoricis
3704 3506 3920 3577 propior

2337 3605 2566 3659 videtur.
2626 3605 2827 3659 Idcirco
2880 3604 3126 3673 quoniam
3179 3603 3292 3670 ipse
3340 3613 3550 3668 quoque
3602 3597 3920 3666 gravitatem

2337 3703 2493 3764 atque
2521 3709 2742 3748 acumen
2775 3710 2878 3748 non
2910 3695 2962 3747 in
2986 3692 3242 3762 qualitate
3276 3699 3443 3760 putat,
3476 3688 3570 3742 sed
3616 3689 3670 3742 in
3705 3688 3922 3756 quanti-

2294 3821 2296 3824 μ
2337 3794 2444 3839 tate
2467 3785 2736 3846 constitui.
2773 3784 2982 3838 Etenim
3014 3783 3263 3851 spissiora
3300 3794 3364 3834 ac
3392 3778 3670 3832 subtiliora
3697 3791 3922 3845 corpora

2337 3874 2807 3937 acumen,rariora
2832 3883 2884 3927 et
2907 3871 3138 3925 vastiora
3161 3870 3319 3924 edere
3346 3868 3683 3938 gravitatem,
3711 3875 3770 3920 ut
3790 3866 3923 3918 nihil

2339 3977 2481 4016 nunc
2525 3963 2592 4016 de
2633 3961 2946 4016 intensionis
2992 3958 3441 4026 relaxationisque
3485 3957 3647 4011 modo
3691 3957 3918 4010 dicatur.

2338 4041 2648 4118 Quanquam
2698 4050 2855 4103 etiam
2905 4062 3022 4101 cum
3077 4046 3344 4100 relaxatur
3377 4042 3393 4080 ι
3426 4044 3601 4112 aliqua
3641 4042 3793 4113 quasi
3850 4042 3924 4094 sit

2339 4140 2509 4192 rarius
2551 4148 2708 4207 atque
2750 4136 2999 4201 crassius,
3041 4151 3160 4190 cum
3205 4149 3331 4190 vero
3369 4134 3661 4189 intenditur
3700 4132 3910 4202 spissius

2340 4230 2599 4295 redditur,
2631 4228 2982 4296 subtiliusque
3013 4235 3278 4281 tenuatur.

2967 4342 3188 4396 CAPUT
3226 4341 3316 4394 IV.

2513 4435 2585 4488 De
2608 4450 2846 4488 sonorum
2873 4428 3185 4500 differentiis
3209 4431 3477 4484 Plolemtei
3506 4431 3776 4484 sententia.
3853 4458 3858 4462 -

2329 4555 2332 4557 λ
2413 4523 2505 4576 IIis
2526 4523 2734 4591 migitur
2762 4523 2830 4575 ita
2851 4521 3131 4590 expeditis,
3164 4516 3491 4574 dili‘erentias
3520 4533 3765 4572 sonorum
3794 4516 3928 4570 Pto-

2343 4613 2562 4668 lemacus
2588 4620 2614 4647 ιι
2645 4612 2832 4666 dividit
2868 4612 2967 4665 hoc
3010 4611 3168 4664 modo
3201 4627 3215 4663 :
3251 4611 3450 4664 Vocum
3475 4611 3596 4664 alia:
3637 4617 3757 4683 sunt
3799 4609 3927 4662 uni-

2345 4719 2510 4768 sona‘,
2560 4705 2677 4757 alite
2723 4705 2976 4758 minimte.
3024 4703 3275 4758 Unisontn
3317 4711 3466 4768 sunt,
3518 4717 3740 4769 quarum
3786 4715 3927 4756 unus

2344 4807 2506 4846 sonus
2534 4801 2635 4859 est,
2667 4795 2748 4847 vel
2787 4793 2838 4846 itt
2869 4791 3032 4861 gravi,
3077 4791 3159 4847 vel
3206 4793 3257 4846 in
3304 4802 3482 4846 acuto.
3525 4791 3639 4846 Non
3687 4791 3928 4846 unisonz

2295 4917 2299 4921 ς
2345 4899 2501 4947 vero;
2538 4881 2746 4951 quando
2780 4883 2876 4935 alia
2907 4891 2989 4937 est
3029 4882 3261 4950 gravior,
3308 4881 3412 4934 alia
3457 4880 3683 4934 acutior.
3724 4879 3930 4935 Harum

2343 4975 2533 5042 partim
2563 4974 2632 5028 ita
2665 4983 2807 5039 sunt,
2837 4983 2892 5027 ut
2934 4989 3117 5028 earum
3148 4973 3287 5028 inter
3336 4989 3395 5028 se
3439 4972 3736 5028 dill'erentia
3773 4986 3931 5025 com-

2344 5067 2488 5119 muni
2521 5065 2626 5120 line
2659 5066 2930 5134 jungatur.
2985 5066 3098 5120 Non
3171 5068 3313 5120 enim
3361 5066 3589 5122 discreta
3638 5073 3739 5128 est,
3774 5065 3875 5118 sed
3907 5081 3939 5116 a

2343 5157 2490 5225 gravi
2521 5157 2570 5209 in
2596 5165 2806 5210 acutum
2850 5157 2920 5211 ita
2964 5157 3263 5223 deducitur,
3303 5167 3361 5211 ut
3387 5157 3633 5211 continua
3658 5154 3940 5212 videatur.

2343 5246 2476 5299 Alia:
2528 5260 2654 5300 vero
2705 5255 2828 5300 snnt
2871 5261 2977 5301 non
3026 5247 3305 5310 unisonaz,
3355 5262 3578 5316 quarum
3630 5244 3941 5299 dilIerentia

2344 5337 2554 5392 silentio
2575 5338 2959 5393 interveniente
2981 5339 3342 5408 distinguitur,
3373 5348 3431 5392 ut
3459 5353 3590 5393 vero
3607 5351 3768 5390 voces
3789 5352 3942 5391 com-

2341 5427 2485 5480 ntuni
2517 5427 2620 5480 line
2641 5428 2948 5497 jungantur,
2985 5429 3042 5482 lit
3071 5429 3172 5481 hoc
3203 5428 3361 5481 modo
3395 5445 3408 5482 :
3444 5419 3598 5482 Sicut.
3625 5427 3768 5482 enim
3815 5442 3942 5482 cum

2743 5536 2760 5574 ί
2791 5540 3080 5591 Asciuilum
3106 5537 3382 5608 Calepinus
3416 5555 3435 5592 :
3462 5539 3738 5591 Asriacum
3767 5555 3796 5590 c
3829 5551 3943 5607 post

650 5605 1041 5684 ξιξςιδσξηιιωυζυ
1073 5604 1452 5684 turpetitoriutit
1478 5603 1866 5684 instrumentum
1890 5615 1988 5684 est.
2041 5603 2212 5681 Hujus
2260 5605 2616 5657 diminutivum
2664 5609 2878 5662 asriola.
2929 5608 3057 5660 lude
3080 5603 3266 5662 textum
3292 5610 3373 5661 hic
3398 5619 3698 5674 corruptum
3730 5603 3938 5662 opinor.

655 5672 1029 5740 ι1³υιΙιιισρνε³.
1108 5671 1540 5763 "Ibid.,:‘llulta.
1615 5671 2008 5759 i’I'ettdetulutu.
2090 5671 2291 5740 J'Quia.
2356 5675 2776 5734 l*Arlrilraba‘ur.
2863 5677 3124 5747 lAliquid.
3179 5671 3600 5746 mNonleyitur.
3676 5677 3938 5736 Divisit.
