4200 6248
348 360 479 415 19.89

1634 361 1719 413 DE
1758 359 1999 413 MLSICA
2044 358 2167 412 LIB.
2217 360 2275 412 Υ.

3472 362 3605 414 12ῗο

342 476 393 529 in
424 475 650 530 nubibus
687 489 843 531 arcus
878 474 1154 545 aspicitur,
1186 474 1257 527 ita
1301 474 1510 528 colores
1550 473 1762 527 sibimet
1802 480 1925 527 sunt
1954 470 2004 529 Α
2031 471 2199 525 modis
2255 471 2512 540 ἀεθνακοιι
2561 470 2776 539 quidem
2837 470 3055 537 duplici.
3100 469 3431 525 ιιίίιιεεεητθη
3475 488 3602 525 νοω

342 568 565 635 proximi
600 586 613 622 :
639 580 689 621 ttt
722 584 825 621 non
857 569 926 622 sit
946 576 1122 623 certus
1147 566 1285 630 finis,
1313 579 1432 619 cum
1460 565 1593 619 alter
1617 566 1682 619 ab
1703 565 1871 619 altero
1896 574 1920 600 ο

340 659 690 729 disgregetur.
720 659 824 715 Sed
854 662 923 714 ita
952 659 1097 715 verbi
1136 657 1303 727 gratia
1350 672 1379 710 a
1418 656 1580 711 rubro
1608 656 1831 712 discedit
1853 655 1918 709 ad

340 749 615 817 pallidum,
648 760 704 803 ut
744 766 838 820 per
880 752 1185 804 continuam
1218 747 1565 803 mutationem
1610 747 1662 802 in
1697 762 1924 817 sequen-

342 847 449 892 tem
475 850 713 894 vertatur
742 842 998 906 colorem,
1029 840 1177 894 nullo
1204 828 1380 893 medio
1408 847 1660 908 certoque
1692 838 1923 893 interve-

341 930 540 997 niente,
571 932 657 1002 qui
688 942 940 1003 utrosque
967 932 1287 1003 distinguat;
1314 932 1383 985 ita
1434 930 1595 986 etiam
1644 930 1758 985 ﬁeri
1789 931 1926 986 solet

341 1022 395 1074 in
419 1022 654 1088 vocibus,
678 1031 735 1076 ιιι
771 1023 813 1077 si
859 1024 976 1092 quis
1008 1024 1268 1092 percutiat
1293 1036 1511 1076 nervum
1542 1037 1770 1090 eumque
1798 1021 1923 1074 dunt

344 1115 574 1181 percutit
613 1124 872 1185 torqueat,
906 1117 1083 1171 evenit
1112 1126 1167 1172 ιιι
1215 1116 1267 1169 in
1314 1115 1571 1186 principio
1598 1116 1778 1185 pulsus
1805 1129 1924 1185 gra-

338 1204 455 1257 vior
478 1205 565 1271 sit,
588 1205 712 1259 dum
746 1216 1021 1277 torquetur
1047 1223 1174 1263 vero
1200 1225 1305 1263 vox
1337 1209 1425 1262 illa
1451 1217 1720 1276 tenuetur,
1755 1208 1923 1263 conti-

337 1293 535 1364 nuique
566 1296 694 1350 fiant
718 1299 893 1367 gravis
920 1300 1065 1355 vocis
1095 1299 1300 1355 sonitus
1326 1310 1379 1354 et
1408 1308 1598 1355 acutze.

968 1466 1194 1523 CAPUT
1237 1468 1301 1523 ν.

631 1600 755 1666 Qua:
784 1617 925 1656 voces
947 1604 1297 1657 euitat-monile
1335 1613 1450 1657 sunt
1481 1614 1638 1674 aptae.

403 1730 537 1784 Cum
568 1731 727 1800 igitur
757 1748 863 1788 non
896 1735 1240 1790 unisonarum
1266 1751 1454 1791 vocum
1492 1736 1607 1790 alia:
1656 1738 1764 1791 sint
1794 1752 1921 1791 eon-

2025 562 2390 631 sesquitertio,
2433 576 2494 617 ac
2529 562 2777 631 diapente
2819 561 3168 631 sesquialtero
3198 570 3219 599 ε
3247 561 3476 629 jungunt
3503 562 3601 632 Py-

2025 652 2304 723 thagorici,
2331 667 2396 707 ex
2421 652 2656 708 secundo
2682 653 2839 721 hujus
2860 653 3209 707 instittt'ionis
3228 652 3443 708 Musit-ae
3473 654 3609 709 libro

2027 756 2216 814 quarto
2243 746 2529 815 petendum
2557 757 2640 802 est

2635 949 2863 1004 CAPUT
2895 950 3005 1005 VII.

2031 1082 2178 1146 Quod
2206 1081 2537 1152 ι’·λρνειιριιιιαι
2573 1083 2878 1164 Ptolemaida
2914 1082 3280 1153 Pythagoricos
3320 1084 3373 1136 in
3403 1100 3611 1137 numero

2614 1164 3035 1224 pl'OPOSiUOiUlm.

2102 1286 2469 1355 Repreltendit
2549 1297 2725 1343 autem
2798 1289 3180 1359 Pythagoricos
3248 1290 3613 1353 Ptolemmus,

2030 1386 2303 1448 totamque
2348 1393 2467 1432 eam
2524 1394 2681 1446 quam
2745 1378 3014 1448 praedictis
3071 1381 3218 1436 libris
3270 1384 3614 1451 exposuimus

2028 1462 2537 1524 demonStrationem
2572 1469 2813 1537 pluribus
2844 1470 3122 1538 modis,in
3153 1486 3259 1541 quo
3289 1480 3456 1526 totum
3486 1472 3614 1526 illud

2027 1556 2186 1611 etiam
2224 1558 2367 1627 quod
2415 1558 2748 1614 diatessaron
2786 1577 2850 1617 ac
2896 1562 3146 1632 diapente
3183 1564 3535 1635 se3quialtero
3563 1573 3615 1620 et

2027 1650 2372 1717 sesquitertio
2401 1649 2760 1720 conjungnnt,
2798 1654 2851 1706 in
2884 1653 3098 1723 reliquis
3134 1669 3260 1709 vero
3291 1658 3614 1727 superparti-

2026 1738 2315 1805 cularibus,
2363 1754 2484 1794 cum
2520 1740 2762 1810 ejusdem
2795 1744 2897 1797 sint
2928 1744 3163 1815 generis,
3191 1745 3364 1801 nullas
3397 1749 3613 1801 omnino

334 1820 521 1889 tinum,
559 1820 676 1877 aliae
703 1822 1014 1894 disgregatac
1037 1871 1051 1894 ,
1081 1827 1346 1880 continuae
1371 1827 1583 1896 quidem
1616 1827 1749 1881 tales
1776 1838 1920 1894 sunt,
1955 1844 2001 1903 Β
2028 1832 2297 1902 applicent
2323 1834 2721 1891 consonantias.

336 1918 393 1963 ut
422 1911 560 1965 inter
583 1926 640 1965 se
666 1927 847 1967 earum
878 1915 1177 1970 differentia
1213 1916 1481 1970 communi
1528 1917 1631 1971 line
1670 1916 1925 1988 jungatur

334 2014 433 2056 nec
478 2000 669 2057 habeat
710 2005 883 2059 locum
933 2006 1265 2078 designatum
1317 2024 1416 2062 vox
1457 2016 1611 2064 acuta
1642 2011 1924 2080 gravisque

332 2106 489 2162 queat
525 2103 757 2149 teneant.
796 2097 1047 2153 Discrettn
1088 2115 1216 2155 vero
1245 2100 1444 2156 habent
1479 2102 1721 2172 proprios
1754 2104 1917 2169 locos,

334 2186 418 2239 vel
449 2188 524 2240 uti
553 2188 762 2242 colores
788 2190 1133 2259 impermixti,
1161 2207 1386 2262 quorum
1408 2193 1706 2249 differentia
1735 2194 1924 2249 visitur

333 2291 432 2329 suo
479 2276 706 2347 quodam
748 2280 778 2332 lt
803 2295 866 2334 co
913 2283 1221 2338 constituta.
1260 2283 1539 2358 Continute
1574 2286 1788 2361 quidem
1815 2302 1920 2343 non

334 2366 572 2422 unisonte
619 2384 775 2423 voces
815 2371 884 2424 ab
933 2372 1240 2427 harmoniea
1285 2362 1537 2430 facultate
1580 2387 1919 2453 separantur.

331 2456 463 2511 Sunt
510 2459 651 2513 enim
701 2461 799 2514 sibi
850 2460 979 2529 ipsis
1022 2462 1327 2532 dissimiles,
1377 2481 1475 2520 nec
1517 2483 1679 2522 unum
1721 2470 1921 2539 aliquid

339 2559 707 2617 personantes.
751 2551 1002 2606 Discretae
1035 2568 1161 2608 vero
1194 2570 1350 2609 voces
1380 2553 1704 2613 ltarmo’nicre
1750 2560 1920 2630 subji-

332 2638 544 2693 ciuntur
570 2642 692 2696 arti.
725 2643 908 2697 Potest
934 2646 1073 2699 enim
1106 2646 1417 2703 distantium
1450 2650 1661 2721 sibique
1684 2651 1920 2709 dissimi-

335 2730 462 2783 lium
512 2746 698 2785 vocum
746 2734 1043 2789 differentia
1086 2737 1435 2805 deprehendi,
1478 2742 1529 2795 in
1575 2743 1766 2812 quibus
1802 2761 1922 2814 qua:

338 2819 530 2890 juncta:
576 2821 791 2878 efﬁcere
844 2825 1012 2879 melos
1064 2830 1303 2897 possint,
1357 2833 1587 2900 ἑμμελεὶς
1651 2832 1919 2901 dicuntur,

336 2912 555 2980 ἐκμελεῖς
585 2921 760 2967 autem
790 2915 978 2985 quibus
1007 2916 1202 2986 junctis
1233 2919 1368 2974 efﬁci
1403 2938 1505 2973 non
1532 2934 1723 2991 potest.

962 3088 1188 3145 CAPUT
1234 3091 1317 3147 Vl.

2561 2024 2569 2030 ’
2625 2035 2853 2093 CAPUT
2898 2039 3027 2093 VHL

2028 2167 2403 2224 Demonstratio
2441 2172 2717 2224 secundum
2770 2172 3103 2227 Ptolema’um
3151 2175 3402 2243 diapason
3430 2187 3476 2230 et
3501 2177 3615 2230 dia‘

2522 2252 2748 2295 tessaron
2780 2246 3142 2298 consonantiw.

2102 2371 2295 2426 Probat
2342 2381 2518 2428 autem
2569 2388 2635 2428 ex
2672 2373 2794 2443 diap
2829 2388 2926 2428 son
2969 2383 3025 2429 et
3062 2376 3390 2432 diatessaron
3420 2393 3611 2447 qnam-

2026 2462 2571 2534 dam.sytnpho.ziam
2622 2465 2737 2521 fieri
2781 2466 2883 2521 hoc
2922 2466 3100 2522 mdo.
3144 2468 3615 2536 Quoniamdenitn

2028 2554 2287 2624 diapason
2324 2556 2671 2611 consonantia
2725 2557 2883 2612 talem
2916 2559 3064 2614 vocis
3093 2558 3260 2615 efficit
3288 2560 3616 2630 conjunctio-

2028 2664 2174 2715 ttent,
2203 2658 2261 2703 ut
2290 2665 2426 2705 unus
2455 2660 2615 2722 atque
2641 2652 2780 2708 idem
2813 2670 3006 2710 nervus
3033 2671 3151 2711 esse
3168 2658 3431 2725 videatur,
3458 2659 3617 2730 idque

2029 2740 2366 2809 Pythagorici
2409 2758 2621 2813 quoque
2668 2746 3036 2815 consentiunt,
3068 2752 3317 2818 quocirca
3349 2751 3391 2804 si
3423 2767 3524 2819 qua
3566 2752 3615 2807 ei

2028 2832 2377 2884 consmtanvia
2410 2832 2577 2886 fuerit.
2596 2835 2796 2901 addita,
2822 2836 3025 2907 integra
3050 2839 3407 2910 inviolataqtte
3437 2858 3615 2898 serva~

2032 2929 2136 2974 tur.
2170 2921 2240 2973 lta
2270 2922 2411 2975 enim
2440 2924 2694 2991 diapason
2726 2930 3093 2982 conSOnantite
3123 2930 3339 2985 additur
3366 2946 3613 3004 tanquam

2030 3011 2119 3066 u..i
2160 3029 2341 3068 nervo.
2370 3016 2447 3068 Sit
2488 3012 2648 3085 ig'ttir
2672 3017 2929 3084 diajason
2970 3025 3465 3096 consonantia'quae
3485 3042 3616 3082 con-

2030 3103 2261 3159 tinentur
2284 3105 2419 3159 in'cr
2447 3107 2677 3177 hypaton
2709 3125 2892 3164 meson
2917 3121 2967 3165 et
2994 3121 3150 3168 neten
3176 3115 3614 3181 diezeugmenon.

374 3213 540 3281 Quem
562 3231 825 3283 numerum
856 3222 1243 3288 proportionum
1277 3221 1605 3294 Pythagorici
1632 3238 1881 3285 statuunt.
1948 3217 1995 3279 (Α
2031 3194 2273 3294 Utraque.
2320 3198 2432 3251 haec
2488 3208 2560 3251 ηδ
2631 3200 2731 3294 δῴι
2785 3213 3070 3294 έ⁰¹¹⁵⁰¹¹¹¹¹ν
3114 3214 3135 3240 ρ
3169 3215 3223 3258 Μ
3274 3219 3616 3278 εοᾟυῃῧώη

405 3345 668 3403 Consonre
713 3360 891 3405 autem
944 3364 1205 3410 vocantur
1250 3373 1369 3427 quae
1422 3363 1684 3430 copulatce
1726 3366 1929 3435 mixtos

334 3451 631 3509 suavesque
664 3442 904 3497 efficiunt
933 3461 1113 3501 sonos.
1142 3449 1384 3507 Dissona:
1405 3468 1532 3508 vero
1552 3471 1669 3524 qua:
1688 3457 1925 3516 minime.

335 3528 409 3583 Et
437 3529 534 3583 hoc
564 3533 777 3599 quidem
818 3545 901 3589 est
938 3536 1209 3593 Ptolemaei
1230 3541 1308 3597 ‘de
1338 3556 1593 3599 sonorum
1625 3545 1925 3604 differentia

333 3620 619 3688 iudicium.
648 3624 794 3681 Nunc
822 3638 999 3682 autem
1030 3630 1152 3699 quid
1181 3647 1212 3685 a
1242 3636 1449 3690 caneris
1478 3640 1691 3693 musicis
1723 3640 1773 3695 in
1801 3657 1929 3697 con-

330 3714 703 3767 sonantiarum
738 3719 1002 3785 positione
1041 3720 1306 3778 disteterit
1345 3726 1629 3783 dicendum
1670 3729 1879 3787 videtur
1913 3753 1925 3786 :

333 3804 677 3875 Pythagorici
717 3812 859 3864 enim
899 3818 1273 3870 consonantias
1299 3818 1548 3887 diapente
1577 3836 1638 3877 ac
1669 3823 1926 3878 diatessa-

330 3911 437 3950 ron
470 3899 739 3967 simplices
768 3902 1112 3969 arbitrantur,
1150 3915 1309 3976 atque
1337 3924 1399 3963 ex
1442 3910 1523 3963 his
1554 3928 1713 3967 unam
1745 3914 1927 3986 diapa-

330 4002 438 4040 son
486 3994 888 4046 consonantiam
932 3994 1181 4065 jungunt,
1212 4012 1330 4053 esse
1376 4002 1535 4056 etiam
1584 4004 1833 4075 diapente
1862 4024 1925 4063 ac

326 4081 617 4152 diapason,
644 4096 698 4137 et
726 4086 804 4140 bis
825 4087 1105 4157 diapason,
1138 4091 1279 4146 illam
1304 4093 1330 4130 δ
1355 4096 1597 4164 triplicis,
1625 4099 1761 4155 hanc
1790 4116 1924 4170 qna-

244 4164 247 4167 ’
326 4174 535 4243 drnpli.
568 4176 831 4245 Diapason
875 4195 1006 4234 vero
1031 4197 1093 4236 ac
1139 4183 1473 4243 diatessaron
1517 4195 1924 4250 consonantiam

331 4281 460 4320 esse
488 4283 594 4321 non
626 4269 907 4336 aestimant,
935 4272 1132 4328 idcirco
1158 4278 1406 4345 quoniam
1432 4296 1535 4335 non
1566 4282 1781 4353 insuper
1805 4301 1926 4355 par-

333 4356 549 4408 tiruiari
597 4358 680 4411 vel
731 4359 1005 4426 multiplici
1060 4363 1199 4416 cadit
1251 4374 1673 4439 comparatione,
1725 4375 1817 4429 sed
1868 4377 1919 4432 in

334 4447 619 4515 multiplici
666 4451 1109 4517 sttperparticnte.
1156 4453 1250 4507 Est
1289 4459 1430 4511 enim
1490 4459 1605 4515 haec
1651 4468 1924 4533 proportio

2031 3301 2185 3347 sono,
2215 3278 2273 3341 ιιί
2294 3304 2393 3341 una
2423 3305 2522 3342 Vox
2545 3291 2694 3359 quasi
2721 3291 2873 3345 unius
2898 3294 3065 3352 nervi.
3084 3309 3189 3349 non
3212 3298 3361 3366 quasi
3386 3297 3615 3354 duorum

2031 3378 2192 3431 mixta
2227 3379 2387 3446 pellat
2421 3381 2683 3434 auditum.
2742 3383 3127 3452 Quatncunque
3160 3386 3318 3456 igitur
3349 3387 3473 3443 huic
3503 3391 3618 3445 dia-

2034 3484 2196 3536 tason
2239 3473 2605 3528 consonantiae
2644 3477 3048 3547 consonantiam
3100 3479 3455 3546 junxerimtts,
3497 3500 3617 3538 svr-

2030 3569 2188 3613 vatur
2220 3561 2445 3630 integra,
2464 3565 2585 3631 quia
2613 3565 2682 3618 ita
2701 3564 2997 3636 junguntur
3015 3577 3277 3639 tanquam
3298 3574 3388 3627 uni
3414 3577 3617 3632 voculae

2029 3667 2091 3707 ac
2122 3669 2304 3707 nervo.
2353 3655 2408 3709 Si
2451 3657 2610 3724 igitur
2648 3658 2840 3727 hypate
2880 3675 3065 3715 mtson
3098 3674 3148 3717 et
3192 3677 3349 3719 ne'en
3396 3666 3616 3723 diezeu-

2030 3759 2256 3813 gmcnon
2290 3744 2408 3801 dua:
2452 3746 2502 3799 in
2538 3756 2753 3801 acutum
2785 3748 3121 3807 diatessaron
3154 3752 3355 3810 fuerint
3391 3756 3614 3829 juncta},

2038 3831 2055 3870 ί
2082 3836 2123 3887 si
2166 3836 2508 3906 conjttngitur
2539 3851 2662 3894 nete
2695 3839 2914 3909 quidem
2944 3842 3008 3897 dit
3031 3859 3363 3914 zeugmenon
3404 3863 3466 3902 ea
3496 3863 3615 3918 qum

2030 3935 2114 3980 est
2155 3938 2275 3982 nete
2325 3928 2711 3997 ltypet‘boleon,
2746 3931 2942 4002 hypate
2974 3942 3149 3987 autem
3183 3949 3367 3993 meson
3397 3952 3456 3992 ea
3489 3954 3608 4008 qua!

2030 4026 2110 4071 est
2143 4033 2307 4081 mese,
2354 4028 2576 4089 utraque
2608 4021 2671 4075 ad
2698 4030 2983 4094 utramque
3012 4026 3351 4091 consonabit,
3383 4038 3437 4083 et
3465 4044 3613 4085 mese

2030 4107 2095 4160 ad
2130 4116 2285 4161 nctvn
2328 4108 2770 4181 d'ezeugmenon,
2807 4123 2859 4168 et
2888 4115 3075 4172 eadem
3106 4131 3254 4172 mese
3284 4118 3348 4171 ad
3381 4118 3609 4189 hypaten

2030 4213 2236 4253 meson.
2271 4202 2396 4254 item
2431 4210 2552 4257 nete
2581 4202 2948 4273 hyperboleon
2977 4207 3041 4261 ad
3075 4218 3234 4262 neten
3267 4208 3611 4279 diezeugme-

2032 4303 2135 4342 non
2188 4297 2242 4343 et
2294 4289 2356 4343 ad
2410 4290 2636 4361 hypaten
2681 4308 2887 4353 meson.
2932 4296 3060 4353 item
3110 4297 3155 4352 si
3200 4298 3266 4354 ad
3314 4300 3612 4370 graviorem

2031 4391 2235 4450 partem
2261 4391 2285 4428 8
2308 4384 2584 4455 utriusque
2612 4386 2942 4445 diatessaron
2974 4395 3340 4448 consonantes
3366 4396 3615 4452 relaxen-

2034 4482 2140 4538 tur,
2171 4475 2271 4527 etit
2300 4474 2364 4528 ad
2398 4472 2423 4511 δ
2454 4493 2628 4533 meses
2656 4481 2866 4548 quidem
2904 4481 3134 4551 hypaton
3168 4483 3499 4541 diatessaron
3533 4505 3617 4543 re-

332 4554 533 4593 vocum
565 4549 620 4592 ut
649 4550 770 4594 octo
813 4538 881 4594 ad
926 4542 989 4606 3;
1033 4541 1078 4595 si
1100 4544 1216 4612 quis
1238 4546 1376 4598 enim
1407 4547 1594 4603 horum
1643 4551 1695 4605 in
1741 4556 1917 4609 medio
1955 4580 2006 4640 Β
2034 4563 2207 4617 tinetts
2233 4568 2636 4620 consonantiam
2662 4538 2857 4637 hypate
2881 4538 3135 4639 hypaton,
3163 4573 3229 4626 ad
3255 4585 3413 4630 neten
3436 4586 3612 4631 autem

333 4642 573 4699 quatuor
611 4638 795 4699 ponat,
818 4629 981 4687 efficit
1040 4634 1296 4688 terminos
1336 4637 1433 4689 hos
1468 4640 1501 4693 8
1527 4639 1559 4691 4
1588 4640 1641 4695 5.
1687 4642 1924 4709 Quorum

335 4729 468 4774 octo
515 4720 579 4774 ad
619 4722 651 4776 4
685 4721 940 4791 diapason
973 4722 1210 4778 efficiunt
1239 4728 1673 4796 consonantiam;
1707 4731 1741 4784 4
1769 4733 1834 4786 ad
1866 4734 1921 4800 5,

336 4809 707 4876 diatessaron;
736 4821 857 4868 octo
897 4827 1023 4868 vero
1050 4813 1115 4868 ad
1142 4816 1196 4880 5,
1242 4815 1293 4869 in
1333 4817 1605 4886 multiplici
1643 4835 1927 4892 superpar-

340 4904 515 4958 tiettte
544 4905 900 4959 constituitur.
945 4905 1075 4969 Qua:
1122 4914 1299 4960 autem
1335 4908 1401 4962 sit
1434 4910 1709 4980 multiplex
1740 4929 1926 4984 super-

339 4990 595 5064 partiens‘
632 4996 967 5064 comparatio
1012 5012 1081 5051 ex
1128 4997 1475 5055 arithmeticis
1532 5001 1681 5057 libris
1732 5018 1925 5075 cogno-

336 5085 598 5138 scendum
625 5093 727 5149 est,
774 5095 826 5139 et
859 5101 924 5139 ex
968 5085 1049 5139 his
1092 5102 1209 5155 qua:
1256 5090 1491 5144 secundo
1531 5090 1687 5162 hujus
1712 5093 1927 5151 institu-

332 5176 505 5229 tionis
536 5176 669 5229 libro
690 5177 1028 5245 digessimus.
1063 5177 1399 5250 Pythagorici
1428 5192 1604 5239 autem
1627 5201 1928 5244 consonan-

336 5268 451 5321 tias
478 5268 528 5320 in
577 5270 957 5338 multiplicibus
992 5287 1054 5326 ac
1100 5275 1672 5342 superparticularibus
1700 5290 1924 5350 ponunt,

330 5360 485 5415 sicut
512 5360 565 5413 in
590 5360 778 5414 eodem
812 5361 948 5415 libro
993 5365 1226 5417 secundo
1280 5376 1573 5436 quartoque
1612 5372 1923 5438 praedictum

334 5458 448 5503 est.
474 5451 515 5504 Α
538 5451 1055 5518 superparlientibtts
1078 5470 1202 5517 vero
1232 5470 1295 5509 ac
1321 5456 1701 5528 multiplicibus
1739 5478 1925 5533 super-

336 5540 698 5609 partientibus
740 5546 1139 5598 consonantiam
1183 5556 1451 5616 separant.
1501 5551 1702 5617 Quihtts
1751 5565 1924 5611 autem

421 5716 822 5789 f_l)isgregalttr.
901 5717 927 5753 δ
976 5718 1201 5789 Tripliri.

341 5785 370 5822 h
415 5784 605 5842 Mosen.
662 5784 703 5823 ίί
735 5791 777 5839 Α
802 5804 833 5839 η
868 5798 933 5841 Ie.

632 5902 906 5960 PnnoL.
955 5886 1181 5961 LXIII.

2034 4652 2452 4722 diezeugmenon
2500 4672 2801 4727 paramese.
2852 4662 3286 4732 Consonabitqne
3324 4677 3381 4721 et
3421 4668 3616 4739 hypate

2036 4740 2268 4811 hypaton
2296 4743 2360 4794 ad
2390 4742 2619 4813 hypaten
2644 4761 2852 4813 meson,
2875 4758 2927 4803 et
2949 4749 3014 4803 ad
3046 4748 3061 4787 ξ
3096 4763 3252 4807 neten
3277 4754 3615 4829 diezeugme-

2038 4831 2227 4884 nonad
2259 4846 2573 4902 paramesen
2613 4845 2666 4890 et
2695 4846 2817 4893 nete
2854 4839 3297 4914 diezeugmenon,
3324 4858 3380 4904 et
3406 4850 3472 4906 ad
3512 4851 3614 4924 hy-

2035 4931 2188 4991 paten
2232 4937 2437 4978 meson.
2472 4925 2578 4981 Sed
2625 4942 2690 4982 eo
2730 4930 2889 4986 modo
2934 4940 2989 4986 t.t
3027 4937 3241 5004 gravior
3277 4954 3397 5009 qua:
3430 4946 3611 5001 estad

2035 5010 2138 5067 sibi
2184 5012 2396 5083 quidem
2445 5017 2740 5083 proximam
2789 5021 3122 5081 diatesvaron
3168 5028 3400 5084 retineat
3423 5045 3610 5087 consoo

2033 5102 2290 5169 nantiam,
2316 5102 2380 5157 ad
2404 5104 2713 5163 ulteriorem
2740 5127 2871 5168 vero
2891 5113 3224 5173 diatessaron
3248 5134 3309 5175 ac
3331 5120 3611 5193 diapason,

2033 5204 2087 5245 ut
2122 5190 2316 5262 hypate
2349 5192 2605 5263 hypaton,
2642 5199 2707 5253 ad
2749 5200 2979 5271 hypaten
3031 5220 3217 5262 meson
3258 5190 3612 5275 diatessaron,

2032 5281 2097 5335 ad
2152 5292 2310 5337 neten
2358 5283 2777 5357 diezeugmenon
2832 5294 3167 5353 diatessaron
3223 5315 3286 5355 ac
3331 5302 3611 5371 diapason.

2032 5369 2160 5425 Item
2181 5381 2303 5426 nete
2319 5372 2705 5444 ltyperboleon,
2733 5396 2849 5449 quae
2870 5392 2952 5438 est
2974 5386 3197 5453 acutior,
3221 5388 3283 5442 ad
3311 5391 3411 5444 sibi
3426 5369 3614 5459 proxi-

2033 5481 2172 5520 mam
2203 5476 2357 5523 neten
2382 5470 2799 5541 diezeugmenon
2824 5473 3157 5531 diatessaron
3186 5484 3614 5549 consonantiam,

2032 5557 2097 5611 ad
2124 5558 2354 5629 hypaten
2385 5577 2567 5617 meson
2601 5564 2934 5643 diatessaron
2966 5581 3028 5622 ac
3050 5566 3327 5638 diapason.
3516 5574 3519 5577 ‘

1313 5736 1333 5763 ο
1390 5726 1736 5803 Conjtmgttnt.
1814 5731 1839 5771 ά
1888 5733 1923 5788 Α

2064 5736 2264 5806 Ινῃίιιιικ
2346 5748 2367 5775 θ
2419 5741 2597 5811 Atr/tte.
2684 5741 2701 5781 τ
2751 5722 3201 5815 Sicutrjungitttr.
3281 5757 3305 5795 κ
3356 5748 3615 5822 Utrisque.

3055 5927 3128 5988 Η
