4200 6248
636 340 767 396 1291

1486 566 1612 614 Νρῐν
1640 566 1973 627 hyperboleon

1462 653 1726 725 _l’aranete
1771 657 2101 725 hyper’boleon

1482 738 1619 788 'l‘rlle
1644 742 1751 802 hyp'
1772 742 1976 791 rboleon

1483 828 1610 875 Nete
1630 829 2020 888 diezeugmenon

829 550 1369 918 ﬂ?

1310 664 1368 722 '5

1323 729 1387 789 θ’

1300 791 1357 857 5

1024 894 1079 918 ,Ρ

788 918 841 1009 /
930 918 1084 1009 ..ὡ
1138 918 1385 1009 β)

853 1009 1079 1154 si“
1301 1024 1355 1114 ’ξ

734 1269 1391 1508 ββκβ

781 1372 835 1428 β
914 1382 964 1462 5
1280 1394 1345 1508 Ξ

1378 2186 1383 2223 ι
1422 2150 1549 2199 Nete
1580 2152 1842 2212 hyperbole

884 2226 1384 2396 Ι
1420 2280 1550 2330 Nete
1570 2280 1842 2341 diezeugmi

883 2400 1378 2552 Ε
1420 2411 1685 2462 Paramese

882 2556 1376 2641 -I_-|
1422 2530 1560 2580 ⁸³⁸⁵⁸

1027 2616 1067 2663 =
1299 2615 1331 2658 ⁵
1419 2649 1609 2713 Hypate
1636 2660 1805 2696 meson

881 2719 1375 2813 _:I
1421 2746 1608 2811 Hypne
1631 2745 1838 2809 hypaton

855 3042 1386 3134 ιῃφπξ-
1447 3049 1451 3052 λ

865 3312 1376 3382 ’.Ἐκ-

847 3383 1376 3458 mu:-

1876 722 2189 733 —._____

1483 918 1723 965 l’aranete
1750 921 2139 979 diezeugmenon

1480 1014 1615 1061 'l‘rite
1640 1015 2028 1073 diezeugmenon

1484 1102 1744 1150 l’aramese

1477 1299 1727 1359 Lychanos
1750 1312 1918 1353 meson

1475 1412 1539 1459 Pa
1549 1413 1749 1473 rhypate
1789 1402 1957 1460 meson

1472 1529 1659 1589 llypate
1688 1542 1857 1581 meson

636 871 669 898 ὐ

622 903 670 933 τε

621 938 669 967 ,Ω

634 973 669 1049 ἓ

634 1103 669 1165 ;

628 1170 669 1265 ,ξ

633 1269 667 1292 ω

624 1296 681 1345 ’ῧδ

631 1370 668 1483 Ξ

619 1487 681 1558 ,ἓ

618 1565 666 1618 ’9,

604 1621 669 1681 >5

1471 1641 1712 1701 Lyehanos
1734 1641 1941 1701 hypaton

1471 1735 1743 1794 Parhypate
1768 1734 1974 1794 hypaton

1468 1832 1654 1893 Hyt-ate
1679 1831 1890 1892 hypaton

1464 1929 1992 1978 Pt'Oslamltanomenou

1422 2150 1549 2199 Nete
1580 2152 1915 2212 ltyperboleon

1420 2280 1550 2330 Nete
1570 2280 1963 2341 diezeugmenon

1228 3763 1450 3818 CAPUT
1495 3762 1578 3817 IX.

798 3849 924 3918 Qua?
953 3851 1016 3905 sit
1047 3854 1327 3922 pmprietas
1366 3857 1613 3922 diapason
1645 3860 2010 3913 consonantiw.

696 3948 804 4000 lloc
830 3962 959 4000 vero
986 3946 1184 4001 idcirco
1226 3950 1446 4003 evenire
1484 3950 1776 4016 contendit,
1802 3952 2049 4020 quoniam
2079 3953 2190 4007 dia-

617 4049 782 4102 pason
814 4049 948 4102 pene
978 4050 1081 4091 una
1112 4041 1295 4091 vocula
1324 4049 1426 4105 est,
1462 4041 1688 4109 talisque
1712 4044 2057 4096 consonantia
2088 4055 2188 4107 est,

617 4134 672 4176 ut
701 4139 864 4177 unum
893 4124 1281 4192 quodammodo
1307 4128 1523 4197 effingat
1544 4144 1757 4199 sonum,
1781 4139 1836 4185 et
1862 4132 1999 4185 sicut
2020 4132 2188 4187 dena-

626 4214 705 4266 rio
737 4227 980 4275 numero,
1011 4214 1099 4280 qui
1139 4216 1295 4269 fuerit
1323 4217 1531 4272 additus
1560 4219 1698 4273 intra
1726 4234 1847 4274 eum
1881 4221 2084 4289 positus
2114 4222 2194 4275 itt-

624 4313 769 4369 teger
800 4310 825 4338 ι
858 4301 1138 4355 inviolatus
1164 4312 1447 4368 servatur;
1482 4319 1601 4359 cum
1656 4306 1705 4358 in
1747 4311 1957 4362 caeteris
2009 4308 2074 4362 ad
2122 4310 2191 4364 ita

619 4392 839 4446 minime
864 4392 1093 4454 eveniat,
1142 4392 1212 4446 ita
1253 4392 1411 4447 etiam
1446 4394 1497 4447 in
1529 4396 1625 4449 hac.
1670 4397 2033 4452 consonantia.
2062 4398 2190 4454 Nam

621 4482 667 4535 si
713 4480 817 4535 duo
863 4480 1033 4536 tribus
1073 4480 1314 4550 atljicias,
1347 4482 1580 4553 quinque
1623 4485 1871 4540 continuo
1908 4487 2105 4557 reddis,
2138 4499 2191 4544 et

1826 351 1931 405 AN.
1979 354 2181 408 MANL.
2223 356 2369 411 θεν.
2413 360 2631 416 ΒΟΕΤΙΙ

2251 475 2376 535 Ain
2437 475 2714 544 multiplici
2759 480 3182 548 supcrpartiente
3237 483 3541 538 constituta.
3577 483 3777 553 Estque
3834 502 3898 541 ea

1973 657 2101 705 )leon

1973 845 2020 878 in
2152 836 2153 839 “

1973 934 2139 968 ‘nenon

1973 1030 2028 1063 on

1973 1754 1974 1778 l

1973 1942 1992 1973 η

3766 375 3897 429 i293

2330 570 2601 631 pr0portio
2655 567 2813 636 dupla
2865 570 3338 640 superbipartiens,
3383 584 3439 628 ut
3474 584 3596 627 octo
3643 574 3712 627 ad
3751 582 3894 640 tres;

2322 651 2519 707 habent
2547 656 2685 709 enim
2717 658 3003 713 ternarium
3028 669 3150 716 octo
3175 661 3273 731 bis,
3297 662 3535 733 duasque
3555 665 3672 734 ejus
3696 676 3893 736 partes,

2320 744 2370 799 id
2403 755 2485 800 est
2511 748 2641 801 duas
2675 749 2920 806 unitates.

2931 844 3154 902 CAPUT
3195 846 3259 900 X.
3296 906 3299 907 ,

2427 930 2617 996 Quibus
2641 933 2802 985 modis
2826 932 3137 988 Ptolemaeus
3166 938 3524 992 consonantia:
3549 948 3765 995 statuat.

2387 1018 2451 1072 Et
2474 1020 2539 1074 dc
2566 1020 3031 1090 Pythagoricorum
3055 1023 3269 1093 quidem
3297 1026 3551 1095 Opinione
3573 1027 3889 1084 Ptolema‘us

2312 1111 2380 1163 ita
2409 1110 2663 1180 dijudicat
2695 1132 2707 1163 :
2744 1115 2935 1183 quibus
2970 1130 3097 1170 vero
3140 1117 3310 1171 modis
3357 1117 3469 1186 ipse
3511 1124 3885 1175 consonantia-

2312 1217 2428 1255 rum
2463 1204 2830 1273 proportiones
2862 1220 3221 1275 numerosque
3253 1207 3496 1276 Vestiget,
3524 1207 3639 1263 hinc
3660 1210 3883 1264 ordien-

2308 1295 2431 1346 dum
2462 1306 2565 1349 est.
2596 1295 2785 1361 Voces,
2820 1297 3009 1366 inquit,
3044 1300 3181 1353 inter
3216 1313 3275 1353 se
3320 1300 3402 1353 vel
3451 1299 3680 1355 unisonze
3723 1315 3877 1367 sun',

2308 1386 2386 1436 vel
2421 1400 2522 1440 non
2550 1388 2803 1441 unisonaa.
2833 1388 2945 1442 Non
2979 1388 3320 1444 unisonarum
3346 1400 3523 1446 autem
3555 1408 3737 1447 vocum
3759 1395 3879 1449 alia

2308 1478 2519 1546 quidem
2548 1490 2674 1535 sunt
2692 1483 2999 1552 mquisonr,
3028 1495 3048 1522 ο
3068 1484 3182 1539 alia:
3205 1484 3465 1553 emmclis,
3485 1488 3602 1543 alia:
3628 1488 3881 1554 dissonae,

2307 1574 2425 1627 alia?
2456 1575 2698 1629 ecmelis.
2744 1577 2807 1629 Et
2850 1577 3087 1631 unisonas
3132 1579 3345 1648 quidem
3396 1592 3519 1635 sunt
3560 1597 3687 1652 qua:
3723 1598 3885 1638 unum

2306 1675 2463 1735 atque
2513 1668 2758 1723 eumdem
2815 1670 3085 1739 sigillatim
3144 1673 3308 1741 pulsae
3371 1654 3598 1729 reddunt
3669 1690 3884 1729 sonum.

2305 1756 2613 1827 lquisona:
2648 1775 2775 1815 vero
2807 1777 2924 1830 qua:
2959 1762 3118 1816 simul
3168 1764 3332 1831 pulsa:
3376 1780 3534 1819 unum
3566 1780 3635 1819 ex
3677 1765 3885 1821 duobus

2232 1839 2277 1900 Β
2305 1859 2463 1917 atque
2484 1850 2781 1919 simplicem
2805 1850 3198 1921 quodammodo
3220 1852 3454 1907 efﬁciunt
3481 1868 3697 1922 sonum,
3727 1864 3783 1907 ut
3802 1865 3884 1910 est

2310 1941 2587 2009 diapason,
2636 1955 2803 2011 eaque
2854 1941 3119 2012 duplicata
3184 1958 3300 2013 qua:
3342 1955 3419 1997 est
3471 1945 3551 1999 bis
3597 1946 3881 2013 diapason.

2306 2033 2564 2085 Consonat:
2590 2043 2765 2088 autem
2788 2042 2914 2087 sunt
2935 2048 3053 2102 quae
3073 2034 3423 2103 compositum
3451 2035 3884 2105 permixtumque

2303 2135 2520 2176 suavem
2556 2130 2732 2177 tamen
2762 2122 3004 2178 efﬁciunt
3045 2138 3256 2190 sonum,
3300 2108 3357 2178 ut
3384 2125 3633 2193 diapente
3666 2140 3731 2180 ac
3768 2128 3882 2181 dia-

2303 2222 2563 2267 tessaron.
2602 2213 2860 2269 Emmelis
2890 2222 3067 2271 autem
3115 2222 3238 2270 sunt
3290 2225 3625 2285 quascunque
3664 2216 3879 2286 quidem

2300 2318 2551 2359 consona:
2582 2318 2699 2359 non
2735 2314 2881 2372 sunt,
2926 2314 3151 2375 possunt
3188 2306 3357 2375 aptari
3407 2315 3580 2361 tamen
3627 2317 3775 2362 recte
3808 2308 3880 2361 ad

2300 2396 2490 2462 melos,
2524 2406 2578 2451 ut
2607 2406 2732 2451 sunt
2775 2396 2857 2451 ha:
2890 2411 3007 2466 quae
3045 2397 3421 2453 consonantias
3455 2400 3702 2468 jungunt.
3754 2400 3876 2453 Dis-

2298 2501 2445 2541 sonte
2476 2502 2601 2543 vero
2614 2498 2751 2543 sunt
2777 2502 2897 2558 qua:
2922 2502 3025 2544 non
3057 2490 3383 2557 permiscent
3402 2503 3583 2557 sonos,
3608 2500 3759 2559 atque
3789 2491 3874 2544 in-

2296 2572 2527 2627 suaviter
2549 2572 2747 2627 feriunt
2767 2587 3006 2628 sensum.
3040 2573 3271 2628 Ecmelis
3301 2588 3431 2629 vero
3456 2590 3574 2644 quae
3603 2588 3703 2631 non
3732 2574 3873 2629 reci-

2298 2670 2515 2738 piuntur
2542 2669 2594 2724 in
2632 2666 3105 2724 cunsonantiarum
3143 2667 3545 2737 conjunctione,
3588 2668 3656 2722 de
3683 2668 3878 2737 quibus

2298 2760 2454 2827 paulo
2482 2760 2747 2828 posterius
2770 2759 2822 2813 in
2844 2758 3105 2814 divisione
3124 2757 3589 2815 tetrachordorum
3614 2759 3879 2814 dicemus.

2296 2849 2557 2914 Quoniam
2615 2851 2772 2921 igitur
2828 2851 3067 2905 univocis
3119 2851 3331 2921 quidem
3386 2851 3881 2927 comparationibus

2297 2939 2539 3009 proxime
2565 2948 2687 2995 sunt
2716 2939 3024 3010 aequivocae,
3058 2939 3361 2996 necessarie
3388 2950 3471 2996 est
3495 2947 3556 2995 ut
3580 2940 3746 3009 squis
3772 2955 3876 2993 uu-

2295 3030 2461 3084 mcris
2498 3044 2561 3085 ea
2601 3044 2948 3084 numerorum
3000 3030 3333 3099 inaequalitas
3372 3030 3710 3100 adjungatur,
3756 3044 3882 3098 qua:

2256 3146 2263 3151 κ
2296 3132 2379 3176 est
2404 3121 2647 3190 proxima
2675 3119 2863 3190 mquis.
2900 3120 3186 3175 Estautem
3210 3118 3269 3188 ju
3292 3128 3361 3174 ita
3396 3119 3743 3186 mqualitatem
3770 3133 3877 3170 nu-

2224 3210 2269 3270 C
2303 3227 2568 3267 tnerorum
2602 3227 2662 3267 ea
2693 3227 2810 3283 quas
2840 3222 2923 3267 est
2957 3213 3138 3282 dupla.
3181 3211 3314 3266 Nam
3345 3221 3397 3266 et
3422 3212 3583 3280 prima
3613 3210 3878 3280 multipli~

2295 3304 2476 3360 citatis
2498 3304 2704 3373 species
2735 3315 2840 3369 eSt,
2870 3313 2921 3358 ct
2951 3304 3121 3374 major
3148 3318 3402 3358 numerus
3422 3318 3541 3358 cum
3572 3300 3595 3338 ἀ
3614 3303 3880 3358 minorem

2298 3412 2582 3453 numerum
2604 3396 2932 3467 supervenit,
2951 3412 3104 3467 aequo
3124 3411 3245 3452 cum
3273 3398 3369 3467 ipsi
3389 3396 3579 3451 minori
3599 3406 3883 3452 transcen-

2296 3490 2394 3556 dit,
2438 3500 2498 3545 ut
2540 3489 2645 3545 duo
2686 3505 2848 3544 unum
2892 3504 2997 3544 uno
3044 3490 3525 3561 transgrediuntur,
3570 3490 3661 3559 qui
3704 3490 3883 3545 eidem

2297 3584 2489 3639 unitati
2541 3585 2761 3655 aequalis
2791 3594 2921 3649 est;
2970 3583 3089 3652 jure
3144 3583 3300 3653 igitur
3351 3582 3548 3651 duplex
3602 3583 3883 3651 proportio

2298 3677 2585 3746 mquisonis
2610 3685 2840 3744 aptatur,
2875 3675 2926 3730 id
2955 3685 3039 3731 est
3062 3676 3336 3745 diapason.
3365 3676 3449 3729 Bis
3469 3674 3728 3744 diapason
3751 3690 3882 3729 vero

2296 3766 2380 3820 bis
2402 3766 2625 3833 duplici,
2659 3765 2712 3820 id
2740 3775 2823 3822 est
2855 3766 3177 3835 quadrUplo.
3209 3767 3337 3834 Qua:
3364 3775 3539 3821 autem
3575 3764 3882 3834 proportio-

2299 3872 2395 3912 nes
2428 3857 2673 3912 dividunt
2714 3857 2977 3925 duplicem
3014 3859 3417 3927 proportionem
3456 3858 3646 3927 primae
3675 3872 3739 3911 ac
3766 3870 3881 3910 ma-

2297 3949 2475 4014 ximtn,
2512 3949 2592 4003 Itis
2627 3948 2872 4017 aptanda:
2919 3958 3043 4004 sunt
3089 3949 3450 4003 consonantiis
3484 3963 3605 4017 quas
3636 3947 3879 4002 dividunt

2298 4039 2553 4106 diapason
2583 4048 2605 4076 ο
2642 4039 3208 4108 aequiconsonantiam.
3241 4038 3387 4095 Unde
3429 4039 3485 4092 ﬁt
3535 4048 3592 4093 ut
3631 4039 3877 4106 diapente

2296 4129 2510 4198 quidem
2554 4130 2953 4199 sesquialterze,
2989 4130 3323 4186 diatessaron
3356 4145 3483 4184 vero
3522 4131 3878 4199 sesquitertia:

2301 4219 2683 4290 comparationi
2729 4222 3066 4289 copulentur.
3098 4220 3305 4275 Junctaa
3354 4233 3485 4273 vero
3525 4217 3545 4257 ί
3575 4234 3875 4274 consonan-

2299 4309 2383 4362 tia:
2426 4325 2546 4362 cum
2596 4309 2884 4379 atquisonis
2922 4309 3053 4364 alias
3089 4308 3326 4363 efﬁciunt
3370 4309 3769 4373 consonantias,
3816 4317 3877 4361 ut

2296 4398 2542 4469 diapente
2571 4414 2634 4453 ac
2666 4401 2922 4469 igiapason
2951 4401 3002 4455 in
3036 4400 3214 4469 triplo,
3242 4399 3572 4454 diatessaron
3598 4414 3663 4453 ac
3692 4400 3874 4467 diapa-

2302 4505 2397 4545 son
2427 4491 2477 4545 in
2501 4506 2562 4545 ea
2596 4492 2939 4560 pr0portione
2969 4508 3086 4563 quae
3110 4500 3192 4547 est
3222 4504 3346 4547 octo
3366 4492 3432 4545 ad
3460 4504 3586 4546 tres.
3619 4491 3869 4545 Emme'is

620 4569 826 4625 nu'meri
852 4571 1057 4639 species;
1084 4570 1355 4625 immutata
1380 4582 1481 4629 est.
1506 4575 1561 4629 Si
1586 4590 1710 4630 vero
1736 4577 1949 4631 eosdem
1974 4576 2191 4635 denario
2224 4580 2276 4640 D
2304 4592 2479 4636 autem
2510 4594 2632 4637 sunt
2659 4600 2775 4653 quae
2799 4583 3047 4653 diapente
3067 4598 3129 4638 ac
3155 4583 3489 4638 diatessaron
3518 4582 3779 4643 dividunt,
3810 4588 3870 4633 ut
3936 4584 3941 4587 “

618 4660 804 4727 addas,
835 4660 1115 4716 duodecim
1149 4662 1361 4728 feceris,
1390 4672 1443 4716 et
1469 4664 1704 4718 hinarius
1727 4665 1944 4734 junctus
1972 4667 2189 4726 denario

618 4761 964 4807 cooservatus
1019 4762 1119 4807 cst.
1173 4755 1300 4829 Item
1355 4754 1619 4812 ternarius
1670 4760 1956 4828 exterique
1999 4761 2186 4818 eodem

613 4840 774 4896 modo
803 4861 813 4894 :
844 4843 913 4896 ita
951 4843 1110 4912 igitur
1167 4845 1478 4914 symphonia
1527 4847 1779 4917 diapason
1820 4865 2185 4923 quamcunque

626 4939 783 4993 aliam
815 4939 1105 5006 susceperit
1133 4941 1534 4994 consonantiam
1572 4952 1772 5007 servat,
1806 4960 1902 5001 nec
1928 4947 2194 5014 immutat,

624 5048 723 5088 nec
769 5048 833 5088 ex
884 5046 1117 5085 consona
1160 5032 1430 5088 dissonam
1480 5034 1672 5088 reddit.
1717 5036 1845 5091 Nam
1896 5039 2034 5094 sicut
2082 5041 2192 5094 dia-

627 5132 787 5185 pente
833 5121 1150 5193 symphonia
1200 5122 1381 5190 juncta
1426 5120 1682 5193 diapason
1730 5130 2092 5184 consonantia:
2136 5130 2188 5185 in

606 5212 779 5283 'tripla
810 5212 1012 5267 scilicet
1043 5212 1382 5279 proportione
1413 5211 1667 5282 diapason
1697 5229 1760 5269 ac
1788 5215 2035 5286 diapente
2063 5233 2191 5275 con-

592 5304 915 5359 sonantiam
946 5313 1143 5366 servat,
1171 5304 1237 5357 ita
1265 5302 1421 5357 etiam
1456 5303 1729 5359 diatesar.
1754 5322 1788 5360 n
1814 5300 1932 5362 cum
1963 5307 2032 5363 sit
2060 5325 2187 5364 Cun-

616 5396 857 5451 sonantia
894 5394 1077 5464 juncta
1120 5408 1241 5448 cum
1280 5393 1557 5463 diapason,
1585 5396 1744 5451 aliam
1782 5402 2182 5455 consonantiam

594 5486 810 5555 v-reddit,
848 5495 900 5540 et
929 5486 984 5539 ﬁt
1024 5485 1312 5538 secundum
1352 5486 1693 5541 Ptolemmum
1720 5491 1937 5547 alterius
1992 5506 2181 5546 coiiso—

605 5578 809 5631 statuite
833 5576 1032 5630 auditio
1064 5574 1090 5613 ι)
1119 5576 1340 5644 ejusijue
1371 5586 1451 5631 est
1480 5579 1731 5647 diapason
1762 5595 1824 5635 ac
1854 5584 2183 5639 diatessaron

674 5775 706 5800 λ·
737 5766 1132 5836 Inviolatusque.

1213 5774 1236 5811 υ
1267 5773 1394 5840 Ejus
1422 5790 1553 5843 [μαῖ’.
1638 5788 1658 5816 ο
1690 5778 1818 5830 Alia?
1841 5794 2093 5835 consume.

2172 5779 2196 5818 (⁸
2228 5780 2277 5832 .l!
2288 5786 2442 5840 inore.

2303 4683 2459 4728 tonus
2515 4686 2832 4743 caulemque
2891 4674 3293 4744 proportiones,
3351 4675 3419 4727 de
3464 4674 3654 4742 quibus
3712 4671 3871 4737 paulo

2300 4765 2565 4835 posterius
2620 4766 2669 4818 in
2720 4765 2982 4820 divisione
3031 4764 3495 4820 tettachordorum
3546 4763 3870 4832 loquemur,

2298 4856 2567 4928 simplices
2593 4872 2773 4913 earum
2801 4858 3003 4912 scilicet
3030 4866 3225 4925 partes.

2904 4948 3129 5004 CAPUT
3172 4948 3259 5003 XI.

2302 5044 2429 5111 Qua?
2456 5053 2571 5097 sunt
2593 5044 2884 5113 aquis-onor,
2905 5044 2979 5097 vel
3000 5058 3115 5113 qum
3130 5056 3384 5101 consonat,
3403 5040 3603 5108 velanda
3624 5037 3869 5093 mtmrfis.

2370 5137 2532 5205 igitur
2560 5138 2845 5206 mquisonze
2873 5135 3085 5206 quidem
3113 5143 3240 5189 sunt
3266 5134 3519 5203 diapason
3548 5145 3610 5184 ac
3640 5130 3717 5182 bis
3752 5130 3869 5181 dia-

2296 5244 2483 5298 pason,
2533 5230 2782 5298 quoniam
2828 5243 3008 5283 earum
3065 5236 3485 5296 temperamento
3531 5222 3873 5291 mixtumque

2294 5336 2431 5375 unus
2484 5332 2642 5389 atque
2686 5311 2910 5386 simplex
2965 5318 3357 5386 quodammOdo
3400 5316 3631 5370 efﬁcitur
3678 5327 3869 5367 sonus.

2291 5411 2666 5466 Consonantite
2693 5425 2867 5465 au‘em
2889 5420 3035 5472 sunt,
3060 5409 3245 5478 primm
3272 5406 3485 5477 quidem
3510 5406 3729 5473 insuper
3751 5420 3764 5470 ι
3786 5416 3875 5454 ar-

2294 5501 2600 5556 ticularibus
2647 5500 2993 5567 sesquialtera
3036 5510 3088 5553 et
3132 5498 3490 5567 sesqu'tertia.
3538 5496 3589 5549 id
3621 5506 3703 5549 est
3747 5494 3866 5548 dia-

2288 5602 2451 5662 petite
2494 5605 2555 5645 ac
2604 5591 2955 5655 diatessaroii,
3001 5600 3054 5645 et
3102 5591 3357 5657 diaplson
3399 5604 3462 5644 ac
3510 5588 3783 5657 diapente,
3816 5596 3870 5639 et
3906 5582 3911 5587 ’

2550 5783 3044 5855 οιεᾳωδυηαηιίειηι.
3126 5781 3445 5837 'Comona’.
3516 5800 3531 5817 κ
