4200 6248
346 348 482 405 ηυξ

1676 350 1765 407 ne
1807 346 2058 407 MUSICA
2098 327 2223 402 ιω.
2268 345 2332 400 v.

3472 351 3607 407 ίὲθι

344 467 601 534 diapason
633 481 695 521 ac
732 466 1091 531 diatessaron,
1130 467 1219 521 ha:
1262 474 1380 521 sunt
1419 468 1732 534 composita:
1765 475 1925 533 atque
1956 462 2347 525 Adivisionem
2398 461 2657 529 diapason
2713 463 2852 516 intra
2918 477 3009 518 ses
3064 472 3216 517 tonos
3272 462 3462 518 cadere
3512 466 3612 518 hoc

345 555 643 623 eunjunCtas
673 556 1055 626 exscquisonis
1083 556 1594 610 etconsonantibus.
1620 566 1644 592 λ
1664 556 1923 610 Emmelis

346 655 524 699 autem
567 647 754 715 reliqui
797 647 934 701 inter
980 648 1076 700 has
1124 646 1245 715 poni
1276 656 1519 715 possunt,
1547 655 1605 701 ut
1644 647 1780 700 inter
1808 644 1925 699 dia-

349 746 592 789 tessaron
618 751 679 790 ac
709 737 958 815 diapente
990 736 1285 791 dill‘erentia
1325 747 1500 800 tonus,
1528 739 1926 806 jungunturque

343 824 741 892 quodaminodo
788 828 1073 896 :equisona:
1114 826 1328 895 quidem
1376 843 1440 881 ex
1487 827 1924 891 consonantibus,

349 931 408 976 ut
436 922 688 993 diapasmi
714 939 781 978 ex
806 924 1135 978 diatessaron
1167 918 1219 978 et
1252 924 1523 992 diapente.
1550 923 1929 978 Consonantim
1968 958 1971 963 ι

344 1013 524 1069 autem
559 1031 623 1070 ex
654 1014 735 1069 his
760 1015 847 1084 qui
876 1015 1120 1070 emme‘is
1156 1016 1274 1070 soni
1312 1023 1594 1080 vocantur,
1640 1023 1697 1068 ut
1741 1014 1927 1069 eadem

347 1106 597 1176 diapente
640 1115 693 1161 et
736 1107 1071 1161 diatessaron
1122 1107 1259 1162 tonis
1304 1108 1621 1176 caaterisque
1666 1106 1929 1173 posterius

350 1196 591 1250 dicendis
638 1196 1100 1265 proportionibus;
1145 1197 1238 1251 sed
1282 1198 1551 1267 quomodo
1581 1197 1795 1266 quidem
1837 1198 1931 1249 ho-

345 1304 465 1342 rum
517 1288 754 1342 omnium
801 1290 1075 1358 proportio
1133 1288 1308 1358 colligi
1361 1290 1550 1358 possit,
1592 1305 1657 1344 ex
1702 1303 1767 1342 eo
1812 1288 1931 1341 loco

345 1381 663 1433 sumendum
695 1389 778 1434 est
809 1394 967 1449 quem
994 1386 1183 1448 quarto
1212 1380 1485 1434 volumine
1517 1380 1569 1433 in
1604 1379 1708 1433 line
1732 1378 1932 1433 descri-

345 1471 570 1539 psimus,
601 1472 687 1526 ubi
718 1470 746 1509 δ
775 1485 1029 1525 numerus
1061 1486 1221 1540 super
1259 1472 1626 1542 semispharria
1678 1471 1933 1526 tendeba-

345 1575 449 1617 tur.
481 1562 555 1617 lbi
594 1563 736 1617 enim
768 1562 1183 1633 deprehenditur
1219 1565 1629 1634 atquisonantia,
1674 1566 1930 1634 diapason

304 1662 309 1665 '
342 1669 406 1708 ac
443 1655 521 1709 bis
550 1654 831 1724 diapason,
871 1664 925 1709 et
968 1657 1336 1711 consonantia:
1379 1657 1651 1726 simplices
1682 1657 1932 1726 diapente

345 1760 409 1799 ac
435 1744 793 1812 diatessaron,
826 1756 879 1799 et
908 1748 1277 1800 consonantiae
1308 1748 1640 1829 compositae,
1673 1747 1947 1821 diapason

2028 552 2187 607 modo
2222 570 2235 605 :
2272 552 2615 607 intendantur
2652 554 2796 609 enim
2843 556 3199 614 octocltordm.
3230 555 3280 610 id
3309 565 3390 609 est
3428 557 3471 608 A
3506 557 3542 608 Β
3570 554 3611 608 C

2028 642 2071 696 D
2105 643 2143 695 Ε
2176 642 2214 697 F
2244 642 2285 697 G
2320 643 2385 707 ﬂ,
2420 643 2615 714 fiatque
2660 645 3032 713 sesquioctava
3073 650 3115 700 A
3150 646 3192 699 Κ
3218 646 3334 715 ejus
3375 661 3492 715 quae
3532 654 3613 702 est

2030 734 2068 787 Β
2102 735 2162 800 L,
2193 743 2245 789 et
2270 735 2308 788 Β
2338 733 2379 787 L
2405 738 2520 802 ejus
2553 750 2670 805 qua:
2701 736 2852 791 estC
2890 737 2960 802 Μ,
3000 746 3053 790 et
3077 734 3117 790 C
3155 736 3202 789 Μ
3246 737 3361 803 ejus
3389 751 3506 803 ane
3534 746 3617 789 est

2032 827 2072 880 Ι)
2098 826 2162 893 Ν,
2197 838 2251 882 et
2280 827 2320 881 D
2351 827 2391 881 N
2419 814 2535 898 ejus
2561 844 2681 898 qua:
2714 840 2797 885 est
2828 830 2868 884 Ε
2899 829 2967 894 Χ,
2998 838 3050 883 et
3079 828 3119 883 E
3162 829 3204 882 Χ
3246 829 3362 897 ejus
3389 844 3506 897 qua:
3533 837 3617 883 est

2030 920 2071 974 F
2101 922 2163 987 Ο,
2196 931 2246 976 et
2280 922 2320 976 ιε’
2349 921 2394 977 Ο
2425 922 2543 992 ejus
2572 939 2690 992 quae
2713 933 2798 978 est
2824 924 2868 979 ϐ
2898 923 2955 977 ιι.
2987 923 3153 977 Erunt
3184 921 3343 992 igitur
3362 935 3454 975 sex
3482 923 3614 975 toni.

2032 1013 2237 1067 Rursus
2278 1015 2419 1069 inter
2456 1015 2496 1069 F
2526 1016 2569 1069 Ο
2596 1027 2647 1071 et
2680 1016 2722 1071 G
2759 1015 2870 1069 PH
2908 1014 3130 1069 ducatur
3168 1013 3375 1069 medius
3423 1028 3618 1067 nervus

2032 1104 2097 1156 ad
2144 1104 2205 1156 Β.
2248 1104 2364 1158 Erit
2420 1105 2577 1173 igitur
2619 1106 2661 1159 Α
2704 1106 2746 1159 Κ
2794 1106 2953 1175 dupla
2997 1105 3064 1159 ab
3099 1120 3166 1159 eo
3200 1104 3339 1175 quod
3368 1113 3451 1159 est
3479 1104 3521 1158 ll
3553 1106 3617 1161 Β.

2034 1193 2208 1247 Pulsm
2231 1196 2388 1264 igitur
2410 1198 2569 1251 simul
2602 1198 2644 1251 Α
2676 1198 2717 1251 Κ
2754 1198 2791 1252 ll
2820 1198 2862 1251 Β
2887 1199 3142 1267 diapason
3174 1197 3617 1266 arquisonantiam

2033 1286 2426 1341 consonabunt.
2463 1289 2517 1341 Si
2554 1303 2682 1342 vero
2722 1288 2915 1357 aliquis
2942 1290 2983 1343 (ἶ
3022 1288 3063 1340 Ρ
3096 1289 3373 1357 percutiat,
3408 1302 3622 1355 semper

2032 1375 2137 1428 erit
2164 1376 2319 1443 paulo
2342 1378 2551 1433 acutior
2575 1394 2733 1448 quam
2761 1387 2843 1433 est
2884 1380 2928 1433 li
2968 1380 3031 1432 R.
3078 1382 3153 1434 Ac
3191 1395 3284 1448 per
3314 1380 3417 1434 hoc
3448 1391 3620 1433 trans-

2033 1468 2266 1521 cendunt
2300 1482 2391 1523 sex
2423 1472 2533 1525 toni
2572 1471 2825 1540 diapason
2854 1472 3279 1526 consonantiam.
3311 1470 3367 1526 Si
3400 1472 3540 1525 enim
3574 1472 3615 1525 Α

2035 1558 2079 1611 Κ
2109 1566 2161 1611 et
2189 1559 2230 1613 G
2268 1560 2307 1612 P
2334 1561 2589 1628 diapason
2630 1564 2823 1630 pulsati
2866 1573 3203 1626 resonarent,
3240 1572 3483 1615 tonorutn
3526 1576 3620 1617 sex

2037 1658 2183 1701 esset
2214 1648 2467 1718 diapasoa
2502 1653 2871 1705 consonantia.
2902 1652 2958 1705 Si
2990 1668 3117 1705 vero
3143 1650 3221 1705 liis
3252 1650 3392 1703 idem
3426 1652 3466 1703 Α
3494 1650 3536 1702 Κ
3567 1658 3622 1704 et

2036 1738 2079 1791 G
2105 1738 2144 1791 P
2174 1755 2279 1792 non
2304 1743 2724 1800 consonantibus
2764 1742 2807 1795 A
2838 1742 2881 1795 K
2911 1751 2965 1796 et
2996 1742 3037 1795 ll
3070 1741 3111 1795 Β
3140 1742 3393 1808 diapason
3431 1754 3621 1794 conso-

345 1848 408 1889 ac
440 1835 709 1905 diapente,
743 1845 797 1891 et
837 1837 1092 1906 diapason
1129 1852 1190 1891 ac
1220 1825 1558 1892 diatessaron
1589 1848 1643 1892 et
1677 1839 1765 1908 qui
1812 1846 1935 1892 sunt
1964 1825 2012 1881 Β
2040 1844 2245 1894 narcnt.
2281 1844 2329 1888 et
2362 1834 2465 1888 HR
2491 1836 2694 1890 acutior
2723 1844 2867 1891 esset
2887 1835 3105 1905 quamG
3125 1835 3183 1900 P,
3213 1834 3468 1902 diapason
3492 1848 3622 1887 con-

345 1927 586 1980 emmelis
608 1926 744 1991 soni,
777 1936 832 1981 ut
865 1927 916 1980 in
946 1928 1057 1982 toni
1089 1926 1389 1984 dill'erentia
1421 1929 1803 1983 consistentes.

944 2080 1172 2138 CAPUT
1209 2081 1320 2137 ΧΠ.

346 2212 790 2282 Quenadmodum
860 2194 1193 2269 Aristoxenus
1247 2214 1575 2268 intervallum
1629 2214 1935 2269 consideret.

414 2346 552 2413 Quid
584 2360 713 2401 vero
740 2346 808 2401 de
834 2346 919 2403 bis
946 2349 1299 2427 Aristoxenus
1327 2348 1525 2404 sentiat
1550 2349 1790 2405 breviter
1811 2365 1977 2419 ape-.

344 2436 587 2493 riendum
618 2446 721 2492 est.
758 2447 779 2475 ο
804 2437 898 2492 ille
924 2440 1066 2492 enim
1097 2440 1354 2507 quoniam
1395 2439 1617 2494 minime
1648 2449 1934 2496 tractatum

342 2527 533 2584 rationi
568 2527 867 2593 constituit,
896 2527 991 2583 sed
1020 2530 1231 2583 aurium
1278 2527 1486 2597 judicio
1515 2528 1799 2597 permittit,
1852 2530 1934 2585 id-

344 2622 489 2676 circo
514 2633 676 2675 voces
703 2620 847 2689 ipsas
872 2619 1035 2675 nullis
1062 2620 1301 2675 numeris
1328 2629 1498 2687 notat,
1525 2627 1582 2673 ut
1608 2635 1794 2675 earum
1824 2623 1935 2677 col-

345 2710 473 2778 ligat
495 2711 891 2777 proportiones,
924 2709 1019 2766 sed
1047 2724 1231 2766 earum
1270 2711 1322 2764 itt
1364 2709 1545 2766 medio
1576 2710 1933 2767 diﬂ’erentiam

346 2800 528 2863 sumit,
558 2808 613 2852 ut
640 2797 1063 2867 speculationem
1103 2814 1209 2854 non
1246 2799 1302 2853 in
1338 2799 1469 2868 ipsis
1491 2800 1729 2867 vocibus,
1753 2802 1848 2855 sed
1879 2804 1932 2857 in

348 2905 413 2945 eo
442 2892 583 2961 quod
613 2892 753 2945 inter
775 2904 835 2945 se
856 2890 1131 2957 diﬂ'erunt,
1158 2891 1407 2957 collocet,
1432 2892 1591 2947 nimis
1614 2892 1931 2962 improvide.

350 2988 439 3057 qui
468 2986 822 3040 differentiam
870 3000 929 3041 se
968 2985 1109 3041 scire
1151 2985 1445 3041 arbitretur
1490 2999 1675 3040 earum
1719 2999 1929 3054 vocum,

349 3091 575 3147 quarum
609 3076 1033 3146 magnitudinem
1072 3076 1273 3147 nullam
1322 3090 1700 3133 mensuramve
1734 3080 1936 3134 consti-

348 3178 482 3224 tuat.
509 3167 607 3222 Hic
637 3168 797 3237 igitur
826 3176 875 3221 et
908 3165 1245 3223 diatessaron
1271 3167 1679 3223 consonantiam
1707 3167 1932 3226 duorum
1964 3193 2008 3253 ρ

347 3275 595 3319 tun-rum
646 3275 710 3315 ac
764 3259 1034 3315 semitonii
1089 3275 1211 3315 esse
1258 3260 1527 3332 proponit,
1581 3270 1636 3316 et
1684 3260 1935 3332 diapente

347 3356 429 3410 tri:
454 3370 505 3408 m
548 3364 793 3409 tonorum
837 3366 899 3408 ac
940 3351 1077 3409 semi
1102 3352 1234 3421 o’nii,
1268 3342 1321 3407 et
1350 3352 1609 3423 diapason
1647 3368 1741 3408 sex
1774 3362 1934 3409 tono-

347 3463 489 3512 rum,
523 3444 663 3515 quod
697 3444 810 3499 ﬂeri
840 3458 945 3498 non
980 3456 1142 3515 posse
1174 3443 1543 3513 superioribus
1574 3442 1933 3499 voluminibus

351 3539 766 3594 demonstratum
797 3542 898 3591 est.

952 5346 1179 5403 CAPUT
1216 5332 1349 5402 x'tu.

342 5436 639 5506 Descriptio
682 5434 1121 5522 octocttordi,_qua
1153 5441 1431 5495 ostenditur
1463 5442 1707 5521 diapason
1747 5458 1926 5498 conso-

692 5520 915 5562 ncnnam
940 5520 1185 5566 minorem
1204 5526 1424 5567 esse‘sea:
1453 5520 1602 5566 tonis.

422 5619 591 5675 Docet
612 5632 787 5677 autem
806 5623 1131 5682 .Ptolemtcus
1168 5642 1261 5692 per
1297 5626 1419 5695 cnju
1450 5627 1574 5681 dam
1613 5625 1925 5681 crtochordi

420 5806 451 5836 ⁸
476 5798 722 5858 Eumelis
746 5814 911 5859 autem
940 5815 1055 5859 sunt
1076 5808 1276 5871 relqui.
1354 5807 1379 5845 δ
1412 5807 1632 5860 Nereus.

1713 5818 1732 5845 ε
1766 5807 1907 5873 Ipse.
1984 5804 2009 5844 ά
2042 5806 2206 5862 Intra.

2041 1927 2286 1981 Sonantia
2310 1942 2405 1982 sex
2432 1936 2586 1983 tonos
2616 1929 2919 1984 excederet.
2951 1928 3099 1983 Nunc
3132 1941 3257 1980 vero
3278 1926 3396 1995 quia
3428 1940 3622 1979 conso-

2042 2016 2292 2072 nantibus
2312 2016 2357 2071 A
2386 2016 2431 2070 Κ
2460 2026 2513 2071 et
2548 2018 2589 2072 ΙΙ
2620 2018 2662 2070 ῐῖ
2693 2018 2877 2072 eadem
2906 2018 2949 2071 11
2980 2016 3025 2070 Κ
3052 2018 3119 2071 ab
3145 2031 3208 2071 ea
3242 2030 3359 2085 quae
3396 2024 3479 2069 est
3507 2013 3549 2067 G
3582 2014 3622 2068 P

2041 2107 2255 2174 gravior
2283 2108 2569 2175 invenitur,
2600 2126 2705 2166 non
2739 2120 2915 2182 potest
2942 2110 3172 2165 dubitari
3218 2108 3344 2177 quin
3386 2122 3476 2161 sex
3510 2108 3622 2162 teni

2040 2198 2295 2267 diapason
2346 2202 2753 2256 consonantiam
2804 2200 3084 2257 excedant.
3127 2200 3300 2268 Atque
3347 2198 3417 2251 ita
3460 2211 3622 2252 sensu

2038 2302 2254 2359 quoque
2288 2298 2468 2361 potest
2496 2292 2677 2360 colligi
2705 2292 2961 2361 diapason
2993 2289 3395 2347 consonantiam
3427 2284 3452 2324 ά
3488 2289 3622 2341 inter

2038 2395 2130 2435 sex
2172 2389 2327 2437 tonos
2364 2383 2577 2438 cadere.
2628 2384 2717 2438 Sic
2762 2384 2919 2453 igitur
2964 2382 3266 2437 Aristoxeni
3315 2393 3468 2435 error
3509 2377 3622 2434 sine

2039 2473 2372 2530 dubitatione
2405 2474 2757 2530 convincitur.

2185 2792 2226 2839 Α
2370 2803 2406 2852 Β
2554 2816 2587 2869 C
2738 2833 2780 2882 Ι)
2917 2842 2954 2892 Ε
3096 2854 3139 2903 F
3285 2867 3327 2917 Η
3443 2880 3483 2929 G

2183 2856 3496 3397 Ψ)

2628 3586 2859 3641 CAPUT
2887 3587 3025 3643 XIV.

2139 3738 2467 3792 Dialessaron
2499 3741 2884 3794 consonantiam
2911 3741 3237 3798 tetrachordo
3264 3734 3533 3802 contineri.

2110 3892 2260 3949 Nunc
2287 3893 2353 3949 de
2383 3894 2849 3949 tetrachordorum
2881 3895 3143 3954 divisione
3184 3898 3470 3956 dicendum
3515 3909 3616 3957 est.

2035 3985 2251 4040 Etenim
2310 3984 2645 4040 diatessaron
2696 3988 3046 4042 consonantia
3109 3999 3335 4060 quatuor
3376 3978 3621 4049 'eflicitur

2038 4076 2251 4141 nervis;
2284 4075 2483 4131 idcirco
2510 4076 2669 4131 etiam
2699 4076 3030 4133 diatessaron
3059 4092 3412 4153 nuncupatur,
3447 4098 3501 4138 ut
3526 4085 3623 4155 igi-

2039 4181 2125 4225 tur
2154 4169 2365 4226 duobus
2395 4171 2574 4226 nervis
2603 4172 2923 4228 altrinsecus
2952 4174 3139 4243 positis
3164 4184 3185 4212 °
3209 4176 3619 4233 addiatessaron

2034 4266 2408 4336 symphoniam
2453 4266 2872 4322 consonantibus
2902 4268 3297 4324 tetrachordum
3343 4274 3450 4338 tiat,
3485 4272 3619 4327 duos

2034 4372 2257 4413 necesse
2280 4368 2362 4415 est
2382 4359 2541 4414 Statui
2567 4360 2620 4414 in
2641 4361 2816 4415 medio
2842 4377 3053 4429 nervos,
3074 4362 3164 4432 qui
3193 4364 3257 4418 ad
3286 4380 3342 4417 se
3391 4366 3617 4420 invicem

2032 4464 2192 4524 atque
2220 4454 2285 4509 ad
2308 4464 2579 4512 extremos
2608 4466 2715 4511 tres
2747 4460 3120 4526 proportiones
3147 4459 3399 4513 elliciant.

2622 4643 2851 4701 CAPUT
2887 4645 3000 4699 XV.

2035 4774 2300 4840 Quomodo
2341 4775 2801 4857 Aristoxenus-vel.
2837 4786 3011 4857 tonant
3057 4780 3270 4857 diuidat,
3322 4784 3397 4838 rel
3434 4803 3619 4857 genera

2422 4847 2625 4915 ejusque
2651 4847 2913 4901 divisionis
2935 4849 3225 4919 dispositio.

2106 4976 2219 5033 lloc
2248 4977 2409 5047 igitur
2436 4978 2768 5035 diatessaron
2792 4981 3153 5038 Aristoxenus
3177 5001 3272 5054 per
3298 5002 3493 5056 genera
3527 4991 3617 5046 tuli

2035 5072 2242 5128 ratione
2277 5073 2528 5143 partitur.
2562 5072 2759 5129 Dividit
2787 5076 2929 5130 enim
2963 5084 3145 5131 tonum
3178 5058 3381 5135 induas
3413 5094 3617 5152 partes,

2034 5172 2194 5232 atque
2219 5164 2268 5217 id
2293 5163 2634 5218 semitouium
2665 5174 2836 5219 vocat.
2868 5165 3062 5220 Dividit
3092 5167 3142 5220 in
3170 5180 3276 5223 tres
3298 5183 3498 5239 partes,
3529 5190 3622 5230 cu-

2032 5258 2121 5328 jus
2153 5259 2362 5313 tertiam
2395 5259 2566 5314 diesin
2609 5270 2759 5315 vocat
2790 5261 3081 5316 cbromatis
3121 5264 3315 5330 mollis,
3347 5267 3536 5323 dividit
3568 5271 3619 5326 in

2036 5349 2091 5413 4,
2120 5350 2272 5419 cujus
2293 5360 2537 5421 quartam
2569 5367 2687 5407 cum
2721 5355 2931 5422 propria
2962 5354 3267 5420 medietate,
3301 5357 3353 5412 id
3385 5372 3465 5414 est
3493 5377 3614 5417 cum

2034 5452 2221 5497 octava
2250 5442 2413 5496 torius
2446 5443 2576 5507 toni,
2600 5442 2829 5511 appellat
2851 5444 3021 5497 diesin
3046 5443 3337 5500 cltrumatis
3359 5448 3613 5505 llelllittltl.

2039 5532 2061 5571 ί
2098 5535 2301 5587 Rursus
2344 5533 2514 5588 solam
2563 5542 2804 5603 quartam
2850 5533 2967 5601 ejus
3007 5546 3161 5590 vocat
3205 5536 3377 5593 diesin
3423 5539 3617 5594 enitar-

2034 5640 2265 5681 "100108.

2287 5818 2306 5843 ν
2338 5808 2428 5859 Ac.
2510 5804 2526 5842 ί
2561 5806 2685 5861 llmc
2711 5821 2809 5859 non
2836 5805 3093 5877 leguntur.
