4212 6246
673 299 804 359 I295

1115 404 1349 458 FIGURA
1388 404 1725 456 GLAREANI.

777 466 1119 531 Se'mitonium,
1143 468 1265 518 'l‘oui
1292 467 1531 518 medietas
1603 469 1929 518 Semitonium

1188 1032 1346 1053 ηηαιυι

1320 1092 1399 1116 ην

1338 1303 1760 1444 metu

1505 1412 1728 1470 Ιιιηῖιοιιι

956 747 1164 815 ειεξιτ-λυ
1232 742 1430 814 ,εἱλίξειά
1498 745 1707 813 ἐξελε...
1778 742 1933 816 sua.

921 666 2009 993 ί
1124 573 1349 892 ἶ
1396 665 1443 747 ⁸
1487 672 1615 894 ί
1664 579 2010 914 ‘

1028 936 1063 971 ὃ
1449 931 1486 968 .3
1858 929 1889 963 '3

933 1010 1056 1069 Dte/is
1086 1027 1109 1053 ι
1148 1025 1193 1054 r
1261 1011 1427 1069 ,σοιςω
1469 1001 1579 1053 riu-9
1687 1011 1829 1071 Dtefts
1869 1002 1977 1055 (ltro

934 1064 1127 1116 bemus:
1300 1085 1354 1115 ιη
1382 1067 1518 1116 mauu
1668 1063 1933 1120 minutalia.

920 917 2006 1319 si

989 1322 1031 1373 4
1134 1317 1200 1397 Ῠ
1389 1346 1545 1423 οιε]ι9

1014 1386 1313 1498 Dte/tt:an
1338 1427 1357 1444 ι
1505 1413 1728 1470 ’,φασιν

1168 1522 1341 1583 emtth

1212 1618 1493 1677 Χψτιυί

732 1752 957 1803 Omnium
984 1754 1350 1820 intervallorum
1374 1771 1482 1820 quae
1509 1762 1555 1809 in
1583 1767 1697 1809 tono
1722 1771 1835 1816 sunt
1859 1764 2129 1817 Secundum

1148 1816 1495 1870 Aristoxenum
1519 1823 1706 1871 divisio.

1230 1918 1297 1955 AD
1335 1919 1636 1959 LTCTOREII.

712 1986 939 2041 Minutas
952 1989 1223 2043 divisiones
1247 1993 1452 2067 pingere
1472 2010 1573 2047 non
1609 1998 1885 2064 potuimus,
1910 2016 2026 2053 care
2048 2004 2228 2067 lector;

634 2059 1129 2133 uum_Ari.stoxe‘nus
1172 2059 1353 2115 tonuni
1402 2065 1457 2116 in
1497 2059 1760 2120 duodecim
1806 2059 1975 2133 partes
2015 2059 2223 2127 scindit;

638 2127 800 2180 Diesis
824 2145 941 2202 ergo
956 2128 1311 2202 ennarmonios
1333 2132 1532 2187 habebit
1565 2148 1695 2202 tres;
1716 2127 1866 2193 diesis
1888 2152 2053 2193 autem
2077 2143 2226 2195 chro-

635 2198 782 2249 malis
811 2198 978 2251 mollis
1008 2198 1208 2278 habebit
1228 2212 1471 2278 quatuor,
1510 2198 1711 2258 demum
1741 2208 2072 2262 hemitonium
2104 2229 2224 2278 sex;

633 2268 789 2321 diesis
816 2283 931 2322 vero
958 2268 1459 2325 chromatisrlremioli
1480 2286 1695 2339 quatuor
1720 2288 1765 2329 et
1789 2280 1937 2332 sentis
1961 2268 2223 2339 obtinebit;

636 2336 788 2401 Quod
812 2339 856 2415 si
883 2339 1118 2415 (inpletur
1142 2343 1386 2415 spatium,
1416 2354 1470 2396 ut
1491 2336 1653 2409 paulo
1681 2358 1791 2415 po~t
1814 2346 2044 2414 Boetius,
2074 2336 2223 2406 erunt
2252 2372 2263 2385 ν

633 2423 747 2474 qua:
798 2410 1019 2481 dirimus
1067 2410 1335 2464 intervalla
1375 2415 1547 2467 omnia
1583 2410 1846 2481 duplanda
1891 2420 1951 2471 ob
1989 2410 2224 2477 numeros

634 2479 1026 2551 commodiores,
1052 2483 1187 2548 quod
1206 2481 1392 2551 idoctus
1415 2485 1569 2551 facile
1600 2479 1752 2541 videt.
1796 2487 1937 2543 Vale.

706 2548 837 2602 Cum
870 2549 937 2618 igi
969 2565 1028 2603 ur
1063 2551 1176 2604 haec
1202 2550 1270 2604 ita
1299 2548 1428 2618 sint,
1461 2569 1691 2625 cumque
1734 2574 1989 2625 genczum
2026 2562 2223 2618 divisio

606 2640 927 2694 ~secundum
959 2655 1079 2694 eum
1111 2642 1183 2694 sit
1220 2642 1436 2711 duplex,
1480 2660 1644 2698 unum
1675 2648 1891 2717 quidem
1935 2666 2104 2719 genus
2140 2663 2224 2707 est

634 2731 879 2797 mollius;
912 2732 1055 2786 aliud
1093 2748 1224 2789 vero
1252 2735 1544 2790 incitatius.
1582 2737 1649 2791 Et
1673 2741 1885 2795 mollius
1906 2743 2118 2812 quidem
2142 2754 2223 2799 cst

620 2822 1066 2885 enliarmoniurn,
1102 2822 1372 2879 incitatius
1400 2840 1525 2881 vero
1553 2827 1905 2885 diatonicum.
1939 2833 2085 2888 inter
2109 2834 2223 2889 haec

633 2918 759 2969 vero
806 2915 1056 2969 consistit
1103 2916 1493 2973 chromaticum
1533 2919 1840 2977 incitatione
1889 2925 2221 2995 mollitieque

634 3005 976 3073 participans;
1016 3007 1147 3062 liunt
1173 3006 1334 3077 igitur
1354 3010 1648 3066 secundum
1681 3013 1822 3069 lutnc
1847 3016 2092 3072 ordinem
2120 3018 2221 3072 dil-

628 3096 871 3153 ferentiae
902 3104 1285 3168 permixtorum
1309 3117 1563 3173 generum
1587 3120 1702 3160 sex.
1737 3107 1854 3163 Una
1884 3110 2096 3178 quidem
2120 3126 2214 3167 cn-
2243 3126 2289 3187 ρ

586 3187 911 3255 ,liarmonii,
971 3192 1004 3244 3
1046 3201 1222 3248 autem
1275 3194 1611 3261 chromatici,
1661 3198 1713 3253 id
1770 3208 1852 3255 est
1896 3201 2213 3259 cliromatici

630 3278 828 3344 mollis,
854 3289 905 3334 et
928 3281 1241 3337 chromatici
1268 3285 1529 3354 hemiolii,
1554 3296 1607 3341 et
1634 3287 1950 3347 cliromatici
1974 3294 2213 3351 thonimi.

625 3368 752 3422 Dum
794 3385 924 3424 vero
965 3372 1183 3442 reliquae
1225 3374 1500 3442 diatonici,
1551 3380 1729 3434 mollis
1773 3393 1931 3454 atque
1982 3386 2207 3442 incitati.

608 3459 859 3524 \taorum
883 3462 1121 3515 omnium
1147 3464 1268 3517 talis
1285 3467 1578 3522 secundum
1611 3470 1989 3529 Aristoxenum
2018 3477 2210 3533 divisio

622 3560 722 3602 est.
747 3550 1006 3617 Qtruiiani
1038 3553 1181 3607 enim
1214 3565 1401 3622 quarta
1434 3572 1557 3625 pars
1589 3562 1697 3613 toni
1727 3561 1894 3617 diesis
1918 3566 2206 3622 enliarmo-

623 3640 741 3695 nios
769 3643 1063 3710 nuncupari
1100 3643 1350 3712 praedicta
1384 3655 1487 3708 est,
1530 3650 1888 3722 quoniamque
1931 3657 2210 3713 Aristoxe-

620 3746 724 3785 nus
756 3746 859 3785 non
887 3746 1045 3787 voces
1074 3734 1215 3803 ipsas
1244 3734 1383 3790 inter
1403 3751 1461 3792 se
1487 3752 1782 3808 comparat,
1823 3744 1916 3799 sed
1949 3746 2205 3804 differen-

622 3824 748 3878 tiam
785 3839 976 3879 vocum
1033 3825 1480 3899 intervallumque
1526 3831 1766 3898 metitur,
1814 3844 1867 3890 et
1908 3840 2202 3896 secundum

612 3930 737 3969 eum
770 3925 923 3969 tunue
951 3927 1032 3970 est
1062 3916 1343 3973 duodecim
1374 3921 1658 3987 unitatum,
1704 3923 1863 3991 hujus
1904 3928 2065 3996 igitur
2102 3933 2205 3988 erit

615 4020 742 4071 pars
772 4016 956 4073 quarta
988 4008 1152 4062 dicsis
1183 4011 1565 4067 enharmonios
1610 4025 1741 4070 tres.
1779 4017 2041 4084 Quoniam
2074 4037 2203 4079 vero

614 4109 683 4147 ex
714 4095 923 4149 duobus
958 4100 1097 4152 tonis
1131 4117 1190 4153 ac
1215 4104 1499 4160 semitonio
1529 4106 1866 4163 diatessaron
1899 4126 2202 4169 consonan-

617 4187 685 4238 tia
706 4186 968 4253 jungitur,
999 4189 1102 4241 erit
1125 4199 1230 4243 tota
1261 4192 1593 4251 diatessaron
1623 4214 1686 4253 ex
1716 4199 1802 4255 liis
1828 4204 2111 4259 duodecim
2136 4220 2197 4261 ac

614 4292 709 4330 sex
742 4277 1029 4331 unitatibus
1052 4282 1368 4337 const'tuta.
1396 4283 1503 4339 Sed
1540 4290 1791 4355 quoniam
1814 4306 1958 4362 saepe
1991 4296 2047 4349 [it
2074 4307 2130 4350 ut
2151 4297 2195 4353 si

613 4383 781 4437 usque
797 4369 860 4422 ad
876 4381 1089 4423 octavas
1113 4373 1337 4428 velimus
1353 4374 1619 4434 deducere
1640 4391 1841 4451 partes,
1858 4400 1961 4440 non
1985 4390 2037 4442 in
2058 4390 2195 4446 intc-

608 4477 734 4527 gros
764 4478 1036 4530 numeros,
1067 4464 1159 4519 scd
1196 4466 1246 4519 in
1278 4466 1484 4537 aliquas
1515 4472 1798 4539 particulas
1835 4477 2189 4549 incurramus,
2228 4498 2281 4561 Ῑ)

608 4556 809 4611 idcirco
841 4565 865 4594 ι
894 4557 1109 4627 quidem
1149 4559 1389 4615 facienda
1422 4573 1504 4619 est
1532 4573 1642 4618 tota
1682 4566 2018 4627 diatessaron
2063 4590 2192 4629 con-

606 4650 853 4703 sonantia
885 4651 975 4705 60.
1023 4652 1091 4705 At
1134 4667 1262 4707 vero
1289 4650 1359 4707 24
1390 4662 1567 4722 tonus,
1607 4660 1949 4718 semitonium
1990 4665 2196 4721 duode-

603 4742 731 4808 i-im,
776 4755 898 4810 pars
938 4752 1151 4811 quarta,
1194 4759 1314 4813 qua:
1355 4745 1520 4801 dicsis
1565 4749 1947 4811 cnharmonios
1979 4757 2196 4826 dicitur,

604 4844 728 4893 sex,
785 4840 973 4887 octava
1030 4842 1207 4888 autem
1261 4844 1399 4899 tres;
1448 4836 1631 4906 juncta
1672 4857 1798 4898 vero
1845 4855 2031 4903 octava
2075 4866 2196 4906 cum

592 4934 811 4989 quarta,
837 4938 930 4978 sex
952 4924 1165 4980 scilicet
1190 4939 1309 4981 cum
1341 4927 1530 4993 tribus,
1561 4940 1617 4986 ut
1646 4931 1811 4989 faciat
1832 4935 2002 4994 diesin
2032 4943 2189 4997 chro-

599 5015 756 5069 matis
780 5014 1043 5082 hemiolii,
1076 5025 1235 5072 erunt
1261 5033 1473 5075 novem.
1508 5021 1598 5077 llis
1643 5024 1803 5094 igitur
1829 5026 1900 5082 ita
1930 5033 2187 5088 constitu-

599 5107 687 5169 tis,
725 5106 822 5161 tria
862 5120 1058 5176 genera
1081 5106 1548 5176 enharmonicum,
1578 5113 1986 5187 cliromaticum,
2016 5120 2186 5178 diato-

598 5198 796 5263 nicum,
830 5197 926 5251 has
958 5198 1279 5254 Aristoxeno
1306 5200 1553 5257 videntur
1583 5204 1782 5262 habere
1809 5210 2184 5279 proprietates,

595 5298 651 5342 ut
694 5289 798 5343 alia
840 5303 1028 5344 eorum
1072 5289 1320 5344 dicantur
1346 5294 1542 5362 spissa,
1583 5295 1687 5350 alia
1728 5297 1967 5367 minime.
2001 5301 2185 5371 Spissa

592 5392 735 5449 sunt,
765 5380 790 5419 ιτ
823 5396 1049 5451 quorum
1092 5381 1213 5437 duae
1262 5384 1536 5454 graviores
1570 5391 1976 5457 praportioncs:
2020 5410 2179 5452 unam

590 5488 708 5528 eam
740 5489 860 5541 qua:
909 5475 975 5527 ad
1022 5484 1235 5530 acutum
1266 5477 1504 5547 apposita
1551 5489 1633 5535 est
1668 5482 2034 5551 magnitudine
2075 5504 2181 5543 non

582 5568 828 5622 s'incunt.
859 5566 975 5621 Non
1005 5568 1175 5637 Spissa
1201 5583 1328 5623 vero
1355 5580 1376 5608 ε
1417 5585 1644 5640 quorum
1669 5572 1786 5629 dua:
1810 5581 2182 5648 proportiones

1920 292 2031 348 λΝ.
2071 288 2278 346 MAN!“
2323 289 2472 346 SEV.
2514 292 2734 350 BOETII

2262 407 2309 465 Α
2338 422 2494 463 unam
2520 410 2781 480 reliquam
2810 420 3056 482 poterunt
3082 429 3370 484 superare;
3404 425 3484 471 est
3513 426 3692 472 autem
3725 422 3936 480 cubar-

3793 305 3936 359 {296

2332 500 2565 553 monium
2594 509 2647 553 et
2686 504 3069 557 ctiromaticum
3116 503 3370 572 spissum,
3403 505 3733 568 diatonicum
3784 526 3926 567 vero

2334 603 2437 641 non
2486 590 2741 658 spissum.
2784 593 2966 661 Itaque
3002 593 3411 650 enharmonium
3465 600 3765 655 secundum
3812 605 3942 657 Ari-

2332 690 2616 734 stoxenum
2669 682 2926 737 dividitur
2970 684 3048 738 sic
3093 688 3143 751 6,
3192 688 3248 751 6,
3287 687 3381 753 48,
3420 697 3477 754 ut
3526 690 3667 744 inter
3710 707 3938 761 gravem

2332 783 2558 824 nervum
2603 786 2665 826 ac
2696 788 2862 843 prope
2903 788 3118 845 gravem
3166 777 3237 830 sit
3263 787 3451 848 quarta
3485 795 3606 849 pars
3638 784 3773 849 toni,
3805 802 3933 854 qua:

2331 857 2529 915 dicitur
2574 862 2742 917 diesis
2771 866 3171 933 enlmrmonios,
3200 882 3322 922 cum
3353 869 3423 923 sit
3453 878 3613 927 tonus
3642 874 3713 928 2ι
3746 877 3934 932 unita-

2336 952 2476 1007 tibus
2502 958 2843 1029 constitutus.
2877 958 3001 1013 item
3028 961 3319 1015 secundum
3349 962 3689 1019 intervallum
3720 983 3750 1020 a
3771 972 3933 1037 gravi

2333 1046 2594 1100 nervoad
2627 1048 2866 1114 tertium,
2898 1049 2966 1104 sit
2994 1051 3179 1106 eadem
3209 1062 3397 1121 quarta
3434 1052 3463 1088 ά
3492 1069 3617 1123 pars
3648 1058 3785 1112 toni.
3818 1058 3931 1115 He-

2332 1134 2459 1205 liqui
2490 1152 2619 1191 vero
2659 1140 2749 1209 qui
2785 1149 2989 1196 restant
3016 1156 3081 1196 ex
3128 1143 3541 1214 sexagintaqui
3593 1152 3756 1204 tutius
3802 1168 3934 1218 pro-

2333 1229 2599 1295 portionis
2624 1240 2751 1285 sunt
2779 1231 2921 1288 inter
2950 1235 3166 1290 tertium
3190 1251 3219 1289 a
3243 1237 3392 1305 gravi
3422 1252 3587 1293 nervo
3610 1249 3765 1310 atque
3789 1259 3930 1298 acu-

2335 1316 2600 1374 tissimum
2632 1331 2877 1391 quartum
2911 1337 3181 1393 ponuntur
3210 1326 3297 1393 ιδ,
3319 1335 3373 1380 ct
3397 1326 3520 1383 dua:
3545 1333 3925 1399 proporziones

2330 1410 2395 1465 ad
2428 1427 2642 1480 gravem
2673 1416 2880 1483 positae,
2914 1418 2964 1472 id
3003 1428 3087 1473 est
3126 1420 3157 1474 6
3183 1434 3245 1475 ac
3276 1420 3328 1488 6,
3358 1436 3517 1477 unam
3565 1424 3819 1494 reliquam
3850 1428 3927 1483 ad

2332 1511 2545 1557 acutum
2576 1504 2828 1573 locatam,
2854 1507 2907 1561 id
2951 1518 3034 1563 est
3073 1509 3166 1577 48,
3199 1526 3306 1566 non
3334 1513 3576 1569 vincunt.
3614 1516 3931 1574 Chromatis

2334 1608 2463 1648 vero
2504 1596 2680 1651 mollis
2715 1598 2856 1654 hanc
2903 1599 3030 1655 facit
3065 1601 3382 1659 divisionem
3416 1605 3470 1671 8,
3503 1607 3557 1675 8,
3594 1608 3680 1673 44,
3716 1621 3776 1663 ut
3800 1622 3930 1666 octo

2332 1694 2491 1753 atque
2518 1696 2642 1740 octo
2666 1688 2773 1743 sint
2806 1692 2979 1746 tertiae
3024 1701 3201 1762 partes
3246 1704 3527 1763 tonorum;
3555 1707 3641 1754 est
3668 1702 3815 1755 enim
3846 1713 3928 1758 to-

2259 1761 2306 1819 B
2333 1793 2430 1830 nus
2461 1782 2547 1840 (ut
2576 1779 2778 1833 dictum
2802 1782 2906 1851 est)
2932 1782 3003 1838 24
3029 1761 3318 1851 unitatum,
3351 1796 3404 1841 et
3431 1761 3629 1845 dicitur
3658 1792 3772 1845 toni
3799 1809 3927 1862 pars

2330 1869 2485 1921 tertia
2531 1869 2693 1926 diesis
2733 1872 3025 1930 chromatis
3075 1877 3276 1935 mollis.
3325 1877 3451 1933 item
3490 1879 3791 1938 chromatis
3832 1887 3927 1940 he-

2332 1974 2360 2008 u
2386 1958 2493 2011 iolii
2526 1960 2860 2018 diatessaron
2889 1964 2959 2018 ita
2988 1968 3234 2034 partitur,
3269 1969 3322 2033 9,
3356 1970 3412 2034 9,
3434 1972 3522 2026 42.
3559 1973 3657 2027 Est
3687 1983 3712 2011 ε
3739 1986 3925 2030 autem

2328 2048 2493 2105 desis
2549 2053 2843 2111 chromatis
2902 2056 3138 2114 liemiolii
3214 2075 3339 2130 pars
3391 2076 3578 2120 octava
3630 2069 3743 2123 toni
3799 2086 3925 2126 cum

2327 2150 2535 2208 quarta,
2569 2142 2619 2197 id
2649 2152 2734 2199 est
2762 2160 2828 2199 ex
2857 2147 2925 2200 24
2957 2162 3048 2203 sex
3081 2164 3203 2205 cum
3233 2153 3425 2209 tribus.
3466 2156 3595 2211 Item
3626 2159 3876 2216 chromat
3898 2178 3925 2218 s

2328 2236 2542 2289 ttioniaci
2578 2239 2698 2294 talis
2721 2243 3013 2298 secundum
3038 2245 3417 2305 Aristoxenum
3450 2256 3666 2322 partitio
3687 2266 3792 2323 est,
3826 2259 3919 2327 12,

2329 2323 2416 2389 12,
2446 2324 2534 2377 5‘s.
2554 2325 2770 2383 Scilicet
2797 2332 2927 2385 utin
2961 2333 3170 2389 duobus
3200 2337 3492 2393 intervallis
3517 2343 3727 2419 singula
3758 2323 3921 2403 semi;

2328 2418 2471 2471 Ionia
2517 2421 2833 2487 constituat,
2876 2433 2930 2478 et
2968 2425 3111 2494 quod
3159 2428 3424 2499 reliquum
3468 2442 3553 2487 est
3608 2436 3661 2489 in
3704 2439 3914 2493 ultimo.

2326 2513 2396 2564 At
2417 2526 2499 2577 ,ue
2530 2512 2579 2565 in
2604 2512 2689 2568 liis
2706 2516 2956 2573 omnibus
2982 2518 3101 2573 duae
3123 2523 3517 2592 proportiones,
3541 2542 3659 2595 qua:
3675 2532 3915 2597 graviori

2325 2618 2491 2656 nervo
2521 2616 2640 2659 sunt
2671 2606 2949 2677 proximae,
2981 2612 3239 2683 reliquam
3269 2630 3387 2685 qua:
3408 2617 3472 2671 ad
3497 2629 3707 2674 acutum
3735 2623 3910 2691 posita
4001 2650 4006 2653 -

2323 2704 2424 2761 est,
2466 2694 2484 2734 ί
2520 2700 2888 2769 magnitudine
2928 2704 3147 2761 minimc
3185 2720 3458 2778 superant,
3494 2724 3617 2767 sunt
3655 2719 3794 2769 enim
3825 2720 3912 2784 (ut

2323 2784 2523 2841 dictum
2548 2788 2663 2858 cst)
2695 2792 2991 2861 Spissorum
3018 2810 3295 2865 generum.
3346 2799 3530 2869 Spissa
3574 2804 3765 2875 quippe
3810 2823 3911 2876 ge-

2325 2892 2452 2931 nera
2483 2888 2607 2934 sunt
2634 2881 3046 2940 enharmonium
3090 2896 3251 2959 atque
3279 2890 3686 2950 cliromaticum.
3730 2898 3911 2953 Diato—

2323 2970 2439 3024 nica
2470 2986 2597 3027 vero
2627 2973 2819 3030 divisio
2860 2978 2971 3046 ipsa
3019 2996 3231 3051 quoque
3270 2993 3351 3038 est
3381 2984 3597 3054 duplex.
3630 2988 3694 3043 Et
3732 2991 3911 3047 mollis

2324 3063 2539 3133 quidem
2580 3065 2833 3122 diatonici
2874 3070 3064 3127 divisio
3092 3085 3173 3129 e51
3214 3076 3313 3131 hoc
3359 3079 3540 3145 modo,
3578 3083 3661 3145 12,
3700 3084 3779 3147 18,
3809 3084 3905 3150 30,

2324 3161 2379 3206 ut
2403 3155 2468 3209 12
2493 3157 2836 3213 semitonium
2878 3161 2971 3226 sit,
2999 3162 3184 3219 decem
3224 3176 3277 3220 ct
3306 3178 3429 3223 octo
3457 3172 3809 3238 semi:onium,
3840 3185 3905 3228 et

2288 3255 2506 3313 .quarta
2546 3261 2667 3315 pars
2695 3250 2837 3313 toni,
2872 3260 2897 3297 ι
2925 3252 2995 3307 52
3022 3269 3148 3309 vero
3176 3257 3315 3325 quod
3340 3260 3602 3330 reliquum
3629 3273 3729 3318 est.
3758 3264 3906 3331 Quo-

2317 3350 2434 3390 rum
2458 3336 2643 3393 decem
2675 3349 2727 3395 et
2748 3350 2872 3398 octo
2900 3354 2951 3399 et
2984 3345 3050 3400 12
3076 3348 3309 3403 efﬁciunt
3334 3351 3421 3417 30,
3458 3368 3557 3408 nec
3582 3370 3908 3425 superantur

2314 3428 2383 3482 ab
2417 3443 2478 3483 ea
2510 3439 2625 3486 arte
2663 3448 2780 3501 quas
2826 3436 3030 3506 reliqua
3072 3449 3173 3494 est.
3218 3441 3345 3497 Item
3388 3445 3644 3503 diatonici
3694 3450 3903 3508 incitati

2317 3522 2436 3576 talis
2469 3525 2681 3589 partitio
2711 3536 2812 3591 est,
2849 3539 2903 3583 ut
2926 3532 3265 3589 semitonium
3286 3550 3349 3590 ac
3378 3536 3512 3594 duos
3544 3540 3737 3596 habeat
3766 3546 3904 3600 inle-

2310 3627 2435 3681 gros
2467 3623 2621 3670 tonos
2652 3617 2735 3683 12,
2769 3619 2858 3685 24,
2892 3622 2983 3688 24,
3007 3639 3071 3678 ex
3104 3626 3296 3695 quibus
3318 3627 3389 3683 24
3420 3640 3472 3685 et
3502 3631 3587 3698 12,
3614 3635 3665 3688 id
3698 3648 3781 3691 est
3805 3638 3898 3700 56.

2311 3718 2415 3757 non
2444 3718 2767 3774 superantur
2794 3725 2822 3763 a
2852 3712 3054 3783 reliqua
3087 3728 3239 3785 parte
3273 3735 3392 3788 qua:
3421 3722 3486 3777 ad
3532 3735 3746 3781 acutum
3790 3740 3896 3793 est,

2313 3792 2409 3847 sed
2443 3796 2618 3863 potius
2669 3800 2909 3857 vincunt.
2945 3804 3039 3860 Est
3078 3807 3242 3876 igitur
3284 3813 3578 3869 secundum
3622 3792 3897 3873 Aristmé

2307 3901 2433 3940 num
2466 3888 2927 3948 tetrachordorum
2957 3899 3211 3965 praedicta
3241 3904 3481 3973 partitio,
3511 3921 3633 3976 qua:
3656 3908 3893 3977 subjecta

2306 3978 2669 4050 descriptione
2700 3995 3049 4043 monstratur.

2363 4194 2548 4243 Divisio
2569 4196 2793 4251 diatonici
2857 4200 3043 4253 Divisio
3067 4205 3297 4258 diatonici
3360 4208 3547 4262 Divisio
3570 4214 3848 4268 chromaticl

2483 4260 2694 4327 incitati‘,
2885 4301 2888 4304 .
3008 4266 3169 4317 mollis
3503 4275 3701 4328 thouiei

3503 4284 3683 4325 monia

3449 4355 3761 4413 Diatessaron

2483 4260 2694 4327 incitati,

2422 4336 2732 4392 Diatessaron

3008 4266 3169 4317 mollis

2928 4346 3243 4403 Diatessaron

2382 4457 2769 4599 //’(-o\\
3051 4491 3099 4527 6ο
3568 4500 3615 4535 Co

2562 4677 2581 4692 -«
2621 4600 2816 4768 ω
2884 4604 3074 4773 e
3115 4614 3308 4774 ω
3377 4605 3581 4776 θ

2353 4772 2363 4781 ,
2789 4718 2821 4769 λ
3289 4707 3315 4774 l
3797 4753 3814 4776 ι

2707 5011 3011 5051 σιληηκιε
3050 5014 3117 5051 ΔΙ)
3156 5013 3455 5055 LECTORI-II.

2368 5213 2479 5268 Nos
2514 5222 2673 5268 totum
2712 5216 2968 5283 negotium
3012 5215 3066 5268 in
3094 5217 3405 5272 (exrachordi
3437 5216 3771 5288 hyperboleon
3800 5218 3897 5267 ita.

2295 5305 2372 5376 (ut
2393 5305 2567 5377 spero)
2591 5306 2985 5375 declaravimu‘s,
3014 5319 3067 5362 ut
3098 5308 3251 5376 facile
3271 5310 3428 5365 lector
3450 5312 3729 5365 consideret
3750 5315 3875 5379 quid

2288 5419 2368 5457 me
2393 5400 2535 5456 Deus
2556 5402 2711 5455 voluit
2742 5400 3025 5456 elaborare.
3050 5399 3220 5473 Multa
3242 5412 3410 5458 tamen
3435 5421 3497 5458 ex
3524 5404 3870 5475 superioribus

2284 5493 2730 5565 prwsupponenda
2768 5502 2905 5558 sunt,
2941 5502 2997 5547 ut
3024 5495 3280 5564 quomodo
3317 5512 3373 5550 se
3412 5496 3593 5551 divisio
3626 5511 3871 5566 genrrnm

2286 5584 2491 5651 habeat,
2527 5583 2719 5654 alioqui
2760 5584 2955 5637 inutilis
2984 5586 3079 5639 erit
3127 5585 3288 5639 labor.
3329 5585 3547 5654 Caetera,
3585 5588 3655 5639 uti
3691 5587 3865 5651 lector,

654 5701 839 5756 'Non
863 5701 1068 5772 legitur.
1143 5701 1334 5769 bQua.
1416 5704 1594 5771 ιριια.
1674 5706 1778 5764 d6.
1861 5710 2091 5767 'Enim.
2174 5711 2193 5751 ί

2318 5715 2658 5781 ηηίιηάὲηωη.
2738 5727 2761 5764 t5
2788 5720 2875 5773 50.
