4200 6248
302 379 429 434 {SM

1202 384 1240 432 Ν
1271 380 1465 435 COLAI
1512 380 1744 435 JUDHII
1799 379 2132 436 EPISTULA
2174 380 2653 436 ΡιιΑῑΡΑΐυιιιΑ.

3445 376 3587 429 ιόὒῗ
3602 381 3617 390 ⁸

266 498 267 501 “
301 499 504 549 tandem
531 497 703 563 fuerit,
736 514 761 549 e
792 496 1004 549 larbnra
1032 497 1206 566 lingua
1224 494 1405 549 (ἔνατα
1434 497 1691 549 volumina
1719 507 1888 551 trans-
1924 499 1974 557 Α
2000 495 2225 547 omnibus
2255 512 2393 565 teque
2424 491 2868 563 diligentissimus)
2906 492 3220 560 prmtermitti
3244 489 3578 559 quandoque,

268 597 271 599 '
300 590 471 657 ferens
499 591 785 641 semilatina
814 590 1053 641 reddidit.
1103 587 1236 640 Nam
1276 587 1519 639 vocabula
1550 589 1781 655 quazdam
1814 598 1887 639 ita

304 695 353 732 κ’
376 682 546 748 jaceat
591 681 805 731 barbara
853 679 1075 737 dimittit,
1111 682 1223 729 cum
1265 689 1429 730 tamen
1474 676 1645 729 Latini
1677 694 1770 730 sua
1795 680 1888 730 ha-

303 773 449 824 beant
496 780 542 822 et
570 771 766 838 quidem
797 770 988 833 optima
1034 784 1094 819 ac
1123 768 1499 836 probatissima.
1539 766 1702 832 Quam
1757 770 1889 820 enim

302 861 705 925 quadrilateram
757 861 982 930 ﬁguram
1026 859 1291 910 rhombum
1324 868 1372 910 et
1418 856 1583 910 (ἕνατὶ
1631 869 1677 910 et
1735 860 1892 911 nostri

301 952 585 1021 appellant.
612 954 698 1004 ille
722 952 867 1003 verba
896 949 1117 1017 quodam
1149 948 1223 1017 (ut
1255 950 1324 999 ita
1354 948 1541 1005 dicant)
1565 948 1761 999 exotiro
1783 948 1892 1001 hel-

304 1045 497 1098 muaim
530 1054 699 1106 vocat,
727 1053 770 1095 et
799 1042 916 1093 huic
939 1041 1156 1109 afﬁnem,
1192 1057 1342 1109 quam
1372 1037 1534 1092 Cra'ci
1566 1039 1895 1091 rhombo‘den

304 1136 502 1198 dicunt,
533 1133 746 1187 similem
777 1131 1072 1185 helmuaim.
1121 1131 1255 1183 Sunt
1285 1140 1330 1183 et
1360 1130 1479 1182 alia:
1504 1134 1738 1198 quaedam
1768 1148 1896 1199 qua-

303 1226 558 1278 drilateraz
588 1223 786 1295 ﬁgura’,
818 1238 945 1293 quas
984 1220 1150 1275 (ἔτωεὶ
1174 1221 1395 1284 trapezia
1414 1263 1429 1287 ,
1456 1221 1615 1271 nostri
1644 1221 1897 1273 mensulas

304 1315 591 1369 nominant.

516 1425 1737 1799 om

380 1880 493 1935 Has
520 1890 689 1936 noster
707 1882 791 1937 hic
814 1886 1063 1956 interpres
1090 1886 1261 1940 Latini
1299 1897 1449 1956 atque
1471 1888 1640 1942 Grceci
1665 1891 1892 1943 vocabuli

307 1988 538 2043 persegne
562 1973 792 2043 ignarus,
835 1975 1171 2045 helmuarifas
1197 1979 1367 2030 dicere
1406 1995 1505 2032 non
1545 1990 1754 2038 veretur.
1788 1981 1893 2036 Sed

305 2066 405 2117 sint
429 2081 551 2118 sane
571 2065 679 2120 hcec
705 2067 832 2121 levia
860 2076 909 2121 et
936 2084 1039 2121 non
1064 2069 1225 2122 multa
1242 2071 1685 2125 animadversione
1710 2072 1887 2142 digna.

308 2149 455 2208 Illud
485 2165 617 2210 certe
641 2156 717 2228 (ni
747 2157 925 2230 fallor)
954 2159 1159 2229 defendi
1177 2160 1321 2213 nulla
1348 2163 1675 2216 excusatione
1700 2173 1888 2231 potest,

306 2248 446 2317 quod
493 2265 662 2303 rerum
709 2251 1064 2321 deﬁnitiones,
1113 2253 1294 2322 quibus
1331 2263 1386 2306 ut
1425 2256 1693 2324 principiis
1738 2257 1893 2311 totius

306 2344 532 2400 scientias
569 2346 781 2411 utimur,
810 2354 861 2400 et
898 2347 1257 2416 confundenda
1286 2348 1446 2417 falsas
1491 2349 1644 2416 facit,
1674 2357 1722 2401 et
1768 2365 1893 2415 quas

306 2431 549 2491 Euclides
575 2438 780 2492 minime
811 2438 1077 2492 somniavit
1116 2439 1168 2491 in
1210 2455 1384 2493 earum
1426 2440 1592 2493 locum
1622 2454 1735 2508 qua:
1754 2439 1893 2493 illius

304 2534 472 2591 erant,
498 2528 769 2581 temeraria
794 2528 1016 2597 quadam
1037 2543 1165 2582 ausu
1195 2530 1454 2599 supponit.
1480 2527 1621 2582 Nam
1643 2530 1812 2583 statim
1840 2531 1893 2582 in

305 2617 450 2672 initio
499 2619 664 2688 aperis
693 2620 877 2673 lineam
915 2619 1271 2692 hujuscemodi
1322 2620 1637 2688 deﬁnitionis
1680 2622 1894 2675 termino

226 2777 243 2783 ο
306 2709 523 2760 claudit.
559 2706 717 2760 Linea
746 2718 818 2762 est
859 2710 1122 2779 longitudo
1150 2712 1259 2764 sine
1287 2711 1579 2777 latitudine,
1612 2714 1758 2782 cujus
1783 2712 1896 2782 qui-

306 2798 424 2851 dem
448 2800 787 2853 extremitates
819 2811 937 2853 sunt
975 2802 1078 2854 dua
1109 2812 1319 2872 puncta.
1354 2801 1477 2855 llaec
1504 2817 1620 2855 vero
1658 2802 1822 2870 ﬁnitio
1850 2822 1895 2873 ei

307 2891 456 2945 linea:
485 2893 859 2945 accommodari
893 2894 1098 2946 minime
1145 2901 1307 2962 potest
1355 2910 1506 2961 quam
1556 2893 1895 2965 peripheriam

307 2981 475 3038 (ἶν’ωοὶ
533 2986 831 3051 nominant,
868 3000 987 3053 cum
1035 2985 1127 3038 illa
1174 2987 1412 3040 extremis
1459 2985 1617 3040 nullis
1658 2987 1891 3054 finiatur,

303 3094 593 3148 quanquam
619 3078 828 3149 quidam
869 3094 933 3131 ea:
984 3078 1347 3133 recentioribus
1391 3078 1524 3149 falsa
1558 3079 1895 3133 translatione

306 3169 524 3239 decepti,
553 3168 684 3221 hanc
708 3178 948 3237 tanquam
976 3167 1207 3222 Euclidis
1236 3184 1405 3223 veram
1435 3169 1781 3238 deﬁnitionem
1804 3171 1891 3223 de-

305 3261 511 3329 fendere
536 3271 806 3327 conantur,
839 3260 1060 3315 dicentes
1094 3261 1435 3333 peripheriam
1474 3264 1679 3333 quidem
1722 3272 1888 3317 extre-

306 3354 403 3407 mis
450 3362 497 3407 et
528 3354 711 3421 ﬁnibus
758 3363 873 3409 actu
903 3371 1106 3424 carere,
1140 3355 1428 3427 aptitudine
1467 3372 1581 3410 vero
1612 3356 1686 3425 (ut
1713 3372 1889 3410 eorum

305 3455 423 3499 utar
451 3444 715 3516 vocabulo)
746 3447 875 3516 ﬁnes
909 3457 954 3501 et
984 3449 1225 3502 terminos
1246 3465 1537 3519 agnoscere,
1566 3451 1701 3517 quod
1730 3450 1892 3516 perri-

304 3535 533 3589 diculum
562 3543 655 3591 est.
692 3536 958 3607 Siquidem
987 3536 1160 3591 eodem
1207 3539 1435 3608 exemplo
1456 3540 1641 3593 lineam
1666 3539 1775 3608 ipse
1801 3539 1891 3593 de-

304 3628 477 3695 ﬁniam
523 3629 893 3698 longitudinem
968 3631 1093 3683 citra
1139 3630 1486 3696 latitudinem,
1538 3646 1652 3701 quae
1686 3632 1888 3699 quidem

302 3722 539 3775 sx‘remis
567 3732 768 3787 careat,
794 3723 933 3791 quod
963 3724 1006 3776 si
1037 3722 1336 3778 reclamabis
1373 3734 1420 3778 et
1465 3724 1654 3779 lineam
1683 3726 1891 3797 objicies

302 3825 490 3867 rectam
516 3814 746 3881 ﬁnitam,
771 3814 1084 3884 respondebo
1113 3833 1225 3871 eam
1270 3817 1456 3883 ﬁn’bus
1504 3818 1768 3872 habilitate
1793 3836 1882 3887 po-

298 3906 554 3972 tentiaque
580 3921 785 3972 vacare,
811 3908 1041 3977 quamvis
1062 3918 1180 3961 actu
1212 3926 1312 3962 non
1350 3919 1509 3964 vacet.
1543 3911 1888 3977 Quamobrem

300 4004 385 4048 aut
414 4004 627 4065 utraque
647 3996 877 4065 deﬁnitio
896 3998 1190 4066 recipienda
1212 4008 1305 4066 est,
1331 4016 1429 4068 quo
1455 4000 1583 4054 nihil
1603 4011 1763 4071 potest
1786 4020 1892 4057 esse

301 4086 569 4139 absurdius
589 4127 603 4152 ,
632 4096 718 4140 aut
747 4097 955 4158 utraque
978 4090 1278 4161 rejicienda.
1316 4090 1465 4156 Quod
1494 4093 1775 4147 rectissima
1804 4110 1887 4146 ra-

301 4178 437 4230 tione
463 4178 573 4243 ﬁeri
605 4178 888 4245 constabit,
917 4181 960 4233 si
998 4182 1113 4249 quis
1150 4181 1521 4237 animadvertat
1562 4200 1716 4254 quam
1744 4186 1887 4239 incu-

300 4272 435 4323 riose
460 4270 687 4342 egregius
716 4271 809 4325 iste
845 4272 1093 4343 interpres
1132 4273 1260 4327 duas
1291 4290 1459 4328 rerum
1492 4274 1639 4345 longe
1666 4278 1889 4331 aliarum

300 4363 624 4429 deﬁnitiones
650 4364 702 4416 in
737 4380 890 4417 unam
930 4367 1074 4431 quasi
1106 4367 1320 4433 formam
1349 4371 1671 4440 conjunxerit
1691 4413 1705 4436 ,
1738 4380 1891 4442 atque

301 4456 369 4507 ad
406 4472 563 4508 unam
608 4464 805 4509 tantum
834 4472 938 4508 rem
977 4456 1319 4526 deﬁniendum
1358 4464 1711 4529 assumpserit.
1751 4463 1888 4517 Nam

303 4541 548 4600 Euclides
568 4563 685 4600 cum
712 4547 897 4600 lineam
925 4547 1229 4616 deﬁnivisset
1259 4548 1632 4619 longitudinem
1664 4554 1788 4607 citra
1811 4558 1885 4608 la-

303 4640 601 4706 titudinem,
634 4650 892 4711 essentque
917 4655 979 4693 ex
1017 4640 1167 4693 lineis
1190 4641 1423 4709 t/uwdam
1459 4644 1603 4711 ﬁnite
1641 4654 1688 4697 rt
1720 4648 1890 4699 termi-
1922 4623 1973 4681 Ῑ)

304 4739 442 4796 nate,
476 4747 595 4785 mox
638 4732 913 4785 declaravit
958 4731 1045 4800 qui
1073 4740 1235 4784 essent
1265 4732 1410 4786 linea:
1435 4734 1563 4801 ﬁnes
1593 4745 1638 4789 et
1668 4738 1886 4803 termini,

303 4824 557 4891 inquiens,
589 4825 736 4878 linem
757 4839 868 4877 vero
896 4834 1117 4877 extrema
1146 4832 1335 4893 puncta
1358 4834 1495 4878 sunt.
1529 4828 1590 4879 At
1618 4827 1889 4882 hic’nostcr

304 4925 408 4968 tam
439 4916 624 4985 lepida:
651 4916 987 4970 traductianis
1013 4926 1191 4970 auctor
1215 4932 1278 4972 ea:
1297 4918 1516 4972 duarum
1536 4920 1889 4987 deﬁnitionum

303 5009 641 5075 permixtione
676 5011 1073 5081 canfusioneque
1112 5028 1266 5065 unum
1305 5015 1450 5083 quasi
1491 5031 1675 5087 corpus
1706 5016 1891 5085 deﬁni-

304 5101 457 5154 tionis
484 5100 723 5171 collegit,
754 5120 814 5156 ac
842 5104 941 5157 soli
982 5104 1129 5157 linem
1152 5121 1427 5176 congruere
1450 5110 1715 5179 aptarique
1746 5128 1896 5181 posse.

306 5196 519 5263 putavit.
550 5198 631 5249 Ad
652 5197 852 5267 plenam
875 5198 1030 5269 igitur
1049 5199 1199 5253 linea:
1223 5200 1569 5268 deﬁnitionem
1593 5204 1720 5257 nihil
1745 5203 1891 5257 aliud

304 5288 679 5359 corrogandum
719 5299 823 5356 est,
872 5301 1052 5359 printer
1080 5293 1133 5345 id
1171 5293 1309 5362 quod
1357 5294 1548 5348 dictum
1594 5306 1664 5348 est
1705 5296 1889 5351 lineam

305 5382 678 5452 longitudinem
708 5399 812 5437 esse
840 5384 966 5437 citra
1002 5384 1342 5439 latitudinem.
1379 5388 1468 5441 Sic
1511 5390 1646 5442 enim
1673 5393 1891 5443 cireum-

305 5484 563 5529 currentes
592 5475 751 5529 lineas
781 5485 978 5538 rectas,
1000 5486 1048 5530 et
1082 5480 1338 5546 ﬂexuosas
1366 5481 1737 5549 complectitur,
1772 5484 1839 5533 ite
1860 5500 1891 5533 n

306 5562 481 5629 ﬁnitas
512 5566 711 5641 pariter
739 5576 891 5636 atque
928 5567 1180 5633 inﬁnitas.
1219 5567 1299 5628 E1
1328 5570 1508 5639 quibus
1537 5556 1740 5640 quidem
1776 5574 1895 5643 inﬁ-

308 5656 441 5709 nitas
473 5658 633 5713 lineas
676 5661 816 5727 prior
851 5660 996 5713 nobis
1018 5662 1133 5732 jam
1172 5662 1434 5730 inﬁrmata
1463 5664 1692 5734 deﬁnitio
1732 5668 1896 5719 mani-

308 5750 573 5814 festsssime
608 5768 641 5803 η
676 5768 715 5804 η
752 5753 1045 5817 recipiebat.
1085 5754 1191 5822 Age
1220 5756 1543 5809 ostendamus
1582 5774 1715 5810 nunc
1741 5759 1895 5811 etiam

312 5841 540 5898 Euclida
575 5844 891 5914 (ἔα-βριίῖὲοηος
923 5847 983 5899 ab
1007 5846 1102 5901 hoc
1129 5857 1302 5901 nostra
1334 5852 1603 5919 interprete
1630 5853 1709 5920 (ut
1741 5862 1811 5905 est
1841 5853 1895 5906 in

1999 596 2046 637 et
2075 585 2207 637 alias
2237 586 2484 654 quasdam
2513 600 2605 652 pro
2632 583 2734 636 illis
2762 581 3015 646 adhiberi,
3055 582 3106 632 in
3135 598 3230 646 quo
3253 580 3455 642 quidem
3483 596 3584 631 non

1998 674 2218 726 multum
2246 675 2550 743 inquirendo
2591 672 2956 733 laborabimus.
2992 671 3131 725 Nam
3160 671 3329 724 statim
3364 678 3475 735 post
3507 671 3585 722 di-

1998 776 2105 819 ctas
2150 766 2513 833 descriptiones
2558 765 2741 819 lineam
2787 778 2978 819 rectam
3027 762 3107 817 his
3156 762 3314 815 verbis
3354 763 3529 831 deﬁnit
3567 778 3587 815 :

2002 854 2158 909 Linea
2188 865 2323 909 recta
2350 867 2419 909 est
2456 858 2516 908 ab
2549 871 2649 909 uno
2680 864 2866 922 puncto
2896 854 2965 906 ad
2992 854 3149 906 alium
3182 852 3467 905 brevissima
3495 868 3585 905 es;-

2003 947 2183 1009 tensio,
2214 946 2267 999 in
2297 938 2637 1001 extremitates
2668 964 2786 1000 suas
2817 956 3084 1014 utrumque
3115 961 3292 998 eorum
3319 946 3584 1014 recipiens.

2010 1035 2126 1089 Non
2170 1037 2241 1089 ita
2280 1036 2522 1091 Euclides
2542 1078 2555 1102 ,
2588 1038 2678 1090 sed
2708 1036 3055 1104 deﬁnitionem
3088 1035 3375 1088 universam
3407 1036 3590 1087 brevis-

2005 1129 2130 1181 sime
2158 1127 2353 1197 colligit
2396 1128 2447 1180 in
2484 1127 2618 1180 hunc
2650 1128 2859 1180 modum
2885 1142 2903 1180 :
2937 1127 3093 1181 Recta
3122 1126 3255 1179 linea
3285 1135 3356 1179 est
3392 1141 3504 1192 qua:
3528 1142 3611 1179 ex~

2008 1210 2152 1285 a’quo
2185 1234 2276 1271 sua
2320 1226 2511 1289 puncta
2548 1218 2833 1287 interjaeet.
2870 1216 2989 1271 Non
3034 1232 3176 1270 secus
3216 1216 3268 1268 in
3299 1215 3592 1282 deﬁnitione

2010 1308 2161 1377 plane
2188 1309 2475 1375 superﬁciei
2516 1310 2747 1373 aberrat,
2784 1325 2901 1361 nm
2928 1324 3041 1361 cum
3087 1306 3328 1360 Euclides
3366 1307 3438 1361 sic
3468 1306 3594 1370 deﬁ-

2013 1399 2119 1450 niat
2148 1413 2166 1451 :
2198 1396 2366 1453 Plana
2401 1400 2695 1468 superﬁcies
2736 1408 2811 1454 est
2851 1415 2963 1469 quae
3005 1414 3069 1452 ea:
3106 1414 3251 1469 teque
3278 1415 3397 1451 suas
3436 1399 3595 1451 lineas

2015 1491 2302 1561 interjacet,
2329 1494 2416 1546 ille
2436 1494 2712 1563 quamdam
2736 1492 2883 1564 longe
2904 1492 3056 1546 aliam
3079 1502 3389 1546 commentus
3414 1500 3488 1546 est
3510 1493 3596 1545 de-

1957 1615 1960 1618 ~
2014 1583 2294 1648 ﬁnitionem
2337 1584 2430 1637 hoc
2477 1585 2627 1638 modo
2660 1600 2678 1637 :
2727 1583 2897 1638 Plana
2939 1585 3232 1655 superﬁcies
3277 1591 3347 1637 est
3387 1586 3448 1636 ab
3498 1599 3596 1635 una

2016 1672 2149 1725 linea
2178 1673 2247 1726 ad
2283 1672 2439 1727 aliam
2470 1676 2689 1729 extensio
2721 1676 2773 1729 in
2813 1677 3151 1730 extremitates
3179 1692 3298 1729 suas
3330 1676 3593 1746 recipiens.

2018 1764 2123 1820 Sed
2153 1765 2260 1820 haec
2286 1776 2436 1836 atque
2461 1767 2565 1820 alia
2589 1766 2937 1840 hujuscemodi
2964 1766 3111 1838 plura
3142 1769 3327 1835 partim
3353 1770 3527 1821 inscite
3550 1776 3594 1823 et

1933 1867 1979 1925 Β
2014 1857 2218 1911 indocte
2247 1859 2517 1926 translata,
2547 1860 2735 1929 partim
2758 1862 2907 1914 etiam
2935 1860 3200 1932 immutata
3227 1869 3271 1914 et
3296 1861 3510 1913 inversa.
3538 1859 3595 1915 Si

2000 1958 2272 2018 utrumque
2298 1950 2568 2022 diligenter
2590 1953 2750 2023 legere
2774 1953 3054 2023 aliquando
3079 1952 3167 2005 tibi
3190 1951 3474 2020 contigerit,
3505 1966 3593 2017 per

1999 2052 2047 2095 te
2072 2042 2177 2112 ipse
2207 2044 2454 2115 facillime
2483 2044 2849 2114 deprehendes.
2884 2043 3039 2098 Nunc
3081 2060 3193 2111 qua:
3223 2045 3273 2096 in
3315 2045 3594 2109 expasitore

2001 2131 2264 2201 Campano
2298 2135 2349 2188 in
2379 2137 2599 2204 primum
2644 2137 3007 2191 elementorum
3055 2136 3238 2190 librum
3274 2138 3468 2200 notavi,
3504 2154 3594 2191 ea:-

2000 2224 2195 2285 plicare
2243 2226 2331 2279 tibi
2372 2228 2665 2299 aggredior.
2715 2228 2780 2283 In
2822 2246 2920 2295 qua
2961 2230 3163 2299 quidem
3193 2247 3245 2283 re
3274 2229 3337 2283 ab
3367 2231 3599 2286 onmibus

2001 2315 2123 2369 viris
2151 2315 2334 2381 doctis,
2366 2318 2547 2386 quibus
2577 2319 2681 2372 hinc
2718 2329 2891 2373 nostra
2930 2321 3095 2391 legere
3122 2322 3280 2374 otium
3310 2323 3401 2374 erit
3421 2363 3436 2388 ,
3464 2324 3593 2391 peti-

2001 2415 2105 2459 tum
2148 2407 2572 2478 impetratutnque
2612 2426 2716 2464 esse
2760 2411 2939 2479 velim,
2972 2428 3032 2464 ne
3072 2428 3154 2464 eas
3188 2413 3281 2465 viri
3320 2416 3593 2470 auctoritas

1998 2497 2159 2566 magis
2191 2507 2407 2564 moveat,
2432 2516 2585 2569 quam
2612 2500 2745 2553 ratio
2774 2502 2885 2569 ipsa
2914 2511 2958 2554 et
2988 2518 3042 2556 ve
3074 2502 3185 2555 itas.
3220 2500 3477 2571 Leguntur
3498 2505 3593 2557 ita-

1997 2601 2092 2655 que
2119 2586 2196 2658 (ut
2227 2588 2293 2640 ad
2324 2604 2431 2642 rem
2475 2591 2640 2657 ipsam
2671 2593 2785 2661 jam
2821 2592 3048 2661 veniam)
3079 2595 3217 2663 apud
3250 2593 3514 2649 Eucbdem
3543 2597 3594 2649 in

1997 2678 2162 2745 primo
2193 2678 2550 2734 elementorum
2582 2682 2712 2735 libro
2743 2683 2845 2736 duo
2877 2668 3218 2751 theoremata,
3251 2704 3467 2756 quorum
3510 2692 3593 2743 al-

2004 2775 2169 2819 terum
2196 2770 2474 2837 reciprocat
2523 2779 2673 2839 atque
2693 2775 2909 2824 recurrit
2939 2774 3008 2825 ad
3034 2775 3270 2827 alterum.
3301 2776 3457 2829 Aml-o
3478 2795 3590 2832 vero

1998 2857 2303 2931 deductione
2349 2863 2418 2913 ad
2465 2863 2840 2916 incommodum
2874 2881 2904 2917 a
2948 2864 3210 2936 Campana
3251 2870 3591 2925 demonstrata

1998 2958 2137 3004 sunt.
2170 2949 2277 3004 Sed
2303 2960 2357 3005 ut
2378 2952 2501 3022 quid
2527 2956 2703 3006 ord'ar
2756 2955 2963 3021 planius
2989 2957 3266 3027 intelligas,
3294 2961 3466 3027 accipe
3489 2964 3591 3030 pri—

1998 3055 2137 3093 mum
2163 3041 2474 3096 theoremata
2506 3045 2617 3113 ipsa
2643 3061 2758 3098 cum
2792 3062 2969 3100 eorum
2997 3048 3403 3116 deductionibus,
3437 3052 3507 3105 ita
3538 3064 3590 3106 ut

1995 3131 2088 3184 illa
2118 3131 2238 3203 legit
2288 3142 2435 3203 atque
2461 3136 2641 3188 astruit
2667 3134 2977 3206 Campanus.
3008 3136 3203 3192 Deinde
3230 3141 3352 3208 quid
3381 3142 3591 3211 fortasse

1920 3239 1964 3301 ρ
1998 3226 2273 3291 peccaverit
2305 3225 2422 3289 ille,
2451 3228 2672 3296 quidque
2698 3245 2787 3283 nos
2817 3231 3124 3297 sentiamus,
3155 3233 3366 3288 breviter
3390 3236 3593 3299 audies,

1998 3317 2309 3373 theoremata
2337 3320 2488 3389 igitur
2515 3322 2623 3375 ha’c
2651 3332 2792 3377 sunt.

2128 3407 2315 3463 Omnis
2345 3410 2592 3479 trianguli
2632 3410 2842 3479 longius
2874 3412 3013 3467 latus
3040 3415 3226 3483 majori
3263 3398 3455 3481 angulo

2564 3483 2872 3551 oppositum
2901 3494 3004 3538 est.

2010 3594 2013 3595 ν
2068 3568 2149 3624 Sit
2173 3579 2225 3623 ut
2244 3570 2501 3642 triangula
2526 3573 2566 3625 Α
2589 3572 2632 3625 Β
2653 3572 2713 3640 C,
2739 3576 2955 3646 angulus
2977 3575 3018 3627 Α
3041 3576 3104 3628 sit
3128 3580 3295 3647 major
3317 3578 3503 3647 angulo
3526 3576 3582 3633 ϐ.

1997 3661 2123 3716 Dico
2162 3664 2297 3734 quod
2329 3666 2463 3719 latus
2490 3664 2531 3720 ϐ
2556 3665 2595 3719 Β
2621 3668 2782 3739 majus
2812 3669 2904 3721 erit
2941 3668 3098 3722 latere
3129 3669 3169 3721 Α
3194 3667 3265 3733 Β;
3292 3671 3335 3722 si
3368 3672 3496 3722 enim
3523 3672 3586 3723 sit

1994 3758 2220 3824 a’quale,
2254 3759 2349 3811 erit
2377 3775 2467 3829 per
2496 3760 2528 3815 5
2552 3761 2773 3831 angulus
2808 3759 2849 3813 A
2879 3761 3093 3830 (equalis
3129 3763 3320 3830 angulo
3351 3761 3391 3814 C
3413 3805 3424 3825 ,
3453 3766 3586 3829 quod

1993 3858 2064 3901 est
2106 3858 2287 3902 contra
2316 3853 2655 3920 hypathesim.
2699 3851 2759 3907 Si
2786 3861 2955 3905 autem
2983 3854 3023 3905 Α
3046 3851 3089 3905 Β
3117 3854 3181 3905 sit
3223 3855 3386 3922 majus
3406 3892 3421 3917 ,
3454 3871 3583 3905 rese-

1994 3947 2132 3991 cetur
2172 3941 2239 3992 ad
2267 3942 2608 4009 cequalitatem
2644 3941 2683 3995 C
2706 3941 2750 3993 Β
2796 3959 2885 4011 per
2912 3942 2964 3996 3.
3015 3940 3195 4009 Sitque
3247 3943 3290 3995 D
3314 3942 3355 3995 Β
3398 3945 3585 4012 a‘quale

1997 4029 2123 4095 (.‘B,
2164 4034 2258 4084 erit
2300 4048 2420 4102 ergo
2467 4049 2556 4099 per
2598 4036 2630 4087 5
2671 4034 2890 4105 angulus
2938 4031 3105 4087 DCB
3146 4035 3357 4104 (aqualis
3397 4038 3583 4108 angulo

1997 4120 2040 4172 Β
2066 4121 2109 4174 D
2130 4121 2201 4185 C;
2232 4124 2321 4175 sed
2350 4121 2393 4175 Β
2417 4122 2459 4175 ι)
2485 4121 2524 4178 C
2545 4134 2616 4178 est
2640 4127 2806 4195 major
2830 4124 3019 4195 angulo
3043 4124 3085 4177 Β
3108 4126 3147 4178 Α
3171 4123 3211 4179 C
3233 4143 3323 4197 per
3346 4127 3441 4193 16;
3469 4145 3584 4198 erga

1995 4213 2100 4267 BC
2123 4213 2167 4266 D
2199 4224 2268 4267 est
2315 4219 2481 4286 major
2528 4216 2570 4269 Β
2595 4218 2634 4270 Α
2660 4217 2697 4270 C
2732 4236 2743 4270 :
2777 4235 2935 4289 quare
2979 4218 3136 4272 multo
3196 4218 3376 4287 fortius
3420 4226 3581 4292 major

1996 4305 2034 4357 Α
2060 4301 2099 4358 C
2120 4303 2164 4355 Β
2192 4322 2312 4374 pars
2340 4314 2464 4372 toto,
2496 4310 2633 4377 quod
2653 4318 2722 4362 est
2759 4310 3086 4379 imposs‘bile.

3055 4404 3091 4454 C

2481 5039 2518 5086 Β
2642 5057 2647 5060 ·
2819 5040 2861 5087 Ι.)
3052 5043 3092 5089 Α

2143 5142 2328 5195 Omnis
2355 5143 2597 5212 trianguli
2633 5144 2817 5224 majori
2847 5146 3041 5213 singulo
3068 5146 3275 5216 longius
3310 5150 3447 5202 latus

2564 5224 2863 5280 opposuistn
2902 5226 3002 5268 est.

2070 5304 2150 5357 Sit
2168 5306 2282 5381 utin
2304 5306 2559 5374 triangula
2582 5307 2623 5357 Α
2639 5304 2679 5356 Β
2693 5305 2730 5357 C
2752 5305 2881 5357 latus
2899 5304 2996 5363 BC
3017 5309 3077 5360 sit
3098 5311 3264 5380 majus
3283 5310 3443 5363 latere
3469 5314 3504 5362 Δ
3525 5310 3582 5363 Β.

1999 5394 2127 5446 Dico
2156 5397 2290 5463 quod
2318 5395 2539 5463 angulus
2572 5395 2609 5446 Α
2642 5397 2734 5448 erit
2763 5397 3150 5468 nmjar'angulo
3178 5400 3251 5463 (ἐν,
3283 5412 3329 5455 et
3359 5412 3429 5455 est
3461 5419 3583 5454 con—

1999 5500 2141 5538 rersa
2168 5486 2517 5552 prmcedentis.
2551 5486 2612 5539 Si
2633 5488 2766 5539 enim
2788 5488 2850 5540 sit
2872 5492 3106 5558 aequals,
3137 5499 3257 5545 tunc
3281 5509 3368 5560 per
3394 5494 3428 5548 6
3454 5495 3586 5548 latus

2000 5577 2039 5629 Α
2066 5576 2108 5627 Β
2132 5586 2202 5629 est
2234 5578 2427 5655 tequale
2457 5580 2601 5631 lateri
2632 5578 2675 5631 Β
2697 5577 2737 5632 C
2765 5583 2900 5649 quod
2930 5592 3001 5635 est
3040 5595 3215 5637 contra
3244 5584 3583 5655 hypothesim.

2001 5671 2061 5727 Si
2089 5680 2255 5723 autem
2283 5670 2323 5725 C
2350 5674 2415 5726 sit
2437 5676 2623 5742 major,
2656 5685 2775 5728 tunc
2802 5693 2889 5746 per
2921 5679 3285 5744 prtrcedentem
3326 5680 3457 5731 latus
3486 5686 3523 5729 Α
3550 5675 3586 5728 ll

1999 5772 2069 5816 est
2094 5765 2259 5833 majus
2288 5761 2443 5817 latere
2462 5763 2508 5816 Β
2530 5765 2569 5831 (ἦ
2597 5767 2734 5834 quod
2761 5776 2832 5822 est
2860 5779 3036 5823 contra
3067 5769 3406 5838 hypathesim,
3432 5783 3584 5838 quam

1998 5857 2247 5909 astruitur
2272 5857 2608 5926 praposifum.
