4212 6246
633 407 657 460 Ι
668 402 765 459 503

1048 531 1784 666 “Vg—j“

1730 999 1766 1051 Ο

631 1088 719 1143 Sic
749 1086 1061 1155 Campanus.
1121 1085 1225 1139 Sed
1258 1096 1307 1137 ut
1337 1088 1387 1137 in
1418 1103 1513 1156 quo
1552 1086 1695 1140 nobis
1727 1088 1892 1139 minus
1921 1094 2052 1139 recte
2091 1100 2207 1139 sen-

628 1184 755 1234 sisse
801 1180 1061 1244 videatur,
1105 1180 1306 1247 facilius
1349 1179 1598 1247 percipias
1660 1196 1825 1249 pauca
1868 1179 2102 1247 quaedam
2144 1193 2207 1230 ex

631 1271 897 1323 dialectica
924 1270 1166 1334 [acu/tate
1190 1270 1375 1337 partim
1404 1278 1717 1336 prtrnotare,
1747 1270 1927 1340 partim
1952 1268 2206 1321 intermis-

628 1378 740 1414 cere
765 1371 981 1429 oportet.
1018 1361 1149 1413 Sunt
1189 1360 1343 1430 igitur
1381 1362 1431 1413 in
1460 1362 1597 1413 omni
1625 1360 1900 1427 quwstione
1931 1360 2003 1429 (ut
2030 1358 2209 1411 Philo-

629 1454 790 1525 sopho
820 1455 869 1505 in
900 1454 1163 1522 postremis
1188 1454 1456 1522 analgticis
1490 1452 1673 1522 placet)
1700 1455 1823 1515 duo,
1846 1467 2061 1518 quorum
2087 1451 2212 1502 alte-

629 1562 745 1599 rum
787 1546 962 1598 datum
991 1558 1096 1609 est,
1150 1544 1413 1612 qutesitum
1452 1544 1699 1607 alterum,
1746 1554 1795 1595 ut
1834 1544 1878 1595 si
1916 1542 2130 1605 positum
2159 1542 2210 1594 in

630 1638 908 1709 quwstione
938 1638 1091 1707 fuerit
1123 1654 1187 1689 an
1215 1638 1393 1690 cazlum
1422 1637 1596 1688 (latum
1621 1646 1713 1699 est,
1738 1636 1826 1687 sed
1849 1651 1913 1687 an
1938 1634 2211 1687 rotundum

628 1731 694 1783 sit
722 1731 981 1793 qua'ritur.
1013 1728 1075 1781 At
1104 1726 1392 1798 Campanus
1422 1728 1682 1798 proposita
1711 1727 2013 1780 theoremata
2044 1725 2093 1777 in
2120 1724 2214 1776 da-

633 1830 738 1873 tum
775 1830 924 1891 atque
952 1822 1219 1889 quaesitum
1250 1834 1561 1888 nequaquam
1593 1827 1725 1871 recte
1757 1816 1966 1870 solvisse
1994 1816 2207 1868 videtur.

632 1912 776 1966 Nam
811 1913 862 1965 in
894 1912 1060 1981 priore
1090 1911 1395 1964 theoremate
1423 1913 1666 1982 majorem
1695 1908 1937 1978 angulum
1962 1907 2056 1960 sibi
2096 1907 2211 1960 dari

633 2003 883 2072 postulat,
931 2010 975 2055 et
1006 2002 1217 2055 subinde
1252 2003 1431 2072 qua’rit
1480 2018 1547 2053 an
1590 2000 1667 2053 illi
1708 2002 1873 2071 majus
1926 2001 2058 2054 latus
2097 2000 2212 2055 site

634 2098 836 2161 regione
864 2092 1206 2145 constitutum.
1228 2091 1513 2161 Contraque
1538 2092 1589 2145 in
1614 2092 1889 2159 posteriore
1916 2094 2082 2162 majus
2104 2091 2213 2158 qui-

632 2185 746 2237 dem
782 2182 914 2235 latus
944 2182 1057 2233 dari
1086 2182 1187 2235 vult
1210 2224 1223 2248 ,
1257 2199 1319 2235 an
1349 2199 1464 2237 v.ro
1500 2184 1562 2235 sit
1596 2183 1780 2252 majori
1809 2182 1999 2252 angulo
2036 2181 2207 2235 cbver-

631 2292 742 2330 sum
770 2275 969 2345 qutrrit,
1002 2274 1136 2343 quod
1165 2282 1339 2327 contra
1364 2274 1654 2344 faciendum
1676 2282 1772 2327 est.
1807 2272 1944 2326 Nam
1974 2274 2129 2342 quivis
2158 2274 2212 2326 in

634 2366 903 2419 dialectica
929 2379 1039 2417 mea
1062 2363 1262 2432 quidem
1284 2364 1532 2417 sententia
1551 2362 1629 2416 vel
1651 2364 1968 2417 mediocriter
1987 2363 2213 2417 eruditus

635 2455 785 2526 facile
810 2456 979 2509 videre
1003 2463 1195 2526 potest,
1226 2456 1278 2508 in
1304 2470 1364 2508 eo
1403 2452 1708 2508 theoremata
1740 2470 1838 2522 quo
1869 2456 2032 2507 omnis
2056 2456 2213 2507 trian-

636 2546 745 2616 guli
766 2545 967 2615 longius
989 2544 1120 2599 tutus
1144 2546 1328 2618 majori
1352 2545 1540 2613 angulo
1567 2556 1742 2599 contra
1771 2544 2073 2615 respondere
2094 2561 2214 2616 pro-

638 2638 864 2706 ponitur,
905 2637 1105 2707 longius
1129 2637 1327 2705 quidem
1360 2638 1491 2690 latus
1522 2636 1765 2706 trianguli
1796 2636 1909 2689 dari
1937 2635 2214 2707 subjicique

639 2738 890 2799 aportere,
922 2746 988 2783 an
1017 2745 1133 2783 vero
1161 2729 1345 2797 majori
1370 2726 1558 2798 angulo
1599 2729 1661 2781 sit
1690 2744 1716 2781 e
1744 2728 1948 2797 regione
1970 2728 2213 2803 positum,

638 2822 797 2890 quieri
824 2838 885 2875 ac
910 2821 1197 2897 prwdicari.
1241 2822 1527 2891 Contraque
1561 2821 1613 2874 in
1651 2834 1887 2874 converso
1918 2818 2217 2873 theoremate

638 2918 881 2987 majorem
920 2914 1126 2984 quidem
1164 2915 1407 2983 angulum
1433 2912 1673 2979 concedi,
1715 2911 1910 2981 longius
1941 2924 2053 2964 vero
2084 2911 2218 2964 latus

640 3007 847 3073 inquiri.
878 3005 952 3057 0b
977 3007 1068 3058 hoc
1099 3022 1212 3057 vero
1243 3014 1501 3074 jeccatum
1529 3010 1847 3057 consecutum
1878 3010 1979 3067 est,
2007 3012 2053 3056 et
2076 3002 2218 3057 aliud

641 3096 788 3166 longe
832 3099 1017 3168 majus.
1063 3094 1277 3148 Nullum
1320 3096 1451 3148 enim
1489 3110 1551 3148 ea:
1583 3094 1854 3165 propositis
1895 3093 2218 3148 theorematis

643 3188 910 3239 assertoria
931 3186 1352 3239 demonstratione
1370 3184 1656 3256 Campanus
1671 3184 1902 3247 astruxit,
1919 3184 2007 3238 sed
2023 3192 2217 3237 utrum-

645 3293 737 3347 que
756 3279 823 3330 ad
837 3279 1207 3331 incommofum
1229 3279 1436 3332 ducente
1456 3277 1837 3345 ostendit,quod
1854 3276 1903 3328 in
1924 3276 2218 3346 geometria,

645 3366 729 3420 ubi
757 3366 870 3435 ﬁeri
895 3377 1077 3436 potest,
1102 3368 1179 3420 vel
1204 3368 1423 3421 maxime
1452 3367 1712 3419 vitandum
1735 3374 1825 3429 est,
1858 3364 1911 3417 in
1938 3381 2035 3433 qua
2061 3348 2221 3419 soﬂ‘nt

645 3460 1091 3512 demonstrationes
1122 3459 1298 3524 a/ferri
1344 3474 1406 3511 ex
1447 3457 1699 3528 prioribus
1735 3456 2105 3526 notioribusque
2131 3472 2223 3509 na-

646 3556 796 3611 turae,
811 3564 911 3600 non
934 3548 1074 3602 nobis
1095 3549 1263 3614 modo,
1279 3546 1453 3616 quales
1474 3559 1590 3601 sunt
1612 3563 1726 3617 qute
1745 3548 2031 3600 assertoria:
2051 3556 2224 3600 rectee-

645 3656 740 3710 que
775 3638 1120 3709 appellantur.
1158 3639 1326 3708 Hujus
1354 3655 1467 3693 vero
1497 3641 1652 3693 errati
1678 3641 1819 3709 origo
1844 3648 1994 3707 atque
2022 3640 2222 3691 initium

645 3731 941 3803 hujusmodi
967 3731 1084 3800 fuit.
1112 3731 1251 3784 Nam
1273 3728 1564 3801 Campanus
1592 3731 1751 3801 priori
1773 3730 2069 3784 theoremati
2091 3747 2224 3799 prae-

645 3827 945 3881 dicationem
973 3835 1158 3895 prtoter
1182 3836 1416 3879 naturam
1443 3826 1601 3889 dedit,
1630 3824 1875 3892 majorem
1903 3823 2036 3879 enim
2057 3840 2224 3893 angu-

645 3918 751 3972 lum
777 3920 1023 3990 trianguli
1046 3919 1269 3990 subjicit,
1295 3925 1340 3973 et
1378 3910 1619 3989 pra’dicat
1645 3916 1844 3986 longius
1867 3916 2030 3980 latus,
2061 3915 2222 3983 siqui-

646 4010 759 4063 dem
804 4012 855 4063 in
898 4012 1037 4065 omni
1067 4014 1341 4080 quarstione
1379 4010 1632 4083 subjectus
1676 4010 1919 4063 terminus
1958 4018 2060 4073 est,
2089 4007 2225 4073 quod

646 4098 795 4149 datur
821 4100 1148 4165 prwdicatus,
1180 4101 1316 4166 quod
1336 4105 1599 4167 quteritur.
1639 4096 1731 4153 Est
1770 4110 1936 4152 autem
1965 4099 2106 4168 prius
2137 4113 2225 4167 per

647 4195 883 4238 naturam
930 4187 1237 4255 triangulum
1276 4190 1437 4242 latera
1477 4191 1691 4254 habere,
1740 4202 1937 4258 quoque
1974 4185 2223 4257 angulos,

648 4292 766 4327 nam
797 4292 858 4327 ea?
886 4276 1098 4327 laterum
1132 4278 1346 4328 coitione
1374 4279 1553 4344 anguli
1593 4278 1843 4344 proﬁcisci
1875 4277 2228 4345 procrearique

647 4364 1034 4435 intelliguntur;
1062 4367 1149 4436 qui
1188 4367 1341 4436 igitur
1366 4367 1569 4437 subjicit
1604 4366 1849 4436 angulum
1879 4366 2148 4435 trianguli,
2180 4373 2226 4420 et

645 4458 777 4511 latus
807 4457 1071 4523 pradicet,
1098 4459 1141 4511 is
1169 4458 1297 4510 illud
1325 4459 1461 4528 quod
1488 4457 1634 4511 alteri
1656 4457 1873 4523 accidit,
1900 4458 2009 4523 ejus
2037 4459 2223 4528 prtedi-

646 4549 833 4600 cationi
874 4546 1077 4619 subjicit
1137 4548 1219 4601 cui
1258 4548 1471 4612 accidit,
1518 4564 1579 4601 ac
1621 4548 1682 4601 ob
1724 4548 1777 4601 id
1809 4548 2219 4613 praedicationem

644 4650 1007 4705 prteposteram
1031 4648 1075 4691 et
1099 4650 1298 4693 natura:
1316 4640 1625 4693 contrariam
1654 4640 1797 4709 facit.
1835 4640 1999 4704 Quam
2025 4640 2221 4694 Aristo—

646 4728 766 4781 tetes
792 4738 877 4781 aut
908 4730 1056 4782 modo
1081 4730 1491 4799 praedicationem
1518 4740 1681 4785 censet
1705 4730 2101 4801 appellandam,
2135 4740 2225 4784 aut

645 4821 1052 4885 prtedicationem
1074 4824 1276 4891 quidem
1294 4840 1395 4876 non
1416 4823 1729 4892 simpliciter,
1755 4824 1841 4875 sed
1862 4839 1950 4891 per
1970 4824 2226 4888 accidens;

644 4912 730 4964 ubi
754 4912 908 4981 igitur
930 4914 1227 4981 pradicatio
1258 4926 1441 4980 praeter
1468 4924 1703 4967 naturam
1732 4915 1944 4968 habetur
1980 4925 2068 4968 aut
2099 4917 2229 4984 digi-

645 5002 766 5067 rile,
793 5014 880 5056 aut
901 5013 1033 5056 certe
1064 5005 1371 5074 impossibile
1397 5016 1467 5058 est
1497 5007 1821 5058 assertoriam
1845 5008 2230 5060 demonstratio-

645 5109 757 5145 nem
779 5096 1177 5149 accommodare.
1205 5094 1269 5149 In
1290 5097 1643 5165 hujuscemodi
1668 5113 1883 5165 namque
1906 5098 2223 5151 demonstra-

645 5189 778 5241 tione
814 5206 1009 5244 necesse
1035 5202 1105 5244 est
1135 5201 1182 5243 et
1208 5191 1417 5259 majoris
1443 5192 1769 5245 extremitatis
1790 5207 1902 5262 qute
1932 5192 1983 5244 in
2012 5194 2216 5247 correla-

645 5282 785 5333 sione
810 5282 1139 5351 prwdicatur,
1172 5292 1220 5337 et
1252 5282 1436 5336 minori
1466 5282 1800 5351 extremitati,
1828 5299 1940 5352 qua:
1968 5284 2020 5337 in
2049 5285 2225 5340 eadem

645 5371 934 5443 subjicitur,
967 5391 1170 5429 causam
1198 5392 1305 5429 esse
1346 5376 1585 5429 medium.
1634 5378 1699 5429 At
1740 5375 1854 5444 ﬁeri
1892 5376 2035 5430 nullo
2073 5379 2227 5431 modo

645 5476 809 5532 potest
860 5478 913 5519 ut
947 5470 994 5520 ei
1040 5469 1173 5536 quod
1218 5468 1401 5521 accidit
1450 5470 1559 5538 ejus
1610 5467 1691 5520 cui
1740 5468 1922 5521 accidit
1963 5468 2229 5536 quippiam

647 5572 797 5609 rausa
813 5575 920 5612 esse
938 5568 1213 5615 statuatur.
1239 5559 1342 5612 Hic
1362 5569 1570 5612 coactus
1590 5568 1663 5612 est
1686 5557 1973 5630 Campanus
1991 5560 2043 5614 in
2062 5561 2230 5626 priore

646 5648 979 5715 theoremate,
1021 5650 1157 5715 quod
1195 5652 1248 5704 in
1290 5653 1465 5705 datum
1505 5661 1653 5721 atque
1693 5653 1961 5721 quantum
2002 5653 2231 5721 imperite

647 5738 904 5801 meruisset,
936 5740 1364 5797 demonstratione
1391 5744 1463 5795 uti
1485 5743 1551 5795 ad
1581 5743 1959 5796 incommodum
1988 5744 2224 5808 ducente,

648 5836 691 5877 rt
714 5827 828 5893 quia
845 5829 971 5881 illud
993 5832 1198 5897 putabat
1221 5836 1503 5903 principale
1524 5816 1798 5902 posterius,
1817 5836 1953 5904 quod
1975 5837 2043 5889 ad
2065 5836 2232 5904 ipsum

1812 398 1919 452 AN.
1963 396 2166 451 MANL.
2209 394 2359 451 sm.
2402 380 2700 449 BOETIL’S.

2235 507 2286 564 Α
2309 514 2622 569 commearet,
2654 521 2752 557 non
2781 502 2882 555 alia
2908 502 3198 555 collectione
3246 516 3393 567 quam
3416 500 3484 550 at!
3512 500 3899 551 incommodum

3750 385 3898 439 1304

2308 597 2517 651 ducente
2565 597 2798 650 astruxit.
2847 597 3008 666 Atque
3052 598 3123 649 ita
3170 595 3366 648 nullam
3406 595 3899 647 demonstrationem

2308 696 2492 739 rectam
2532 687 2950 749 assertoriamque
2977 685 3045 737 ad
3078 702 3135 737 ea
3164 700 3278 749 qute
3319 684 3536 735 dicimus
3578 682 3902 739 theoremata

2310 778 2593 846 colligenda
2635 776 2923 843 Campanus
2974 776 3233 842 adhibuit,
3276 775 3413 844 quod
3452 784 3618 827 tamen
3666 776 3900 843 aportuit

2310 885 2421 920 cum
2445 869 2554 938 ipsa
2580 870 2645 921 sit
2665 877 2730 920 ad
2760 868 3129 920 incommodum
3150 867 3363 919 ducente
3383 867 3566 934 potior.
3594 865 3725 918 [lere
3753 879 3895 931 sunt,

2309 959 2378 1011 mi
2401 957 2620 1024 Donate,
2643 974 2775 1026 quin,
2799 967 3043 1028 quantum
3072 956 3139 1010 ad
3161 957 3423 1025 proposita
3442 956 3751 1010 theoremata
3774 960 3897 1010 atti-

2309 1060 2412 1114 net,
2427 1051 2479 1102 in
2499 1049 2760 1120 Campano
2778 1050 3206 1120 reprehendenda,
3222 1049 3533 1112 censuimus;
3555 1049 3644 1102 sed
3656 1051 3766 1102 haec
3783 1066 3898 1118 qua:

2309 1141 2471 1192 str.'cti
2501 1140 2897 1207 disputavimus,
2942 1138 3058 1191 illos
3090 1155 3189 1191 non
3220 1151 3393 1191 exacte
3436 1138 3779 1207 subtiliterque
3816 1141 3898 1191 in-

2309 1231 2595 1284 tellecturos
2627 1240 2761 1283 certo
2784 1230 2888 1282 scio
2908 1270 2921 1294 ,
2954 1231 3042 1299 qui
3070 1238 3349 1299 postumos
3379 1230 3665 1298 analgticos
3692 1231 3894 1283 Aris/o-

2312 1322 2421 1373 tel's
2451 1337 2548 1373 non
2577 1320 2961 1390 diligentissime
2989 1321 3223 1396 legerint:
3259 1320 3523 1386 Reliquum
3554 1322 3698 1389 igitur
3725 1332 3796 1372 est
3829 1330 3893 1373 ut
3930 1325 3937 1330 ‘

2310 1411 2400 1463 illa
2433 1412 2544 1476 ipsa
2585 1410 2889 1462 theoremata
2935 1408 3389 1478 (quemadmodum
3423 1410 3635 1476 polliciti
3678 1412 3895 1477 sumus)

2312 1502 2738 1563 demonstremus,
2791 1499 3027 1550 traducta
3058 1508 3223 1551 tamen
3264 1499 3433 1568 prius,
3486 1508 3541 1551 ut
3579 1502 3901 1554 traducenda

2311 1598 2471 1641 erant.
2518 1588 2780 1643 Soluemus
2811 1588 2967 1656 igitur
2998 1596 3042 1639 et
3072 1586 3419 1654 separabimus
3451 1590 3708 1640 theorema
3752 1593 3900 1656 prin-

2311 1680 2475 1748 cipale
2496 1682 2544 1732 in
2567 1681 2740 1732 datum
2762 1689 2911 1749 atque
2932 1680 3217 1749 qumsilum,
3248 1690 3300 1732 ut
3323 1689 3541 1747 oportet,
3566 1692 3612 1732 et
3636 1683 3703 1731 ad
3727 1682 3903 1749 ipsum

2314 1773 2641 1826 astruendum
2678 1772 2948 1823 assertoria
2989 1771 3418 1823 demonstratione
3462 1780 3678 1825 utemur.
3718 1771 3907 1825 Poste-

2243 1859 2289 1917 B
2315 1864 2421 1916 rius
2460 1879 2572 1915 vero
2604 1862 2890 1929 theorema,
2924 1862 3059 1930 quod
3089 1863 3156 1913 ad
3188 1862 3469 1929 principale
3502 1863 3747 1924 recurrit,
3785 1879 3907 1917 cum

2314 1946 2732 2021 pradicationem'
2771 1960 2953 2021 pra'ter
2999 1959 3238 2004 naturam
3291 1954 3533 2005 sortiatur
3575 1953 3910 2005 demonstra.

2316 2047 2451 2099 tione
2480 2044 2547 2096 ad
2578 2043 2953 2096 incommodum
2984 2043 3289 2112 perdueente
3328 2043 3541 2096 breviter
3580 2045 3913 2113 colligemus.

2316 2137 2780 2191 Demonstrationcs
2804 2135 2959 2205 igitur
2989 2135 3128 2204 ipsas
3147 2136 3494 2204 aggredimur,
3529 2135 3755 2188 intende.

2386 2229 2570 2283 Omnis
2602 2226 2849 2297 trianguli
2889 2228 3061 2296 majus
3091 2227 3228 2281 latus
3258 2226 3359 2281 sub
3401 2226 3605 2294 majore
3636 2227 3832 2295 angulo

2928 2298 3285 2351 protenditur.

2928 2306 3285 2366 protenditur.

2388 2393 2470 2446 Sit
2493 2393 2622 2446 enim
2650 2393 2962 2463 triangulum
2990 2392 3034 2445 A
3056 2391 3096 2445 Β
3118 2392 3156 2445 C
3177 2390 3365 2444 habens
3388 2390 3526 2444 latus
3548 2391 3683 2459 quod
3704 2399 3776 2444 est
3796 2391 3837 2442 Α
3866 2391 3911 2444 C

2316 2487 2486 2554 majus
2529 2501 2588 2538 eo
2626 2485 2782 2537 latere
2822 2486 2959 2554 quod
3006 2493 3077 2537 est
3108 2482 3149 2535 Α
3175 2482 3240 2551 Β,
3289 2484 3371 2535 aio
3418 2482 3659 2553 angulum
3701 2496 3912 2551 quoque

2318 2581 2359 2632 Α
2381 2579 2425 2632 Β
2448 2579 2487 2634 C
2514 2580 2606 2632 sub
2637 2596 2734 2648 quo
2766 2580 2899 2633 latus
2922 2579 2964 2632 A
2985 2578 3024 2633 C
3051 2577 3369 2649 protenditur
3398 2578 3641 2646 majorem
3669 2591 3770 2629 esse
3798 2592 3911 2628 an-

2317 2673 2436 2741 gulo
2467 2669 2510 2723 Β
2533 2670 2572 2724 C
2595 2672 2659 2738 Α,
2686 2671 2767 2724 cui
2799 2682 2979 2723 contra
3009 2669 3273 2739 respondet
3304 2666 3439 2721 latus
3464 2668 3504 2719 Α
3529 2665 3601 2731 Β;
3636 2681 3750 2717 nam
3776 2667 3915 2736 quia

2315 2765 2483 2832 majus
2526 2772 2599 2816 est
2633 2764 2768 2815 latus
2803 2763 2841 2816 Α
2862 2760 2901 2815 C
2941 2778 3089 2829 quam
3120 2763 3160 2812 Α
3187 2760 3255 2828 Β,
3297 2760 3631 2812 constituatur
3663 2758 3759 2825 ipsi
3790 2758 3833 2809 Α
3858 2757 3915 2809 Β

2319 2856 2514 2925 aquale
2542 2854 2705 2924 ipsum
2736 2853 2780 2905 A
2805 2852 2867 2915 D,
2903 2862 2947 2905 et
2978 2852 3304 2923 protrghatur
3334 2852 3500 2919 ipsum
3527 2846 3572 2900 Β
3596 2846 3638 2900 Β
3670 2847 3819 2905 latus.
3847 2856 3909 2901 et

2318 2948 2556 3015 quoniam
2588 2946 2831 3016 trianguli
2858 2944 2992 3013 quod
3029 2943 3071 2995 Β
3100 2942 3140 2995 D
3164 2942 3224 3007 C,
3259 2942 3475 2995 exterior
3502 2940 3720 3009 angulus
3752 2949 3821 2991 est
3847 2938 3909 2991 is

2319 3038 2401 3106 qui
2427 3047 2498 3090 est
2535 3039 2572 3088 Α
2597 3035 2639 3087 D
2660 3035 2725 3103 Β,
2752 3036 2916 3105 νῖκαι]ον
2939 3035 3107 3100 utique
3148 3034 3240 3086 erit
3272 3034 3479 3085 interior
3507 3040 3556 3083 et
3586 3046 3649 3083 ex
3688 3030 3916 3083 adverso

2322 3131 2590 3185 constituto
2642 3128 2830 3200 angulo
2880 3126 3076 3188 DCB,
3128 3126 3335 3192 tequalis
3386 3140 3500 3178 vero
3562 3131 3630 3175 est
3676 3121 3913 3190 angulus

2248 3226 2293 3289 C
2327 3228 2363 3275 Α
2395 3223 2435 3275 Β
2456 3222 2497 3276 Β
2528 3222 2623 3292 ipsi
2653 3222 2690 3273 Α
2714 3219 2757 3271 Β
2785 3218 2827 3271 D
2857 3220 3069 3291 angulo,
3096 3235 3213 3271 nam
3240 3218 3375 3271 latus
3403 3232 3601 3285 quoque
3626 3214 3663 3267 Α
3687 3211 3726 3265 Β
3750 3214 3908 3266 lateri

2323 3315 2362 3367 Α
2390 3313 2433 3366 D
2465 3330 2660 3380 tequum
2695 3322 2815 3365 erat.
2847 3310 3018 3380 Major
3048 3312 3214 3375 itaque
3242 3319 3315 3363 est
3338 3307 3561 3378 angulus
3594 3309 3633 3360 Α
3657 3304 3700 3358 Β
3725 3304 3769 3357 Β
3793 3307 3917 3374 ipso

2322 3405 2363 3456 Α
2386 3404 2423 3457 C
2450 3403 2491 3456 Β
2522 3404 2710 3472 angulo
2730 3443 2743 3462 ,
2780 3403 2938 3454 multo
2968 3402 3122 3470 igitur
3156 3404 3316 3469 major
3351 3401 3443 3452 erit
3487 3398 3705 3468 angulus
3733 3397 3774 3448 Α
3801 3394 3843 3448 Β
3863 3396 3919 3449 (ἶ

2321 3498 2509 3567 angulo
2559 3493 2748 3549 ΑΕΒ.
2801 3493 2979 3546 Omnis
3029 3494 3187 3563 igitur
3252 3488 3495 3561 trianguli
3554 3489 3722 3557 majus
3772 3488 3916 3540 latus

2321 3587 2413 3641 sub
2459 3587 2654 3657 majore
2696 3586 2883 3657 angulo
2928 3586 3292 3656 protenditur:
3333 3583 3466 3652 quod
3512 3581 3777 3650 oportebat
3822 3580 3917 3631 de-

2322 3690 2620 3731 monstrare.

3096 3831 3137 3879 Β

2947 3938 3107 4319 7

2727 4360 2761 4407 ϐ
2922 4360 2965 4407 D
3481 4358 3521 4403 Δ

2399 4483 2584 4536 Omnis
2626 4482 2870 4551 trianguli
2903 4480 3003 4535 sub
3042 4481 3241 4546 tnajnrc
3272 4481 3466 4550 angulo
3498 4480 3666 4550 majus
3697 4480 3838 4535 latus

2948 4551 3301 4621 protenditur.

2403 4645 2484 4699 Sit
2515 4644 2825 4716 triangulum
2859 4645 2897 4696 Α
2923 4642 3025 4697 BC
3056 4646 3300 4714 majorem
3331 4642 3518 4697 habens
3551 4645 3588 4695 Α
3614 4641 3656 4694 Β
3677 4640 3717 4695 C
3749 4658 3914 4711 tinguo

2331 4740 2434 4792 lum
2466 4754 2523 4791 eo
2550 4739 2636 4808 qui
2664 4748 2733 4792 est
2764 4736 2809 4789 Β
2831 4738 2870 4791 C
2891 4739 2953 4791 Α.
2996 4740 3089 4790 Aio
3128 4736 3261 4789 latus
3308 4754 3502 4806 quoque
3543 4739 3579 4790 Α
3602 4736 3643 4790 C
3662 4738 3775 4804 ipso
3808 4739 3845 4789 Α
3867 4735 3915 4789 Β

2333 4830 2487 4882 latere
2516 4820 2686 4900 majus
2717 4844 2859 4891 esse;
2900 4844 3016 4880 nam
3052 4830 3093 4880 si
3135 4830 3299 4898 majus
3336 4844 3436 4880 non
3464 4828 3555 4891 sit,
3592 4838 3677 4880 aut
3719 4830 3911 4895 (equote

2332 4922 2425 4974 erit
2459 4921 2623 4990 ipsum
2662 4922 2699 4971 Α
2724 4920 2762 4973 C
2791 4921 2889 4987 ipsi
2921 4922 2957 4972 Α
2984 4919 3041 4981 Β,
3073 4931 3159 4973 aut
3199 4921 3366 4974 minus
3398 4920 3621 4989 a’quale,
3654 4936 3772 4972 sane
3808 4935 3908 4971 non

2332 5022 2405 5064 est
2442 5012 2606 5081 ipsum
2644 5011 2685 5063 Α
2706 5010 2745 5063 C
2777 5011 2874 5077 ipsi
2907 5014 2943 5064 Α
2968 5009 3031 5072 Β,
3066 5012 3277 5080 thualis
3309 5012 3438 5063 enim
3469 5011 3598 5076 {oret
3631 5012 3777 5061 etiam
3820 5026 3916 5059 an-

2331 5104 2478 5173 gulus
2510 5104 2549 5155 Λ
2569 5102 2610 5155 Β
2632 5102 2671 5157 C
2701 5104 2890 5173 angulo
2920 5107 2961 5155 Α
2983 5103 3022 5157 C
3044 5102 3085 5155 Β
3111 5120 3131 5155 .'
3161 5104 3301 5172 atqui
3333 5116 3432 5155 non
3464 5111 3596 5164 erat,
3633 5118 3733 5154 non
3756 5102 3921 5169 igitur

2332 5196 2527 5263 a'quale
2581 5204 2653 5248 est
2717 5197 2880 5262 ipsum
2924 5194 3026 5251 AC
3061 5195 3194 5248 latus
3234 5196 3333 5261 ipsi
3376 5193 3485 5246 ΑΒ
3525 5193 3689 5247 lateri.
3738 5192 3922 5261 Neque

2334 5299 2449 5337 vero
2481 5284 2645 5336 minus
2686 5295 2758 5337 est
2791 5286 2956 5354 ipsum
2993 5286 3032 5337 Α
3057 5283 3095 5337 C
3126 5286 3234 5354 ipso
3264 5288 3305 5336 Α
3328 5282 3393 5349 Β,
3429 5285 3593 5337 minor
3623 5284 3753 5336 enim
3784 5284 3921 5351 {oret

2338 5378 2555 5449 angulus
2583 5379 2623 5430 Α
2645 5377 2689 5429 Β
2708 5378 2747 5432 C
2770 5380 2958 5448 angulo
2992 5380 3032 5431 Α
3053 5380 3090 5433 C
3112 5378 3155 5431 Β
3180 5396 3197 5432 :
3222 5382 3360 5449 atqui
3397 5397 3497 5432 non
3527 5390 3669 5443 erat;
3698 5380 3742 5432 si
3764 5380 3923 5449 igitur

2337 5470 2498 5522 minus
2530 5480 2603 5524 est
2635 5473 2799 5539 ipsum
2833 5475 2872 5523 Α
2898 5472 2936 5524 C
2966 5471 3099 5524 latus
3124 5471 3234 5540 ipso
3262 5472 3303 5524 Α
3326 5470 3371 5522 Β
3401 5473 3576 5536 latere,
3606 5473 3919 5524 demonstra-

2336 5570 2441 5611 tum
2473 5546 2641 5611 autem
2672 5572 2743 5614 est
2767 5578 2922 5628 neque
2953 5564 3147 5630 tetptale
3176 5563 3251 5615 illi
3276 5580 3399 5625 esse,
3434 5566 3602 5634 majus
3632 5564 3800 5630 itaque
3828 5562 3919 5613 erit

2336 5655 2499 5721 ipsum
2545 5654 2578 5703 Α
2604 5651 2643 5704 (ἰ
2672 5654 2801 5705 latus
2842 5653 2953 5720 ipso
2986 5655 3025 5706 Α
3052 5652 3093 5705 Β
3125 5652 3299 5707 latere.
3337 5653 3512 5706 Omnis
3555 5653 3717 5722 igitur
3758 5654 3919 5705 trian-

2334 5746 2442 5814 guli
2467 5743 2554 5795 sub
2587 5744 2781 5808 majore
2810 5746 3000 5812 angulo
3036 5746 3198 5813 majus
3230 5747 3362 5800 latus
3402 5744 3744 5813 protenditur,
3779 5743 3916 5808 quod

2339 5834 2592 5907 oportebat
2616 5838 2763 5886 demo
2801 5844 2983 5887 strare.
