4200 6248
311 340 445 409 £305

1077 482 1115 530 Β

483 1060 891 1115 εμῂνίν
1582 1060 1697 1115 ΧΑ

301 1204 402 1258 Har
438 1218 552 1259 sunt
592 1208 745 1279 igitur
778 1210 1132 1281 hujuscemodi
1175 1213 1535 1267 theorematum
1566 1214 1880 1266 demonstra-

300 1295 461 1348 tiones
492 1312 605 1350 cum
629 1299 805 1367 faciles
825 1341 839 1365 ,
872 1311 975 1354 tum
1010 1304 1267 1357 verissime
1286 1296 1342 1357 et
1372 1320 1484 1374 qua:
1512 1305 1726 1357 maxime
1755 1318 1881 1371 qua-

297 1387 465 1439 drent.
496 1388 602 1445 Sed
628 1401 899 1460 antequam
928 1403 974 1445 te
1002 1396 1276 1462 dimittam,
1312 1397 1422 1450 volo
1451 1397 1633 1449 audias
1665 1404 1710 1447 et
1737 1394 1880 1445 aliud

296 1482 558 1547 quoddam
589 1482 744 1555 hujus
775 1487 990 1540 hominis
1019 1498 1243 1541 erratum
1281 1476 1610 1541 leviusculum
1634 1472 1874 1557 fortasse,

295 1580 441 1641 turpe
473 1584 635 1629 tamen
667 1587 710 1630 et
742 1580 848 1631 viro
879 1578 1180 1649 philosopho
1211 1597 1310 1633 non
1354 1577 1730 1650 negligentiam.
1769 1576 1880 1630 Ila-

295 1664 435 1717 betur
484 1670 617 1720 enim
666 1670 715 1723 in
770 1671 943 1723 eodem
997 1670 1358 1727 elementorum
1406 1672 1570 1742 primo
1621 1668 1879 1739 problema

294 1753 615 1821 istiusmodi,
652 1760 719 1811 ad
747 1762 921 1813 datam
954 1771 1139 1815 rectam
1177 1763 1395 1827 lineam,
1439 1763 1709 1830 datumque
1739 1762 1789 1812 iu
1823 1775 1880 1812 ea

1170 352 1434 408 NICOLAI
1473 350 1709 407 JUDECI
1778 348 2107 405 EPISTOLA
2149 346 2631 403 ΡΙὶιΕΡΑΤΟΒΙΑ.

1902 464 1952 522 Α
1976 457 2193 512 invenies
2230 474 2343 511 eam
2381 476 2410 511 a
2436 458 2569 512 seria
2609 456 2843 511 doctrina
2888 457 3190 527 philosOplto
3225 459 3432 527 probari
3465 477 3567 514 non

1974 548 2169 613 decere,
2203 565 2321 602 nam
2350 564 2466 602 cum
2490 559 2652 601 artem
2691 558 2888 603 natura:
2915 549 3152 601 tumidam
3182 566 3288 604 esse
3310 558 3564 618 oporteat,

3434 348 3571 407 1308

1977 642 2190 711 ipsaque
2224 652 2411 693 natura
2444 640 2835 709 supervacaneis
2861 657 2961 693 non
2985 641 3239 707 abundet,
3276 657 3375 695 non
3405 644 3571 711 artiﬁ«

1977 733 2111 786 ciose
2151 732 2429 787 describere
2459 733 2778 804 judicaudus
2813 741 2918 795 est,
2965 732 3051 799 qui
3090 733 3243 799 plura
3282 732 3336 785 iu
3376 732 3571 786 descri-

1978 824 2143 879 benda
2178 826 2435 895 congerit,
2465 842 2666 895 quaque
2688 825 2867 893 quibus
2897 826 2965 878 ad
2996 825 3471 878 demonstrationem
3500 827 3571 880 uti

1980 918 2317 969 necessarium
2352 918 2447 982 sit,
2475 918 2611 986 quod
2651 916 2944 985 Campanus
2984 916 3153 970 nescio
3188 917 3441 987 quomodo
3470 934 3572 971 non

1978 1008 2185 1073 devitat,
2207 1009 2297 1063 sed
2318 1010 2632 1079 apertissime
2654 1011 2904 1073 incurrit;
2927 1010 3051 1078 quid
3072 1010 3206 1063 enim
3235 1009 3330 1062 sibi
3352 1010 3460 1062 vult
3481 1010 3571 1062 illa

1979 1098 2198 1153 duorum
2244 1101 2553 1155 circulorum
2600 1102 2913 1173 designatio,
2962 1100 3085 1170 quid
3135 1102 3227 1153 illa
3273 1108 3346 1153 tot
3394 1102 3569 1153 eadem
3640 1156 3645 1157 ί

1978 1191 2265 1256 quantitate
2288 1193 2539 1247 linearum
2560 1202 2663 1247 tam
2685 1194 2903 1247 sollicita
2925 1194 3115 1246 ductio.
3138 1192 3324 1246 Nonne
3350 1198 3569 1261 poterat,

1980 1295 2041 1333 ac
2069 1283 2290 1335 maxime
2317 1282 2546 1345 debebat,
2580 1284 2702 1336 dato
2726 1284 2931 1353 angulo,
2960 1283 3045 1351 qui
3073 1284 3116 1335 Α
3138 1292 3182 1335 et
3211 1281 3255 1334 B
3277 1282 3425 1335 lineis
3447 1298 3569 1335 con-

1982 1371 2243 1437 tineretur,
2289 1382 2334 1426 et
2373 1372 2480 1427 basi
2513 1373 2553 1426 C
2590 1374 2821 1443 adjecta,
2863 1374 3117 1426 anxietate
3157 1373 3277 1437 illa,
3327 1381 3373 1423 et
3419 1374 3566 1440 quasi

1981 1465 2278 1517 morositate
2307 1463 2667 1534 descriptionis
2698 1465 3036 1533 pratermissa
3058 1504 3073 1526 .
3103 1464 3274 1517 statim
3300 1464 3567 1532 assumptis

1985 1555 2139 1608 tribus
2188 1557 2336 1610 lineis
2364 1574 2463 1625 qua
2489 1568 2651 1610 essent
2680 1558 2955 1627 designatis
2980 1557 3220 1625 aquales,
3255 1553 3566 1625 triangulum

1982 1647 2332 1700 constituere?
2364 1647 2516 1712 Quod
2553 1648 2665 1715 ﬁeri
2695 1650 2845 1703 licere
2881 1664 2942 1702 ex
2962 1648 3222 1717 superiore
3263 1644 3567 1714 problemats

1982 1734 2183 1789 abunde
2208 1739 2489 1793 constabat.
2524 1740 2693 1806 Quare
2724 1740 2811 1809 qui
2848 1739 3137 1792 istiusmodi
3164 1738 3418 1805 problcma
3447 1733 3568 1788 ditio

294 1855 568 1912 punctum,
601 1849 722 1902 dato
765 1852 954 1922 angulo
986 1852 1242 1907 rectilineo
1282 1868 1482 1923 acquum
1523 1851 1767 1923 angulum
1797 1865 1876 1901 re-

1981 1829 2179 1897 gentius
2209 1832 2525 1901 pressiusque
2566 1833 2827 1886 ostendere
2864 1831 3026 1895 volet,
3069 1834 3112 1883 is
3157 1830 3231 1899 (ut
3263 1828 3467 1899 opinor)
3494 1826 3565 1880 sic

295 1933 554 1989 eti’ineum
589 1942 887 1995 constituere
906 1958 926 1996 :
954 1943 1049 1996 hoc
1075 1959 1187 1997 vero
1212 1945 1284 1998 sic
1316 1945 1463 2017 legit,
1498 1942 1698 1997 deducit
1725 1941 1874 1997 Cam-

294 2038 460 2087 penus

490 2217 1595 2839 Α

1606 2508 1640 2556 Β
1804 2578 1809 2585 .

1062 2844 1105 2891 Α

290 2966 427 3022 Data
458 2977 600 3020 recta
634 2966 768 3041 linea
800 2982 960 3031 super
986 2968 1268 3041 terminum
1296 2967 1409 3041 ejus
1437 2969 1656 3041 cuilibet
1684 2971 1877 3041 angulo

429 3062 442 3077 ο
518 3036 788 3105 proposito
818 3052 1025 3104 mquum
1059 3038 1306 3107 angulum
1339 3040 1643 3109 designare.

364 3152 444 3207 Sit
477 3152 595 3205 data
625 3152 758 3205 lnea
791 3148 837 3202 F
864 3151 926 3217 Ε,
957 3161 1003 3205 et
1024 3153 1120 3207 sint
1144 3154 1290 3207 linea:
1312 3152 1355 3206 B
1378 3154 1418 3206 Α
1449 3156 1759 3209 continentes
1783 3173 1864 3209 an-

1978 1919 2361 1976 demonstrabit.

2469 2101 2503 2151 C
2974 2102 3013 2150 Α

2325 2752 2367 2801 0
2618 2752 2656 2801 C
2847 2754 2886 2802 Β

1982 2896 2270 2973 Ad_datam
2302 2905 2501 2973 rectam
2534 2898 2728 2973 lineam
2749 2942 2764 2965 ,
2796 2901 3082 2968 datumque
3113 2904 3163 2956 in
3193 2920 3253 2957 ea
3284 2912 3559 2973 punctum,

2048 2967 2395 3092 datntangulo
2420 2970 2696 3025 rectiliueo
2720 2987 2926 3040 mquum
2952 2967 3201 3042 angulum
3232 2967 3563 3031 rc'ctilineuui

2052 3051 2181 3091 cons
2210 3052 2402 3092 uuere.

2052 3051 2402 3093 consumere.

2050 3147 2130 3203 Sit
2158 3149 2281 3202 data
2308 3160 2445 3203 recta
2470 3150 2603 3203 linea
2625 3151 2666 3204 Α
2690 3151 2755 3216 Β,
2783 3153 3057 3222 datumque
3078 3155 3128 3207 in
3153 3171 3209 3208 ea
3234 3166 3474 3222 punctum
3498 3157 3563 3209 Α.

284 3248 467 3315 gutum
498 3246 674 3297 datum
712 3246 793 3295 cui
824 3215 1123 3297 sub-tendam
1153 3246 1309 3297 basim
1332 3243 1389 3299 C.
1434 3244 1602 3315 Super
1630 3258 1874 3316 punctum
1903 3215 1947 3278 Ε
1992 3240 2156 3293 Datus
2186 3258 2300 3293 vero
2332 3241 2552 3310 angulus
2574 3245 2862 3298 rettilineus
2887 3243 2933 3295 D
2955 3244 2995 3298 C
3018 3244 3084 3310 Ε,
3108 3255 3307 3313 oportet
3333 3247 3480 3316 'gitur
3499 3246 3568 3300 ad

282 3336 338 3389 F
374 3338 522 3390 linere
550 3336 592 3388 E
619 3334 661 3387 Ρ
693 3338 925 3407 jubercm
952 3342 1117 3401 faccre
1141 3337 1386 3405 tequalem
1412 3338 1654 3408 angulum
1687 3339 1874 3409 angulo

281 3430 444 3491 dato,
477 3428 542 3479 ad
575 3425 760 3479 lineam
791 3425 897 3478 EF
921 3428 1149 3499 adjungo
1183 3427 1230 3479 F
1254 3428 1301 3480 D
1328 3431 1575 3498 a’qualem
1618 3431 1765 3484 linea:
1794 3432 1834 3483 Α
1858 3472 1872 3495 ,

278 3530 328 3574 et
363 3536 430 3574 ex
463 3518 507 3571 F
530 3518 575 3571 E
602 3534 744 3571 sumo
776 3517 822 3569 F
842 3516 883 3571 G
917 3520 1161 3587 a’qualem
1187 3518 1251 3583 Β,
1280 3529 1328 3574 et
1360 3536 1420 3573 ex
1449 3519 1490 3574 ϐ
1520 3521 1564 3573 Ε
1588 3538 1729 3575 sumo
1754 3521 1795 3575 ϐ
1825 3522 1871 3574 11

277 3610 536 3679 aqualem
569 3607 608 3661 C
640 3618 683 3661 ct
719 3624 872 3673 super
900 3617 1085 3673 puncta
1118 3606 1165 3659 F
1198 3619 1242 3663 et
1270 3609 1313 3663 (ἱ
1346 3610 1571 3664 describo
1612 3612 1741 3664 duos
1769 3612 1872 3664 cir-

276 3704 437 3756 culos
481 3698 526 3751 D
553 3699 595 3751 Κ
629 3710 675 3753 et
706 3698 751 3752 K
780 3699 826 3752 11
860 3701 1136 3753 secundum
1176 3704 1504 3769 quantitatem
1549 3704 1767 3757 duarum
1808 3705 1870 3757 li-

274 3807 505 3846 nearum
547 3788 594 3842 ι’
623 3790 665 3844 D
695 3800 740 3844 et
784 3790 825 3845 G
855 3792 920 3855 Η,
951 3800 994 3845 et
1023 3794 1377 3849 intersecantes
1406 3813 1460 3848 se
1501 3798 1551 3849 in
1584 3807 1768 3861 puncto
1802 3798 1868 3863 K,

274 3886 423 3939 sicut
467 3882 635 3935 docuit
684 3883 1003 3949 pra'cedens,
1050 3886 1313 3955 ductisque
1355 3888 1501 3940 lineis
1546 3886 1595 3940 K
1617 3886 1663 3938 F
1693 3898 1737 3941 et
1763 3888 1805 3939 Κ
1831 3886 1872 3941 G

274 3983 436 4028 erunt
466 3974 685 4039 equalia
723 3975 826 4027 duo
855 3976 1010 4028 latera
1036 3976 1082 4028 K
1108 3975 1153 4028 F
1177 3988 1221 4029 et
1254 3977 1301 4029 F
1322 3978 1362 4029 (ἱ
1391 3980 1662 4047 trianguli,
1693 3979 1742 4031 Κ
1766 3978 1810 4031 F
1831 3980 1871 4031 (ὲ

272 4064 488 4119 duobus
526 4064 765 4128 lateribus
799 4069 837 4117 A
861 4077 905 4119 et
930 4064 972 4117 Β
1009 4068 1282 4137 trianguli,
1314 4072 1355 4121 Α
1382 4068 1424 4120 Β
1446 4069 1486 4123 C
1522 4080 1565 4122 et
1595 4071 1727 4123 basis
1758 4070 1797 4123 (ἱ
1828 4070 1874 4123 Κ
1924 4124 1927 4125 ,

275 4152 502 4225 trqualis
525 4155 633 4206 basi
661 4153 700 4208 ϐ
715 4172 733 4207 :
754 4171 873 4223 ergo
898 4163 987 4222 per
1008 4142 1232 4211 octavam
1255 4160 1473 4229 angulus
1504 4159 1550 4212 Κ
1577 4158 1623 4211 F
1643 4159 1871 4227 Ga’qr'a’

276 4245 345 4299 lis
372 4245 471 4297 erit
493 4244 683 4314 angulo
709 4254 940 4298 contento
960 4246 1023 4298 ab
1053 4247 1092 4298 Α
1123 4257 1169 4301 et
1193 4247 1258 4315 Β,
1282 4250 1414 4317 quod
1440 4262 1510 4303 est
1540 4253 1871 4321 propositum.

360 5396 492 5450 Iliec
525 5398 795 5471 descriptio
828 5404 1066 5471 primiore
1096 5417 1304 5475 aspectu
1344 5409 1468 5463 satis
1505 5411 1625 5463 scite
1656 5413 1874 5481 satique

268 5492 508 5544 sollicite
539 5496 674 5563 facta
703 5496 920 5563 videtur;
944 5498 1032 5553 sed
1056 5501 1101 5553 si
1123 5500 1321 5555 curiose
1350 5512 1633 5572 attenteque
1657 5504 1865 5573 lectites,

1980 3330 2153 3393 datm
2178 3342 2365 3385 rectam
2389 3334 2577 3385 lineam
2600 3336 2643 3387 Α
2669 3334 2710 3387 Β
2733 3349 2778 3388 et
2800 3338 2866 3387 ad
2886 3337 3060 3389 datum
3084 3339 3134 3390 in
3157 3353 3216 3390 ea
3235 3345 3476 3407 punctum
3501 3337 3565 3401 Α,

1980 3423 2099 3475 dato
2127 3424 2317 3493 angulo
2348 3425 2608 3478 rectilineo
2644 3424 2687 3477 D
2713 3424 2752 3479 C
2773 3425 2839 3491 E,
2871 3428 3117 3496 aqualem
3151 3430 3396 3498 angulum
3421 3430 3568 3481 recti~

1976 3512 2166 3567 lincunt
2211 3516 2535 3569 constituere.
2588 3516 2868 3571 Sumautur
2914 3520 2966 3572 in
3017 3518 3166 3573 lineis
3213 3516 3261 3571 E
3284 3518 3327 3571 ι)
3373 3530 3417 3572 et
3459 3518 3499 3573 C
3524 3517 3566 3571 E

1984 3616 2173 3673 puncta
2208 3607 2273 3677 (si
2300 3607 2459 3673 lubet)
2490 3607 2537 3659 Ι)
2565 3617 2610 3661 et
2649 3608 2711 3674 Ε,
2741 3619 2790 3661 ‘et
2819 3611 3144 3677 protrahatur
3173 3610 3216 3662 ι)
3237 3608 3282 3663 Ε
3308 3620 3353 3663 et
3383 3626 3446 3663 ex
3471 3611 3569 3662 tri-

1981 3697 2070 3750 bus
2118 3699 2265 3751 rectis
2308 3698 2455 3751 lineis
2485 3698 2523 3751 Α
2550 3696 2595 3749 F
2626 3710 2670 3752 et
2704 3702 2745 3752 Α
2769 3700 2810 3753 G
2862 3709 2908 3752 et
2958 3699 3004 3751 Ρ
3027 3699 3095 3764 G,
3132 3716 3245 3770 quas
3283 3710 3397 3753 sunt
3438 3700 3568 3754 datis

1978 3789 2129 3841 rectis
2165 3789 2308 3841 lineis
2344 3789 2508 3843 tribus
2539 3790 2577 3843 (ἐ
2602 3789 2644 3841 D
2681 3800 2724 3843 et
2758 3790 2797 3843 C
2820 3790 2865 3842 E
2894 3801 2939 3845 et
2973 3790 3020 3844 ι)
3044 3790 3089 3842 E
3110 3794 3347 3859 mquales.
3389 3789 3568 3842 Trion-

1978 3876 2154 3946 gulum
2195 3879 2531 3931 constituatur
2567 3879 2606 3931 Α
2634 3876 2762 3945 FG,
2796 3881 2867 3932 ita
2897 3890 2952 3933 stt
2981 3881 3191 3950 a’qualt's
3220 3881 3283 3932 sit
3319 3881 3428 3950 ipsa
3460 3880 3498 3931 ϐ
3521 3878 3568 3931 D

1980 3969 2137 4031 linea,
2171 3970 2271 4037 ipsi
2305 3969 2344 4022 Α
2367 3967 2434 4035 F,
2472 3971 2583 4039 ipsa
2622 3960 2743 4022 vero~
2762 3970 2801 4023 (ἱ
2824 3968 2870 4022 Ε
2892 3972 2990 4040 ipsi
3017 3972 3058 4023 Α
3081 3970 3145 4035 ϐ,
3178 3960 3430 4037 postremo
3459 3971 3567 4037 ipsa

1982 4061 2027 4113 ι)
2052 4061 2096 4114 Ε
2122 4062 2217 4131 ipsi
2251 4060 2297 4113 1³
2318 4060 2382 4115 C.
2413 4062 2666 4128 Quoniam
2700 4062 2857 4133 igitur
2883 4063 2997 4115 duce
3028 4064 3175 4117 linea:
3196 4074 3347 4116 recta:
3381 4062 3424 4114 ι)
3447 4060 3487 4116 C
3517 4072 3564 4114 et

1979 4153 2018 4208 C
2045 4153 2085 4204 Ε
2118 4155 2313 4205 duabus
2337 4155 2482 4206 rectis
2509 4154 2526 4205 ι
2549 4154 2653 4206 neis
2682 4151 2727 4204 Κ
2749 4154 2789 4207 Α
2813 4164 2860 4207 et
2891 4155 2931 4207 Α
2955 4153 2996 4208 G
3030 4156 3249 4224 mquales
3273 4164 3388 4207 sunt
3408 4153 3571 4209 altera

1980 4247 2161 4310 alteri,
2193 4258 2241 4299 et
2284 4247 2417 4299 basis
2454 4246 2496 4299 D
2520 4245 2564 4298 Ε
2601 4247 2707 4301 basi
2747 4244 2859 4301 FG
2890 4264 3035 4317 (equa
3076 4248 3307 4313 ltabetur,
3352 4246 3571 4316 angulus

1980 4355 2176 4408 quoque
2207 4335 2252 4389 ι)
2275 4336 2315 4391 C
2337 4336 2384 4391 E
2418 4339 2609 4410 angulo
2644 4336 2688 4389 Ρ
2711 4341 2751 4392 Α
2775 4338 2817 4393 ϐ
2841 4356 2955 4409 qua:
2982 4341 3193 4411 a’qualis
3232 4341 3346 4393 erit.
3378 4340 3456 4391 Ad
3480 4340 3571 4390 da-

1983 4441 2087 4483 tam
2130 4430 2300 4499 itaque
2338 4441 2524 4483 rectam
2564 4432 2753 4484 lineam
2795 4433 2832 4482 Α
2862 4429 2903 4482 Β
2934 4431 3209 4499 datumque
3247 4431 3299 4481 in
3340 4446 3401 4482 ea
3441 4446 3571 4498 pun-

1982 4530 2115 4571 ctum
2144 4520 2204 4584 A,
2237 4520 2359 4573 dato
2387 4521 2578 4590 angulo
2610 4520 2872 4575 rectilineo
2898 4518 2942 4570 D
2965 4518 3003 4571 C
3027 4518 3092 4582 E,
3120 4520 3329 4585 crqualis
3353 4517 3571 4585 angulus

1903 4592 1957 4650 Ῑ)
1981 4611 2270 4663 rectilineus
2311 4611 2419 4662 FA
2446 4611 2487 4663 (ἱ
2531 4612 2829 4663 constitutus
2868 4621 2961 4663 est.
3014 4611 3162 4675 Quod
3204 4611 3460 4679 oportebat
3492 4614 3571 4677 [a-

1981 4714 2109 4751 cere.
2138 4698 2459 4752 Addidissem
2485 4715 2680 4767 quoque
2701 4699 2805 4751 alia
2826 4699 2975 4767 plura
2998 4699 3147 4772 longe
3167 4700 3316 4752 etiam
3339 4698 3572 4767 graviora

1984 4798 2153 4841 errata
2183 4790 2281 4841 nisi
2309 4805 2384 4841 me
2410 4790 2677 4857 epistolam
2704 4789 2919 4843 scribere
2944 4790 3303 4845 meminissem.
3335 4789 3439 4843 Sed
3463 4787 3570 4841 Eu-

1986 4878 2152 4932 cliden
2188 4879 2354 4948 ipsum
2386 4881 2661 4947 aliquando
2684 4884 2903 4947 fortasse
2932 4893 3033 4933 una
3058 4881 3380 4949 perlegimus,
3407 4896 3569 4932 anno-

1984 4970 2302 5039 tabirnusqne
2343 4971 2511 5024 omnia
2578 4971 2631 5023 in
2678 4971 2857 5041 quibus
2927 4972 3086 5024 nostri
3128 4988 3160 5023 a
3201 4981 3334 5024 recta
3377 4971 3570 5023 ratione

1983 5061 2241 5114 discedere
2262 5062 2583 5117 videbuntur.
2611 5062 2821 5117 Interim
2846 5065 2951 5117 [uec
2976 5081 3137 5132 pauca
3159 5065 3276 5129 tibi,
3300 5064 3368 5116 mi
3394 5061 3570 5115 Dona-

1980 5158 2045 5214 te,
2080 5152 2408 5221 scripsimus,
2443 5164 2495 5206 ut
2526 5164 2685 5208 issent
2714 5156 2852 5220 apud
2883 5164 2929 5208 te
2956 5160 3067 5225 ejus
3100 5155 3452 5208 benevolentia:
3490 5164 3568 5206 at-

1978 5254 2075 5307 que
2117 5241 2447 5294 observantia:
2490 5244 2673 5313 pignus
2712 5260 2810 5313 qua
2856 5254 2902 5299 te
2942 5245 3280 5313 prosequebar
3322 5245 3401 5311 (et
3432 5260 3567 5295 nunc

1978 5342 2176 5395 quoque
2198 5333 2497 5399 prosequor)
2517 5349 2631 5385 cum
2654 5346 2839 5388 nostra:
2857 5333 3122 5387 Patavina?
3141 5333 3560 5405 philosophorum

1979 5417 2256 5473 academica
2288 5431 2455 5473 rector
2478 5422 2559 5475 hic
2582 5440 2773 5493 ageres.
2810 5423 2933 5477 Vale
2960 5440 3023 5477 ex
3052 5423 3299 5477 Patavina
3340 5423 3563 5492 philoso-

1974 5508 2191 5576 phorum
2225 5509 2483 5578 pala'stra.
3334 5526 3341 5531 '

274 5644 3536 5682 __________________________________________________
