4212 6246
1827 305 1935 361 AN.
1979 302 2187 358 Μαι.
2225 301 2377 357 SEV.
2423 298 2648 354 BOETII
2720 335 2724 339 ‹

3757 286 3906 340 1⁸508

847 447 960 455 ’Μ’
1364 533 2087 679 EUCLIDIS
2182 522 3187 642 MEGARENSIS

847 748 2291 897 GEOMETRI/E
2408 728 3643 883 LIBRI'DUO

981 966 1126 1038 AB
1180 962 1356 1036 AN.
1419 963 1762 1037 MANL.
1834 957 2375 1036 SEVERINO
2426 950 2842 1032 BOETIO
2896 948 3525 1027 TBANSLATI.
3606 976 3657 1011 κ

1792 1157 2168 1256 LIBER
2212 1154 2734 1257 PRIMUS.

2120 1322 2400 1339 -κ

707 1406 840 1472 Quia
882 1419 1031 1471 vero,
1081 1406 1153 1461 mi
1196 1405 1390 1461 Patrici
1434 1416 1829 1476 geometrarum
1870 1408 2210 1463 exercitatis-
2244 1417 2296 1475 Α
2388 1410 2518 1466 Cum
2564 1425 2693 1466 vero
2724 1420 2867 1466 recta
2898 1408 3035 1464 linea
3081 1421 3242 1478 super
3271 1415 3472 1461 rectam
3516 1404 3713 1459 lineam
3754 1413 3906 1459 stans

639 1511 792 1562 Sime,
834 1496 1070 1552 Euclidis
1098 1497 1167 1551 de
1207 1497 1337 1551 artis
1378 1497 1719 1567 geometricas
1765 1497 1947 1567 ﬁguris
1992 1499 2218 1553 obscure

640 1590 867 1660 prolata,
900 1599 955 1646 te
982 1590 1327 1654 adhortante.
1360 1591 1680 1660 exponenda
1709 1592 2035 1646 etlucidiore
2073 1592 2219 1647 aditu

640 1678 959 1747 expolientla
990 1681 1234 1750 suscepi,
1262 1680 1526 1751 imprimis
1554 1680 1693 1759 quid.
1710 1680 1780 1735 sit
1811 1694 2057 1736 mensura
2083 1680 2219 1736 dell-

644 1771 902 1828 niendum
928 1774 1139 1843 opinor.

1249 1865 1325 1920 De
1366 1882 1619 1920 mensura.

713 1958 959 2012 Mensura
1006 1973 1132 2012 vero
1164 1968 1248 2013 est
1289 1959 1547 2028 quidquid
1595 1957 1851 2027 pondere,
1901 1955 2221 2026 capacitate,

642 2050 1001 2119 longitudine,
1066 2052 1367 2117 a'titudine,
1416 2052 1727 2122 latitudine,
1767 2054 2052 2121 animoque
2103 2051 2221 2105 lini-

644 2150 748 2195 tur.
780 2141 1104 2210 Principium
1148 2152 1326 2199 autem
1371 2160 1636 2199 mensurae
1678 2153 1930 2212 punctum
1981 2150 2223 2197 vocatur.

652 2233 915 2287 Punctum
944 2244 1053 2299 est,
1081 2236 1233 2304 cujus
1273 2252 1397 2305 pars
1432 2239 1576 2291 nulla
1619 2245 1721 2291 est.
1762 2237 1922 2291 Linea
1955 2250 2085 2290 vero
2113 2237 2227 2291 sive

645 2329 926 2385 latituiline
978 2330 1255 2401 longitudo
1302 2339 1423 2396 est,
1468 2331 1622 2385 linea:
1674 2344 1803 2384 vero
1851 2328 1985 2384 ﬁnes
2032 2340 2227 2399 puncta

644 2436 789 2481 sunt.

1112 2517 1184 2570 De
1210 2515 1472 2588 generibus
1501 2514 1775 2567 linearum.

718 2614 882 2668 Recta
911 2612 1049 2666 linea
1082 2622 1167 2666 est
1194 2626 1313 2679 qua:
1340 2607 1626 2675 aequaliter
1660 2608 1712 2663 in
1752 2608 1863 2661 suis
1891 2606 2228 2675 protenditur

644 2710 877 2782 punctis.
928 2705 1251 2775 Superlicies
1298 2716 1424 2757 vero
1470 2710 1555 2756 est
1602 2699 1744 2769 quod
1790 2698 2122 2769 longitudine
2153 2698 2229 2751 la-

2322 1504 2523 1559 circum
2551 1519 2609 1559 se
2637 1518 2822 1573 aequos
2851 1502 2949 1557 sibi
2979 1501 3206 1556 invicem
3238 1498 3429 1554 iecerit
3452 1499 3701 1567 angulus,
3727 1508 3912 1554 rectus

2321 1603 2405 1649 est
2429 1606 2649 1663 uterque
2672 1592 2953 1662 aequalium
2977 1590 3317 1661 angulorum.
3345 1588 3410 1641 Et
3440 1587 3577 1641 linea
3604 1602 3774 1655 super
3801 1602 3912 1641 rec.

2324 1694 2430 1738 tam
2471 1682 2665 1737 lineam
2707 1691 2855 1736 stans
2893 1679 3345 1750 perpe..dicularis
3387 1678 3606 1732 dicitur.
3643 1675 3916 1733 Subtusus

2323 1776 2547 1847 angulus
2576 1775 2749 1844 major
2774 1782 2922 1828 recto
2945 1781 3047 1828 est.

2609 1890 2788 1937 Aculus
2812 1892 2968 1936 autem
2991 1883 3195 1947 angulus
3214 1888 3343 1932 recto
3362 1882 3517 1931 minor
3542 1888 3629 1930 est.

2736 2009 2952 2061 Obtusus
3008 1981 3535 2308 Ψ

2812 2333 2889 2388 De
2918 2336 3081 2389 modis
3111 2335 3421 2406 ﬁgurarum.

2401 2427 2590 2494 Figura
2627 2437 2708 2481 est
2739 2426 2882 2496 quod
2921 2426 3021 2480 sub
3047 2425 3223 2495 aliquo
3250 2426 3331 2480 vel
3372 2423 3647 2493 aliquibus
3676 2424 3914 2481 termini!

2325 2517 2649 2572 continetur.

2397 2608 2681 2663 Terminus
2708 2621 2837 2663 vero
2863 2608 3004 2678 quod
3032 2608 3295 2679 cujusque
3324 2616 3407 2662 est
3440 2607 3579 2661 ﬁnis.

2398 2698 2644 2753 Circulus
2670 2709 2907 2753 veroest
2938 2700 3105 2769 ﬁgura
3135 2698 3378 2769 quzedam
3412 2699 3567 2768 plana
3598 2706 3653 2751 et
3679 2697 3908 2752 circum-

644 2804 978 2872 titudineque
1020 2803 1289 2854 censetur.
1327 2791 1643 2863 Superﬁciei
1686 2802 1864 2846 autem
1905 2789 2040 2847 ﬁnes
2072 2788 2224 2842 linea:
2258 2791 2304 2849 B
2331 2789 2487 2845 ducta
2534 2800 2588 2861 et
2626 2792 2727 2845 sub
2756 2805 2858 2845 una
2904 2790 3041 2846 linea
3071 2802 3319 2845 contenta
3340 2834 3353 2854 ,
3384 2807 3501 2860 qua:
3532 2791 3904 2845 circumferen-

644 2904 789 2951 sunt.

692 2972 705 2981 “
1278 2975 1427 3025 Recta
1454 2974 1603 3024 linea.

644 3069 1039 3085 ——-——'

715 3126 879 3180 Plana
918 3122 1227 3192 superﬁcies
1262 3118 1456 3174 dicitur
1488 3132 1605 3186 qurc
1642 3114 1921 3185 mqualiter
1963 3112 2014 3166 in
2065 3110 2226 3167 rectis

645 3219 757 3274 suis
789 3218 945 3273 lineis
974 3216 1296 3272 continetur.
1392 3240 1401 3251 -

1200 3342 1497 3403 Superticies
1537 3340 1672 3402 plana
2130 3324 2169 3355 ⁸

1067 3862 1147 3916 De
1173 3861 1442 3933 generibus
1470 3861 1796 3939 ungularum.

714 3958 908 4011 Planus
936 3958 1161 4025 angulus
1202 3962 1284 4009 est
1311 3953 1533 4007 duarum
1564 3953 1824 4009 linearum
1864 3953 1914 4007 in
1955 3953 2114 4020 plano
2142 3954 2222 4007 in-

647 4050 813 4102 vicem
841 4062 959 4100 sese
993 4047 1355 4116 tangentium,
1385 4056 1439 4101 et
1470 4062 1572 4101 non
1606 4046 1656 4099 in
1685 4047 1893 4102 directo
1928 4045 2220 4117 jacentium

646 4147 711 4198 ad
733 4142 1042 4197 alterutram
1070 4140 1365 4196 conclusio.

1167 4344 1216 4398 ’.Ξ

1168 4405 1201 4428 ω

1168 4432 1203 4494 Ξ

1169 4499 1201 4522 ω

1155 4584 1203 4647 οῗ

1168 4653 1214 4698 Ξ.

1168 4705 1204 4759 Ξ

1121 4785 1637 4865 μὴ..-

668 4970 669 4973 η
723 4936 945 5005 Quando
1021 4943 1197 4991 autem
1249 4953 1367 5003 qttzu
1417 4938 1667 5006 angulum
1725 4939 2000 4991 continent
2065 4937 2220 4990 linea:

648 5040 807 5085 recta:
832 5039 983 5094 sunt,
1011 5039 1135 5083 tunc
1164 5020 1466 5084 rectilineus
1491 5030 1714 5094 angulus
1747 5027 2067 5080 ltutttittalur.

1428 5202 1478 5299 ἐξ

1429 5323 1465 5365 ὅ

1430 5369 1463 5396 ε

1428 5403 1476 5448 9.

1428 5453 1463 5510 Ξ

1430 5516 1476 5558 ιτ

1428 5578 1473 5628 7:.

1178 5692 1354 5742 llr-ctus
1377 5692 1386 5743 Ι
1417 5695 1595 5743 ﬂectus

2251 5536 2302 5597 D

2333 2884 2403 2937 tia
2442 2890 2678 2949 vocatur,
2707 2882 2771 2936 ad
2816 2897 2973 2951 quam
3011 2897 3041 2935 a
3086 2890 3284 2953 puncto
3319 2883 3459 2953 quod
3508 2883 3645 2936 intra
3692 2882 3907 2952 ﬁguram

2329 2976 2559 3046 positum
2601 2985 2685 3030 est
2729 2991 2915 3031 omnes
2958 2992 3076 3046 quae
3120 2977 3367 3032 incidunt
3407 2986 3567 3031 recta:
3607 2975 3909 3031 linetesibi

2330 3067 2556 3121 invicem
2600 3075 2721 3121 sunt
2762 3066 3022 3136 aequales;
3067 3068 3164 3123 hoc
3206 3082 3333 3122 vero
3367 3077 3619 3136 punctum
3665 3075 3911 3121 centrum

2329 3158 2512 3214 circuli
2539 3159 2861 3214 nowiuatur.

2396 4511 2694 4563 Diametrus
2724 4518 2901 4563 autem
2935 4507 3115 4562 circuli
3146 4517 3228 4562 est
3274 4521 3419 4563 recta
3466 4510 3709 4577 quaedam
3762 4508 3898 4561 linca

2324 4615 2418 4668 per
2454 4607 2696 4655 centrum
2729 4599 2917 4664 ducta,
2949 4606 3002 4652 et
3030 4598 3097 4652 ab
3132 4607 3357 4666 utraque
3390 4609 3540 4667 parte
3571 4597 3623 4651 in
3665 4599 3899 4652 circum-

2325 4691 2545 4745 ferentia
2574 4689 2757 4745 circuli
2787 4688 3094 4754 terminata,
3119 4704 3238 4759 qua:
3270 4689 3321 4742 in
3356 4689 3491 4745 duas
3518 4705 3695 4759 (equas
3721 4699 3901 4759 partes

2323 4785 2582 4838 circulum
2611 4782 2821 4837 dividit.

2394 4874 2772 4931 Semicirculus
2802 4887 2933 4927 vero
2988 4881 3071 4927 est
3113 4871 3268 4941 plana
3307 4872 3472 4942 ﬁgura
3512 4885 3633 4941 qum
3666 4869 3760 4924 sub
3787 4869 3899 4921 dia-

2324 4979 2515 5033 metro,
2543 4978 2597 5024 et
2619 4982 2679 5022 ea
2702 4981 2860 5036 quam
2888 4965 3182 5020 diametrus
3209 4962 3598 5033 apprehendit,
3628 4959 3900 5018 circumie-

2326 5061 2491 5116 rentia
2521 5060 2841 5115 continetur.

2934 5411 3284 5462 Semicirculus
3330 5275 3432 5585 Ὗ

2402 5614 2707 5670 Rectilinete
2738 5616 2917 5686 ﬁgurae
2956 5624 3077 5670 sunt
3109 5630 3225 5685 qua:
3256 5614 3353 5668 sub
3390 5611 3552 5665 rectis
3584 5606 3740 5661 lineis
3782 5618 3903 5659 con.

2332 5708 2584 5763 tinentur.

2798 5240 2934 5592 ί

3225 5575 3412 5585 .-.---
