4200 6248
258 300 261 305 ν
302 365 439 421 1513
1008 356 1562 415 INTERPRETATIO
1592 354 1904 412 EUCLIDIS
1939 353 2384 412 GEOSIETRl/E.
2428 350 2555 405 LIB.
2594 346 2631 402 I.
3430 352 3568 409 ιδιι

378 473 613 543 Angulus
648 469 834 525 circuli
867 468 1067 525 dicitur
1106 469 1195 539 qui
1241 469 1342 523 sub
1382 468 1594 524 duobus
1621 484 1652 541 ε
1701 479 1887 524 centro
1914 472 1966 532 Α

302 566 477 620 ductis
522 563 676 617 lineis
720 559 1044 617 continetur.
1082 559 1309 625 Quando
1339 559 1497 615 lineae
1538 574 1658 631 qua
1697 560 1885 630 adjun-

300 666 495 726 guntur
521 655 754 722 aliquam
796 652 1244 707 circumferentia:
1278 652 1742 721 comprehendunt
1766 669 1883 721 par-

309 746 549 813 ticulam,
581 746 633 801 in
663 760 724 800 ea
755 744 981 816 angulus
1006 743 1315 800 consistere
1336 743 1667 814 perhibetur.

2061 1424 2138 1477 Ad
2184 1422 2365 1477 datum
2414 1427 2670 1493 punctum
2717 1414 2857 1471 data:
2903 1421 3065 1469 recta:
3108 1412 3264 1467 lineae
3308 1410 3569 1481 aequalem

1990 1532 2062 1572 re.
2082 1526 2186 1571 tam
2223 1518 2415 1572 lineam
2448 1513 2737 1569 collocare.

371 2115 559 2170 Sector
582 2115 764 2170 circuli
794 2102 878 2169 est
907 2112 1071 2184 ﬁgura
1110 2127 1227 2182 qua:
1250 2109 1354 2167 sub
1378 2108 1584 2166 duabus
1612 2122 1641 2162 a
1690 2116 1879 2162 centro

297 2206 473 2260 ductis
502 2205 675 2270 lineis,
707 2214 762 2260 et
802 2204 902 2259 sub
936 2201 1398 2268 circumferentia,
1428 2213 1547 2270 quae
1575 2197 1642 2254 ab
1670 2195 1875 2253 eisdem

294 2296 789 2366 comprehenditur,
814 2298 1139 2352 continetur.
1899 2291 1917 2310 '

2020 2932 2268 2988 Duabus
2313 2932 2471 2989 lineis
2516 2938 2676 2994 rectis
2722 2939 3078 3011 inaequalibus
3107 2940 3268 3008 datis,
3297 2957 3323 2995 a
3358 2942 3562 3013 majora

1981 3021 2173 3077 minori
2201 3037 2408 3093 aquam
2430 3035 2631 3082 rectam
2654 3028 2849 3086 lineam
2876 3032 3198 3090 abscindere
3220 3042 3455 3104 oportet.

504 2462 1617 3576 ᾧ

350 3739 571 3796 Similes
599 3739 919 3796 circulorum
945 3744 1217 3812 portiones
1246 3743 1497 3798 dicuntur
1543 3760 1662 3815 quae
1691 3759 1867 3813 mqua-

164 3880 205 3899 ν
273 3832 362 3888 les
406 3832 699 3900 suscipiunt
727 3834 971 3902 angulos,
1008 3833 1091 3889 vel
1121 3834 1174 3888 in
1205 3834 1398 3903 quibus
1438 3835 1527 3904 qui
1570 3835 1867 3889 inscribun-

268 3931 369 3976 tur
422 3923 600 4005 anguli
629 3924 728 3979 sibi
760 3925 987 3981 invicem
1010 3935 1132 3981 sunt
1150 3928 1403 3997 aequales.

344 4339 517 4408 Igitur
563 4340 698 4394 intra
746 4341 964 4411 ﬁguram
1009 4345 1208 4400 dicitur
1254 4348 1508 4413 inscribi,
1557 4348 1772 4419 quando
1802 4363 1860 4405 ea

264 4446 401 4501 qua:
433 4430 739 4486 inscribitur
763 4433 878 4503 ejus
922 4435 974 4489 in
1001 4451 1161 4505 quam
1191 4438 1498 4494 inscribitur
1541 4440 1709 4495 latera
1731 4456 1863 4497 uno-

263 4535 494 4593 quoque
516 4537 615 4578 suo
637 4526 829 4596 angulo
854 4527 923 4579 ab
953 4527 1206 4581 interiore
1231 4538 1381 4596 parte
1408 4532 1689 4601 contingit.

2966 3304 3028 3371 1?

2929 4135 2976 4186 ς.

3002 4303 3053 4356 e

2052 4531 2106 4586 Si
2135 4532 2242 4587 duo
2271 4536 2531 4603 tr'angnla
2569 4537 2675 4589 duo
2720 4539 2886 4593 latera
2931 4540 3140 4597 duobus
3169 4542 3429 4599 lateribus
3466 4542 3561 4596 ha-

1985 4621 2108 4675 bent
2134 4636 2317 4690 aqua,
2340 4624 2571 4677 alterum
2593 4625 2745 4677 alteri
2774 4636 2829 4680 et
2856 4630 3106 4697 angulum
3131 4630 3324 4699 angulo
3351 4645 3562 4699 aequum

1981 4726 2101 4765 cum
2132 4714 2216 4781 qui
2259 4712 2359 4766 sub
2402 4713 2700 4783 mqualibus
2741 4718 2904 4771 rectis
2955 4720 3111 4775 lineis
3152 4724 3479 4788 COﬂliﬂt'lUl’,
3511 4730 3565 4778 et

1979 4803 2147 4858 basim
2173 4804 2282 4859 basi
2305 4821 2514 4876 mquam
2542 4808 2842 4877 ltabebnnt,
2870 4823 2922 4867 et
2952 4814 3272 4886 triangulum
3299 4818 3565 4887 tr'angnlo

1977 4911 2186 4964 :eqttutn
2219 4897 2355 4964 erit,
2380 4908 2433 4954 et
2463 4900 2654 4969 reliqui
2699 4902 2874 4971 anguli
2916 4904 3137 4975 reliquis
3167 4909 3372 4976 angulis
3404 4916 3566 4963 erunt

1976 4988 2231 5056 :equales,
2260 4989 2401 5045 alter
2431 4990 2584 5045 alteri
2624 4990 2726 5046 sub
2762 4993 2957 5063 quibus
2982 4997 3207 5067 aequalia
3237 4999 3399 5054 latera
3432 4996 3564 5052 sub-

1904 4580 1958 4638 D

1940 5090 1941 5093 ‘
1977 5081 2099 5134 tend
2108 5081 2231 5136 itur.

2330 5218 2368 5266 Δ
3178 5223 3221 5272 D

344 5342 546 5411 Figura
573 5358 703 5399 vero
735 5348 916 5415 ﬁgura:
957 5350 1323 5410 circumscribi
1370 5356 1695 5424 perhibetur,
1725 5374 1861 5430 quo-

254 5436 419 5489 tiens
445 5448 507 5488 ea
546 5450 663 5505 quae
697 5439 1157 5497 circumscribitur
1183 5446 1296 5500 suis
1326 5447 1574 5502 omnibus
1604 5448 1863 5507 lateribus

252 5539 468 5580 omnes
494 5526 718 5595 angulos
744 5528 860 5596 ejus
880 5531 965 5585 cui
987 5532 1441 5609 circumscribitur
1469 5540 1651 5609 tangit.

378 5633 699 5673 EXPLICIUNT
730 5635 1128 5682 PBOLEGOIENA.
1160 5644 1426 5685 INCIPIUNT
1463 5646 1756 5689 SCBEIATA.

262 5736 269 5741 -
334 5709 524 5775 Supra
540 5711 716 5765 datam
742 5724 939 5768 rectam
961 5715 1153 5777 lineam
1178 5722 1515 5783 terminatam
1541 5724 1859 5797 triangulum

249 5767 653 5871 aequiiaterum
679 5767 1152 5866 conmitmrguw
1194 5767 1514 5783 ’Ἰνὼ-Ἦ.
1542 5767 1859 5797 "manu."
1963 5767 2004 5816 Β
2049 5767 2645 5836 ί--ς--μ--μλ
2673 5777 2710 5827 Ε
2836 5778 2869 5827 C
2908 5768 2941 5839 ί
3464 5767 3496 5843 δ
3530 5775 3567 5829 ετ
