4200 6248
306 291 443 348 £525
1380 287 1697 350 EUCLIDts
1736 280 2204 348 GEOMETRICA.
2238 285 2375 343 ’LlB.
2402 284 2452 341 1.
3134 322 3141 327 .
3408 276 3543 329 εδει

1084 404 1131 463 Ε
1802 397 1965 463 ¹⁴Ἀ
2318 422 2325 430 ·
2789 392 2825 440 (ἶ

1154 479 1281 490 ’-
1312 475 1824 576 *ἢ

1142 1105 1534 1177 \
1824 1171 1873 1221 Δ(ἰ

376 1252 562 1308 Dutam
585 1264 788 1311 rectam
820 1256 1013 1312 lineam
1041 1251 1117 1306 sic
1144 1264 1329 1305 secare
1358 1255 1633 1318 convenit,
1658 1261 1715 1306 ut
1745 1253 1886 1321 quod

302 1341 405 1396 sub
436 1351 580 1410 tota,
612 1355 666 1399 et
707 1361 811 1401 una
849 1344 1095 1414 portione
1123 1339 1511 1409 rectiangulum
1554 1341 1883 1407 continetur,

303 1444 514 1500 aequum
566 1433 637 1489 sit
685 1435 734 1489 ei
775 1435 917 1505 quod
964 1432 1025 1487 ﬁt
1049 1445 1115 1486 ex
1144 1428 1348 1498 reliqua
1388 1428 1626 1484 sectione
1652 1428 1884 1499 quadra-

306 1528 438 1577 tum.

2284 972 2289 976 ’
2490 982 2493 983 ⁷
2836 973 2892 1035 Β

2174 1061 3281 1290 Ak
3358 1254 3396 1304 Β

2764 1666 2810 1716 D

1895 1753 1945 1814 Β
2043 1793 2102 1847 In
2130 1786 2297 1859 aequis
2324 1783 2565 1850 circulis,
2598 1784 2688 1849 qui
2713 1782 2765 1836 in
2796 1782 3248 1845 circumferentiis
3274 1796 3573 1863 mqualibus

1971 1881 2154 1952 anguli
2194 1877 2519 1939 consistunt,
2549 1872 2655 1927 sibi
2686 1872 2915 1929 invicem
2947 1884 3073 1930 sunt
3099 1880 3357 1949 aequales,
3386 1898 3480 1941 seu
3508 1890 3573 1949 ad

1974 1983 2163 2030 centra
2188 1971 2303 2027 sive
2326 1968 2392 2023 ad
2421 1964 3328 2031 circumferentiasconstituantur.

992 1649 1027 1693 (ἶ
1426 1644 1463 1693 F

997 1730 1431 2125 -
1895 1753 1945 1814 Β
2043 1793 2102 1847 In
2130 1786 2297 1859 aequis
2324 1783 2565 1850 circulis,
2598 1784 2688 1849 qui
2713 1782 2759 1836 in

1971 1881 2154 1952 anguli
2194 1877 2519 1939 consistunt,
2549 1872 2655 1927 sibi
2686 1872 2759 1926 im

1974 1983 2163 2030 centra
2188 1971 2303 2027 sive
2326 1968 2392 2023 ad
2421 1964 2759 2021 circumferet

678 2056 716 2104 Α
900 2051 962 2098 Ἡ
998 2129 1415 2315 7
2310 2128 2315 2133 .
2419 2087 2462 2137 A

2704 2324 2730 2371 \

686 2879 722 2931 C
990 2877 1030 2926 Κ
1422 2877 1468 2926 D

2059 2946 2247 3005 Datam
2274 2936 2765 3010 circumler'entiam
2790 2958 2845 3010 in
2872 2953 2980 3009 duo
3004 2968 3155 3025 requa
3180 2952 3419 3009 dividere
3440 2954 3579 3010 uotis

366 2984 424 3038 In
454 2984 553 3037 hac
577 2982 822 3051 trianguli
857 2981 1049 3049 ﬁgura,
1081 2993 1201 3051 quae
1226 2978 1476 3033 obtusum
1510 2974 1670 3029 habet
1715 2988 1881 3043 angu-
1982 2974 2066 3095 est]

366 3089 402 3095 _-
463 3082 607 3095 .-.αλ
648 3073 873 3095 -.μ-ιι..-
908 3088 961 3095 Α-
1001 3087 1113 3095 κη...
1148 3071 1361 3095 ..μεηριιη
1393 3065 1684 3095 ηλιιηηιηιηο
1717 3080 1881 3095 ηηηιι-

288 3073 430 3139 lum,
463 3082 611 3127 tanto
646 3073 877 3141 amplius
904 3088 965 3126 ea
996 3087 1115 3141 quae
1145 3071 1363 3124 obtusos
1392 3065 1688 3121 obtendunt
1716 3080 1883 3133 anglr-
1912 3110 1961 3174 Ο

286 3162 377 3216 los
406 3162 572 3216 latera
603 3170 846 3229 possunt,
895 3176 1053 3229 quam
1084 3175 1146 3216 ea
1191 3175 1311 3229 quae
1350 3157 1598 3211 obtusum
1641 3144 1961 3210 obtinentu
2278 3144 2288 3154 ’
2509 3197 2809 3229 Λ
3324 3204 3327 3205 ν

285 3255 581 3323 angulum,
608 3263 862 3322 quantum
894 3262 998 3317 est,
1032 3252 1174 3322 quod
1215 3252 1522 3304 continetur
1553 3248 1635 3304 bis
1657 3247 1755 3302 sub
1777 3261 1889 3301 uno

286 3359 482 3399 eorum
527 3360 647 3414 qua:
698 3345 839 3400 circa
886 3344 1136 3398 obtusum
1167 3344 1417 3411 angulum
1438 3349 1591 3411 sunt,
1644 3340 1701 3393 in
1743 3338 1887 3408 quod

284 3446 625 3503 protractum
669 3435 1126 3506 perpendicularis
1169 3436 1330 3503 cadit,
1373 3444 1531 3503 atque
1562 3447 1622 3487 ea
1669 3446 1789 3501 qua:
1820 3430 1888 3484 ad
2254 3430 2292 3506 1
2357 3430 2445 3506 /
2652 3430 2661 3506 Ι
2887 3430 2978 3506 \
3034 3430 3069 3506 \
3348 3447 3359 3459 '

284 3527 547 3582 obtusum
585 3529 834 3599 angulum
865 3542 896 3582 a
927 3526 1357 3597 perpendiculari
1396 3533 1546 3581 extra
1586 3522 1891 3593 deprehen-
2239 3526 2247 3599 1

289 3617 471 3673 ditur.

2065 3744 2122 3798 In
2152 3741 2353 3797 circulo
2382 3738 2595 3809 quidem
2626 3735 2852 3806 angulus
2889 3732 2977 3800 qui
3019 3729 3073 3783 in
3104 3723 3443 3782 semicirculo
3472 3730 3575 3785 est.

348 3772 352 3778 .
562 3730 602 3780 B

1992 3841 2174 3888 rectus
2194 3830 2414 3893 existit;
2443 3828 2533 3897 qui
2554 3842 2685 3881 vero
2712 3826 2763 3877 in
2794 3822 2998 3889 majore
3030 3815 3277 3887 portione
3305 3821 3388 3868 est
3412 3826 3578 3879 angu-

454 3920 463 3927 ⁸
562 3900 573 3988 Ι
623 3900 687 3988 \
792 3900 1072 3988 \
1991 3922 2095 3988 lus,
2136 3919 2313 3974 minor
2341 3924 2426 3972 est
2450 3924 2617 3970 recto.
2648 3913 2746 3980 Qui
2786 3919 2963 3964 autem
2996 3905 3048 3960 in
3076 3905 3286 3959 minore
3329 3900 3579 3971 portione

1990 4018 2074 4065 est
2093 4009 2340 4079 angulus,
2382 4006 2553 4073 major
2574 4012 2658 4059 est
2678 4011 2850 4064 recto,
2880 4007 2933 4054 et
2957 3995 3176 4066 majoris
3214 3992 3426 4064 quidem
3454 4006 3578 4062 por-

1988 4100 2149 4155 tionis
2172 4098 2423 4167 angulus,
2451 4104 2600 4150 recto
2630 4092 2802 4163 major
2830 4086 3043 4153 existit,
3074 4083 3298 4141 minoris
3326 4098 3453 4141 vero
3481 4096 3597 4184 anol

552 4186 597 4235 Ι)
781 4189 821 4237 Α
1595 4184 1631 4235 C
1987 4209 2004 4237 ι

1987 4192 2141 4237 cuius
2170 4196 2323 4237 recto
2354 4187 2551 4237 minor.
2809 4191 2813 4195 ”
3589 4196 3597 4208 ·

1987 4192 2141 4263 gulus
2170 4196 2323 4245 recto
2354 4187 2551 4242 minor.

353 4267 492 4321 Dato
514 4269 794 4325 rectilineo
832 4284 1043 4338 equum
1087 4284 1310 4325 necesse
1343 4278 1427 4324 est
1456 4268 1721 4323 collocare
1748 4281 1880 4320 oua-

273 4354 518 4411 dratum.

1414 4418 1459 4467 Η

1414 4498 1523 4539 r\
1903 4481 1955 4539 D

509 4785 809 5060 Α
852 4785 1510 5083 Mi

1275 5096 1425 5175 .-.Δ

435 5050 885 5183 _/_'____x
920 5050 1439 5241 LW.-_1.;

498 5275 570 5313 EX
608 5256 804 5316 TERTIO
844 5275 996 5315 LIBRO
1036 5276 1277 5316 EUCLIDIS
1316 5278 1665 5318 IEGABENSIS.

350 5347 413 5404 Si
445 5348 497 5402 in
528 5352 730 5404 circulo
760 5365 857 5417 per
881 5358 1123 5404 centrum
1163 5351 1300 5406 linea
1329 5352 1571 5423 quaedam
1597 5354 1877 5423 dirigatur,

268 5454 343 5495 ac
392 5439 675 5507 quamdam
708 5440 906 5492 lineam
950 5449 1152 5496 rectam
1187 5456 1292 5499 non
1342 5442 1394 5497 in
1432 5453 1620 5499 centro
1652 5446 1880 5514 positam

268 5529 333 5583 in
368 5526 504 5582 duas
532 5543 713 5601 aequas
743 5536 922 5597 partes
949 5539 1118 5595 secet,
1166 5546 1261 5600 per
1285 5542 1462 5588 rectos
1499 5549 1615 5588 eam
1663 5534 1888 5602 angulos

267 5627 451 5681 .ecat.
501 5616 568 5670 Et
612 5619 657 5672 si
689 5632 782 5686 per
829 5626 1006 5672 rectos
1053 5634 1171 5675 eam
1202 5622 1423 5692 angulos
1442 5633 1623 5691 secat,
1654 5624 1706 5679 in
1753 5622 1886 5678 duas

267 5719 407 5763 eam
433 5720 610 5776 :equas
637 5705 838 5762 dividet
873 5716 1075 5777 partes.
1644 5720 1647 5725 ί

920 4912 931 5171 1

953 5165 1272 5180 -ο-,Δ--ὀ-
