4200 6248
1362 342 1373 353 ’
1419 385 1727 445 ευυωυιε.
1762 386 1898 442 Geo

1994 380 2224 437 .TRICA.
2269 377 2395 432 LIB.
2438 374 2480 428 l.
3410 366 3569 425 1330

1895 508 1945 562 Α
2006 516 2007 519 η
2044 499 2102 551 In
2132 490 2497 564 superioribus
2521 499 2651 557 vero
2670 493 2874 540 uictum
2895 492 2978 538 est
3004 482 3071 537 ad
3094 483 3277 538 datum
3306 494 3561 551 punctum

1975 592 2118 646 datae
2155 598 2318 644 rectae
2363 586 2518 640 linea:
2560 581 2819 651 aequalem
2844 588 3045 635 rectam
3072 580 3268 635 lineam
3299 581 3570 636 collocare

1978 689 2249 751 oportere.
2275 677 2381 734 Sed
2404 674 2561 743 hujus
2586 672 2719 727 artis
2738 672 3052 741 expertibus
3075 671 3305 725 obscure
3331 672 3568 727 diilicul-
3634 710 3637 717 ς

1525 769 1572 824 Ἠ
1980 782 2190 842 terque.
2226 769 2331 825 Sed
2363 781 2461 821 nos
2486 765 2721 821 animum
2754 763 2972 819 lectoris
3000 762 3152 832 quasi
3180 763 3573 831 introduceudo
3627 758 3634 765 “

1983 864 2315 919 oblectantes
2344 860 2504 927 hujus
2528 857 2905 924 subsequentis
2928 854 3110 923 ﬁgurae
3132 854 3563 922 explanationem

1984 954 2176 1023 positis
2206 944 3154 1015 litterarumlinearumquenotulis
3199 942 3571 1014 patefacimus.
3674 933 3679 943 ’

323 595 1311 1462 ηε

1368 1478 1407 1526 Η
1714 1474 1753 1521 G

379 1552 509 1606 Nam
549 1552 725 1606 omnia
772 1565 1103 1621 quaecunque
1150 1558 1274 1604 sunt
1304 1563 1646 1603 numerorum
1680 1548 1888 1601 ratione

307 1660 404 1700 sua
433 1650 699 1700 constant.
731 1644 801 1698 Et
828 1644 1357 1713 proportionabiliter
1387 1642 1474 1697 alii
1505 1659 1569 1697 ex
1598 1643 1720 1696 aliis
1748 1656 1883 1695 con-

307 1737 600 1815 stituuntnr
623 1736 1070 1792 circumlerentite
1101 1735 1402 1804 mqualitate
1431 1734 1887 1803 multiplicationi-

309 1824 409 1878 bus
437 1827 551 1879 suis
596 1825 810 1895 quidem
850 1824 1196 1885 excedentes.
1228 1834 1389 1894 atque
1416 1824 1720 1878 alternatim
1755 1839 1879 1893 pro-

309 1916 645 1987 portionibus
675 1919 787 1971 suis
818 1918 1103 1970 terminnm
1137 1916 1413 1970 iacientes.

778 2003 850 2058 De
884 2005 1065 2072 ﬁguris
1093 2004 1431 2075 geometricis.

380 2096 550 2167 Supra
592 2097 882 2163 positarum
912 2096 1078 2165 igitur
1105 2095 1560 2163 speculationibus
1597 2096 1886 2163 figurarum

309 2186 378 2240 ab
406 2187 625 2240 Euclide
654 2187 923 2241 succincte
947 2186 1280 2257 obscureque
1307 2185 1529 2254 prolatis
1547 2225 1563 2250 ,
1593 2196 1646 2239 et
1676 2201 1705 2240 a
1738 2187 1892 2247 nobis

310 2276 530 2329 verbum
575 2276 826 2330 videlicet
872 2276 941 2330 de
993 2276 1157 2330 verbo
1210 2277 1636 2345 exprimentibus
1661 2278 1889 2337 strictim

310 2366 601 2433 translatis,
635 2367 875 2433 qumdam
894 2365 1130 2420 iteranda
1156 2367 1575 2434 repetendaque,
1604 2380 1661 2421 ut
1681 2368 1891 2432 animus

309 2456 527 2510 lectoris
551 2471 654 2510 non
682 2456 1010 2509 obscuritate
1045 2456 1400 2519 deterrentur,
1430 2456 1521 2509 sed
1549 2470 1578 2508 a
1606 2456 1757 2509 nobis
1798 2473 1891 2525 pn-

309 2548 415 2601 tius
435 2547 657 2615 alicujus
677 2547 908 2612 exempli
937 2547 1054 2601 luce
1081 2546 1250 2602 infusa
1275 2547 1591 2612 delectetur,
1618 2547 1887 2601 videntur.

309 2638 447 2691 Sunt
489 2636 631 2690 enim
669 2651 698 2688 a
738 2636 890 2689 nobis
933 2636 1189 2704 quzedam,
1224 2636 1347 2691 huic
1384 2639 1533 2702 operi
1583 2636 1889 2702 inserenda,

310 2725 438 2778 huic
465 2726 567 2779 arti
608 2725 761 2778 valde
791 2726 1113 2787 neccharia,
1144 2734 1197 2778 et
1220 2725 1540 2791 supradictis
1564 2727 1893 2794 responder—

1916 1899 1963 1958 Β

1986 1045 2071 1099 Sit
2090 1044 2303 1108 quidem
2331 1043 2514 1096 datum
2543 1048 2805 1109 punctum
2832 1041 2907 1105 At,
2941 1036 3064 1090 data
3095 1050 3223 1089 vero
3252 1045 3398 1089 recta
3429 1033 3573 1089 linea

1989 1137 2030 1191 Β
2058 1133 2133 1201 C,
2179 1141 2395 1200 Oportet
2439 1130 2602 1202 igitur
2626 1128 2692 1182 ad
2733 1135 2986 1196 punctum
3018 1128 3071 1179 A.
3092 1135 3252 1178 rectae
3282 1124 3437 1178 lineae
3466 1123 3506 1177 Β
3534 1123 3574 1178 C

1990 1241 2197 1296 mquam
2224 1235 2423 1278 rectam
2454 1223 2651 1277 lineam
2674 1219 2970 1283 collocare;
2994 1214 3315 1286 adjungatur
3339 1215 3481 1267 enim
3506 1213 3573 1267 ab

1992 1319 2263 1388 A'puncto
2286 1317 2361 1370 ad
2388 1316 2701 1383 Bpnnctum
2734 1319 2875 1365 recta
2906 1311 3045 1365 linea
3080 1323 3143 1362 ea
3179 1322 3300 1377 quae
3325 1315 3409 1361 est
3436 1310 3479 1361 Δ
3507 1307 3571 1378 Β,

1990 1418 2046 1464 et
2062 1408 2416 1463 constituatur
2435 1420 2596 1473 super
2628 1406 2669 1457 Α
2699 1403 2737 1461 Β
2761 1410 2959 1461 rectam
3000 1400 3193 1457 lineam
3212 1438 3226 1463 ,
3254 1397 3573 1467 triangulum

1988 1501 2355 1570 tequilaterutn
2378 1498 2515 1566 quod
2543 1505 2627 1551 est
2659 1497 2699 1548 ι)
2730 1496 2775 1549 Α
2805 1495 2862 1558 Β,
2896 1502 2949 1548 ει
2971 1492 3258 1562 ejiciantur
3288 1490 3341 1543 in
3369 1498 3571 1543 rectum

1991 1594 2035 1647 Β
2055 1595 2121 1659 Δ,
2155 1593 2196 1645 D
2219 1592 2278 1654 Β,
2310 1600 2472 1645 rectm
2501 1590 2678 1653 linem,
2703 1586 2770 1641 ad
2794 1590 2829 1639 Α
2859 1585 2904 1641 G
2922 1594 2987 1641 .et
3008 1585 3047 1639 Β
3074 1586 3149 1646 Μ’,
3171 1591 3226 1637 ει
3245 1589 3439 1635 centro‘
3457 1580 3573 1645 qni-

1989 1681 2111 1736 dem
2137 1681 2198 1748 Β,
2222 1679 2393 1748 spatio
2415 1687 2591 1732 autem
2618 1677 2657 1730 Β
2680 1676 2742 1739 C,
2764 1676 3000 1730 circulus
3025 1673 3362 1728 describatur
3385 1671 3426 1725 C
3447 1670 3487 1723 ιτ
3508 1669 3571 1734 Ε,

1989 1779 2044 1824 ει
2071 1783 2258 1824 rursus
2284 1766 2712 1836 centro'qnidem
2744 1766 2805 1830 Ι),
2836 1765 3011 1834 spatio
3032 1773 3207 1817 autem
3241 1764 3281 1816 Β
3308 1762 3369 1827 F,
3394 1762 3573 1817 circu-

1990 1861 2074 1915 lus
2119 1858 2449 1914 describatur
2480 1857 2519 1909 Ρ
2556 1856 2600 1909 Κ
2644 1856 2708 1909 L.
2748 1856 3011 1921 Quoniam
3064 1855 3221 1922 igitur
3252 1852 3292 1906 Β
3319 1860 3570 1921 punctum

1990 1962 2233 2008 centrum
2263 1960 2368 2018 est,
2401 1948 2447 2004 C
2475 1949 2515 2003 λε’
2534 1949 2817 2011 Εείτειιιὶ,
2850 1961 3002 2017 mqua
3025 1955 3107 2001 est
3131 1946 3172 1999 C
3206 1945 3245 1999 Β
3272 1946 3320 1999 ei
3347 1958 3464 2012 qua:
3492 1952 3574 1996 est

1991 2043 2034 2097 Β
2062 2044 2121 2096 F.
2149 2041 2351 2095 Rursus
2373 2040 2627 2109 quoniam
2654 2041 2692 2091 [)
2712 2046 2964 2105 punctum
2990 2044 3231 2090 centrum
3259 2045 3361 2101 est,
3392 2034 3431 2088 F
3461 2033 3501 2087 L
3528 2031 3573 2086 Κ

1992 2134 2199 2195 circuli,
2231 2147 2381 2201 aequa
2408 2142 2490 2184 est
2522 2131 2561 2183 ῐ)
2594 2131 2632 2183 ι,
2656 2130 2705 2184 ei
2735 2145 2855 2199 qua:
2880 2138 2964 2183 cst
2994 2129 3033 2181 D
3067 2128 3123 2181 F.
3153 2126 3388 2192 Quarum
3423 2139 3574 2192 ιείιιιι

1993 2235 2075 2279 cst
2118 2224 2157 2276 D
2188 2224 2231 2277 Α
2261 2223 2307 2275 ei
2336 2237 2454 2290 qua:
2480 2232 2560 2273 est
2592 2221 2630 2271 D
2657 2221 2697 2272 Β
2717 2259 2733 2285 ,
2765 2220 3129 2287 :equilaterum
3171 2214 3312 2269 enim
3341 2213 3575 2281 triangu-

1999 2316 2110 2367 lum
2136 2321 2220 2366 est
2246 2311 2298 2364 id
2329 2311 2470 2377 quod
2501 2318 2585 2362 est
2621 2309 2661 2361 D
2691 2312 2731 2361 Α
2771 2307 2829 2363 Β.
2865 2307 3087 2374 Reliqua
3119 2305 3280 2376 igitur
3305 2306 3346 2357 A
3379 2304 3419 2358 L
3450 2303 3574 2357 reli-

2000 2418 2120 2473 qua:
2148 2402 2188 2456 Β
2214 2400 2253 2455 F
2290 2398 2475 2455 existit
2516 2398 2761 2465 mqualis.
2792 2396 2896 2451 Sed
2924 2407 2974 2450 et
3006 2398 3043 2449 Β
3074 2396 3112 2450 ιτ
3144 2398 3191 2450 ei
3223 2409 3340 2464 qua:
3368 2403 3450 2448 est
3473 2393 3512 2446 Β
3534 2393 3575 2446 C

2001 2509 2148 2562 inqua
2179 2507 2300 2547 esse
2332 2498 2625 2544 monstrata
2657 2497 2762 2542 est.
2795 2487 2862 2541 Et
2893 2488 2931 2540 Β
2954 2484 2995 2540 C
3022 2487 3070 2541 ei
3094 2501 3213 2562 qua:
3234 2493 3318 2539 est
3341 2483 3390 2540 Α
3410 2483 3449 2537 ι.
3474 2482 3577 2537 erit

2000 2586 2237 2653 arqualis.
2266 2582 2345 2636 Ad
2376 2581 2556 2635 datum
2579 2580 2741 2649 igitur
2761 2586 3012 2647 punctum
3041 2577 3098 2631 id
3114 2574 3254 2646 quod
3272 2584 3353 2630 est
3376 2576 3417 2628 Α
3438 2574 3576 2627 datm

2002 2683 2163 2727 rectm
2192 2673 2351 2725 lineae
2376 2672 2424 2725 ei
2448 2685 2567 2739 quae
2596 2678 2680 2722 est
2708 2669 2747 2721 Β
2772 2666 3018 2736 (Ξκωίιυα
3050 2667 3220 2722 locata
3250 2675 3333 2721 est
3360 2680 3421 2719 ea
3457 2680 3577 2734 qua

2003 2772 2087 2819 est
2112 2758 2152 2817 λ
2189 2763 2227 2816 L
2244 2803 2258 2827 ,
2281 2760 2421 2832 quod
2442 2757 2925 2829 Oportebatiacere
2947 2766 3003 2811 ut
3022 2757 3264 2825 subjecta
3285 2754 3577 2825 descriptio

313 2814 411 2878 tia,
451 2824 504 2868 et
533 2812 981 2881 subsequentibus
1014 2814 1417 2876 convenientia,
1454 2814 1520 2866 ad
1549 2830 1668 2882 quae
1701 2815 1897 2869 intelli-
2005 2812 2185 2912 ὧῐίὲι

311 2906 485 2975 genda
513 2907 812 2976 quicunque
842 2905 895 2957 in
920 2914 1226 2958 nostrorum
1250 2906 1708 2962 arithmeticorum
1740 2910 1894 2962 theo-

297 3002 609 3076 rematibus
649 3002 940 3055 instructus
978 2998 1284 3062 accesserit,
1328 2999 1645 3070 expeditiori
1694 3001 1893 3055 intelli-

312 3095 495 3164 gentia
526 3093 759 3149 ducitur.

387 3186 755 3256 Supradictum
781 3184 940 3255 igitur
962 3192 1065 3249 est,
1089 3198 1249 3251 supra
1275 3183 1452 3238 datam
1482 3193 1678 3247 rcCtam
1704 3185 1894 3238 lineam

313 3278 658 3334 terminatam
736 3272 1055 3341 triangulum
1136 3273 1503 3343 azquilaterum
1575 3276 1900 3328 constituere
1926 3264 1975 3324 C

313 3376 597 3439 oportere,
616 3363 731 3419 sed
762 3356 921 3417 nimis'
944 3361 1200 3429 involute,
1229 3377 1332 3430 qua
1354 3362 1420 3416 de
1444 3377 1511 3426 re
1533 3362 1688 3433 hujus
1717 3378 1897 3417 exem-

314 3459 394 3529 pli
423 3465 603 3512 notam
633 3455 978 3524 subjecimns.
1018 3452 1097 3506 Sit
1125 3452 1245 3505 data
1275 3461 1419 3507 recta
1448 3453 1587 3508 linea
1618 3454 1897 3508 terminata

312 3554 362 3605 Δ
401 3551 466 3615 Β,
496 3556 707 3616 Oportet
732 3546 897 3615 igitur
923 3559 1083 3612 super
1105 3558 1222 3598 eam
1248 3559 1365 3613 qua:
1391 3553 1475 3599 est
1510 3546 1551 3599 A
1595 3545 1635 3598 Β
1665 3545 1901 3616 triangu-

312 3638 823 3708 lummquilaterum
852 3638 1209 3700 constituere.
1262 3645 1316 3690 et
1365 3646 1551 3691 centro
1579 3636 1793 3705 quidem
1822 3638 1862 3691 A
1882 3678 1898 3703 ,

311 3732 498 3805 spatio
521 3741 648 3783 vero
677 3726 721 3781 Α
742 3726 815 3786 Β,
847 3725 1079 3780 circulus
1101 3727 1362 3779 scribatur
1392 3727 1430 3778 Β
1460 3725 1499 3778 C
1531 3724 1573 3780 Ε
1605 3726 1666 3780 D.
1696 3726 1759 3781 Et
1784 3743 1901 3780 rur-

311 3838 419 3880 sus
448 3828 638 3875 centro
676 3817 737 3881 Β,
768 3816 943 3884 epatio
968 3826 1147 3870 autem
1178 3818 1217 3868 A
1254 3816 1315 3880 Β,
1362 3817 1594 3871 circulus
1639 3818 1902 3873 scribatur

312 3910 445 3970 AtC
468 3909 507 3965 F
534 3908 597 3972 D,
628 3915 685 3961 et
712 3905 779 3959 ab
812 3918 877 3959 eo
906 3903 1379 3974 puncto—quodiest
1408 3906 1477 3969 ϐ,
1503 3921 1609 3973 quo
1634 3921 1693 3959 se
1720 3907 1903 3961 circuli

312 4001 603 4064 dividunt,
631 3998 695 4051 ad
736 4011 796 4052 ea
828 4003 1024 4064 puncta
1056 4010 1176 4063 qua:
1201 4004 1327 4049 sunt
1350 3996 1395 4052 Δ
1424 3997 1496 4061 Β,
1529 3995 1901 4066 adjungantur.

314 4090 694 4149 Rectaavlinete
732 4086 774 4140 (Ξ
813 4090 875 4150 A,
905 4086 945 4139 (Ξ
978 4086 1035 4139 Β.
1086 4085 1343 4150 Quoniam
1392 4087 1552 4156 igitur
1579 4090 1625 4142 Α
1657 4097 1905 4156 punctum

314 4191 571 4240 centrum
597 4188 702 4243 est,
738 4177 776 4230 Β
798 4176 838 4230 C
864 4177 902 4233 Ε
930 4176 969 4229 D
989 4176 1198 4241 circuli,
1227 4192 1375 4247 :nqua
1408 4191 1490 4233 est
1522 4184 1568 4234 Α
1614 4180 1655 4234 Β
1697 4183 1746 4236 ei
1789 4198 1908 4253 qua:

312 4286 407 4334 est
438 4274 489 4330 Δ
517 4271 577 4325 C.
612 4271 844 4329 Rursus,
873 4270 1120 4336 quoniam
1158 4271 1196 4322 Β
1224 4283 1475 4337 punctum
1519 4285 1601 4328 est
1643 4278 1905 4346 centrum,

289 4372 361 4443 ξλ
396 4366 446 4421 C
471 4364 509 4418 F
542 4363 586 4416 Ι)
615 4360 799 4415 circuli
821 4369 1075 4427 mquaest
1110 4360 1149 4412 Β
1172 4362 1216 4413 Α
1249 4362 1297 4415 ci
1318 4377 1437 4430 quin
1465 4375 1547 4417 est
1569 4365 1609 4417 Β
1635 4364 1696 4419 C.
1732 4366 1836 4422 Sed
1858 4379 1912 4424 et

314 4463 358 4514 Α
396 4457 444 4510 Β
470 4454 520 4508 ei
551 4466 669 4521 qua:
690 4448 835 4504 estC
866 4448 913 4500 At
937 4463 1095 4515 mqua
1113 4462 1234 4501 esse
1254 4459 1555 4505 monstrata
1585 4462 1668 4508 est
1687 4462 1745 4509 et
1770 4458 1816 4513 A
1844 4456 1907 4512 (Σ.

314 4551 496 4619 Igitur
523 4546 572 4599 ei
603 4556 724 4612 qua:
764 4547 848 4594 est
877 4536 926 4591 Β·
946 4538 986 4591 C
1012 4538 1116 4589 erit
1148 4540 1387 4604 aequalis.
1428 4541 1562 4597 Tres
1602 4545 1763 4613 igitur
1792 4563 1912 4619 qua:
1943 4557 1998 4615 1)

314 4650 457 4697 sunt
483 4636 524 4690 Β
550 4639 615 4699 Α,
649 4639 689 4687 Δ
718 4632 780 4695 Β,
808 4630 848 4684 Β
875 4630 943 4695 0,,
966 4643 1084 4696 quae
1103 4626 1202 4680 sibi
1226 4629 1450 4685 invicem
1472 4643 1617 4702 sunt,
1640 4638 1910 4707 aaquilate-

317 4749 449 4789 rum
483 4728 642 4799 igitur
669 4734 751 4779 est
782 4723 821 4776 C
852 4720 894 4774 Α
929 4721 966 4772 Β
974 4719 1332 4799 triangulttm.
1368 4722 1433 4776 Et
1457 4728 1802 4785 constitutum
1831 4742 1915 4787 est

318 4791 696 4890 supra'dalam
722 4824 922 4867 rectam
951 4791 1144 4866 lineam
1171 4813 1510 4873 terminatam
1544 4831 1663 4873 eam
1694 4834 1814 4890 qua:
1834 4835 1919 4885 est

317 4916 453 4977 AB.
478 4912 619 4983 quod
649 4905 927 4976 Oportebat
956 4901 1152 4961 iacere.

2584 3534 3108 3952 λ

2435 3761 3025 4081 3,,

2438 4504 2667 4629 κίε,

2396 4703 2444 4751 δ’
2826 4754 2880 4797 n

2421 4900 2460 4948 ε
2608 4888 2684 4944 Α.
3084 4938 3087 4939 ν

2096 5183 2280 5238 Tertio
2301 5186 2461 5255 igitur
2490 5186 2608 5241 loco
2627 5186 2876 5254 superius
2895 5182 2963 5235 ah
2989 5179 3207 5236 Euclide
3232 5176 3495 5245 prolatum
3530 5187 3614 5251 est

2028 5275 2233 5331 duabus
2266 5278 2424 5332 rectis
2454 5278 2608 5331 lineis
2640 5277 2696 5329 in
2723 5274 3017 5344 :equalibus
3041 5266 3324 5340 propositis
3346 5278 3376 5318 ι
3403 5256 3610 5326 majore

2032 5366 2220 5421 minori
2252 5382 2457 5437 aequam
2502 5377 2699 5423 rectam
2735 5366 2925 5419 lineam
2954 5360 3267 5417 abscindere
3293 5354 3607 5420 convenire,

2031 5455 2122 5509 sed
2150 5457 2310 5511 nimis
2335 5458 2585 5517 strictim.»
2617 5456 2765 5511 etob
2792 5454 2846 5508 id
2867 5452 3090 5508 confuse
3104 5449 3475 5516 involuteque.
3496 5445 3607 5499 Nt-s

2026 5562 2155 5602 vero
2182 5558 2240 5603 ut
2264 5548 2475 5603 animus
2513 5547 2728 5603 lectoris
2766 5544 2832 5599 ad
2864 5541 3194 5598 enodatioris
3241 5538 3604 5608 intelligentia:

2025 5654 2297 5695 accessum
2317 5682 2331 5706 ,
2360 5640 2511 5709 quasi
2536 5637 2851 5710 quibusdam
2883 5634 3134 5707 gradibus
3161 5632 3416 5697 ducatur,
3451 5629 3605 5702 hujus

2022 5729 2441 5798 descriptionem
2489 5729 2732 5786 formula:
2772 5727 3120 5799 subjecimns.
3162 5725 3282 5783 Sint
3316 5723 3453 5782 data!
3483 5720 3607 5782 dum
3678 5799 3696 5817 κ

2023 5829 2182 5875 rectae
2216 5819 2391 5875 linem.

563 5066 1764 5869 ᾧ
