4212 6246
610 330 745 389 1531

1768 337 1877 392 ΑΝ.
1920 337 2129 394 ΜΑΝι.
2171 336 2321 395 SEV.
2364 336 2667 394 BOETIUS.

2351 190 2375 217 ο

3719 323 3868 377 1⁸533

675 444 965 516 Ιηωειιιεὶεε
994 448 1035 503 Α
1061 448 1170 505 BC
1201 448 1265 518 D,
1296 455 1360 504 et
1374 448 1445 503 sit
1467 446 1637 519 maior
1663 449 1706 504 A
1749 451 1810 517 B,
1840 459 2054 520 oportet
2076 452 2174 522 igi-
2202 454 2254 512 Α
2348 450 2552 503 Acutus
2576 454 2753 500 autem
2783 442 3010 514 angulus
3052 450 3136 497 est
3174 435 3532 509 compressior
3560 443 3733 499 recto,
3766 437 3863 502 qui

605 550 692 596 tur
714 557 743 596 a
779 543 981 614 majore
1008 544 1052 598 Α
1082 544 1123 599 Β
1152 544 1347 600 minori
1372 544 1414 601 (ἶ
1443 544 1486 600 D
1513 554 1717 615 aequam
1741 545 1938 601 lineam
1968 546 2177 602 abscin-

506 651 513 660 ε
603 633 762 698 dere;
810 633 1101 689 collocetur
1138 635 1280 690 enim
1329 635 1396 691 ad
1445 636 1497 691 Α
1533 646 1783 707 punctum
1829 638 1880 693 ei
1928 652 2047 707 qua:
2096 645 2185 692 est

602 722 643 776 (Ξ
685 723 725 776 D
770 740 919 793 aequa
959 740 1021 781 ea
1069 742 1187 796 quae
1231 736 1311 782 est
1349 728 1394 783 A
1442 728 1507 783 Ε.
1550 728 1617 783 Ει
1654 738 1841 784 centro
1881 729 1958 795 A,
2005 729 2177 797 spatio

600 828 732 868 vero
759 815 801 868 A
838 815 900 879 Ε,
934 816 1165 871 circulus
1194 818 1525 874 describatur
1551 818 1593 874 Ε
1621 818 1666 873 G
1695 819 1757 885 F,
1798 820 2047 887 quoniam
2079 818 2176 889 igi-

602 917 690 957 tur
712 907 752 957 A
778 916 1032 972 punctum
1063 915 1307 963 centrum
1337 918 1420 964 est
1447 908 1490 964 E
1511 909 1623 963 GF
1672 910 1879 974 circuli,
1914 924 2067 979 requa
2095 917 2177 964 est

598 999 644 1050 Α
670 998 710 1050 E
743 1000 791 1053 ei
816 1015 935 1070 quae
965 1007 1047 1055 est
1070 1001 1113 1055 A
1140 1000 1207 1057 G.
1241 1001 1347 1058 Sed
1372 1002 1486 1058 etC
1517 1002 1557 1057 D
1581 1002 1633 1058 ei
1660 1016 1780 1072 qua:
1807 1011 1889 1057 est
1918 1002 1961 1056 A
1990 1001 2031 1055 E
2062 1011 2180 1056 erat

598 1088 819 1154 aqualis
842 1130 857 1152 ,
890 1097 949 1144 et
967 1088 1008 1144 C
1039 1090 1082 1143 D
1110 1092 1159 1146 ei
1186 1107 1305 1160 quas
1331 1105 1414 1150 est
1436 1094 1478 1148 Δ
1503 1092 1548 1148 G
1568 1094 1669 1148 erit
1688 1092 1930 1162 aequalis.
1963 1090 2178 1146 Duabus

598 1178 761 1246 igitur
805 1180 944 1235 datis
990 1182 1150 1237 rectis
1181 1182 1337 1238 lineis
1374 1183 1728 1253 inaequalibus
1772 1182 1851 1238 eis
1896 1196 2015 1251 quae
2057 1190 2183 1235 sunt

594 1272 643 1325 Λ
677 1269 737 1335 Β,
767 1271 807 1326 C
828 1272 891 1337 D,
921 1286 951 1324 a
981 1272 1185 1343 majore
1201 1289 1320 1344 qua:
1344 1277 1487 1330 estA
1512 1275 1574 1342 Β,
1606 1273 1797 1329 minori
1825 1287 1944 1343 quae
1960 1280 2038 1327 est
2055 1271 2096 1327 (Ξ
2115 1270 2177 1336 D,

598 1362 823 1431 aequalis
852 1363 1030 1419 abcisa
1061 1373 1144 1421 εει
1168 1380 1230 1421 ea
1256 1382 1377 1436 quae
1406 1379 1488 1422 est
1516 1368 1561 1421 A
1590 1367 1657 1435 (ἓ,
1710 1366 1852 1435 quod
1897 1363 2189 1435 oportebat

601 1448 795 1507 iacere.

1675 2071 1701 2086 ,
1724 2025 1761 2074 F'

1628 2820 1768 3023 “\

1780 3069 1835 3116 η,

668 3522 762 3575 llis
791 3522 950 3576 etiam
979 3521 1391 3587 compendiosis,
1425 3530 1481 3576 et
1513 3532 1687 3576 tamen
1720 3522 1874 3591 hujus
1919 3523 2049 3577 artis
2081 3540 2178 3577 ru-

600 3611 754 3665 dibus
810 3611 1224 3678 pernecessariis
1270 3612 1749 3668 introductionibus
1785 3616 1950 3667 lector
1993 3614 2171 3668 initia-

599 3714 705 3771 tus,
749 3704 791 3757 si
841 3703 893 3756 in
940 3701 1204 3771 aliquibus
1246 3703 1491 3771 superius
1537 3703 1825 3773 propositis
1873 3704 2174 3759 vacillando

599 3794 904 3861 abhorreat,
930 3809 1024 3863 per
1040 3807 1099 3848 se
1120 3793 1321 3848 similes
1343 3792 1631 3862 ﬁgurarum
1652 3795 2037 3864 descriptiones
2055 3794 2173 3849 sine

599 3889 773 3941 omnis
815 3886 1179 3956 impedimenti
1206 3886 1599 3942 reclamatione
1641 3888 1950 3943 adinvenire
1999 3897 2177 3957 pOtest

598 3986 651 4028 et
675 3992 1015 4045 componere.

669 4089 773 4141 Sed
799 4089 908 4156 jam
934 4104 1066 4155 cpus
1088 4099 1171 4142 est
1196 4091 1260 4143 ad
1285 4092 1673 4159 geometricalis
1705 4106 1902 4144 mensa:
1932 4093 2173 4147 traditio-

601 4191 722 4227 nem
771 4178 838 4227 ah
884 4176 1101 4229 Archita
1155 4192 1259 4229 non
1304 4179 1521 4231 sordulo
1564 4179 1719 4247 hujus
1748 4180 2040 4245 disciplina;
2079 4196 2175 4233 au-

600 4276 748 4317 ctore
790 4264 978 4317 Latino
1008 4265 1460 4318 accommodatam
1488 4268 1687 4328 venire,
1711 4269 1755 4320 si
1788 4269 1934 4335 prius
1966 4271 2176 4334 prmmi-

596 4369 738 4419 sero,
781 4354 923 4422 quod
954 4355 1058 4408 sint
1084 4369 1275 4426 genera
1306 4356 1646 4423 angulorum,
1683 4366 1738 4412 et
1780 4358 2090 4424 linaaarutn,
2120 4368 2176 4413 et

599 4462 764 4513 pauca
794 4446 977 4500 dixero
1008 4447 1075 4501 de
1105 4447 1497 4500 summitatibus
1526 4457 1579 4502 et
1602 4449 2046 4504 extremitatibus.

672 4562 1087 4616 Rationabilium
1133 4576 1261 4631 ergo
1306 4562 1619 4627 angulorum
1652 4578 1843 4633 genera
1886 4574 2010 4619 sunt
2040 4566 2136 4619 tria
2158 4607 2172 4627 ,
2204 4539 2257 4597 Ῐ)

600 4653 700 4708 huc
748 4663 831 4707 est
881 4664 1105 4717 rectum,
1141 4654 1325 4717 hebes,
1359 4664 1593 4716 acutum,
1628 4662 1685 4708 et
1726 4654 1927 4709 habens
1968 4655 2173 4724 species

600 4760 789 4809 novem
820 4763 830 4795 :
856 4755 961 4798 tres
983 4754 1244 4799 rectarum
1268 4744 1548 4806 linearum,
1574 4752 1683 4798 tres
1702 4754 1879 4799 autem
1908 4758 2172 4800 rectarum

564 4845 652 4888 κει
678 4835 1187 4899 circuuil‘crentium,
1225 4842 1280 4887 et
1319 4842 1429 4888 tres
1467 4832 1676 4887 hebetis
1704 4844 1759 4887 et
1787 4835 2174 4889 circumferen-

598 4934 747 4976 ιιυιιι.
1030 4941 1045 4945 ”

672 5036 865 5089 Rectus
890 5035 1114 5106 angulus
1139 5043 1222 5089 εει
1242 5035 1658 5104 orthigrammns
1677 5077 1691 5093 .
1739 5034 1788 5086 id
1815 5044 1896 5087 est
1918 5035 2080 5089 rectis
2104 5034 2167 5087 li-

542 5134 545 5137 '
598 5127 715 5179 neis
741 5125 1180 5192 comprehensus,
1211 5125 1396 5179 Latine
1418 5124 1671 5179 normalis
1692 5126 2005 5193 appellatus.
2027 5126 2173 5192 Quo-

540 5232 543 5233 '
598 5220 736 5270 tiens
783 5232 911 5270 vero
955 5229 1097 5271 recta
1143 5217 1280 5270 linea
1325 5231 1486 5285 super
1531 5228 1729 5271 rectam
1773 5215 1965 5269 lineam
1998 5227 2170 5281 stans,

599 5326 754 5375 pares
781 5312 1001 5379 angulos
1032 5310 1238 5376 fecerit,
1263 5321 1315 5364 et
1346 5313 1483 5363 linea
1509 5308 1966 5378 perpendicularis
1986 5308 2169 5378 juncta

597 5405 779 5468 fuerit,
812 5406 1007 5459 efﬁciet
1033 5404 1417 5473 rectiangnlum
1449 5402 1789 5473 triargulum.

674 5518 846 5572 llebes
873 5517 1097 5590 angulus
1124 5526 1203 5571 est
1232 5517 1353 5586 plus
1384 5517 1659 5578 normahs,
1695 5512 1798 5570 hoc
1828 5524 1911 5570 est
1936 5515 2168 5570 rectian-

596 5609 704 5681 guli
732 5610 1045 5676 positionem
1077 5610 1365 5667 excedens,
1398 5610 1516 5678 quia
1565 5617 1615 5662 et
1660 5623 1701 5661 ει
1747 5608 2045 5677 triangulus
2090 5621 2170 5659 sc—

597 5699 833 5752 entulum
864 5700 998 5752 hanc
1030 5699 1346 5767 positionem
1375 5699 1693 5753 constitutus
1725 5696 1912 5763 fuerit,
1949 5710 2175 5766 perpen-

596 5784 858 5847 dicularis
889 5799 1037 5845 extra
1068 5788 1319 5844 ﬁnitimas
1349 5789 1517 5844 lineas
1542 5788 1841 5843 habebitur.

2278 541 2335 596 si
2354 555 2383 593 a
2417 547 2562 595 recta
2590 538 2728 592 linea
2769 550 2890 605 quas
2910 534 3081 611 sedis
3104 532 3222 587 loco
3248 528 3409 584 fuerit
3430 533 3633 581 rectam
3656 525 3865 577 lineam

2279 631 2571 688 secundum
2615 642 2766 682 suam
2815 625 3217 680 inclinationem
3256 618 3536 682 emiserit,
3584 614 3864 684 similique

2278 722 2604 779 cohibitione
2624 727 2824 774 rectam
2852 719 3046 773 lineam
3078 717 3131 770 in
3153 726 3431 769 occursum
3453 708 3749 777 exceperit,
3775 706 3864 761 ef-

2278 814 2418 868 ﬁciet
2447 808 2768 879 triangulum
2798 810 2887 879 qui
2928 800 3604 878 perpendicularem‘intra
3641 807 3753 853 tres
3792 795 3861 851 li-

2278 920 2405 961 neas
2428 902 2674 999 habebit-

3056 1084 3123 1163 l\

2756 1184 2765 1189 λ
2846 1166 3298 1366 Δ

2852 1651 3255 1908 Δ

2345 2083 2629 2138 Linearum
2659 2100 2787 2139 vero
2816 2096 3014 2154 genera
3043 2088 3168 2134 sunt
3198 2080 3319 2147 tria,
3353 2087 3581 2145 rectum,
3625 2093 3859 2135 crcum-

2276 2172 2470 2240 ferens,
2498 2175 2814 2231 ﬂexuosum.

2342 2264 2504 2319 Recta
2530 2266 2666 2320 linea
2694 2266 2872 2335 itaque
2906 2270 2989 2317 est
3024 2276 3145 2331 qua:
3173 2260 3447 2329 arqualiter
3482 2259 3535 2312 iu
3558 2260 3669 2312 suis
3690 2256 3857 2327 signis

2273 2356 2443 2423 posita
2463 2366 2567 2421 est,
2586 2370 2711 2425 qua}
2733 2352 3008 2423 aequaliter
3026 2352 3076 2406 in
3092 2350 3311 2421 planitie
3329 2350 3494 2419 posita
3514 2364 3617 2402 non
3630 2363 3853 2403 concur—

2262 2427 2362 2495 rit.
2379 2444 2770 2498 Circumferens
2784 2459 2910 2499 vero
2926 2445 3069 2497 linea
3086 2442 3340 2509 estcuius
3362 2440 3510 2509 signa
3535 2455 3602 2493 ex
3635 2450 3853 2508 utraque

2276 2545 2425 2599 parte
2453 2542 2690 2597 curvata,
2721 2544 2773 2586 et
2797 2546 2840 2584 a~
2864 2548 2923 2587 se
2966 2532 3189 2585 invicem
3214 2530 3466 2583 distantia
3494 2545 3597 2582 non
3626 2545 3855 2583 concur-

2279 2630 2425 2689 runt,
2458 2640 2577 2693 qua:
2614 2625 2760 2694 signa
2805 2624 2851 2678 si
2896 2625 3263 2686 convenerint,
3314 2622 3547 2676 circulus
3600 2638 3705 2676 non
3754 2623 3854 2675 cir-

2277 2713 2578 2767 cumferens
2633 2714 2771 2768 linea
2822 2714 2981 2767 debet
3038 2712 3316 2781 appellari.
3373 2712 3633 2765 Flexuosa
3674 2721 3853 2765 autem

2277 2801 2417 2857 linea
2449 2812 2552 2869 est,
2578 2803 2919 2857 multiformis
2950 2803 3095 2857 velut
3124 2801 3375 2854 arborum
3416 2808 3509 2852 aut
3552 2799 3849 2861 ﬂuminum.

2277 2905 2591 2948 cmteroruut
2620 2896 2915 2964 signorum,
2963 2895 3014 2947 in
3042 2908 3265 2962 quorum
3305 2891 3651 2945 similitudine
3677 2898 3732 2942 et
3756 2902 3849 2942 ar-

2278 2985 2582 3038 oisiniorum
2614 3000 2863 3053 agrorum
2895 2983 3072 3036 linitur
3103 2982 3435 3044 extremitas,
3468 2989 3524 3033 et
3558 2980 3849 3033 multorum

2278 3091 2393 3144 qua:
2414 3076 2657 3129 similiter
2685 3076 2736 3128 in
2760 3090 2910 3144 aequa
2938 3075 3075 3127 linea
3104 3083 3230 3127 sunt
3260 3073 3482 3126 formata
3515 3069 3849 3123 naturaliter.

2199 3165 2244 3230 Ε
2346 3165 2717 3219 Summitatum
2761 3165 2920 3233 igitur
2948 3180 3141 3233 genera
3171 3170 3294 3217 sunt
3320 3160 3448 3222 duo.
3493 3159 3769 3213 summitas
3795 3166 3850 3215 et

2276 3254 2429 3320 plana
2460 3255 2765 3310 summitas.
2808 3253 3096 3310 Summitas
3125 3264 3205 3309 est
3225 3253 3516 3307 secundum
3564 3248 3852 3319 geometri-

2272 3359 2386 3396 cam
2446 3345 2854 3412 appellationem
2895 3361 3013 3414 qum
3074 3344 3407 3413 longitudine
3456 3339 3849 3408 latitudineque

2255 3422 2626 3502 (protenditur.

2849 4171 3296 4211 κω

2948 4285 3186 4360 silmitas

2850 4376 3285 4486 Ξ

2348 4608 2676 4662 Summitatis
2703 4617 2879 4661 autem
2910 4607 3044 4660 lines
3070 4605 3228 4660 linea:
3258 4616 3400 4661 sunt.

2350 4699 2511 4753 Plana
2542 4714 2669 4753 vero
2692 4698 2970 4752 summitas
3020 4704 3104 4752 est
3128 4712 3248 4766 qua:
3274 4696 3548 4766 aequaliter
3598 4696 3764 4752 rectis
3792 4698 3827 4752 li

2278 4792 2394 4846 neis
2415 4790 2653 4859 undique
2680 4804 2896 4844 versum
2928 4788 3127 4842 ﬁnitur.

2349 4880 2596 4935 Omnium
2647 4891 2824 4933 autem
2889 4879 3256 4933 summitatum
3315 4879 3367 4932 in
3416 4878 3699 4933 vintiundo
3737 4878 3850 4936 dure

2281 4979 2406 5024 sunt
2433 4971 2864 5033 observationes,
2896 4970 3131 5023 enormis
3152 4979 3207 5023 et
3236 4970 3412 5038 liquis.

2358 5062 2605 5114 Enormis
2640 5074 2771 5114 vero
2798 5071 2901 5126 est,
2935 5074 3055 5129 qua:
3094 5073 3189 5127 per
3216 5074 3376 5113 omne
3416 5058 3553 5113 latus
3606 5058 3769 5111 rectis
3802 5058 3848 5109 li

2279 5149 2396 5204 neis
2423 5150 2752 5205 continetur.

2350 5239 2530 5308 Liqu's
2555 5250 2731 5293 autem
2758 5249 2841 5294 est
2887 5256 3006 5308 qua:
3036 5238 3311 5293 minuendi
3344 5238 3541 5293 laboris
3580 5252 3763 5305 causa,
3808 5243 3860 5293 et

2279 5330 2425 5384 salva
2457 5340 2725 5385 rectorum
2752 5331 3069 5401 angulorum
3098 5331 3331 5397 ratione,
3378 5332 3670 5385 secundum
3714 5331 3858 5399 ipsa:

2279 5420 2648 5475 extremitates
2679 5420 3033 5474 subtenditur.

2351 5510 2759 5565 Extremitatum
2785 5512 2981 5580 quippe
3004 5527 3197 5579 genera
3228 5521 3354 5565 sunt
3374 5511 3502 5575 duo,
3529 5527 3690 5565 unum
3722 5510 3858 5578 quod

2284 5617 2380 5669 pro
2412 5605 2617 5672 rigore,
2648 5615 2701 5657 et
2731 5606 2957 5658 alterum
2986 5604 3127 5671 quod
3177 5611 3422 5657 servatur
3455 5619 3548 5669 pro
3597 5604 3854 5657 ﬂexuoso.

2280 5695 2444 5764 Rigor
2473 5703 2555 5748 cst
2574 5695 2830 5764 quidquid
2874 5695 3011 5747 inter
3039 5694 3145 5748 duo
3174 5694 3322 5764 signa
3350 5694 3509 5749 vcluti
3555 5695 3608 5747 in
3642 5692 3853 5748 modum

2280 5786 2431 5841 linea:
2463 5786 2720 5841 directum
2758 5784 3103 5855 prospicitur.
