2100 3124
699 159 852 189 EUCLIDIS
871 158 1100 188 GEODIETRICA.
1121 156 1185 184 LIB.
1206 155 1225 183 ῐ.

186 221 345 247 Floxuosuru
359 225 422 246 vero
435 223 477 246 est
493 217 620 252 quidquid
642 216 786 244 secundum
812 219 932 243 naturam
946 217 973 246 Α

150 268 268 294 locorum
282 269 418 292 curvatur.
433 264 498 291 Nam
513 264 582 298 quod
596 263 623 290 in
639 270 702 297 agro
715 270 730 289 a
740 269 859 296 messore
873 268 936 295 ope-

151 313 187 341 ris
200 318 280 339 causa
298 310 332 338 ad
343 313 421 337 tinem
437 310 566 337 directum
581 309 669 340 fuerit,
686 309 758 343 rigor
778 307 936 341 appellatur,

150 357 277 391 quidquid
291 356 324 383 ad
338 356 433 383 horum
450 355 623 382 imitationem
639 354 665 381 in
685 353 770 380 forma
797 352 935 383 scribitur,

152 403 220 430 tinea
231 401 389 436 appellatur.

189 468 247 495 Bini
258 469 361 502 rigores
372 472 443 499 sunt,
459 465 566 501 quando
584 465 696 499 singulis
713 463 807 498 spatiis
822 463 940 491 interve-

154 514 290 544 nientibus
303 513 425 544 tendunt,
443 516 471 538 ut
482 512 576 538 itinera
592 511 750 545 plerumque
760 514 885 544 pergunt.

189 580 272 607 Nosse
292 584 379 606 autem
395 578 473 612 hujus
487 577 553 604 artis
578 573 779 610 despicientem,
805 574 867 609 quid
888 574 941 601 sint

155 625 239 660 digiti,
255 624 317 659 quid
331 624 447 656 articuli,
461 623 524 657 quid
539 622 689 656 compositi,
715 621 778 655 quid
806 620 940 652 incompo-

156 670 201 697 siti
213 670 326 701 numeri,
342 669 405 703 quid
431 667 659 701 multiplicatores,
677 665 775 700 quidve
800 664 938 695 divisores,

157 716 190 743 ad
206 715 285 750 hujus
300 715 394 742 forma:
416 713 641 749 speculationem,
658 718 736 746 quam
752 718 843 738 sumus
860 709 942 737 tradi-

157 762 220 796 turi,
237 765 355 796 oportet.

193 838 293 873 Digitos
306 844 370 865 vero
383 843 556 871 quoscunque
569 834 637 862 infra
652 834 766 868 primum
776 832 899 865 limitem,
916 831 942 858 id

158 888 200 912 est
214 890 306 910 omnes
321 889 387 917 quos
401 882 434 908 ab
449 881 549 908 unitate
565 887 648 914 usque
664 879 697 906 ad
713 879 848 905 denariam
870 884 943 904 sum-
959 896 983 925 Β

159 937 229 956 mam
245 936 425 959 numeramus,
449 932 554 954 veteres
569 926 702 961 appellare
725 928 941 952 consueverunt:
960 937 965 941 '

160 973 426 1001 125456789.

196 1048 307 1075 Articuli
318 1052 406 1075 autem
419 1054 512 1074 omnes
524 1047 625 1074 deceno
636 1047 663 1073 in
677 1046 773 1073 ordine
786 1045 863 1081 positi
878 1049 906 1073 et
917 1045 943 1072 in

161 1093 294 1120 infinitum
323 1094 456 1127 progressi
470 1097 655 1127 nuncupantur
669 1091 821 1126 compositi,
846 1091 945 1125 quippe

164 1139 270 1166 numeri
286 1143 347 1165 sunt
361 1146 455 1165 omnes
473 1146 488 1165 a
504 1139 590 1172 primo
604 1135 698 1169 limite,
715 1139 740 1164 id
764 1143 805 1165 est
823 1145 836 1163 a
852 1137 945 1164 decem

163 1192 246 1219 usque
269 1184 301 1211 ad
316 1184 462 1211 secundum
486 1183 608 1214 limitem,
636 1183 661 1210 id
685 1183 780 1214 esteo,
803 1182 947 1216 cmterique

163 1237 223 1257 sese
237 1230 264 1256 in
279 1228 374 1256 ordine
385 1233 528 1262 sequentes
542 1229 661 1262 exceptis
680 1228 816 1254 limitibus.
843 1227 948 1254 Incom-

163 1275 240 1309 positi
254 1279 341 1301 autem
355 1274 428 1308 digiti
443 1280 537 1301 omnes
551 1272 731 1300 annumeratis
741 1277 768 1299 et
780 1272 903 1299 omnibus
914 1272 947 1299 li-

164 1320 284 1346 mitibus.

200 1395 419 1430 Mnltipiicatores
434 1395 515 1429 igitur
529 1394 632 1421 numeri
648 1398 737 1420 mutua
753 1394 778 1420 in
801 1398 888 1420 semet
907 1401 949 1419 re-

167 1441 309 1476 plicatione
320 1440 473 1472 volvuntur,
490 1438 515 1465 id
526 1443 567 1465 est
582 1438 713 1465 interdum
729 1437 815 1470 major
828 1437 948 1468 minoris,

167 1486 298 1514 interdum
312 1490 400 1512 autem
414 1486 502 1511 minor
520 1483 627 1517 majoris
643 1482 830 1517 multiplicator
849 1483 948 1509 existit.

167 1532 303 1561 interdum
317 1539 380 1559 vero
394 1537 520 1557 numerus
534 1530 559 1555 in
573 1536 602 1555 se
617 1535 777 1555 excrescens
790 1527 952 1561 multiplica-

168 1578 248 1605 tionis
261 1581 402 1611 augmenta
424 1575 545 1609 suscipit.
562 1574 695 1601 Divisores
709 1579 798 1601 autem
820 1573 949 1607 majorum
966 1572 987 1602 C

169 1630 274 1659 Iemper
288 1623 405 1650 minores
417 1622 612 1661 constituuntur
623 1620 737 1646 numeri.

440 1717 477 1744 De
492 1718 589 1744 ratione
602 1716 682 1743 abaci.

207 1779 306 1813 Prisca:
329 1785 408 1819 igitur
420 1784 566 1822 prudentia:
577 1784 625 1810 viri
642 1783 845 1818 Pythagoricum
859 1782 953 1816 dogma

172 1831 267 1863 secuti,
281 1831 477 1864 Platonicthuc
491 1830 657 1857 auctoritatis
676 1829 878 1862 investigatores
891 1835 953 1859 spc-

172 1877 356 1909 culatoresque
366 1870 475 1906 curiosi.
493 1880 576 1902 totum
597 1875 775 1911 philosophiae
795 1875 900 1902 culmen
915 1875 955 1900 in-

172 1928 344 1948 numerorum
358 1921 383 1947 vi
398 1921 603 1948 constituerunt.
629 1921 693 1953 Quis
708 1920 779 1947 enim
795 1920 954 1946 mnsicarum

171 1966 353 1994 modulamina
382 1967 601 2002 symphoniarum
636 1972 808 1993 numerorum
836 1966 956 1999 expertia

173 2011 306 2039 censendo
321 2011 479 2045 pernoscat?
494 2011 558 2044 Quis
570 2011 653 2045 ipsius
669 2011 829 2037 firmamenti
852 2010 955 2037 siderea

174 2064 284 2092 corpora
298 2057 381 2084 stellis
394 2061 530 2090 compacta
552 2060 652 2083 naturae
667 2063 836 2082 numerorum
851 2055 958 2089 ignarus

175 2103 365 2138 deprehendat,
390 2108 517 2137 ortusque
531 2102 668 2137 signorum
680 2107 706 2129 et
714 2109 823 2129 occasus
836 2101 959 2136 colligat?

209 2180 247 2206 De
260 2179 427 2206 arithmetica
442 2186 506 2206 vero
520 2179 681 2213 geometrica
701 2179 764 2214 quid
780 2179 875 2206 attinet
887 2179 960 2207 dicc-

178 2232 215 2259 re,
226 2234 287 2253 cum
303 2228 324 2253 si
341 2226 381 2253 vis
396 2232 566 2252 numerorum
581 2230 682 2260 pereat,
699 2233 747 2253 nec
761 2226 786 2252 in
798 2226 960 2253 nominando

143 2275 149 2281 ‘
179 2277 317 2306 appareat,
332 2272 366 2299 de
379 2280 430 2307 qua
451 2272 512 2306 quia
534 2272 560 2298 in
576 2272 750 2299 arithmeticis
762 2277 790 2300 et
804 2274 830 2300 in
851 2274 959 2300 musicis

180 2321 218 2343 tat
228 2317 327 2344 dictum
341 2322 391 2349 cst,
406 2317 438 2344 ad
448 2316 559 2344 dicenda
570 2321 747 2344 revertamur.

215 2391 380 2427 Pythagorici
393 2400 457 2420 vero
471 2400 505 2420 ne
519 2393 546 2420 in
561 2392 823 2426 tnnltiplicationibus
835 2397 862 2420 et
875 2394 961 2427 parti-

179 2438 296 2466 tionibus
307 2443 334 2465 et
354 2439 380 2465 in
396 2439 522 2472 podismis
533 2437 854 2472 aliquandovl‘allcrentur,
885 2443 912 2465 ut
934 2438 967 2465 in‘

179 2484 304 2511 omnibus
316 2488 392 2510 erant
408 2483 611 2517 ingeniosissimi
627 2487 654 2509 et
670 2482 847 2514 subtilissimi,
862 2482 962 2510 descri-

181 2536 292 2564 pserunt
305 2530 353 2557 sibi
366 2530 506 2564 quamdam
522 2529 661 2556 formulam
684 2536 762 2563 quam
782 2528 817 2555 ob
832 2529 962 2556 honorem

180 2575 222 2601 sui
237 2576 407 2608 praeceptoris
429 2581 547 2601 mensam
563 2574 755 2609 Pythagoream
778 2574 961 2606 nominabant,

181 2620 243 2653 quia
257 2620 307 2646 hoc
320 2620 389 2653 qttod
404 2619 578 2653 depinxerant
600 2619 726 2652 magistro
741 2622 963 2651 praemonstrante

182 2669 374 2698 cognoverant,
390 2671 403 2689 a
423 2663 616 2698 posterioribus
641 2663 822 2696 appellabatur
846 2663 962 2695 Abacus,

182 2713 211 2735 ut
223 2709 292 2743 quod
307 2709 358 2735 alta
369 2713 458 2735 mente
471 2712 657 2742 conceperant,
677 2708 771 2735 melius
792 2708 813 2734 si
829 2707 904 2742 quasi
926 2708 965 2734 vi-

181 2753 270 2780 dendo
285 2752 457 2780 ostenderent
469 2753 495 2779 in
507 2753 626 2779 notitiatn
638 2753 756 2779 omnium
780 2751 965 2779 transfundere

184 2803 303 2832 possent,
327 2806 438 2833 eamque
464 2799 596 2827 subterius
612 2798 700 2826 habita
717 2803 756 2825 sat
779 2794 846 2825 mira
861 2798 962 2825 descri-

184 2845 274 2878 ptione
289 2844 446 2871 formabant.

663 2903 690 2920 W3,
711 2898 727 2908 Ia

1697 151 1769 179 i331

1147 221 1291 250 Longitudo.

1023 460 1026 538 Ι

1225 259 1229 330 ἱ

1143 263 1146 358 l

1100 262 1105 376 ι

1349 259 1354 402 l

1330 259 1436 319 KI‘Q‘loi
1450 260 1600 291 Comparaliu
1611 260 1640 284 ad
1660 260 1766 290 primatu.

1088 306 1094 319 ι
1125 306 1139 319 κ
1167 306 1180 319 κ
1196 305 1220 319 in
1237 303 1283 319 tam
1295 303 1303 319 ι
1318 302 1345 319 is
1359 301 1387 319 tu
1399 302 1428 319 an
1451 301 1528 319 nnnln
1541 302 1569 319 ari
1582 300 1700 319 i-nmdpm,

1027 293 1435 350 Ξὶέιξξιξέξξεξξξξιξιξιξρι
1450 301 1529 350 ΒΨ
1541 302 1570 350 ε’ίέ
1582 300 1701 350 md.“-

1084 342 1105 373 tjl
1125 342 1435 373 ΩξιὲῌὸῌδζὲὶΙὶΗΞΤΙδοῙ
1450 343 1530 373 'l'ripla
1542 343 1570 366 ad
1585 342 1702 366 eamdem.

1451 361 1587 413 Quddrupla
1604 383 1631 407 ad
1652 382 1769 406 eamdem.

995 417 1495 431 μ-τῒῇέηη--π.λ...,η,.‹
1566 424 1570 431 ι
1604 422 1758 431 ,.,__A-__

1452 403 1585 453 {mincupla
1601 423 1628 446 ad
1650 422 1769 447 eamdem.

1453 452 1567 496 Soscupla
1581 465 1609 489 ad
1623 465 1741 489 eamdem.

1227 331 1232 499 κ

996 500 1010 509 ι,
1023 499 1266 509 l—.il—l—l_t—
1282 500 1305 502 κ

1188 438 1192 571 l

1231 503 1234 583 l

1273 510 1276 599 ι

1147 503 1151 632 l

1065 517 1068 628 ι

1191 581 1193 644 l

1275 600 1277 665 l

1282 500 1308 532 T9
1321 510 1349 532 ‘ili
1453 508 1568 538 Scptnpla
1582 507 1611 530 ad
1628 506 1747 530 eamdem.

1455 547 1747 601 3““"i'.”..i".§al‘ldffl;.

1032 543 1439 580 “alt—6|ﬁliaitoliislsolmlrzlsol
1455 548 1555 578 ()rlttpla
1569 548 1596 571 ad
1610 547 1728 571 eamdem.

1456 589 1575 618 Noncupla
1594 588 1622 611 ad
1637 587 1758 611 eamdem.

1033 614 1444 667 ritis—0151iEiiitillﬂtiﬂoinn:ire}
1460 614 1565 660 Decupla
1578 629 1605 653 ad
1618 628 1729 653 eamdem

1019 683 1431 711 ρςςφεέπφφξφεξφ

1021 702 1424 725 cgitant-emortuom

1021 717 1424 746 59283232533

1014 741 1429 771 'SWFETE.§.TE.§.§.§.§.

1022 766 1069 780 ...Ὀ
1121 766 1422 780 τιτι-Αξδιιιιιη-

1021 811 1076 857 εξ
1121 809 1424 855 asseasse

1021 842 1383 861 ve.-P.‘_.P

1021 860 1070 899 Es
1324 858 1341 880 θ’

1022 900 1046 940 ἕ

1023 943 1041 958 =3

1030 1000 1159 1034 Superius
1174 1007 1238 1028 vero
1256 1000 1365 1035 digestae
1383 1001 1577 1035 descriptionis
1599 1000 1711 1027 formula
1728 999 1779 1027 hoc

996 1045 1076 1072 modo
1091 1045 1244 1073 utebantur.
1269 1046 1408 1073 llabebant
1428 1047 1500 1073 enim
1519 1047 1632 1073 diversae
1656 1045 1781 1073 formato!

996 1091 1087 1124 apices
1101 1091 1142 1118 vel
1159 1091 1340 1119 characteres.
1363 1092 1476 1124 Quidam
1500 1093 1571 1119 enim
1597 1091 1782 1126 hujuscemodi

997 1137 1101 1170 apicum
1117 1141 1193 1163 notas
1207 1137 1258 1164 sibi
1274 1138 1501 1172 conscripserant,
1518 1143 1546 1164 ut
1564 1138 1621 1165 haec
1636 1137 1727 1164 notula
1741 1144 1783 1164 re-

998 1183 1143 1216 sponderet
1156 1183 1249 1209 unitati
1265 1183 1289 1209 Ι.
1311 1183 1362 1210 Ista
1391 1188 1418 1209 ut
1446 1183 1550 1210 binario
1563 1184 1589 1210 2.
1615 1182 1704 1210 Tertia
1720 1189 1784 1210 vero

1000 1227 1084 1254 tribus
1098 1228 1124 1254 5.
1140 1228 1236 1260 Quarta
1259 1233 1347 1254 autem
1376 1229 1547 1262 quaternario
1570 1229 1597 1255 4.
1623 1228 1685 1255 Haec
1697 1233 1784 1255 autem

998 1274 1115 1308 quinque
1130 1273 1308 1300 ascriberetur
1323 1274 1349 1300 5.
1366 1274 1417 1300 Ista
1428 1282 1491 1301 t'ero
1505 1275 1611 1301 senario
1626 1274 1652 1301 6.
1668 1273 1791 1309 Septima‘

999 1325 1087 1346 autem
1098 1320 1248 1353 septenario
1262 1321 1414 1347 conveniret
1426 1322 1452 1347 7.
1465 1321 1526 1347 Haec
1536 1329 1600 1347 vero
1611 1319 1747 1347 octonario
1757 1320 1784 1345 8.

999 1365 1050 1391 Ista
1064 1373 1128 1392 vero
1141 1366 1288 1392 novenario
1301 1366 1476 1399 jungerentur
1496 1367 1521 1392 9.
1543 1365 1656 1398 Quidam
1681 1372 1746 1392 vero
1761 1365 1786 1391 in

1000 1409 1079 1442 hujus
1095 1409 1187 1435 forma:
1201 1409 1351 1443 depictione
1374 1417 1422 1436 ceu
1437 1410 1538 1437 litteras
1562 1400 1696 1443 alpltabeti
1710 1416 1787 1436 assu-

1001 1455 1108 1481 mebant
1131 1455 1181 1481 sibi
1198 1455 1248 1481 hoc
1270 1459 1358 1489 pacto,
1381 1459 1410 1481 nt
1431 1455 1599 1489 littera-qna:
1619 1458 1691 1481 esset
1701 1454 1787 1488 prima

1001 1499 1104 1530 unitati,
1119 1500 1236 1526 secunda
1250 1500 1368 1531 binario,
1389 1500 1466 1526 tertia
1483 1500 1614 1532 ternario,
1629 1504 1787 1534 caeteraeque

1003 1544 1029 1570 in
1043 1544 1136 1570 ordine
1159 1544 1272 1571 naturali
1298 1552 1408 1571 numero
1432 1545 1570 1579 insignitas
1593 1548 1620 1571 et
1645 1544 1788 1579 inscriptas

1004 1594 1104 1616 tantum
1121 1590 1200 1616 modo
1214 1591 1299 1616 sortiti
1313 1594 1384 1617 sunt.
1400 1591 1455 1617 llos
1468 1590 1566 1617 etenitn
1582 1590 1680 1622 apices,
1694 1589 1728 1615 ita
1744 1597 1788 1615 va-

1002 1635 1042 1661 rie
1062 1642 1111 1661 ceu
1123 1635 1258 1668 pulverem
1273 1634 1427 1669 dispergere
1443 1636 1468 1661 in
1494 1634 1695 1668 multiplicando
1715 1638 1742 1660 et
1762 1634 1788 1660 itt

1003 1680 1146 1706 dividendo
1166 1684 1341 1711 consntzrnnt,
1368 1684 1396 1706 ut
1417 1681 1438 1706 si
1459 1680 1510 1707 sub
1535 1680 1637 1706 unitate
1661 1679 1789 1706 naturalis

1004 1725 1107 1752 numeri
1121 1725 1241 1753 ordinem
1255 1726 1309 1759 jam
1332 1725 1416 1753 dictos
1438 1726 1606 1754 characteres
1620 1726 1790 1761 adjungendo

1004 1772 1134 1802 locarent,
1147 1778 1198 1797 non
1214 1771 1258 1797 alii
1278 1779 1357 1805 quam
1378 1771 1451 1805 digiti
1473 1777 1656 1800 nascerentur.
1673 1772 1790 1799 Primum

1004 1819 1093 1842 autem
1106 1822 1256 1848 numerum,
1270 1815 1295 1842 id
1311 1821 1352 1843 est
1365 1815 1508 1850 binarium,
1518 1818 1606 1844 unitas
1626 1817 1696 1844 enim
1714 1817 1792 1851 (utin

1005 1860 1179 1887 arithmeticis
1192 1865 1234 1887 est
1253 1860 1363 1896 dictum)
1382 1869 1509 1889 numerus
1522 1870 1574 1889 non
1592 1868 1644 1893 est,
1670 1862 1718 1889 sed
1733 1863 1793 1889 ions

1006 1913 1030 1935 et
1046 1908 1121 1942 origo
1139 1916 1311 1936 numerorum
1334 1910 1378 1943 l0,
1394 1910 1522 1944 inscripta
1548 1914 1677 1943 ponentes
1697 1910 1744 1942 ‘20,
1767 1914 1794 1936 et

1008 1953 1152 1980 ternarium
1167 1954 1212 1987 50,
1228 1960 1255 1982 et
1277 1955 1479 1988 qttaternarium
1504 1955 1550 1987 ιο,
1573 1960 1741 1989 creterosqne
1767 1955 1794 1982 in

1007 2000 1101 2028 ordine
1116 2008 1176 2028 sese
1190 2005 1332 2035 sequentes
1341 2001 1462 2035 proprias
1476 2000 1623 2027 secundum
1639 2000 1795 2028 denomina-

1009 2047 1095 2074 tiones
1117 2048 1254 2081 assignare
1268 2048 1472 2075 constituerunt.
1487 2047 1542 2074 Sub
1561 2047 1632 2074 linca
1654 2054 1718 2074 vero
1733 2054 1796 2074 cena-

1010 2099 1072 2120 teno
1087 2093 1211 2126 insignita
1226 2101 1337 2120 numero
1350 2093 1458 2120 eosdem
1474 2093 1563 2127 apices
1579 2097 1708 2127 ponentes
1723 2093 1796 2119 bina«

1010 2139 1079 2165 rium
1094 2139 1157 2172 200,
1173 2139 1318 2165 ternarium
1333 2138 1395 2171 300,
1416 2138 1614 2172 quaternarium
1636 2138 1697 2165 400.
1712 2138 1797 2165 Caete-

1010 2191 1107 2217 rosqne
1119 2184 1198 2211 certis
1212 2183 1473 2210 denominationibus
1486 2183 1650 2216 respondere
1672 2183 1798 2210 decreve-

1013 2234 1085 2255 runt.
1105 2229 1132 2255 In
1148 2229 1321 2263 sequentibus
1342 2236 1406 2255 vero
1429 2228 1611 2261 paginularum
1629 2228 1706 2255 lineis
1730 2228 1799 2255 idem

1013 2273 1141 2300 facientes
1156 2273 1228 2299 nullo
1243 2273 1344 2299 erroris
1359 2272 1452 2299 nubilo
1474 2273 1693 2299 obtcnebrantur.

1047 2318 1123 2344 Scire
1136 2322 1224 2343 autem
1245 2321 1351 2350 oportet
1370 2320 1397 2343 et
1409 2316 1528 2350 diligenti
1551 2317 1748 2344 examinatione
1761 2318 1801 2344 di-

1015 2367 1119 2389 scutere
1132 2361 1160 2387 in
1178 2361 1380 2394 multiplicando
1394 2366 1421 2387 et
1447 2361 1585 2394 partiendo
1610 2361 1653 2388 cui
1669 2361 1799 2395 paginulze

1015 2407 1088 2440 digiti
1102 2412 1128 2433 et
1141 2407 1183 2433 cui
1200 2406 1304 2433 articuli
1316 2407 1368 2433 sint
1383 2406 1555 2440 adiungendi.
1577 2406 1642 2433 Nam
1659 2407 1801 2441 singularis

1016 2451 1209 2484 multiplicatur
1223 2451 1314 2478 decem
1330 2451 1427 2484 digitos
1442 2451 1469 2478 in
1485 2451 1604 2482 decenis,
1626 2452 1754 2478 articulos
1775 2453 1802 2479 in

1013 2497 1143 2524 centenis.
1160 2497 1231 2524 Idem
1247 2504 1311 2523 vero
1325 2497 1468 2531 singularis
1493 2497 1681 2530 multiplicator
1695 2503 1809 2524 centum-
1844 2497 1848 2501 ”

1014 2542 1111 2576 digitos
1125 2542 1150 2568 in
1164 2541 1295 2573 centenis,
1309 2542 1437 2569 articulos
1452 2541 1477 2568 in
1489 2541 1614 2568 millenis.
1630 2542 1661 2568 Et
1675 2542 1802 2576 multipli-

1014 2591 1089 2615 catur
1100 2586 1319 2620 milleni.digitos
1332 2586 1359 2612 in
1378 2586 1504 2616 millenis,
1520 2590 1547 2613 et
1559 2586 1686 2613 articulos
1701 2587 1727 2613 in
1753 2586 1802 2612 de—

1016 2633 1090 2658 cenis
1104 2631 1230 2663 millenis,
1247 2635 1274 2658 et
1289 2631 1480 2665 multiplicator
1493 2631 1598 2658 centeni
1613 2631 1723 2661 milleni,
1736 2631 1803 2664 digi-

1019 2680 1060 2703 tos
1073 2676 1099 2702 in
1111 2676 1232 2703 centenis
1248 2676 1376 2707 millenis,
1396 2676 1522 2703 articulos
1536 2680 1624 2702 autem
1645 2675 1671 2701 in
1687 2675 1806 2701 millenis

1018 2721 1135 2748 millibus
1161 2721 1305 2748 habebunt.
1337 2721 1457 2748 Decenus
1480 2726 1588 2751 autem.
1620 2719 1802 2753 suimetip’sius
1826 2726 1827 2729 ‘

1018 2765 1204 2799 multiplicator
1220 2765 1316 2799 digitos
1332 2765 1357 2791 in
1380 2765 1474 2799 pagina
1486 2772 1500 2791 c
1516 2764 1654 2797 inscripta,
1677 2763 1804 2790 articulos

1018 2811 1043 2837 in
1060 2811 1185 2842 millenis,
1202 2812 1229 2836 ct
1240 2809 1428 2843 multiplicator
1442 2814 1560 2839 centum,
1584 2809 1680 2842 digitos
1702 2808 1728 2834 in
1744 2807 1804 2834 mil-

1019 2855 1098 2888 lenis.
1108 2854 1269 2884 etarticulos
1280 2854 1305 2882 in
1320 2853 1443 2886 decentis,
1455 2858 1480 2880 ct
1495 2847 1681 2881 multi'olicator
1689 2851 1803 2886 milleni,
