4200 6248
612 327 636 380 1
647 323 749 382 355

1784 323 1892 379 AN.
1937 322 2141 378 MANE.
2184 320 2332 376 θεν.
2377 318 2677 376 BOETIUS.

3710 309 3845 365 {3‘55

610 443 806 511 digitos
829 441 881 495 in
905 440 1123 501 decents
1145 439 1495 495 tit-articulos.
1515 439 1568 492 in
1594 440 1859 504 centenis,
1900 448 1957 493 et
2002 438 2181 492 multi-
2208 438 2262 495 Α
2282 444 2541 489 centenus
2578 448 2672 502 per
2689 462 2692 466 λ
2710 446 2788 497 se,
2823 431 2908 485 vel
2936 430 3341 499 ulterioresper
3362 427 3685 497 semetipsos
3710 424 3845 483 divi-

610 531 840 598 plicator
865 531 1076 587 centeni
1105 529 1326 591 milleni,
1360 529 1520 583 millia
1562 529 1851 583 habebunt.
1907 528 2173 582 Ccntenus

610 638 760 687 vero,
783 620 1321 693 teque—suimetipsius
1352 619 1748 687 multiplicator,
1781 619 1975 687 digitos
1999 618 2050 671 in
2081 618 2176 671 de-

609 713 759 767 ceuis
788 724 844 766 et
875 712 1126 769 :trUCUIOS
1176 712 1227 765 in
1279 712 1516 766 centenis
1549 721 1615 767 et.
1644 712 1893 765 millenis.
1924 709 2177 777 Multipli-

599 810 820 873 plicans
842 806 1037 881 digitos
1082 807 1133 862 in
1161 809 1401 861 centenis
1451 814 1513 864 et,
1560 807 1809 861 articulos
1857 807 1911 861 in
1960 806 2177 861 deceuis

597 914 695 951 cett
712 896 877 959 tenis,
893 906 945 950 et
967 907 1249 951 centenum
1283 898 1557 952 millenum
1599 897 1955 965 multiplicans
1984 898 2178 965 digitos

594 990 645 1039 iu
689 986 906 1041 decenis
936 987 1165 1041 millenis
1185 989 1223 1021 ⁸-
1246 996 1269 1041 ῖ
1294 997 1347 1041 et
1375 988 1629 1043 articulos
1653 987 2176 1042 incentenismille-

595 1079 676 1131 uis
718 1078 748 1112 “
777 1085 869 1131 tet
896 1077 1157 1131 decentmt
1198 1078 1470 1132 millenum
1502 1079 1863 1147 multiplicans
1894 1077 2085 1146 digitos
2122 1077 2178 1131 in

595 1169 839 1223 millenis
864 1171 944 1249 ft
971 1179 1026 1223 et
1052 1172 1307 1223 articulos
1338 1171 1388 1225 in
1411 1171 1628 1224 decenis
1674 1170 1905 1223 millenis
1939 1172 1971 1205 "
2008 1177 2031 1223 ῖ
2053 1168 2180 1222 sub-

597 1260 847 1314 tendent.
878 1260 1120 1314 Millenus
1150 1260 1331 1315 itidem
1362 1263 1600 1328 seipsum
1624 1262 2002 1329 multiplicans,
2045 1260 2181 1328 digi-

599 1362 682 1400 tus
716 1351 769 1402 iit
797 1349 1018 1401 decenis
1041 1359 1095 1401 et
1130 1349 1383 1402 articulos
1428 1350 1481 1402 in
1526 1350 1786 1406 centenis.
1848 1348 1914 1402 Et
1967 1349 2179 1403 centeni

610 1439 721 1491 mill
745 1441 810 1490 tui
842 1439 1240 1505 multiplicatur,
1274 1440 1470 1506 digitos
1500 1441 1551 1492 in
1581 1440 1825 1493 centenis
1853 1439 2082 1493 millenis
2109 1441 2140 1473 ³⁸⁸
2160 1447 2182 1492 ῖ

612 1542 664 1584 et
690 1530 1291 1587 articulosintnillettis
1321 1534 1334 1553 ‘
1366 1535 1390 1582 ἰ
1413 1538 1467 1583 et
1493 1529 1753 1590 decenum
1786 1529 2061 1583 millenum
2088 1544 2183 1583 ex-

613 1637 856 1675 crescere
908 1621 1108 1675 faciens
1156 1621 1351 1690 digitos
1381 1623 1451 1679 in.
1477 1620 1656 1681 decies
1696 1619 1860 1674 mille.
1890 1620 2089 1683 millia,
2127 1628 2184 1673 et

613 1713 862 1765 articulos
894 1712 945 1764 in
986 1712 1225 1765 centenis
1256 1712 1483 1765 millenis
1518 1716 1535 1733 θ
1567 1720 1589 1764 ῖ
1622 1712 1817 1764 habere
1845 1711 2183 1763 diuoscetur?

2276 523 2436 578 dendi
2508 528 2910 590 proponantur,
2964 524 3201 575 minores
3243 537 3272 573 a
3340 518 3849 588 majoribusquoad

2278 629 2449 681 usque
2474 613 2798 674 dividantur,
2824 622 2947 665 sunt
2992 610 3364 675 subtrahendi,
3396 611 3728 680 singularem
3752 625 3848 664 au-

2279 714 2383 757 tem
2426 702 2719 756 divisorem
2750 700 2933 755 decem
2986 712 3041 755 et
3092 701 3331 765 centeni,
3363 710 3457 754 aut
3487 701 3713 764 ntilleni,
3763 711 3851 756 aut

2277 791 2613 857 ulteriorum,
2662 791 2749 843 vel
2786 790 3047 845 decenum
3096 790 3383 844 divisorem
3426 804 3485 843 se
3530 800 3846 858 sequentum

2278 894 2485 950 sumpta
2517 882 2941 936 dilferentiacos
2970 881 3210 935 dividere
3239 888 3471 950 oportet.
3509 880 3851 947 Composin

2278 988 2453 1029 autem
2482 975 2719 1028 decenus
2746 989 2868 1027 cum
2918 973 3174 1041 singulari
3213 987 3310 1041 per
3336 972 3603 1027 secundas
3632 973 3717 1027 vel
3748 982 3852 1028 ter-

2280 1066 2401 1118 tias.
2454 1064 2519 1118 Et
2550 1064 2802 1131 deinceps
2853 1062 3148 1118 secundum
3192 1062 3685 1116 denominationem
3731 1077 3854 1131 par-

2285 1157 2441 1222 tium,
2490 1155 2748 1209 decenum
2783 1155 2867 1207 vel
2892 1154 3213 1222 simplicem,
3242 1154 3325 1207 vel
3372 1154 3723 1222 compositum
3762 1154 3849 1208 di-

2282 1250 2499 1302 visurus
2528 1255 2632 1301 est.
2658 1245 2955 1300 Centenum
2984 1261 3117 1300 vero
3137 1245 3435 1308 rnillenum,
3468 1245 3845 1299 velultcriores

2286 1352 2383 1405 per
2407 1338 2667 1391 decenum
2709 1337 3109 1403 compositum,
3149 1336 3191 1387 si
3239 1336 3473 1404 diligens
3512 1335 3846 1402 investigator

2281 1428 2589 1489 accesserit,
2629 1434 2840 1495 sumpta
2879 1424 3183 1479 ditferentia
3208 1433 3275 1478 et.
3288 1423 3475 1493 primis
3507 1423 3745 1477 articulis
3773 1424 3854 1476 di-

2284 1516 2645 1581 videndo,‘vel
2667 1515 2971 1570 secundatis
3000 1513 3279 1583 appositis,
3310 1515 3479 1567 auctis
3508 1522 3687 1566 autem
3717 1513 3857 1565 divi-

2284 1607 2464 1661 dendo
2491 1606 2803 1675 suppositis,
2835 1605 3000 1659 dividi
3045 1619 3206 1672 posse
3242 1613 3543 1672 pernoscet.
3583 1603 3861 1656 Centenis

2287 1706 2460 1750 autem
2484 1712 2527 1749 κ’
2545 1697 2765 1763 singulis
2791 1686 3141 1763 compositus,
3171 1702 3452 1749 centenum
3474 1692 3561 1752 vel
3583 1692 3865 1749 millenum

613 1804 857 1857 Dccenus
884 1812 1060 1855 autem
1086 1803 1331 1856 millenus
1356 1801 1738 1870 multiplicator
1764 1810 1974 1854 centum
2005 1801 2177 1855 mille-

2301 1787 2391 1838 ltoc
2419 1794 2574 1852 paeto
2601 1785 2842 1843 dividere
2870 1784 3231 1853 cognoscitur.
3275 1781 3501 1849 Sumpto
3545 1780 3707 1849 igitur
3754 1794 3864 1833 uno

615 1896 692 1957 ni,
724 1895 918 1962 digitos
945 1894 996 1948 in
1028 1894 1220 1948 millies
1244 1894 1390 1947 mille
1424 1893 1607 1955 millia,
1635 1903 1688 1946 et
1718 1892 1972 1946 articulos
2002 1891 2053 1945 in
2084 1892 2182 1945 de—

617 1985 762 2040 cenis
791 1984 1252 2049 millenisitidem,
1291 1998 1456 2051 seque
1484 1984 1656 2051 ipsum
1692 1982 1999 2051 adaugens,
2044 1979 2182 2048 digi-

618 2088 703 2130 tos
746 2077 798 2128 in
820 2075 1061 2129 centenis
1100 2075 1332 2128 millenis
1354 2083 1407 2127 et
1425 2074 1679 2127 articulos
1700 2073 1752 2126 in
1783 2072 1929 2126 mille
1954 2072 2183 2125 millenis

618 2168 820 2222 habere
847 2166 1302 2235 deprehendetur.
1332 2163 1603 2218 Centenus
1628 2172 1805 2217 autem
1828 2163 2073 2216 millenus
2098 2176 2184 2216 sco

619 2261 799 2325 ipsum
835 2256 1215 2323 multiplicans,
1270 2255 1462 2323 digitos
1519 2256 1571 2308 in
1623 2254 1841 2307 decenis
1875 2254 2105 2308 millenis
2133 2262 2189 2308 et

620 2348 876 2402 articulus
906 2346 965 2399 in
986 2333 1237 2399 centenis.
1258 2344 1497 2398 millenis
1519 2344 1702 2399 itidem
1738 2345 2008 2413 supponit.

1048 2477 1125 2529 De
1152 2476 1480 2531 divisionibus
1510 2476 1725 2530 rubrica.

695 2593 992 2647 Divisioncs
1017 2593 1199 2661 igitur,
1231 2593 1562 2661 quantalibet
1584 2593 1694 2662 jam
1726 2601 1946 2662 experte
1972 2593 2190 2648 lectoris

625 2684 833 2736 animus
865 2683 1218 2749 introductus,
1255 2684 1407 2736 facile
1431 2684 1567 2737 valet
1614 2684 1911 2745 dinoscere.
1954 2684 2192 2739 breviter

629 2774 824 2828 ctenim
856 2774 923 2826 de
953 2775 1035 2827 Itis
1070 2784 1123 2827 et
1174 2784 1542 2827 summotenus
1580 2775 1792 2837 dicturi,
1838 2775 1900 2830 si,
1930 2790 2047 2843 quae
2095 2776 2194 2829 ob-

632 2879 782 2917 scura
812 2865 1211 2928 intervenerint,
1245 2865 1485 2933 diligenti
1516 2866 1794 2920 lectorum.
1822 2867 2079 2921 exercitio
2128 2868 2194 2921 ad

635 2958 992 3025 .nvestiganda
1019 2957 1433 3011 committimus-
1475 2957 1532 3011 Si
1580 2958 1825 3011 decentis.
1863 2973 1956 3024 per
1996 2973 2077 3023 se,
2110 2960 2195 3013 vel

2283 1875 2724 1941 dividendorum,
2782 1876 2923 1944 quod
2959 1874 3232 1928 residuum
3289 1873 3469 1936 fuerit,
3513 1869 3736 1954 divisuri
3783 1879 3869 1924 est

2284 1967 2690 2037 coaequandum,
2720 1977 2776 2022 et
2812 1965 2954 2034 quod
3008 1963 3542 2034 superaltundaverit,
3601 1959 3862 2027 sepositis

2286 2060 2685 2114 reservandum.
2741 2058 3039 2126 Singularis
3082 2065 3260 2110 autem
3303 2054 3402 2116 vel,
3437 2064 3492 2105 ut
3529 2051 3615 2105 alii
3652 2050 3865 2110 volunt.

2287 2150 2544 2204 munitum
2575 2164 2672 2217 per
2696 2149 3116 2215 coaeqttationem
3166 2145 3429 2211 majorum
3469 2152 3553 2196 est
3604 2138 3869 2205 mulipli-

2291 2240 2547 2304 candum,
2580 2248 2647 2294 ett
2662 2238 3083 2308 digitis‘quidem
3100 2236 3333 2304 perlecta
3356 2232 3654 2288 diﬂerentia
3674 2243 3870 2297 suppo-

2295 2333 2491 2397 nenda,
2525 2330 2824 2385 articularis
2851 2338 3032 2383 autem
3058 2326 3367 2395 imperfecta
3387 2334 3471 2378 est
3486 2320 3868 2391 praeponenda,

2294 2432 2350 2477 et
2379 2422 2526 2490 prius
2564 2430 2772 2475 semoto
2802 2412 3009 2488 integra
3047 2417 3402 2486 adjungenda.
3447 2415 3514 2468 Et
3557 2414 3669 2466 lith
3708 2410 3864 2463 dide-

2297 2512 2471 2565 rentia
2513 2521 2568 2565 et
2607 2514 2651 2564 si
2683 2512 2821 2566 forte
2874 2511 3067 2577 aliquis
3119 2508 3361 2561 seclusus
3414 2506 3485 2558 sit
3531 2501 3864 2570 signiﬁcavit,

2296 2601 2439 2672 quod
2463 2600 2735 2655 residuum
2766 2600 2824 2653 lit
2849 2610 2911 2654 ex
2946 2595 3408 2652 dividentlis.Hrec
3434 2608 3561 2645 vero
3596 2587 3744 2645 brevi
3785 2589 3869 2640 in-

2300 2690 2637 2744 troductioue
2675 2690 3035 2757 prtelibantes,
3086 2687 3129 2739 si
3157 2685 3259 2751 tina
3288 2684 3514 2737 obscure
3554 2687 3680 2732 sunt
3707 2678 3875 2737 dicta,

2296 2792 2366 2833 ne
2394 2778 2550 2832 taedio
2587 2775 2764 2832 forent
2794 2775 3175 2845 praetermissa,
3213 2771 3479 2841 diligentis
3521 2768 3780 2822 etercitio
3808 2765 3880 2843 le-

2298 2873 2461 2925 ctoris
2491 2871 2896 2932 committimus,
2937 2868 3219 2921 terminum
3255 2864 3410 2932 hujus
3442 2860 3562 2914 libri
3593 2858 3873 2918 facientes.

2300 2973 2356 3017 et
2385 2964 2534 3032 quasi
2560 2963 2626 3015 ad
2658 2962 2914 3015 ulteriora
2948 2959 3283 3026 sequentium
3312 2968 3409 3007 nos
3439 2958 3839 3006 convertentes.

647 3074 3861 3117 W

1690 3225 2061 3331 LIBER
2122 3222 2826 3331 SECUNDUS.

2100 3393 2415 3407 -η

710 3518 1015 3583 Superioris
1037 3533 1164 3571 vero
1210 3527 1435 3572 tractatu
1474 3519 1963 3574 voluministotunia
1988 3532 2205 3588 geome-
2230 3518 2274 3579 C
2305 3516 2428 3572 dine
2478 3516 2828 3585 protenditur.
2902 3516 3065 3569 Actus
3107 3527 3237 3567 vero
3282 3510 3574 3580 quadratus
3611 3522 3678 3562 ex
3730 3507 3885 3560 omni

638 3607 786 3661 tricas
836 3607 965 3659 artis
1014 3607 1381 3685 tlteoretnatah
1415 3609 1658 3675 quamvis
1706 3608 1976 3663 succincte
2026 3618 2202 3663 tamen

639 3706 766 3752 sunt
789 3696 951 3751 dicta.
975 3697 1083 3752 Sed
1114 3698 1476 3765 potlismorum
1501 3699 1740 3752 notitiam
1774 3700 1858 3752 ltic
1896 3700 2029 3753 liber
2054 3700 2203 3768 quasi

638 3790 1054 3857 qtizestiunarius
1079 3802 1131 3843 et
1179 3790 1416 3842 omnium
1448 3790 1703 3857 podismal
1732 3805 1817 3843 um
1849 3791 2204 3858 quaestionum

640 3880 1074 3947 scrupolositates
1101 3880 1468 3934 incunctanter
1495 3879 1735 3933 absolvet
1783 3880 2083 3943 enodando,
2117 3894 2208 3933 ve-

638 3982 784 4025 teres
808 3973 1005 4026 etenim
1034 3973 1423 4039 agrimensores
1451 3988 1663 4027 omnem
1696 3985 1957 4027 mensurtr
1984 3970 2209 4040 quadra-

641 4071 816 4113 turam
839 4062 1059 4113 dimidio
1090 4062 1384 4131 longiorem
1410 4064 1718 4117 latioremve
1773 4062 1947 4115 facere
1991 4073 2209 4114 consue-

639 4160 851 4201 verunt.
896 4150 1205 4215 thuudln
1255 4151 1530 4205 latitudine
1575 4152 1780 4217 longius
1814 4152 1987 4211 fuerit,
2038 4164 2211 4203 scam-

642 4254 795 4299 num,
826 4248 878 4291 et
906 4239 1044 4306 quod
1094 4240 1143 4291 in
1192 4241 1522 4307 longitudine
1554 4242 1766 4310 longius
1821 4243 2088 4309 appellare
2119 4257 2211 4293 vo-

646 4330 860 4383 luerunt
881 4341 937 4382 ut
964 4330 1196 4395 Sttltj“0ltl
1230 4333 1384 4385 docet
1415 4332 1657 4417 lorntttln.

1196 4448 1206 4667 Ι
1301 4528 1559 4577 Scamnum
1657 4453 1664 4665 Ι

1120 4699 1197 4753 De
1223 4702 1473 4755 mensuris
1510 4703 1731 4755 rubrica.

716 4790 880 4844 Prisci
931 4790 1090 4859 igitur
1142 4792 1479 4859 pndismatici
1535 4793 1827 4847 cautissimi
1885 4795 2215 4864 dispectores

2312 3612 2477 3667 latere
2509 3610 2611 3663 1ἳο
2642 3608 2864 3677 pedibus
2887 3605 3243 3660 concluditur.
3268 3606 3431 3658 Actus
3472 3612 3652 3655 autem
3701 3599 3885 3667 dupli-

2310 3711 2464 3754 catus
2485 3701 2591 3755 240
2625 3700 2785 3766 pedes
2831 3697 3090 3766 explicat;
3123 3692 3444 3761 decempeda
3487 3692 3650 3759 pedes
3692 3690 3887 3744 decem

2313 3793 2556 3860 colligit;
2575 3806 2762 3858 passus
2793 3791 2856 3852 5;
2903 3789 3099 3859 gradus
3133 3791 3168 3840 2
3191 3796 3245 3843 et
3272 3786 3462 3840 dimid.
3498 3784 3723 3838 Cubitus
3752 3782 3777 3834 l
3829 3789 3891 3834 et

2313 3882 2509 3936 dimid..
2530 3881 2691 3950 pedes
2732 3879 2929 3934 habere
2957 3879 3270 3933 dinoscitur.
3310 3878 3411 3932 Pes
3451 3886 3630 3929 autem
3680 3871 3889 3938 palatos

2317 3971 2474 4024 habet
2500 3980 2746 4038 quatuor,
2773 3971 3007 4036 semipes
3026 3971 3083 4033 ‘2,
3113 3969 3320 4037 palmus
3349 3981 3477 4019 vero
3500 3973 3733 4033 quatuor
3746 3961 3889 4029 digi-

2316 4072 2487 4114 torum
2520 4060 2858 4129 protensione
2887 4059 3207 4128 completur.
3239 4058 3315 4113 De
3346 4058 3539 4111 unciali
3572 4070 3701 4110 vero
3723 4064 3778 4108 et
3803 4052 3889 4105 di-

2315 4151 2463 4219 gitali
2494 4165 2743 4204 mensura
2775 4150 3138 4215 melius,‘cum
3168 4149 3236 4202 de
3257 4147 3559 4201 uncialibus
3580 4155 3635 4198 et
3665 4144 3806 4196 notis
3832 4149 3891 4195 et

2318 4242 2621 4296 nominibus
2654 4242 2706 4295 in
2748 4241 3093 4310 sequentibus
3123 4240 3592 4304 diSputaverimus,
3626 4236 3885 4288 dicemus.

2320 4331 2712 4400 Enodatiusque
2781 4346 2901 4385 cum
2957 4332 3399 4398 dempnentorum
3458 4328 3891 4394 minutorttmquc
3970 4360 3985 4381 .

2319 4421 2700 4475 subtilitatibus
2729 4418 3507 4488 promiscrimus,eloquemur,
3542 4430 3685 4468 nunc
3714 4414 3779 4466 ad
3805 4426 3891 4465 se-

2320 4512 2527 4579 quentis
2556 4519 2809 4565 tractatus
2841 4509 3238 4564 enarrationem
3273 4506 3450 4562 redire
3482 4520 3576 4556 nos
3609 4503 3885 4565 convenit,

2318 4605 2362 4657 si
2406 4605 2549 4670 prius
2577 4603 2699 4669 quid
2734 4617 2829 4670 pes
2875 4611 3176 4669 porrectus,
3208 4598 3335 4668 qttid
3376 4606 3709 4655 contractus.
3733 4593 3888 4660 quid-

2320 4710 2424 4761 que
2447 4694 2514 4747 sit
2540 4691 3419 4760 quadrattts.demonstraverimus.
3453 4688 3555 4741 Pes
3571 4698 3746 4739 autem
3771 4699 3888 4752 por-

2322 4794 2498 4835 reettts
2528 4783 2718 4835 dicitur
2746 4782 2830 4834 ubi
2874 4790 3076 4835 tantum
3110 4781 3312 4848 pedalis
3354 4792 3602 4832 meusnra
3643 4777 3694 4829 iu
3740 4780 3889 4839 longo

637 4882 917 4935 duodecim
959 4896 1337 4936 mensurarum
1355 4897 1560 4950 genera
1578 4884 1987 4951 constituerunt,
2020 4889 2198 4956 quibut

2321 4873 2674 4939 pernoscitur.
2721 4870 3044 4923 Contractus
3080 4880 3257 4922 autem
3302 4883 3395 4936 pes
3434 4866 3524 4919 iHe
3553 4865 3911 4929 dijudicatnh.

638 4986 761 5025 cum
811 4972 1030 5033 vellent,
1082 4971 1397 5035 formarum,
1451 4988 1807 5043 agrorumque
1862 4978 2210 5031 emetirentur

639 5075 815 5115 areas.
846 5061 1083 5125 Quorum
1114 5062 1231 5115 lucc
1254 5073 1379 5114 sunt
1400 5062 1611 5115 nomina
1628 5065 1937 5129 miliarium,
1962 5067 2211 5132 stadium,

640 5159 815 5214 actus,
844 5149 1193 5217 decempeda,
1222 5166 1339 5218 qute
1363 5152 1549 5205 eadem
1572 5162 1627 5205 ct
1645 5156 1855 5220 pertica.
1872 5168 2077 5220 passus,
2097 5171 2217 5221 gra-

642 5243 761 5306 dus,
787 5243 1018 5305 cubitus,
1058 5257 1174 5311 pes,
1226 5244 1485 5309 semipes.
1534 5242 1760 5309 palmus,
1794 5245 1971 5307 uncia,
2001 5245 2212 5313 digitus.

644 5334 925 5387 Miliarium
957 5350 1083 5387 vero
1193 5335 1332 5386 milia
1385 5334 1577 5402 pedum
1630 5337 1998 5401 protensiones
2022 5336 2219 5391 habere

643 5426 904 5479 sancitum
932 5436 1033 5478 est.
1059 5425 1298 5479 Stadium
1330 5436 1507 5478 autem
1553 5426 1627 5479 ‘25
1658 5427 1817 5493 pedes
1862 5427 2058 5479 habere
2095 5442 2219 5479 cou-

645 5526 774 5570 stat.
809 5518 972 5570 Actus
999 5518 1258 5571 trifariam
1288 5518 1563 5578 dividitur,
1597 5519 1645 5569 in
1680 5519 1976 5575 minimum.
2008 5519 2058 5569 in
2089 5532 2222 5585 qua-

649 5607 885 5669 dratum,
932 5610 981 5661 in
1010 5608 1353 5676 dupIiCatum.
1387 5609 1548 5663 Actus
1587 5609 1835 5662 minimus
1860 5610 2085 5677 qtﬁtttor
2113 5617 2224 5660 tau-

651 5708 763 5752 tum
796 5700 1020 5766 pedibus
1049 5682 1097 5754 in
1124 5701 1419 5759 latitudine.
1450 5711 1499 5754 et
1541 5703 1639 5753 1ὲο
1668 5701 1888 5769 pedibus
1918 5703 1966 5754 in
2000 5701 2232 5781 longitu-_

2319 4961 2371 5014 in
2399 4976 2504 5028 quo
2524 4954 2791 5027 longitudo
2817 4959 3143 5025 latitudoque
3171 4958 3565 5012 consideratur.
3599 4954 3889 5018 Quadratus

2322 5066 2448 5103 vero
2479 5065 2571 5116 pes
2618 5050 2860 5112 Italtelur,
2888 5050 2971 5100 ttlti
3005 5050 3157 5101 trime
3188 5031 3547 5100 dimemionis
3578 5043 3895 5096 ςιιιιςῐάετειο

2322 5145 2396 5194 tiu
2429 5140 2789 5207 inaequalitate
2812 5149 3084 5201 censetur,
3113 5137 3206 5191 sed
3233 5139 3345 5205 jam
3391 5145 3598 5202 tempus
3639 5142 3722 5185 est
3750 5130 3814 5181 ad
3844 5126 3897 5177 id

2324 5233 2462 5301 quod
2486 5232 2816 5285 instituimus
2847 5229 3127 5285 accedere.

2496 5388 2569 5440 De
2590 5402 2827 5440 mensura
2848 5396 2894 5439 et
2922 5386 3080 5439 tribus
3101 5382 3502 5437 dimensiont'bus
3522 5378 3750 5432 rubrica.

2402 5518 2652 5582 Quamvis
2682 5519 2841 5572 etiam
2875 5517 2926 5570 in
2982 5516 3276 5585 superioris
3306 5513 3424 5567 libri
3471 5508 3734 5578 principio
3783 5502 3905 5574 quid

2332 5625 2581 5664 mensura
2605 5609 3029 5677 designaremus,
3065 5608 3193 5661 liltct
3217 5614 3392 5658 tamen
3416 5601 3726 5671 specialiter
3756 5594 3909 5662 hujus

2334 5700 2463 5753 artis
2506 5698 2926 5763 speculatoribus
2973 5694 3349 5751 satisfaciendo
3387 5691 3678 5746 secundum
3712 5686 3906 5741 Iulium
