4112 6344
282 472 3477 532 222—255;.“—

1570 824 2224 997 INDEX

636 1238 1199 1331 OPEBUM
1288 1237 1382 1327 S.
1476 1235 2079 1329 JOANNIS
2168 1232 3154 1327 CHRYSOSTOMI

1042 1536 1209 1607 QUAE
1252 1539 1319 1595 ΙΝ
1354 1536 1490 1595 HOC
1537 1536 1941 1594 DUODECIMO
1980 1538 2173 1597 ΤΟΜΟ
2220 1535 2738 1595 CONTINENTUR.

1554 1811 2273 1851 w

266 2097 319 2151 1.
358 2092 610 2149 Prml‘atio
631 2103 685 2147 et
718 2093 951 2149 homiliaz
978 2084 1189 2147 XXXIV
1231 2093 1285 2148 in
1329 2091 1629 2161 Epistolam
1681 2093 1855 2149 sancti

339 2188 490 2244 Pauli
518 2187 585 2241 ad
622 2186 904 2252 liebneos,
952 2186 1297 2255 superaddita
1359 2181 1378 2251 (
1419 2181 1486 2236 ad
1515 2184 1676 2238 ﬁnem
1714 2199 1847 2255 ope-

340 2274 417 2330 ris
458 2278 476 2348 )
543 2278 773 2333 Mutiani
807 2277 1129 2333 Scholastici
1163 2276 1612 2345 interpretatione
1637 2276 1853 2343 Latina,

344 2369 537 2437 Savil.,
570 2370 728 2425 Tom.
758 2371 810 2424 4.
837 2386 957 2440 pag.
990 2369 1038 2424 1.
1074 2368 1263 2424 Morel.
1293 2366 1449 2424 Tom.
1484 2368 1536 2422 6.
1570 2382 1694 2440 pag.
1726 2368 1852 2423 427.

271 2515 592 2584 Sequuntur
610 2513 848 2569 homiliae
878 2512 1127 2567 undecim
1161 2512 1427 2568 hactenus
1464 2526 1571 2565 non
1598 2511 1777 2578 edita),
1804 2521 1857 2569 et

344 2607 410 2659 ad
446 2607 725 2660 historiam
764 2605 909 2661 illius
936 2605 1032 2659 aevi
1067 2605 1293 2659 multum
1327 2603 1694 2659 conferentes.

268 2718 311 2786 1-
350 2716 404 2771 2.
432 2718 668 2771 llomilia
699 2719 875 2788 prima
900 2718 1083 2772 habita
1123 2719 1175 2772 in
1199 2717 1461 2789 Martyrio
1485 2735 1581 2774 seu
1610 2720 1661 2773 in
1686 2720 1858 2775 cccle-

344 2811 447 2874 sia,
488 2826 609 2879 quae
649 2819 733 2865 est
780 2811 1001 2880 antiqua
1032 2809 1191 2864 Petra
1228 2827 1239 2862 :
1281 2828 1299 2859 ε
1339 2807 1492 2874 Quod
1548 2810 1857 2880 frequenter

347 2904 780 2959 conveniendum
810 2905 902 2967 sit,
933 2912 987 2958 et
1011 2902 1159 2973 quod
1194 2918 1303 2957 non
1332 2903 1406 2957 sit
1454 2901 1855 2972 desperandum

342 2996 411 3050 de
439 2997 634 3061 salute,
682 3015 700 3048 ι
738 2996 845 3051 col.
882 2995 1142 3051 469-470.

269 3119 314 3190 1-
350 3120 403 3175 3.
430 3119 664 3174 llomilia
687 3119 925 3175 secunda
958 3120 1145 3175 habita
1176 3136 1299 3175 cum
1322 3124 1636 3192 lmperatrix
1672 3124 1857 3178 Eudo-

343 3213 431 3265 xia
450 3212 706 3281 reliquias
737 3222 1035 3281 martyrum
1066 3213 1119 3266 in
1152 3214 1314 3267 aliam
1347 3216 1637 3271 ecclesiam
1675 3225 1858 3271 trans-

347 3303 485 3357 latas
515 3304 775 3357 comitata
809 3313 975 3369 esset,
1010 3316 1137 3371 etc.,
1175 3307 1568 3364 001.475—476.

268 3416 312 3485 1-
352 3416 406 3471 4.
442 3416 676 3471 llomilia
700 3420 858 3473 tertia
877 3420 1063 3474 habita
1080 3431 1371 3492 postquam
1400 3425 1701 3493 imperator
1725 3426 1854 3481 reli-

326 3508 485 3578 quias
511 3519 871 3566 veneraturus
895 3512 949 3565 in
976 3513 1265 3569 ecclesiam
1291 3514 1348 3568 S.
1372 3515 1596 3571 Thomas
1618 3533 1740 3574 cum
1761 3536 1856 3574 co-

350 3601 543 3654 mitatu
577 3616 679 3656 suo
709 3612 951 3668 venerat,
980 3606 1087 3660 col.
1112 3606 1377 3662 481-482.

268 3711 310 3779 1-
351 3712 403 3764 5.
434 3710 667 3766 llomilia
684 3724 877 3783 quarta
908 3717 959 3769 in
985 3719 1227 3785 ecclesia
1252 3721 1309 3774 S.
1334 3723 1643 3779 Anastasize
1667 3725 1853 3783 habita

347 3798 414 3854 de
445 3802 710 3871 agonibus
740 3803 798 3858 S.
833 3804 976 3871 Julii,
1012 3807 1116 3862 col.
1150 3809 1413 3867 ωδε-486.

273 3920 314 3990 1-
354 3920 406 3974 6.
444 3922 676 3978 llomilia
706 3927 895 3996 quinta
916 3928 1096 3983 habita
1130 3932 1185 3985 in
1214 3934 1420 4005 templo
1452 3934 1508 3990 S.
1549 3936 1756 4005 lrenes,
1786 3939 1852 3995 de

340 4013 525 4067 studio
554 4019 905 4084 praesentium
925 4028 975 4075 et
996 4020 1063 4075 de
1088 4022 1307 4092 ignavia
1338 4026 1646 4083 absentium
1673 4048 1684 4083 :
1711 4032 1853 4101 quod

347 4103 418 4156 sit
445 4105 810 4173 psallendum,
837 4116 967 4177 cte.,
1000 4112 1106 4165 col.
1136 4112 1394 4170 493-494.

270 4220 313 4291 1-
352 4222 640 4279 7.ilomilia
664 4237 816 4282 sexta
866 4229 1132 4286 habita‘in
1177 4236 1413 4292 ecclesia
1460 4244 1853 4310 Apostolorum

332 4313 386 4366 in
426 4315 513 4369 die
566 4315 861 4373 Theodosii
924 4321 1301 4393 Imperatoris,
1344 4340 1535 4385 contra
1563 4334 1855 4400 Catharos,

337 4408 445 4460 col.
469 4408 728 4465 499-500.

270 4516 311 4584 1-
354 4516 405 4571 8.
444 4517 677 4575 Homilia
709 4524 942 4592 septima
984 4526 1171 4585 habita
1203 4532 1258 4587 in
1292 4538 1494 4607 templo
1531 4539 1588 4594 S.
1622 4541 1858 4598 Anasta-

328 4611 443 4673 βίω,
477 4613 582 4667 col.
618 4613 882 4672 501-502.

271 4722 313 4791 1-
375 4724 426 4818 9..
462 4723 692 4818 liomilia
752 4738 943 4786 octava
980 4734 1161 4792 habita
1194 4740 1247 4794 in
1278 4744 1512 4800 ecclesia
1564 4746 1623 4801 S.
1679 4748 1855 4818 Pauli,

334 4815 441 4869 col.
472 4817 599 4871 507-
614 4820 737 4875 508.

268 4933 309 5003 αῖ·
347 4936 429 4990 10.
462 4936 697 4999 Homilia
732 4962 876 5003 nona
917 4969 931 5004 :
966 4969 984 5003 ι
1037 4953 1192 5020 Quod
1228 4972 1337 5013 non
1367 4969 1620 5032 oporteat
1644 4964 1711 5019 ad
1748 4966 1857 5021 cir-

336 5040 463 5081 cum
492 5038 545 5084 et
588 5034 797 5091 theatra
826 5043 1142 5111 ascendere,
1166 5054 1220 5101 et
1255 5048 1311 5102 in
1342 5049 1496 5115 illud,
1518 5051 1682 5107 Pater
1711 5072 1854 5111 meus

335 5131 498 5188 usque
526 5126 681 5181 modo
713 5142 981 5201 operatur,
1011 5146 1059 5190 et
1090 5154 1211 5209 ergo
1242 5156 1446 5211 operor,
1472 5163 1487 5195 ι
1515 5160 1563 5199 c.
1585 5146 1846 5203 519-520.

1958 2093 1999 2163 1-
2025 2093 2109 2147 11.
2138 2091 2373 2148 Homilia
2390 2093 2600 2150 decima
2624 2093 2677 2148 in
2695 2093 2853 2159 illud,
2889 2093 3083 2150 Messi;
3108 2096 3319 2167 quidem
3352 2102 3543 2167 multa,

1960 2238 1963 2239 ,
2018 2188 2248 2255 operarii
2277 2196 2451 2240 autem
2479 2187 2662 2254 pauci,
2696 2188 2805 2241 col.
2845 2187 3111 2243 523—524.

1956 2302 2000 2372 1-
2030 2300 2117 2356 12.
2143 2299 2379 2356 Homilia
2409 2301 2697 2357 undecima
2727 2301 2797 2357 de
2834 2300 3099 2357 Eleazaro
3130 2312 3184 2359 et
3222 2309 3289 2361 de
3330 2316 3537 2378 septem

2026 2395 2233 2464 pueris,
2259 2396 2363 2449 col.
2396 2394 2657 2471 551-552.

1961 2510 2046 2565 13.
2091 2509 2374 2566 Severiani
2400 2512 2467 2567 de
2524 2514 2735 2583 Sigillis
2786 2515 3078 2578 librorum,
3112 2514 3219 2570 col.
3268 2516 3544 2572 539-510.

2024 2602 2193 2657 Savil.
2223 2602 2288 2659 T.
2325 2604 2377 2658 5.
2407 2620 2461 2673 p.
2496 2604 2624 2661 689.
2655 2604 2847 2661 Morel.
2872 2605 3009 2662 T.6.
3050 2622 3102 2677 p.
3133 2606 3257 2662 158.

1962 2713 2401 2769 11.110miliain
2465 2716 2621 2782 illud,
2658 2716 2726 2771 In
2782 2720 3045 2789 principio
3098 2730 3212 2774 erat
3294 2722 3543 2786 Verbum,

2024 2808 2130 2865 col.
2164 2808 2428 2864 551-552.
2481 2808 2653 2864 Savil.
2687 2808 2752 2864 T.
2789 2811 2841 2863 5.
2877 2827 2938 2880 p.
2983 2812 3108 2867 659.
3160 2813 3352 2869 Morel.
3393 2816 3456 2870 Τ.
3496 2819 3548 2873 6.

2028 2920 2081 2973 p.
2114 2902 2241 2958 255.

1962 3015 2049 3069 15.
2095 3015 2287 3070 Sermo
2314 3015 2381 3072 de
2427 3013 2869 3081 Mansuetudine,
2898 3019 3005 3071 col.
3057 3018 3325 3074 555—558.
3379 3022 3548 3081 Savil.

2018 3105 2083 3159 Τ,
2103 3105 2153 3158 ϐ.
2187 3122 2241 3175 p.
2265 3107 2390 3163 759.
2425 3108 2619 3165 Morel.
2646 3109 2709 3164 T.
2738 3110 2790 3165 5.
2822 3128 2874 3180 p.
2908 3110 3031 3167 538.

1963 3222 2047 3274 16.
2076 3221 2288 3291 Eclogce
2310 3239 2405 3278 seu
2430 3224 2720 3296 Florilegia
2740 3242 2805 3281 ex
2832 3228 3039 3282 Savilio
3058 3238 3242 3293 aucta,
3270 3231 3377 3285 col.
3413 3229 3552 3283 567-

2018 3318 2143 3373 568.
2176 3318 2345 3373 Savil.
2376 3319 2439 3373 Τ.
2475 3318 2528 3372 7.
2565 3336 2617 3390 p.
2646 3318 2772 3375 665.
2798 3320 2987 3376 Morel.
3022 3322 3086 3375 T.
3108 3322 3221 3393 6.p.
3256 3323 3383 3377 eoo.

1959 3430 2045 3483 17.
2082 3428 2328 3500 Liturgia
2359 3432 2534 3486 sancti
2558 3430 2790 3487 Joannis
2834 3432 3242 3503 Chrysostomi,
3276 3438 3383 3489 col.
3408 3436 3542 3489 901-

2030 3522 2155 3576 902.
2196 3522 2365 3578 Savil.
2399 3522 2462 3577 T.
2489 3524 2540 3579 6.
2577 3542 2629 3595 p.
2666 3526 2793 3581 985.

2554 3687 2828 3743 Sl‘URlA.

1960 3816 2048 3871 18.
2090 3817 2147 3871 In
2189 3834 2380 3872 novam
2424 3820 2765 3875 Dominicam
2799 3832 2853 3877 et
2896 3824 2949 3877 in
2985 3824 3043 3878 S.
3100 3823 3388 3891 Thomam,
3440 3824 3549 3880 col.

2017 3906 2279 3962 927-928.
2308 3907 2478 3963 Savil.
2505 3910 2567 3964 T.
2597 3913 2649 3965 7.
2687 3929 2739 3982 ῃ.
2772 3914 2897 3969 573.

1962 4021 2047 4075 19.
2087 4021 2142 4076 in
2201 4026 2258 4079 Β.
2330 4023 2691 4094 Stephanum,
2722 4027 2827 4079 enl.
2874 4027 3138 4083 929-930.
3202 4029 3370 4083 Savil.
3408 4029 3471 4083 T.
3499 4032 3551 4085 7.

2025 4130 2077 4183 ῃ.
2113 4116 2242 4169 578.

1959 4230 2047 4282 20.
2086 4231 2140 4283 1n
2200 4229 2256 4283 S.
2299 4230 2659 4300 Stephanum,
2716 4234 2821 4287 t‘ol.
2861 4236 3123 4290 951-932.
3181 4236 3351 4290 Savrl.
3390 4237 3452 4290 Τ.
3499 4238 3548 4290 7.

2020 4337 2075 4389 p.
2113 4320 2238 4375 531.

1960 4435 2047 4488 21.
2081 4433 2139 4488 1n
2174 4434 2230 4489 S.
2292 4436 2653 4508 Stephanum,
2691 4442 2801 4499 col.
2852 4444 3111 4499 955-931.
3156 4443 3327 4499 Savil.
3393 4444 3456 4497 Τ.
3494 4445 3547 4498 7.

2028 4545 2081 4598 p.
2117 4529 2239 4583 781.

1962 4642 2050 4697 22.
2088 4644 2145 4697 in
2183 4644 2239 4697 S.
2276 4643 2658 4713 Pentecostcn,
2685 4647 2791 4703 col.
2829 4649 3091 4703 931-958.
3150 4651 3317 4705 Savil.
3383 4649 3446 4704 T.
3490 4652 3549 4707 7.

2019 4750 2073 4805 p.
2099 4734 2223 4791 782.

1960 4848 2048 4903 23.
2089 4848 2162 4904 De
2198 4851 2477 4920 patientia,
2509 4853 2659 4907 etde
2707 4854 3196 4912 Consummatione
3247 4858 3416 4926 hujus
3453 4876 3552 4914 sm-

2032 4944 2163 5009 culi,
2197 4953 2327 5012 etc.,
2357 4946 2464 5001 col.
2489 4946 2753 5004 957-958.
2800 4949 2969 5004 Savil.
2997 4949 3061 5004 T.
3088 4952 3142 5007 7.
3179 4967 3232 5020 ι).
3266 4952 3391 5005 455.

1962 5060 2052 5115 9.4.
2110 5060 2432 5117 Encomium
2464 5065 2639 5121 sancti
2689 5066 2938 5138 Gregorii
2993 5068 3389 5123 llluminatoris
3423 5082 3448 5119 a
3489 5066 3552 5120 D.

2034 5153 2229 5210 abbate
2249 5156 2317 5211 de
2336 5156 2601 5229 Villefroy
2632 5172 2699 5214 ex
2726 5159 3053 5217 Armeniaca
3081 5159 3273 5216 Latine
3310 5174 3551 5215 versum.

1461 5476 2377 5518 “mw-999%
