4112 6344
552 427 607 477 11
1218 412 1275 469 S.
1313 410 1587 468 JOANNIS
1615 405 2081 464 CllliYSOSTlml
2124 418 2135 455 λ

2240 400 2434 457 ΖΠΙΕΡ.
2475 401 3003 459 CONSTANTINOP.
3746 409 3766 461 1
3778 406 3811 460 ‘2

552 539 906 602 adversarios,
934 548 1028 589 cur
1064 528 1265 586 nonad
1304 526 1517 583 Judceos
1555 542 1583 577 a
1621 525 1730 578 Deo
1774 523 1968 574 missus
2013 516 2119 572 sit?

554 634 679 702 quia
741 645 808 686 eo
862 625 1077 682 nomine
1134 623 1406 691 praacipue
1462 617 1562 686 ipsi
1595 641 1599 646 ·
1630 615 1857 670 fuissent
1904 608 2119 664 infensi.

557 725 690 779 Cum
736 722 835 775 hoc
882 717 1041 786 igitur
1080 713 1357 784 prmsciret
1398 709 1556 771 Deus,
1604 714 1656 761 et
1692 702 1831 773 quod
1862 716 1981 756 cum
2017 713 2122 752 non

559 824 734 871 essent
757 807 1075 871 admissuri;
1104 803 1437 871 Proﬁciscere
1470 797 1537 849 ad
1562 804 1751 867 gentes,
1785 792 1975 861 inquit,
2004 789 2123 859 quia

554 908 633 961 illi
664 920 763 956 non
804 899 1046 968 accipient
1072 892 1412 949 testimonium
1444 902 1583 943 tuum
1623 886 1685 939 de
1724 901 1802 938 me
1849 884 1988 954 (Act.
2030 879 2121 935 22.

557 996 667 1067 18).
692 993 825 1048 Tum
853 992 979 1045 ille:
1015 986 1209 1050 Etiam,
1230 983 1464 1048 Domine,
1504 980 1602 1048 ipsi
1644 978 1807 1030 sciunt
1854 974 1992 1044 quod
2034 986 2124 1067 ego

555 1066 848 1150 vinciebant,
893 1091 939 1135 et
987 1076 1307 1133 verberabam
1334 1090 1421 1144 per
1450 1086 1734 1142 synagogas
1780 1067 2034 1120 credentes
2070 1066 2124 1119 in

554 1193 620 1249 te,
653 1188 699 1234 et
727 1194 841 1232 cum
862 1173 1202 1246 effunderetur
1241 1166 1446 1237 sanguis
1476 1162 1725 1232 Stephani
1752 1161 1887 1214 testis
1914 1158 2006 1220 tui,
2034 1173 2125 1226 ego

554 1287 749 1344 quoque
805 1267 1012 1321 aderant
1063 1260 1351 1332 approbans
1398 1271 1509 1309 eam
1561 1252 1783 1317 caedem,
1842 1248 2125 1303 custodiens

553 1340 707 1418 restes
744 1355 1136 1413 interimentium
1182 1351 1327 1405 illum
1371 1345 1530 1419 (Ibid.
1568 1359 1616 1397 υ.
1655 1342 1743 1397 19.
1784 1340 1901 1409 20).
1952 1340 2125 1408 Atque

554 1457 659 1509 hoc
684 1454 731 1508 ei
758 1453 963 1522 signum
1004 1460 1124 1500 esse
1167 1439 1401 1498 ostendit
1445 1446 1499 1492 et
1543 1444 1934 1505 argumentum,
1984 1431 2125 1502 quod

554 1563 661 1604 non
710 1541 964 1599 credituri
1007 1540 1113 1593 sint
1158 1534 1279 1590 sibi.
1334 1532 1424 1587 Sic
1476 1531 1617 1585 enim
1669 1543 1727 1584 se
1778 1542 1864 1583 res
1918 1526 2122 1581 habet:

553 1636 765 1710 quando
788 1634 905 1705 quis
931 1646 959 1684 a
985 1637 1145 1700 gente
1175 1626 1422 1696 quapiam
1450 1619 1727 1685 defecerit,
1760 1618 1805 1710 si
1834 1618 2006 1710 site:
2048 1617 2128 1710 in:

554 1707 694 1783 limis
736 1734 792 1781 et
845 1721 1040 1777 nullius
1097 1713 1530 1779 existimationis,
1582 1726 1688 1765 non
1736 1707 2021 1763 admodum
2072 1707 2127 1763 id

554 1822 840 1877 molestum
870 1826 953 1872 est
990 1814 1054 1867 iis
1080 1826 1214 1882 quos
1241 1808 1481 1863 deseruit
1509 1824 1521 1858 :
1552 1802 1694 1875 quod
1718 1802 1761 1856 si
1800 1802 1941 1857 idem
1971 1800 2127 1855 faciat

554 1913 785 1971 eximius
807 1908 1000 1977 aliquis
1029 1914 1081 1959 et
1102 1903 1217 1961 zelo
1247 1900 1441 1955 ardens
1471 1905 1525 1953 et
1558 1897 1646 1967 qui
1675 1894 1880 1966 pridem
1910 1894 2127 1948 illorum

554 2003 833 2060 sententias
876 1996 1065 2060 fuerat,
1108 1994 1160 2047 id
1198 2004 1328 2046 vero
1356 1989 1474 2044 illos
1500 1987 1637 2041 male
1666 1985 1848 2053 habet,
1880 1992 1936 2039 et
1965 1997 2126 2053 supra

553 2093 773 2148 modum
822 2101 1054 2145 mmrore
1098 2082 1334 2146 conﬁcit,
1365 2090 1423 2135 ut
1451 2078 1594 2151 quod
1639 2076 1872 2131 maxime
1914 2075 2127 2128 illorum

554 2186 749 2255 dogma
777 2179 1062 2241 convellat,
1095 2172 1384 2229 resiliendo
1410 2170 1477 2224 ad
1509 2170 1663 2224 alios.
1706 2167 1843 2235 Quin
1884 2174 1937 2221 et
1983 2164 2126 2220 aliud

552 2278 746 2339 inerat,
803 2271 944 2343 quod
998 2266 1305 2323 incredulos
1356 2262 1624 2319 redderet.
1678 2260 1941 2329 Quidnam
1987 2259 2127 2314 hoc?

555 2365 707 2434 Quod
734 2365 922 2423 Petrus
957 2370 1009 2415 et
1034 2359 1227 2427 reliqui
1257 2371 1379 2412 cum
1406 2354 1621 2409 Christo
1664 2353 2034 2417 convixerant,
2075 2361 2129 2406 et

554 2459 790 2531 prodigia
825 2456 942 2525 ejus
972 2469 1031 2507 ac
1062 2450 1315 2505 miracula
1346 2446 1586 2502 viderant
1614 2463 1626 2499 :
1661 2445 1748 2499 hic
1776 2455 1956 2501 autem
1990 2443 2127 2498 nihil

554 2555 767 2615 horum,
795 2548 889 2603 sed
906 2562 1025 2602 cum
1043 2550 1186 2600 esset
1203 2544 1255 2595 in
1284 2539 1525 2611 partibus
1548 2536 1881 2603 Judazorum,
1912 2544 2130 2605 repente

555 2644 839 2713 transfugit
884 2641 951 2695 ad
996 2648 1255 2693 nostros:
1307 2633 1359 2688 id
1398 2630 1540 2703 quod
1590 2630 1742 2686 valde
1781 2644 1869 2683 res
1920 2639 2130 2685 nostras

554 2732 906 2791 conﬁrmavit.
952 2728 1029 2783 llli
1073 2727 1215 2782 enim
1260 2725 1343 2779 vel
1382 2722 1450 2778 ad
1491 2722 1715 2793 gratiam
1768 2719 2127 2774 testimonium

558 2830 701 2886 ferre
732 2825 898 2881 videri
940 2828 1207 2893 poterant,
1241 2818 1395 2888 quasi
1433 2815 1503 2870 ob
1530 2814 1764 2883 Magistri
1800 2812 2130 2867 desiderium

554 2926 935 2975 attestarentnr
976 2914 1098 2969 talia
1134 2924 1155 2964 :‘
1180 2920 1234 2964 at
1276 2910 1363 2964 hic
1398 2906 1808 2963 resurrectionis
1854 2905 2026 2969 testis,
2082 2904 2130 2957 is

556 3016 675 3083 ipse
702 3026 889 3066 vocem
931 3008 1101 3063 solam
1143 3005 1260 3073 ejus
1298 3002 1591 3057 audiverat.
1624 2999 1959 3071 Quapropter
1983 2998 2133 3053 vides

557 3122 649 3162 eos
700 3104 822 3158 huic
864 3117 927 3156 ex
970 3099 1148 3152 animo
1193 3093 1438 3160 infestos,
1467 3092 1760 3173 seditiones
1782 3090 2129 3157 concitantes,

558 3209 611 3253 ct
650 3196 779 3251 nihil
810 3209 915 3248 non
944 3193 996 3245 in
1026 3189 1317 3260 perniciem
1359 3189 1475 3255 ejus
1518 3185 1824 3240 molientes.
1868 3182 2131 3240 Craterum

558 3287 863 3345 incredulos
905 3282 1121 3339 Judazos
1170 3280 1284 3334 haec
1332 3293 1493 3333 causa
1546 3276 1963 3341 abalienaverat,
2012 3290 2132 3331 cre-

559 3381 749 3436 dentes
775 3392 902 3431 vero
932 3371 1215 3444 quamam?
1244 3368 1379 3437 Quia
1426 3381 1649 3422 necesse
1694 3366 1921 3422 habebat
1962 3367 2135 3437 genti-

559 3476 659 3529 bus
702 3484 839 3541 pure
884 3467 1177 3538 praedicare
1216 3462 1571 3517 Christianam
1618 3461 1952 3531 religionem,
1998 3469 2053 3514 et
2088 3457 2135 3515 si

559 3564 779 3634 quando.
817 3562 869 3614 in
914 3556 1220 3612 Juda'orum
1260 3552 1483 3623 regione
1533 3562 1857 3617 versaretur,
1898 3552 2029 3605 nihil
2081 3551 2135 3606 id

560 3656 799 3713 curabat.
843 3653 1031 3708 Petrus
1079 3648 1221 3704 enim
1270 3656 1323 3701 et
1359 3646 1511 3711 socii,
1556 3654 1617 3699 ut
1658 3644 1749 3715 qui
1787 3644 2137 3718 Jerosolymis

561 3746 940 3819 praedicabant,
974 3743 1059 3797 ubi
1087 3741 1219 3811 legis
1248 3739 1459 3797 fervens
1479 3738 1721 3793 studium
1746 3748 1884 3805 erat,
1917 3755 2139 3797 necesse

563 3842 831 3897 habebant
867 3852 984 3892 eam
1025 3835 1214 3905 jubere
1263 3832 1462 3887 servari
1495 3851 1507 3885 :
1551 3840 1608 3886 at
1647 3832 1735 3889 hic
1764 3843 1946 3889 noster
1974 3835 2139 3892 multa

563 3934 811 3988 libertate
855 3928 1116 3983 utebatur.
1160 3924 1349 3980 Plures
1382 3924 1544 3980 etiam
1582 3933 1737 3980 erant
1775 3941 1805 3981 e
1853 3928 2140 3997 gentilibus

564 4038 722 4094 quam
762 4019 951 4083 Judaei,
1000 4025 1182 4087 utpote
1222 4016 1312 4085 qni
1362 4016 1570 4071 externi
1618 4026 1830 4082 essent;
1860 4033 1964 4073 non
1999 4029 2141 4075 tanta

565 4114 702 4185 legis
747 4110 1001 4181 religione
1048 4107 1394 4172 tenebantur,
1427 4121 1598 4177 eoque
1627 4107 1833 4163 facilius
1859 4124 1917 4165 se
1945 4110 2012 4167 ab
2051 4112 2139 4167 illa

570 4204 947 4267 absolvebant,
979 4200 1142 4256 Paulo
1170 4199 1345 4253 omnia
1377 4214 1508 4270 pure
1536 4201 1875 4269 praedicante.
1908 4203 1977 4258 Et
2020 4222 2144 4263 vere

569 4312 631 4350 ea
650 4295 716 4349 de
742 4308 898 4349 causa
921 4292 1065 4346 illum
1096 4290 1347 4345 inducere
1376 4290 1643 4358 videntur,
1671 4302 1727 4346 ut
1751 4295 2143 4354 multitudinem

573 4392 913 4440 revereantnr
942 4399 955 4433 :
1000 4379 1166 4445 Vides,
1192 4380 1455 4448 inquiunt,
1484 4384 1662 4450 frater,
1700 4393 1818 4453 quot
1859 4386 2021 4441 millia
2046 4392 2146 4445 sint

567 4478 867 4531 Judteorum
910 4472 1257 4527 credentium?
1299 4472 1385 4542 qui
1430 4472 1490 4525 ob
1536 4472 1632 4527 hoc
1666 4482 1714 4529 te
1748 4475 1983 4549 oderunt,
2010 4484 2145 4552 quod

569 4570 819 4624 audierint
845 4578 890 4621 te
913 4566 1240 4637 dcfeCtionem
1266 4581 1298 4616 a
1318 4565 1425 4636 lege
1454 4564 1649 4620 docere.

638 4660 741 4716 Cur
782 4659 973 4711 Paulus
1017 4654 1298 4725 Epistolam
1341 4656 1408 4708 ad
1441 4654 1679 4712 Hebraeos
1723 4662 2003 4731 scripserit,
2048 4684 2147 4737 quo

570 4768 815 4824 tempore,
854 4766 954 4817 qua
986 4748 1266 4802 occasione.
1287 4778 1358 4787 —
1382 4746 1489 4802 Cur
1512 4749 1671 4819 igitur
1704 4751 1901 4809 .Iudmis
1940 4760 2145 4827 scribit,

568 4865 691 4904 eum
725 4862 827 4901 non
855 4843 924 4898 sit
959 4856 1143 4897 eorum
1187 4838 1419 4894 doctor?
1445 4849 1536 4894 aut
1561 4856 1791 4911 quonam
1820 4846 1885 4901 ad
1913 4862 2005 4903 eos
2035 4852 2149 4921 epi-

568 4943 761 4997 stolam
792 4936 990 4993 mittit?
1029 4933 1143 4988 Mea
1170 4932 1425 5001 opinione
1450 4932 1844 5005 Jcrosolymatn
1887 4949 1941 4993 et
1968 4940 2021 4994 in
2051 4941 2148 4995 Pa-

568 5034 856 5089 ιωδιίηαηι,
889 5028 992 5085 δοά
1022 5026 1291 5099 quomodo
1338 5026 1564 5082 scribit?
1591 5027 2050 5094 Quemadmodum
2098 5047 2150 5091 et

568 5125 896 5197 baptizabat,
945 5136 1051 5175 non
1076 5120 1259 5189 jussus
1306 5118 1615 5187 baptizare;
1648 5120 1722 5173 ait
1763 5122 1906 5177 enim
1954 5140 2012 5181 se
2043 5142 2150 5183 non

571 5220 795 5274 missum
824 5216 889 5270 ad
920 5212 1291 5284 baptizandum
1326 5211 1405 5281 (1.
1437 5208 1556 5266 Cor.
1590 5212 1641 5267 1.
1673 5214 1764 5284 17)
1796 5237 1807 5270 :
1843 5232 1942 5272 nec
1975 5228 2153 5277 tamen

570 5311 771 5366 vetitus
797 5316 936 5371 erat,
969 5305 1063 5360 sed
1095 5319 1274 5373 opera:
1308 5303 1602 5359 auctarium
1630 5304 1733 5361 hoc
1764 5306 1909 5363 fecit.
1951 5310 2021 5366 Et
2058 5330 2154 5370 cur

570 5402 655 5456 his
686 5416 791 5455 non
822 5398 1101 5462 scriberet,
1136 5410 1231 5465 pro
1257 5395 1447 5463 quibus
1472 5396 1757 5452 anathema
1796 5414 1917 5457 esse
1944 5406 2155 5463 volebat

573 5494 751 5564 (Rom.
782 5491 837 5547 9.
859 5492 954 5561 '5)?
980 5490 1316 5558 Quapropter
1343 5488 1475 5544 dixit
1500 5507 1513 5543 :
1544 5488 1723 5545 Nostis
1749 5494 1958 5563 fratrem
1987 5498 2154 5555 Timo—

575 5583 747 5636 theum
771 5582 1011 5644 solutum,
1034 5597 1147 5634 cum
1165 5596 1283 5649 quo,
1302 5580 1347 5632 si
1372 5581 1621 5635 maturius
1650 5586 1858 5650 venerit,
1892 5591 2047 5642 visam
2069 5608 2154 5647 vos

579 5674 762 5747 (Hebr.
798 5675 883 5730 15.
918 5674 1035 5743 25).
1070 5672 1310 5727 Nondum
1360 5674 1501 5726 enim
1542 5676 1969 5745 comprehensus
2014 5694 2150 5739 erat.

577 5770 711 5822 Cum
755 5767 913 5839 igitur
951 5766 1228 5822 biennium
1274 5766 1457 5819 Roma:
1508 5769 1773 5837 exegisset
1808 5770 1861 5824 in
1906 5773 2151 5841 vinculis,

586 5862 799 5916 tandem
828 5860 1076 5917 dimissus
1107 5871 1216 5929 cst;
1247 5862 1438 5917 deinde
1470 5864 1521 5917 in
1548 5863 1825 5933 llispanias
1852 5873 2152 5936 prolectus;

2234 524 2414 583 postea
2444 514 2496 567 in
2520 514 2758 569 Jndmam
2792 518 2954 577 venit,
3007 526 3059 571 et
3095 515 3307 571 Judmos
3354 516 3567 584 invisit;
3611 534 3672 574 ac
3701 530 3809 573 tum

2229 621 2412 661 l‘tll'SltS
2455 606 2680 661 Romam
2717 623 2965 661 reversus
2996 619 3098 670 cst,
3133 610 3346 679 quando
3389 619 3441 663 ct
3488 611 3808 680 supplicium

2224 699 2373 767 jussu
2425 698 2653 753 Neronis
2686 700 2921 768 pertulit.
2958 701 3190 756 Proinde
3236 701 3459 770 epistola
3507 704 3571 756 ad
3625 703 3810 756 Timo-

2231 792 2409 845 theum
2454 793 2725 860 antiquior
2756 792 2853 846 hac
2898 802 3014 857 est;
3048 794 3155 848 illic
3183 796 3324 849 enim
3355 795 3503 860 dicit,
3539 796 3647 867 Ego
3678 797 3808 849 enim

2218 886 2332 954 jam
2370 885 2640 948 immolor;
2686 894 2740 939 et
2781 900 3020 949 rursum,
3068 884 3135 939 lu
3175 888 3338 956 prima
3382 903 3494 941 mea
3523 888 3808 955 defensioue

2228 994 2370 1031 nemo
2413 977 2535 1030 mihi
2562 978 2726 1048 adfuit
2762 976 2834 1047 (9..
2880 976 3011 1030 Tim.
3044 977 3097 1032 4.
3140 979 3191 1033 6.
3236 990 3282 1033 et
3313 978 3423 1051 16).
3456 980 3612 1049 Saepe
3652 996 3802 1034 nam-

2228 1084 2330 1138 que
2364 1068 2611 1133 certavit,
2651 1068 3102 1138 quemadmodum
3147 1078 3201 1124 et
3237 1070 3811 1126 Thessalonicensilnts

2230 1162 2411 1216 scribit
2466 1180 2479 1215 :
2528 1161 2819 1215 Imitatores
2868 1164 2991 1232 facti
3045 1164 3163 1216 estis
3215 1162 3566 1218 Ecclesiarum
3613 1165 3813 1219 Juda'a'

2233 1255 2306 1323 (1.
2341 1252 2514 1307 Tltess.
2546 1253 2598 1306 2.
2626 1254 2737 1322 14).
2767 1254 2903 1319 Quin
2928 1264 2980 1308 et
3010 1254 3136 1324 ipsis
3160 1256 3420 1321 scribens,
3446 1255 3572 1311 Cum
3600 1258 3806 1328 gaudio,

2229 1344 2420 1414 inquit,
2473 1344 2808 1413 direptionem
2857 1346 3163 1416 facultatum
3215 1357 3495 1401 uestrarum
3548 1349 3811 1417 accepistis

2231 1438 2413 1511 (Hebr.
2468 1439 2552 1494 10.
2602 1440 2711 1511 54).
2750 1439 2911 1494 Vides
2957 1455 3143 1494 eorum
3186 1442 3516 1496 certamina?
3568 1440 3717 1508 Quod
3762 1442 3807 1495 si

2228 1531 2500 1601 apostolos
2544 1532 2615 1585 ita
2646 1532 2969 1597 tractabant,
3024 1548 3130 1587 non
3177 1534 3228 1586 in
3261 1532 3444 1587 Jndma
3492 1533 3671 1597 modo,
3715 1534 3809 1586 sed

2233 1624 2553 1694 ubicumque
2595 1623 2735 1677 inter
2785 1623 3012 1693 gentiles
3056 1624 3323 1694 degebant
3361 1624 3529 1694 :quid
3575 1641 3678 1679 non
3731 1623 3809 1677 fa-

2228 1717 2363 1771 cturi
2393 1724 2547 1771 erant
2575 1716 2787 1770 caeteris
2815 1715 3101 1770 ﬁdelibus?
3130 1716 3252 1770 Ideo
3286 1716 3433 1771 vides
3462 1732 3581 1770 eum
3618 1717 3811 1771 horum

2229 1823 2413 1865 curam
2447 1822 2635 1878 gerere
2678 1808 3020 1877 praecipuam.
3051 1807 3182 1860 Cum
3228 1808 3371 1861 enim
3401 1808 3548 1872 dicit,
3588 1808 3811 1877 Pro/ici-

2230 1918 2341 1955 scor
2368 1901 2747 1954 ministraturus
2772 1897 2959 1952 sanctis
2980 1896 3316 1968 Jcrosolyma:
3342 1899 3517 1968 (Rom.
3558 1900 3644 1953 15.
3677 1899 3768 1967 ἳδ)
3794 1918 3808 1963 ;

2232 2002 2287 2047 ct
2312 2006 2521 2046 rursum
2550 2006 2669 2045 cum
2711 1989 3026 2044 adhortatur
3061 1989 3367 2045 Corinthios
3411 1990 3478 2044 ad
3507 1991 3812 2045 beneﬁcen-

2194 2085 2380 2151 -tiam,
2430 2083 2671 2139 scribens
2719 2083 3034 2137 Macedonas
3079 2083 3189 2152 jam
3233 2084 3571 2137 collationem
3621 2082 3815 2139 fecisse

2231 2177 2307 2249 (2.
2336 2176 2452 2233 Cor.
2472 2178 2525 2233 8.
2556 2177 2629 2247 1),
2662 2176 2862 2231 addens
2892 2191 2948 2230 se
2974 2191 3184 2246 quoque
3209 2176 3254 2230 si
3285 2192 3417 2245 opus
3450 2178 3519 2230 sit
3552 2176 3816 2243 profectu-

2229 2285 2367 2324 rum.
2396 2270 2459 2323 Et
2487 2284 2607 2323 cum
2651 2268 2797 2332 dicit,
2826 2267 3046 2322 Tantum
3083 2280 3135 2321 ut
3162 2286 3441 2338 pauperum
3470 2287 3710 2325 memores
3739 2288 3816 2325 es—

2230 2376 2415 2426 semus,
2454 2360 2508 2412 id
2554 2360 2688 2428 quod
2736 2360 3000 2428 diligenter
3049 2361 3223 2413 curavi
3253 2360 3392 2432 (Gal.
3425 2361 3477 2414 2.
3514 2362 3624 2431 10),
3676 2363 3814 2416 idetn

2231 2452 2377 2507 dicit.
2432 2452 2658 2506 Rursum
2716 2450 2900 2507 dicens
2932 2491 2947 2512 ,
3003 2448 3222 2504 Dextras
3274 2451 3515 2505 dederunt
3565 2454 3815 2506 societatis

2230 2547 2356 2601 mihi
2382 2556 2427 2599 et
2450 2543 2718 2621 Barnabag
2750 2553 2802 2596 ut
2832 2560 2921 2597 nos
2959 2544 3158 2611 quidem
3196 2544 3263 2596 ad
3290 2554 3478 2613 gentes,
3509 2546 3605 2614 ipsi
3650 2557 3817 2598 autem

2231 2639 2298 2692 ad
2343 2638 2661 2692 circumcisos
2702 2634 2865 2703 (Ibid.
2896 2651 2942 2688 υ.
2976 2635 3057 2705 9),
3089 2635 3227 2688 idem
3274 2634 3420 2689 dicit.
3480 2638 3547 2689 At
3592 2651 3695 2689 non
3741 2639 3819 2692 sic

2231 2731 2299 2787 de
2325 2730 2647 2801 pauperibus
2676 2728 2784 2781 illic
2806 2727 3111 2797 agentibus,
3145 2729 3237 2781 sed
3264 2727 3375 2780 vult
3401 2744 3498 2780 nos
3527 2730 3815 2798 participes

2234 2836 2353 2876 esse
2407 2835 2531 2890 erga
2584 2820 2703 2873 illos
2748 2818 3134 2872 beneﬁcentiae.
3186 2817 3303 2871 Non
3347 2820 3491 2873 enim
3536 2831 3592 2872 ιιι
3624 2820 3819 2887 prasdi-

2239 2909 2394 2966 candi
2418 2950 2431 2973 ,
2460 2910 2535 2963 sic
2560 2924 2849 2978 pauperum
2882 2924 3064 2963 curam
3113 2909 3183 2962 ita
3229 2910 3333 2963 illis
3363 2911 3724 2965 commisimus
3766 2922 3821 2966 ut

2236 3002 2289 3058 hi
2342 3003 2633 3064 Gentibus.
2663 3004 2733 3056 illi
2779 3002 2975 3057 Judazis
3006 3004 3389 3072 prospicerent.
3427 3005 3584 3059 Vides
3625 3008 3820 3077 ubique

2234 3109 2392 3167 quam
2425 3097 2493 3150 sit
2514 3096 2774 3151 sollicitus
2807 3115 2820 3149 :
2850 3106 2903 3149 ct
2935 3097 3145 3150 merito.
3178 3096 3331 3149 Aliud
3364 3098 3505 3151 enitn
3539 3107 3653 3151 erat
3682 3101 3819 3169 apud

2236 3196 2459 3243 czeteras
2507 3196 2710 3254 gentes,
2747 3186 2834 3239 ubi
2889 3182 3055 3242 Judmi
3108 3202 3228 3240 cum
3270 3186 3469 3243 Graecis
3521 3192 3821 3260 promiscue

2236 3280 2629 3336 versabantur:
2662 3279 2714 3333 iu
2767 3278 2952 3333 Judtea
3004 3294 3131 3333 vero
3185 3280 3435 3349 quoniam
3490 3283 3650 3337 etiam
3708 3294 3820 3339 ttnn

2237 3372 2475 3444 quaedam
2521 3371 2787 3427 libertatis
2816 3372 3027 3441 species
3075 3372 3346 3437 manebat,
3382 3389 3479 3428 nec
3506 3376 3822 3431 vetchantur

2240 3466 2351 3520 suis
2396 3465 2600 3535 legibus
2656 3466 2836 3519 vivere
2891 3464 3125 3519 nondum
3176 3464 3433 3520 Romanis
3485 3468 3550 3521 ad
3608 3470 3819 3538 plcnutn

2238 3556 2459 3623 subditi,
2493 3573 2600 3612 non
2650 3557 2843 3611 mirum
2875 3558 2918 3610 si
2962 3572 3211 3627 magnam
3241 3558 3341 3613 sibi
3376 3560 3710 3616 vindicabant
3736 3574 3821 3633 ty-

2240 3650 2542 3707 rannidem.
2572 3650 2627 3706 Si
2655 3651 2795 3705 enim
2829 3660 2883 3705 et
2915 3650 2969 3704 in
3000 3650 3189 3705 alienis
3209 3651 3447 3719 urbibus,
3478 3654 3613 3709 sicut
3635 3655 3825 3709 Cm-iu-

2243 3742 2340 3808 thi,
2371 3742 2653 3811 pulsabant
2704 3742 3183 3814 archisynagogum
3213 3755 3336 3798 ante
3378 3745 3547 3812 ipsum
3592 3747 3822 3802 tribunal

2243 3834 2597 3904 proconsulis,
2644 3833 2883 3889 Gallione
2933 3850 3045 3889 rem
3099 3834 3231 3889 nihil
3282 3844 3503 3891 curante
3547 3837 3699 3909 (Act.
3733 3842 3820 3897 18.

2246 3928 2368 3998 17);
2401 3942 2575 3982 annon
2601 3928 2770 3998 magis
2794 3928 2846 3982 in
2877 3927 3101 3983 Iudam?

2313 4019 2369 4072 2.
2412 4018 2574 4074 Vides
2599 4020 2759 4089 igitur
2785 4020 3055 4089 quomodo
3081 4020 3131 4073 in
3166 4020 3269 4074 illis
3300 4021 3521 4076 urbibus
3552 4026 3825 4095 apostolos

2245 4110 2311 4165 ad
2352 4110 2695 4181 magistratus
2733 4109 3031 4176 adducunt,
3073 4121 3128 4166 et
3156 4114 3391 4182 gentium
3439 4130 3595 4185 opem
3640 4128 3823 4173 contra

2247 4220 2341 4261 eos
2370 4204 2682 4275 postulant:
2716 4204 2862 4259 domi
2906 4222 3035 4259 vero
3084 4205 3215 4260 nihil
3258 4207 3360 4261 tale
3400 4206 3685 4272 faciebant.
3733 4212 3828 4266 sed

2249 4298 2370 4369 ipsi,
2400 4306 2695 4352 convocato
2722 4297 2970 4363 concilio,
2996 4297 3050 4351 in
3077 4312 3443 4369 quoscumque
3473 4299 3687 4355 libuerit
3716 4304 3833 4357 ani-

2249 4388 2607 4444 madvertunt.
2641 4389 2729 4445 Sic
2767 4388 3096 4459 Stephanum
3143 4390 3548 4458 interfecerunt,
3579 4395 3659 4449 sic
3688 4411 3819 4465 apo-

2251 4482 2417 4537 stolos
2442 4481 2621 4553 ﬂagris
2663 4482 3061 4552 eastigaverunt
3105 4484 3421 4538 inconsultis
3465 4485 3829 4555 pratsidibus:

2251 4576 2328 4629 sic
2373 4584 2426 4627 et
2468 4574 2688 4628 Paulum
2731 4575 2971 4631 occisuri
3005 4584 3178 4639 erant,
3229 4576 3328 4629 nisi
3361 4576 3606 4631 tribunus
3648 4578 3727 4633 eis
3774 4594 3832 4635 se

2252 4666 2554 4735 objccisset.
2585 4665 2711 4720 Hace
2741 4666 2883 4720 enim
2913 4665 3114 4720 ﬁebant
3152 4677 3407 4722 manente
3446 4669 3620 4724 adhuc
3648 4680 3833 4725 aucto-

2253 4758 2409 4811 ritate
2435 4756 2769 4827 pontiﬁcum,
2802 4758 3057 4812 incolumi
3087 4760 3288 4828 templo
3326 4775 3447 4815 cum
3474 4776 3571 4816 suo
3603 4763 3748 4817 cultu
3775 4774 3831 4818 et

2254 4849 2549 4903 sacriﬁciis.
2596 4849 2789 4918 Aspice
2821 4850 2992 4918 ipsum
3039 4850 3259 4905 Paulum
3288 4851 3495 4921 judicio
3540 4858 3836 4913 sacerdotis

2255 4941 2465 5010 subjici,
2494 4942 2782 5006 dicentem,
2814 4943 3115 4998 Nesciebam
3136 4961 3241 4999 esse
3263 4947 3552 5015 pontiﬁcem
3585 4948 3719 5017 (Act.
3742 4952 3835 5007 23.

2256 5036 2350 5107 5);
2386 5036 2543 5107 idque
2590 5052 2769 5092 coram
2802 5038 3044 5093 Romano
3073 5040 3320 5109 prmside.
3372 5040 3542 5095 Tanta
3591 5043 3697 5096 illis
3727 5055 3837 5100 tum

2258 5141 2373 5185 erat
2398 5133 2631 5187 licentia.
2664 5129 2849 5203 Cogita
2897 5133 3057 5204 igitur
3100 5150 3260 5204 quam
3294 5136 3493 5189 misera
3528 5146 3653 5191 tunc
3682 5138 3840 5194 luerit

2261 5224 2493 5278 ﬁdelium
2529 5225 2865 5296 .Icrosolynta
2908 5236 3266 5298 cmtcrantquc
3309 5228 3550 5284 Judtcam
3597 5231 3841 5286 habitan-

2263 5318 2395 5371 tium
2435 5320 2691 5382 couditio.
2724 5320 2899 5387 Quare
2938 5321 3064 5391 quid
3098 5323 3289 5376 mirum
3331 5324 3398 5389 si,
3438 5325 3527 5393 qui
3560 5326 3843 5383 anathema

2263 5430 2382 5469 esse
2411 5430 2505 5485 pro
2528 5416 2813 5471 incredulis
2842 5417 3106 5486 cupiebat,
3131 5417 3269 5472 etde
3299 5420 3572 5473 conversis
3597 5420 3659 5473 ad
3685 5420 3841 5475 tidem

2265 5516 2371 5560 tum
2418 5515 2533 5561 erat
2577 5508 2861 5573 sollicitus,
2892 5520 2947 5563 ut
2975 5512 3017 5563 si
3048 5524 3135 5564 res
3168 5520 3431 5579 posceret.
3464 5510 3843 5578 profectioni-nt

2264 5616 2364 5652 non
2397 5600 2739 5667 detrectaret,
2766 5600 2830 5655 ad
2867 5600 3279 5655 ministrandum
3318 5618 3501 5656 eorum
3550 5605 3843 5657 necessita-

2264 5689 2403 5742 tibus
2448 5690 2692 5759 dignatur
2736 5708 2828 5745 eos
2857 5692 3225 5746 consolatione
3272 5708 3370 5764 per
3409 5692 3638 5759 litteras,
3686 5703 3737 5747 et
3766 5696 3843 5748 la-

2265 5779 2447 5835 bantes
2505 5780 2653 5836 fulcit
2699 5783 2809 5835 suis
2853 5782 3331 5836 adhortationibus.
3362 5782 3417 5836 lu
3458 5794 3660 5836 tantum
3703 5801 3845 5839 cnun

2266 5877 2722 5944 oppt‘ituclntntttr,
2753 5885 2807 5930 ut
2862 5890 2997 5945 pene
3048 5876 3335 5931 deﬁcerent
3368 5896 3380 5932 ι
3413 5877 3463 5931 id
3522 5878 3658 5948 quod
3706 5879 3844 5934 ritu
