4112 6344
252 405 311 463 ιε
1136 362 1204 441 tit
1242 380 1453 440 EPIST.
1495 379 1589 436 AD
1628 372 1993 435 nummos.
2034 374 2189 432 CAP.
2231 376 2273 433 1.
2313 375 2540 433 nontL.
2585 373 2625 430 ι.
3449 366 3515 419 tt

249 515 478 591 epistola:
511 512 670 567 linem
698 507 782 562 his
808 502 985 560 verbis
1012 500 1210 556 indicat
1240 516 1253 552 :
1286 497 1609 591 Quapropter
1630 508 1819 591 prauus

252 584 479 671 remissas
509 616 556 659 et
583 617 746 675 genua
789 596 959 653 soluta
999 594 1238 662 surrigite
1261 587 1442 661 (Hebr.
1472 586 1559 643 19.
1595 584 1721 658 l2);
1769 592 1825 638 et

251 712 481 761 rursum,
525 692 703 747 Adhuc
734 683 1066 758 perpusillum
1107 679 1365 747 temporis,
1394 689 1442 731 et
1467 677 1557 747 qui
1583 683 1823 729 venturus

250 802 316 848 at
340 788 517 851 veniet,
549 794 595 837 et
615 797 714 836 non
736 778 989 841 tardabit;
1009 784 1063 830 et
1088 776 1301 836 iterum,
1331 770 1395 826 Si
1420 778 1560 823 extra
1588 766 1820 835 discipli-

250 896 361 936 nam
387 877 529 941 estis,
574 874 726 946 igitur
754 866 916 939 spurii
957 868 1096 928 estis,
1137 880 1237 919 non
1274 862 1368 931 ﬁlii
1400 860 1561 933 (Ibid.
1611 859 1696 914 10.
1728 858 1818 913 57.

250 982 294 1026 et
325 969 405 1024 ιε.
435 967 513 1036 8).
544 963 807 1033 Quoniam
834 958 977 1015 enim
1007 956 1177 1012 Judt'i
1221 962 1392 1016 erant,
1440 961 1497 1006 et
1523 966 1554 1005 a
1585 948 1823 1019 patribus

249 1062 356 1118 suis
384 1058 683 1114 didicerant
710 1070 741 1111 e
762 1052 984 1122 vestigio
1005 1045 1389 1119 expectandus
1412 1060 1535 1101 esse
1564 1044 1823 1099 malorum

249 1163 301 1210 ct
344 1154 609 1206 bonorum
648 1143 1061 1208 vicissitudines,
1110 1140 1295 1209 sicque
1331 1153 1454 1193 esse
1491 1134 1820 1200 vivendum;

252 1256 372 1301 tunc
411 1257 543 1297 vero
579 1254 674 1309 spe
715 1238 976 1293 bonorum
1009 1243 1125 1305 post
1176 1240 1404 1288 mortem
1452 1230 1635 1295 dilata,
1683 1228 1823 1284 mala

252 1345 450 1394 tantum
480 1340 633 1387 erant
662 1330 714 1385 in
745 1327 1027 1393 manibus,
1055 1333 1109 1380 et
1133 1323 1389 1379 credibile
1421 1332 1536 1377 erat
1566 1332 1684 1391 post
1704 1321 1824 1375 lon-

250 1442 362 1498 gam
389 1420 729 1479 tolerantiam
758 1417 1017 1490 quosdam
1065 1416 1119 1470 in
1164 1413 1655 1485 pusillanimitatem
1690 1412 1826 1467 inci-

249 1521 421 1582 disse;
453 1516 679 1572 multmn
711 1513 809 1567 hac
836 1512 905 1567 de
934 1526 992 1566 re
1018 1509 1279 1564 sollicitus
1303 1516 1403 1563 est.
1438 1505 1542 1561 Sed
1570 1504 1684 1559 haec
1727 1519 1825 1559 suo

250 1623 489 1680 tempore
516 1608 843 1663 diSSeremus
884 1602 1175 1674 prolixius;
1222 1616 1363 1657 nunc
1406 1599 1537 1655 Satis
1580 1600 1647 1653 sil
1691 1597 1828 1652 indi-

251 1716 419 1767 casse,
460 1697 604 1770 quod
644 1710 866 1752 necesse
906 1694 983 1748 illi
1014 1693 1174 1748 luerit
1217 1691 1283 1746 ad
1314 1706 1409 1747 eos
1454 1690 1716 1755 scribere,
1759 1688 1828 1745 de

249 1795 439 1866 quibus
468 1802 585 1846 erat
614 1798 890 1858 tantopere
916 1786 1201 1841 sollicitus.
1232 1783 1385 1839 Licet
1411 1782 1555 1839 enim
1585 1782 1728 1837 notis
1758 1780 1827 1837 de

250 1886 423 1946 causis
449 1884 521 1947 ad
548 1885 693 1954 ipsos
724 1882 916 1936 missus
950 1894 1055 1935 non
1101 1879 1191 1944 sit,
1226 1876 1359 1931 nihil
1403 1886 1583 1931 tamen
1615 1875 1829 1931 vetabat

248 1996 364 2038 cum
400 1978 661 2034 scribere.
692 1972 845 2043 Quod
887 1982 1064 2027 autem
1094 1970 1159 2024 ad
1191 1968 1683 2039 pnsillanimitatetn
1711 1983 1831 2022 ver-

247 2077 456 2147 gerent,
495 2067 696 2122 indicat
723 2065 805 2119 his
830 2062 1009 2118 verbis
1043 2079 1055 2114 :
1087 2059 1347 2114 Remissas
1387 2075 1566 2113 manus
1593 2068 1638 2113 et
1663 2060 1831 2114 soluta

248 2178 407 2239 genua
451 2158 710 2228 surrigite,
762 2164 807 2210 et
849 2170 1053 2226 gressus
1089 2161 1249 2208 rectos
1289 2151 1473 2225 facile;
1520 2160 1573 2207 et
1613 2151 1827 2216 iterum,

251 2251 369 2307 Non
406 2252 540 2306 enim
580 2251 797 2319 injustus
824 2256 896 2301 est
924 2244 1083 2311 Deus,
1110 2253 1165 2297 ut
1191 2243 1515 2297 obliviscatur
1552 2244 1718 2312 operis
1742 2260 1829 2297 re-

247 2344 336 2401 stri
375 2352 421 2397 et
460 2342 686 2403 caritatis
735 2337 917 2411 (Ibid.
965 2336 1053 2395 12.
1100 2334 1188 2390 19..
1232 2335 1301 2390 15
1345 2344 1392 2388 et
1434 2334 1489 2391 6.
1539 2333 1650 2404 10).
1697 2334 1830 2390 Nam

248 2434 422 2489 anima
468 2432 673 2487 crebris
712 2437 959 2501 quassata
1012 2426 1414 2489 tentationibus,
1468 2440 1613 2487 smne
1654 2425 1829 2480 dimo-

251 2534 400 2581 vetnr
451 2539 483 2579 a
526 2523 652 2578 lidc.
692 2522 815 2577 Ideo
869 2519 1151 2576 conﬁrmat
1184 2534 1279 2574 eos
1326 2520 1519 2574 talibus
1583 2518 1835 2574 adhorta-

251 2615 505 2677 tionibus,
550 2630 619 2669 ne
674 2614 783 2669 sint
827 2612 990 2667 corde
1034 2610 1329 2666 incredulo.
1364 2613 1537 2681 Atque
1589 2612 1704 2666 hrec
1751 2620 1835 2666 est

249 2724 404 2764 causa
451 2724 549 2764 cur
590 2709 640 2762 itt
674 2707 771 2762 hac
799 2705 1137 2779 petissimum
1170 2703 1394 2774 epistola
1428 2704 1591 2758 multa
1623 2704 1690 2759 de
1732 2704 1836 2760 {ide

250 2801 501 2867 disserat,
524 2810 578 2854 et
603 2800 785 2853 multis
808 2797 983 2852 allatis
1008 2797 1266 2866 exemplis
1296 2797 1436 2851 circa
1470 2796 1630 2851 ﬁnem
1655 2806 1837 2852 osten-

251 2890 348 2957 dit,
380 2891 623 2959 patribus
651 2902 863 2959 quoque
886 2902 991 2942 non
1021 2895 1400 2957 reprmsentata
1427 2902 1546 2955 qua:
1572 2886 1834 2956 promissa

251 2991 405 3039 erant
428 2998 459 3037 e
485 2982 708 3051 vestigio
735 2988 984 3035 secutura
1013 2977 1174 3033 bona.
1206 2977 1287 3033 Ad
1320 2980 1456 3040 lucc,
1489 2992 1553 3033 ne
1592 2992 1651 3032 se
1678 2989 1834 3047 puta-

251 3082 369 3128 rent
393 3072 684 3128 derelictos
721 3071 775 3125 in
812 3069 1246 3134 adversitatibns,
1279 3067 1488 3124 duobus
1526 3070 1702 3125 modis
1742 3085 1837 3126 eos

252 3165 466 3220 instruit
499 3183 512 3219 :
544 3165 717 3233 primo
748 3178 1102 3233 quaecumque
1149 3162 1440 3217 acciderint
1462 3162 1659 3232 jubens
1692 3162 1837 3219 ferre

253 3256 463 3312 fortiter
488 3296 506 3322 ,
566 3254 762 3310 deinde
800 3268 1020 3325 sperare
1068 3264 1275 3309 certum
1318 3255 1592 3323 prarmiom
1626 3273 1640 3310 :
1670 3255 1836 3311 Deum

251 3348 393 3402 enim
418 3362 528 3402 non
561 3346 927 3417 neglecturum
960 3344 1337 3399 inhonoratum
1369 3345 1614 3411 Abelem,
1658 3355 1711 3401 et
1748 3361 1835 3401 re-
1922 3408 1925 3409 ν

1935 491 2130 561 liquam
2156 491 2411 563 deinceps
2434 494 2705 561 justorum
2735 488 2955 545 seriem.
3003 488 3069 544 Et
3098 486 3365 559 triplicem
3410 483 3517 538 illis

1931 585 2353 639 consolationem
2409 582 2629 639 adhibet
2673 600 2687 637 :
2734 596 2894 636 unam
2945 581 3196 650 exemplo
3252 580 3520 649 passionis

1931 677 2128 733 Christi
2160 695 2173 731 :
2206 676 2395 733 dicens
2432 693 2537 731 non
2579 691 2698 731 esse
2728 676 2990 746 potiorem
3017 687 3233 728 servum
3265 686 3427 743 quam
3449 672 3519 726 sit

1932 771 2097 841 ipsius
2123 771 2373 825 dominus
2406 786 2419 822 :
2452 770 2676 822 alteram
2705 775 2977 821 ostentato
3014 765 3349 819 credentium
3380 776 3519 833 prae-

1932 865 2040 919 mio
2068 882 2082 920 :
2116 864 2324 925 tertiam
2350 861 2476 916 dum
2505 861 2663 916 docet
2688 860 2987 931 qualisnam
3032 858 3102 913 sit
3142 860 3255 912 tunc
3276 857 3521 913 adversi-

1932 968 2035 1012 tas.
2063 956 2172 1012 Nec
2198 970 2294 1025 per
2320 956 2494 1008 lutura
2523 954 2695 1009 solum
2724 967 2818 1007 eos
2845 951 3127 1007 conllrmat
3155 994 3169 1017 ,
3202 950 3394 1021 quibus
3424 951 3523 1004 mi-

1932 1066 2033 1109 nus
2072 1050 2270 1105 moveri
2325 1057 2605 1119 poterant,
2657 1061 2841 1102 verum
2891 1046 3049 1101 etiam
3106 1060 3200 1114 per
3252 1044 3521 1113 praeterita

1931 1161 2052 1218 quae
2075 1143 2387 1200 acciderunt
2430 1144 2670 1213 ipsorum
2708 1140 2970 1211 patribus.
2996 1138 3144 1194 Idem
3183 1146 3239 1193 et
3276 1136 3521 1191 Christus

1932 1240 2078 1304 iacit,
2104 1253 2245 1294 nunc
2268 1252 2467 1309 negans
2486 1250 2699 1290 servum
2718 1233 2976 1302 majorem
3003 1246 3125 1288 esse
3152 1246 3249 1284 suo
3280 1228 3513 1291 domino,

1932 1348 2075 1390 nunc
2118 1333 2315 1386 multas
2342 1344 2464 1385 esse
2494 1327 2802 1385 mansiones
2831 1324 2969 1397 apud
3018 1325 3229 1380 Patrem
3257 1338 3410 1377 suum
3435 1334 3525 1375 as-

1932 1440 2207 1485 severans,
2232 1431 2285 1477 et
2306 1436 2594 1491 numquam
2624 1435 2731 1475 non
2761 1417 3051 1475 incredulis
3074 1431 3157 1469 va:
3177 1413 3519 1469 denuntians.

1935 1517 2104 1571 Porro
2158 1514 2450 1583 Apostolus
2504 1513 2751 1567 crebram
2802 1509 3131 1565 mentionem
3178 1505 3521 1562 iacitTe~ta~

1934 1609 2098 1667 menti
2127 1607 2258 1662 Novi
2289 1606 2445 1662 simul
2467 1615 2522 1663 et
2553 1603 2798 1660 Veteris:
2827 1602 2966 1675 quod
2991 1602 3040 1656 id
3072 1600 3523 1657 animadverteret

1933 1704 2001 1760 ad
2045 1699 2460 1759 resurrectionis
2500 1698 2900 1769 persuasionem
2954 1693 3106 1749 valde
3159 1691 3520 1748 conducibile.

1933 1796 2013 1853 Ne
2040 1796 2181 1880 enim
2210 1803 2429 1865 propter
2454 1789 2757 1861 passionem
2790 1786 3000 1842 Domini
3029 1785 3097 1841 de
3131 1784 3524 1839 resurrectione

1935 1889 2052 1959 ejus
2072 1874 2337 1950 dubitent,
2364 1882 2742 1955 pr0phetarum
2774 1894 2894 1935 eam
2927 1876 3248 1933 testimoniis
3274 1874 3524 1937 adstruit,

1936 1982 2199 2052 docetque
2222 1979 2418 2033 nostris
2440 1976 2601 2031 rebus
2623 1971 3027 2029 venerationem
3050 1968 3258 2035 deberi,
3290 1984 3395 2021 non
3425 1966 3524 2022 Ju-

1936 2073 2105 2129 daicis
2132 2090 2145 2123 :
2179 2070 2355 2127 adhuc
2379 2068 2522 2123 enim
2550 2064 2807 2135 templum
2834 2063 3008 2117 stabat
3027 2076 3149 2117 cum
3180 2060 3293 2115 suis
3319 2058 3525 2112 saeriii-

1938 2166 2037 2227 ciis
2064 2183 2078 2219 :
2107 2172 2434 2235 quapropter
2460 2159 2590 2215 dicit
2624 2176 2638 2213 :
2669 2155 2929 2213 Exeamus
2970 2155 3126 2225 igitur
3152 2163 3297 2208 extra
3334 2162 3523 2216 castra,

1939 2255 2267 2327 approbrium
2295 2254 2406 2324 ejus
2434 2259 2690 2323 portantes
2714 2246 2898 2317 (Hebr.
2934 2246 3018 2301 i3.
3052 2245 3164 2313 15).
3196 2244 3410 2297 Paterat
3435 2257 3529 2296 an-

1943 2362 2049 2407 tem
2070 2349 2169 2405 hac
2200 2356 2349 2420 parte
2378 2341 2671 2400 contradici
2692 2358 2706 2395 :
2730 2340 2784 2396 Si
2810 2338 2929 2394 huc
2957 2337 3142 2392 umbra
3178 2345 3378 2390 tantum
3404 2343 3529 2389 sunt

1940 2454 1995 2500 et
2044 2442 2218 2511 imago
2266 2437 2355 2509 qui
2389 2436 2445 2491 iit
2472 2443 2532 2491 ut
2582 2448 2688 2488 non
2716 2438 3083 2503 prartercaut,
3115 2442 3291 2497 neque
3335 2426 3532 2481 cedant

1938 2537 2050 2606 jam
2079 2541 2279 2588 exortte
2309 2528 2413 2583 luci
2446 2525 2707 2589 veritatis,
2740 2521 2833 2577 sed
2862 2521 2914 2575 in
2944 2534 3042 2574 suo
3066 2520 3247 2590 vigore
3273 2530 3532 2586 perseve-

1941 2628 2099 2685 rent?
2124 2626 2247 2682 Ideo
2278 2622 2379 2678 hoc
2400 2633 2612 2691 quoque
2645 2626 2961 2672 eventurum
2990 2628 3089 2667 suo
3118 2622 3357 2678 tempore
3400 2609 3532 2664 sob-

1942 2719 2160 2775 indieat.
2188 2714 2340 2785 Quod
2369 2724 2547 2767 autem
2589 2710 2699 2779 jam
2747 2719 2893 2771 ante,
2937 2706 3096 2775 longo
3143 2714 3402 2772 tempore.
3439 2716 3534 2771 per

1943 2814 2101 2869 [idem
2146 2811 2200 2867 in
2246 2804 2623 2864 afﬂictionibus
2660 2807 2967 2856 constanter
2994 2796 3402 2868 perduraverint
3430 2794 3529 2848 de-

1941 2910 2108 2964 clarat
2126 2904 2313 2961 dicens
2356 2918 2369 2956 :
2408 2899 2534 2955 Cum
2580 2896 2801 2952 debeatis
2830 2909 2925 2961 pro
2953 2890 3191 2962 temporis
3217 2890 3413 2943 ratione
3441 2889 3536 2941 do-

1942 3010 2102 3056 ctores
2129 3012 2266 3060 esse;
2286 3004 2364 3061 et,
2388 2990 2472 3048 Ne
2491 2991 2624 3061 forte
2637 2989 2702 3043 sit
2723 2988 2775 3041 in
2798 2986 2969 3056 aliqua
2989 2992 3204 3038 oestrum
3231 2998 3320 3035 cor
3344 2980 3536 3034 malum

1943 3086 2297 3160 inﬁdelitatis;
2342 3093 2418 3151 et,
2450 3081 2744 3135 Imitatores
2770 3077 2893 3148 facti
2942 3077 3061 3131 estis
3099 3091 3293 3140 eorum,
3337 3073 3420 3143 qui
3448 3088 3537 3135 per

1944 3184 2100 3254 ﬁdem
2138 3196 2199 3233 ac
2224 3177 2522 3250 patientiam
2564 3172 2895 3226 hereditatem
2928 3169 3318 3240 promissionum
3356 3181 3535 3221 censeo

1942 3273 2087 3347 qunti
2114 3281 2231 3328 sunt
2258 3267 2421 3340 (ibid.
2464 3267 2519 3323 5.
2552 3264 2639 3321 i2.
2669 3274 2716 3319 et
2743 3263 2795 3318 3.
2825 3260 2909 3316 12.
2942 3270 2990 3316 et
3020 3260 3074 3315 6.
3110 3258 3221 3329 12).

1036 3524 3504 3554 ‘_______________________________________________.

1725 3642 2066 3706 HOMILIA
2110 3640 2155 3701 ι.

253 3786 379 3843 ου’.
413 3788 464 3842 1.
496 3801 549 3841 v.
585 3787 634 3842 1.
666 3785 1009 3852 Multirariam
1045 3783 1317 3856 multisque
1356 3784 1519 3838 modis
1552 3784 1672 3838 olim
1699 3783 1837 3838 Deus

323 3879 536 3948 loquens
558 3878 787 3946 patribus
808 3877 860 3930 in
892 3876 1173 3946 prophetis,
1220 3876 1489 3929 novissime
1519 3876 1696 3929 diebus
1729 3876 1841 3929 i-tis

324 3968 569 4039 loquutus
600 3980 672 4023 cst
702 3968 917 4021 nobisin
951 3964 1094 4019 Filio
1122 3965 1217 4019 εἳ.
1245 3982 1391 4036 quem
1408 3968 1661 4019 constituit
1692 3966 1835 4021 here-

324 4062 439 4115 dem
464 4061 831 4120 universorum,
866 4075 954 4128 per
982 4074 1128 4128 quem
1147 4060 1263 4129 fecit
1293 4067 1340 4110 et
1359 4056 1566 4111 swcula.

325 4151 376 4205 1.
422 4150 636 4206 Revera
665 4150 749 4203 ttbi
782 4147 1066 4201 abundavit
1102 4156 1397 4215 peccatum,
1431 4146 1842 4217 superabunda-

254 4243 402 4297 vitet
433 4242 604 4312 gratia
639 4240 815 4312 (Rom.
846 4240 897 4295 5.
934 4239 1047 4309 20).
1081 4238 1192 4293 lloc
1220 4239 1378 4307 igitur
1418 4238 1503 4293 hic
1544 4255 1758 4309 quoque
1792 4238 1844 4293 in

257 4336 524 4404 protentio
562 4333 867 4388 subindicat
899 4333 1084 4387 beatus
1114 4331 1329 4393 Paulus,
1358 4332 1601 4387 scribens
1639 4333 1703 4387 ad
1741 4333 1846 4388 lle-

252 4425 448 4480 bneos.
475 4423 610 4480 Nam
639 4423 890 4494 quoniam
911 4431 1027 4477 erat
1048 4420 1335 4477 verisimile
1352 4423 1772 4490 ipsoscruciatos
1797 4436 1849 4476 et

256 4526 286 4565 a
316 4511 475 4565 malis
510 4518 750 4571 vexatos,
783 4516 840 4563 et
867 4521 953 4561 res
982 4521 1042 4561 ex
1067 4506 1150 4560 his
1173 4504 1498 4575 judicantes,
1528 4504 1841 4558 existimare

254 4600 473 4670 seipsos
502 4600 754 4654 omnibus
782 4598 901 4652 aliis
930 4598 1189 4660 minores,
1231 4595 1468 4651 ostendit
1506 4595 1604 4649 hac
1635 4595 1847 4649 ratione

254 4705 348 4745 eos
379 4692 565 4761 potius
596 4688 853 4757 majorem
881 4696 1196 4755 assequntos
1217 4700 1335 4740 esse
1360 4686 1584 4756 gratiam
1612 4694 1665 4740 et
1692 4684 1849 4739 valde

254 4790 711 4851 exsuperantem,
759 4795 825 4835 ex
873 4779 989 4847 ipso
1032 4778 1253 4833 exordio
1294 4778 1554 4833 orationis
1602 4777 1849 4833 excitans

255 4875 585 4929 auditorem.
636 4873 925 4943 Propterea
969 4871 1098 4926 dicit
1127 4891 1140 4927 :
1173 4870 1519 4942 Multifariam
1564 4870 1842 4942 multisque

256 4966 422 5020 modis
456 4966 583 5019 olim
606 4962 745 5018 Deus
772 4964 981 5033 loquens
1004 4963 1233 5032 patribus
1262 4964 1315 5016 in
1347 4965 1607 5033 prophetis
1631 4978 1650 5018 :
1674 4964 1729 5017 in
1750 4980 1853 5017 no-

257 5063 476 5116 vissimis
504 5062 585 5117 Itis
610 5061 783 5116 diebus
804 5060 1040 5131 loquutus
1065 5072 1138 5116 est
1164 5064 1305 5118 nobis
1326 5064 1378 5117 in
1400 5062 1556 5122 Filio.

330 5136 537 5206 Paulus
576 5154 740 5220 major
770 5152 1048 5218 prophetis.
1074 5181 1145 5193 —-
1179 5153 1285 5208 Cur
1318 5169 1425 5208 non
1458 5156 1695 5221 seipsttm
1741 5168 1840 5219 0p-

256 5242 436 5311 posuit
469 5243 747 5313 prophetis
781 5242 807 5297 l
840 5242 985 5312 atqui
1034 5252 1153 5297 erat
1193 5243 1299 5298 illis
1329 5243 1487 5314 longe
1530 5244 1728 5314 major,
1760 5257 1867 5313 quo

263 5333 423 5389 etiam
473 5335 677 5403 majora
708 5333 915 5390 fuerant
955 5335 1001 5389 ei
1034 5335 1258 5389 credita.
1297 5333 1403 5390 Sed
1434 5335 1533 5389 hoc
1565 5352 1670 5389 non
1715 5335 1861 5389 facit.

257 5427 484 5494 Quare?
517 5428 754 5484 Primum
786 5429 1002 5495 quidem
1036 5444 1223 5497 magna
1265 5428 1335 5484 de
1374 5444 1431 5484 se
1477 5429 1659 5485 dicere
1703 5444 1861 5485 recu-

256 5532 385 5574 sans
410 5537 424 5574 :
458 5518 701 5574 secundo
729 5528 906 5574 autem
930 5562 943 5583 ,
972 5520 1114 5590 quod
1158 5519 1395 5574 nondum
1430 5520 1649 5591 perfecti
1678 5529 1863 5575 essent

256 5612 577 5668 auditores:
607 5616 799 5681 tertio,
831 5628 926 5669 eos
954 5612 1123 5684 magis
1154 5614 1345 5669 volens
1371 5614 1665 5681 extollere,
1696 5625 1752 5669 et
1775 5628 1857 5667 os-

257 5705 483 5762 tendere
516 5719 765 5775 magnam
796 5720 917 5761 esse
951 5705 1390 5775 pnecellentiam.
1419 5706 1580 5775 Quasi
1611 5706 1817 5761 diceret
1845 5724 1857 5758 :

256 5792 393 5865 Quid
433 5812 696 5867 maguum
740 5805 824 5855 est
865 5799 1006 5871 quod
1049 5798 1342 5873 prophetas
1381 5799 1529 5856 misit
1570 5798 1637 5857 ad
1680 5808 1863 5872 patres

1951 3766 2165 3814 nostros
2183 3756 2209 3811 τ
2229 3755 2296 3812 ad
2323 3770 2422 3813 nos
2446 3754 2593 3813 enim
2618 3753 2766 3810 misit
2787 3753 2982 3810 Filium
3009 3766 3167 3809 suum
3196 3750 3552 3822 unigenitum.

1950 3848 2186 3905 Pulchre
2235 3857 2414 3905 autem
2459 3848 2541 3904 sic
2588 3847 2826 3919 incepit,
2879 3845 3225 3917 Multifariam
3280 3844 3553 3914 multisth

1948 3943 2111 3999 modis
2133 3959 2153 3997 :
2181 3942 2422 3999 ostendit
2444 3943 2587 3998 enim
2615 3942 2760 4015 quod
2790 3956 2858 3998 ne
2888 3940 2989 4011 ipsi
3019 3940 3236 4011 quidem
3271 3939 3554 4009 prepltetae

1951 4037 2119 4091 Deum
2170 4036 2447 4103 viderunt;
2478 4034 2648 4091 Filius
2679 4051 2808 4091 vero
2837 4034 2989 4090 vidit.
3025 4034 3161 4089 Illud
3193 4034 3335 4088 enim
3362 4075 3376 4100 ,
3409 4032 3553 4087 Mul-

1950 4128 2178 4198 tifariam
2208 4129 2482 4198 multisque
2511 4129 2708 4195 modis,
2744 4129 2847 4183 hoc
2889 4138 3005 4195 est,
3046 4128 3260 4182 diverse
3300 4137 3353 4182 et
3381 4126 3550 4181 varie.

1954 4222 2067 4293 Ego
2086 4223 2233 4279 enim
2256 4266 2271 4289 ,
2299 4226 2493 4294 inquit,
2526 4222 2865 4293 multiplicari
2896 4224 3134 4290 visiones,
3159 4231 3203 4276 et
3236 4221 3287 4275 in
3318 4220 3553 4275 manibus

1950 4317 2319 4387 prapltetarum
2364 4334 2477 4372 sunt
2501 4318 2815 4372 assimilatas
2842 4315 2997 4385 (Osee
3023 4314 3111 4371 12.
3139 4315 3247 4386 10).
3278 4312 3554 4383 Quamob-

1950 4425 2062 4463 rem
2108 4425 2214 4465 non
2248 4410 2300 4464 in
2351 4410 2455 4465 hoc
2499 4412 2674 4467 solum
2720 4421 2803 4466 est
2851 4409 3252 4481 prmcellentia,
3296 4407 3438 4478 quod
3483 4406 3555 4462 ad

1947 4503 2069 4560 illos
2092 4503 2307 4574 quidem
2339 4504 2488 4560 missi
2514 4515 2638 4560 sunt
2672 4504 2947 4575 prophetae
2969 4546 2984 4567 ,
3026 4504 3094 4557 ad
3126 4521 3224 4557 nos
3250 4512 3430 4557 autem
3463 4500 3553 4555 Fi-

1947 4596 2083 4659 lius;
2131 4596 2224 4651 sed
2276 4597 2438 4651 etiam
2470 4596 2613 4668 quod
2664 4597 2877 4652 illorum
2926 4595 3143 4667 quidem
3194 4594 3374 4648 nullus
3420 4592 3555 4648 vidit

1950 4691 2153 4758 Deum,
2181 4692 2314 4747 vidit
2340 4701 2518 4747 autem
2544 4692 2712 4746 Filius
2741 4691 3073 4761 unigenitus.
3106 4689 3172 4744 Et
3203 4688 3306 4744 hoc
3334 4687 3551 4758 quidem

1949 4800 2055 4838 non
2085 4785 2264 4839 statim
2296 4784 2469 4856 ponit,
2500 4785 2694 4855 probat
2720 4793 2901 4839 autem
2932 4799 3026 4854 per
3053 4798 3115 4839 ea
3143 4799 3265 4854 qum
3292 4782 3553 4852 deinceps

1949 4888 2249 4950 sequuntur
2277 4897 2289 4932 :
2324 4894 2519 4947 nempe
2550 4878 2765 4948 quando
2796 4878 2925 4932 dicit
2952 4877 3021 4933 de
3047 4876 3423 4931 humanitate:
3457 4876 3554 4931 Cui

1949 4972 2085 5027 enim
2118 4973 2423 5044 angelorum
2462 4973 2592 5028 dixit
2615 4991 2634 5027 :
2667 4971 2710 5025 Ρ
2715 4973 2833 5027 ilius
2860 4989 3001 5026 meus
3025 4988 3078 5026 es
3106 4980 3158 5026 tu
3186 4972 3211 5025 ?
3240 4980 3322 5038 et,
3360 4971 3495 5027 Sede
3520 4990 3554 5026 a

1952 5063 2143 5120 dextris
2187 5066 2311 5119 meis
2343 5066 2414 5137 (υ.
2443 5066 2497 5121 5.
2524 5075 2570 5119 et
2598 5064 2729 5137 15)?
2764 5063 2896 5120 Vide
2926 5074 3105 5120 autem
3155 5079 3404 5135 magnam
3434 5064 3553 5132 ejus

1952 5156 2289 5226 prudentiam
2319 5178 2331 5212 :
2359 5173 2387 5211 a
2412 5157 2688 5229 prophetis
2716 5158 2951 5229 primum
2980 5157 3215 5213 ostendit
3242 5159 3555 5227 praecellen-

1952 5248 2077 5301 tiatn
2104 5265 2117 5300 :
2138 5248 2335 5304 deinde
2360 5264 2482 5304 cum
2510 5250 2639 5305 illttd
2662 5252 3041 5306 confirmasset
3063 5258 3335 5322 tamquam
3356 5250 3422 5305 de
3443 5266 3553 5321 quo

1950 5349 2260 5405 constaret,
2292 5344 2603 5410 pronuntiat
2628 5342 2772 5414 quod
2804 5344 2911 5397 illis
2936 5342 3154 5413 quidem
3190 5344 3444 5413 loquutus
3470 5354 3553 5399 est

1952 5448 2047 5499 per
2082 5432 2404 5501 prophetas,
2441 5434 2599 5489 nobis
2640 5445 2819 5489 autem
2870 5449 2967 5503 per
2997 5434 3364 5506 Unigenitnm.
3398 5436 3553 5502 Quod

1951 5525 1994 5577 si
2029 5525 2135 5579 illis
2166 5526 2327 5580 etiam
2358 5542 2451 5593 per
2479 5526 2701 5595 angelos
2729 5526 2747 5600 (
2772 5543 2896 5581 nam
2924 5528 3101 5597 angeli
3132 5542 3351 5597 quoque
3378 5529 3552 5582 eollo-

1951 5616 2100 5685 quuti
2147 5628 2273 5671 Sunt
2313 5632 2435 5671 cum
2472 5616 2673 5673 Judazis
2699 5618 2717 5687 )
2744 5635 2755 5669 :
2787 5627 2841 5671 at
2868 5618 2919 5672 in
2953 5619 3053 5673 hoc
3081 5634 3297 5689 quoque
3346 5619 3465 5672 illos
3500 5619 3551 5673 in

1947 5719 2154 5765 tantum
2182 5726 2518 5781 superamus,
2551 5712 2693 5781 quod
2724 5714 3001 5767 nobiscum
3029 5712 3243 5783 quidem
3268 5714 3550 5778 Dominus,

1945 5819 2070 5861 cum
2103 5804 2212 5863 illis
2257 5814 2436 5868 autem
2483 5806 2625 5860 servi
2666 5821 2834 5864 :natn
2869 5817 2917 5862 et
2954 5805 3133 5879 augt-li
3180 5816 3233 5863 et
3274 5808 3553 5879 prophetm
