4112 6344
283 407 348 466 ιδ
1182 366 1248 445 L'v
1287 384 1498 445 EPIST.
1540 383 1633 441 AD
1672 377 2037 439 uenimus.
2078 380 2233 437 CAP.
2275 382 2317 438 1.
2358 380 2584 439 nontL.
2629 379 2669 436 ι.
3493 373 3559 426 η

284 520 525 594 epistola:
556 516 715 572 linem
744 511 827 566 his
851 506 1031 564 verbis
1057 504 1255 561 indicat
1284 521 1297 557 :
1331 502 1653 594 Quapropter
1675 513 1864 594 manus

287 588 525 675 remissas
554 619 601 664 et
628 621 791 679 genua
833 600 1004 656 soluta
1044 598 1283 667 surrigite
1306 592 1486 665 (Hebr.
1518 591 1603 647 12.
1639 588 1765 663 12);
1813 596 1870 643 et

288 716 527 764 rursum,
570 696 748 751 Adhuc
778 687 1111 762 perpusillum
1152 684 1410 752 temporis,
1439 693 1486 735 et
1510 682 1602 751 qui
1627 687 1867 733 venturus

287 805 360 851 est
384 792 563 854 ueniet,
594 797 759 841 etnon
781 782 1034 845 tardabit;
1054 789 1107 835 et
1134 780 1346 840 iterum,
1376 774 1439 830 Si
1464 783 1605 828 extra
1632 770 1865 840 discipli-

287 900 407 940 nam
434 881 574 945 estis,
618 878 771 950 igitur
798 870 961 943 spurii
1002 872 1140 932 estis,
1181 885 1281 923 non
1318 867 1413 936 filii
1444 864 1605 939 (Ibid.
1655 863 1740 919 10.
1773 863 1862 919 37.

288 985 338 1030 et
370 973 453 1028 12.
482 971 558 1041 8).
588 968 852 1037 Quoniam
878 963 1022 1019 enim
1052 960 1221 1017 Judri
1265 966 1436 1020 erant,
1484 966 1541 1011 et
1568 971 1598 1010 a
1629 953 1867 1024 patribus

287 1066 403 1122 suis
431 1063 728 1119 didicerant
754 1074 786 1115 e
806 1056 1028 1126 vestigio
1049 1050 1433 1123 exspectandas
1456 1064 1579 1106 esse
1607 1049 1867 1103 malorum

287 1167 345 1214 et
390 1158 652 1211 bonorum
692 1147 1105 1211 vicissitudines,
1155 1144 1338 1213 sicque
1374 1157 1498 1198 esse
1535 1139 1865 1204 vivendum;

292 1260 419 1305 tunc
459 1261 587 1301 vero
622 1257 718 1312 spe
759 1242 1021 1297 bonorum
1053 1247 1169 1309 post
1220 1244 1448 1292 mortem
1495 1234 1679 1299 dilata,
1726 1233 1867 1289 mala

290 1349 496 1398 tantum
524 1343 677 1391 erant
706 1334 758 1388 in
789 1331 1071 1397 manibus,
1099 1337 1153 1384 et
1177 1327 1433 1383 credibile
1465 1336 1580 1381 erat
1610 1336 1728 1395 post
1748 1326 1868 1380 lon-

288 1446 410 1501 gam
437 1424 773 1483 tolerantiam
802 1420 1062 1494 quosdam
1108 1420 1163 1475 in
1209 1417 1698 1489 pusillanimitatem
1733 1416 1869 1472 inci-

287 1524 468 1587 disse;
499 1520 723 1576 multum
755 1517 853 1571 hac
879 1515 949 1571 de
978 1530 1036 1570 re
1062 1513 1322 1568 sollicitus
1346 1520 1447 1567 est.
1481 1509 1586 1565 Sed
1613 1509 1727 1565 hmo
1770 1523 1869 1563 suo

289 1626 533 1684 tempore
559 1612 887 1666 disseremus
927 1606 1219 1678 prolixius;
1266 1619 1407 1661 nunc
1450 1604 1581 1660 satis
1622 1604 1691 1658 sit
1734 1602 1871 1657 indi-

290 1720 466 1771 casse,
506 1701 647 1773 quod
687 1713 910 1756 necesse
950 1698 1027 1752 illi
1059 1697 1219 1752 luerit
1261 1695 1327 1751 ad
1357 1711 1452 1751 eos
1497 1695 1759 1760 scribere,
1802 1693 1871 1751 de

288 1798 486 1869 quibus
513 1805 629 1850 erat
657 1802 934 1861 tantopere
959 1789 1245 1846 sollicitus.
1276 1788 1429 1843 Licet
1455 1787 1599 1844 enim
1629 1786 1771 1841 notis
1801 1785 1870 1841 de

289 1889 469 1948 causis
496 1887 565 1949 ad
591 1888 737 1958 ipsos
767 1885 960 1939 missus
993 1898 1099 1938 non
1145 1883 1235 1948 sit,
1270 1880 1402 1936 nihil
1447 1890 1626 1936 tamen
1658 1880 1871 1935 vetabat

289 1998 411 2040 cum
447 1982 704 2036 scribere.
735 1976 889 2046 Quod
931 1985 1108 2031 autem
1138 1974 1203 2029 ad
1235 1972 1725 2043 pusillanimitatem
1754 1988 1873 2027 ver-

287 2080 502 2150 gerent,
538 2070 740 2125 indicat
767 2068 849 2122 his
874 2066 1053 2122 verbis
1086 2083 1099 2118 :
1131 2063 1391 2118 Remissas
1430 2079 1609 2117 manus
1636 2073 1681 2117 et
1705 2064 1873 2119 soluta

288 2180 455 2241 genua
497 2162 753 2231 surrigite,
805 2168 851 2213 et
893 2174 1096 2229 gressus
1133 2165 1293 2212 rectos
1332 2156 1516 2229 facile;
1563 2164 1616 2211 et
1656 2156 1869 2221 iterum,

292 2254 416 2310 Non
452 2255 583 2309 enim
624 2254 840 2323 injustas
867 2259 939 2305 est
969 2248 1127 2315 Dens,
1154 2257 1208 2301 ut
1235 2248 1559 2302 obliviscatur
1594 2248 1761 2317 operis
1785 2264 1872 2303 re-

288 2348 382 2404 stri
422 2355 468 2400 et
505 2344 730 2406 caritatis
779 2341 961 2413 (Ibid.
1009 2340 1096 2399 i2.
1144 2338 1231 2394 12.
1276 2339 1343 2394 15
1388 2348 1435 2392 et
1478 2339 1531 2395 6.
1581 2337 1693 2409 10).
1740 2338 1873 2395 Nam

290 2437 469 2493 anima
513 2435 716 2490 crebris
756 2441 1003 2504 quassata
1055 2430 1457 2494 tentationihus,
1510 2444 1656 2491 smne
1697 2429 1872 2484 dimo-

292 2537 447 2585 vetur
496 2542 529 2582 a
569 2526 695 2581 lide.
735 2525 859 2581 Ideo
912 2522 1194 2579 continuat
1227 2538 1322 2577 eos
1368 2524 1562 2578 talibus
1626 2523 1877 2579 adhorta-

294 2618 548 2680 tionibus.
594 2633 662 2672 ne
718 2617 827 2672 sint
870 2615 1033 2671 corde
1078 2614 1372 2670 incredulo.
1406 2617 1581 2684 Atque
1632 2615 1747 2671 luce
1793 2624 1879 2670 cst

291 2727 451 2771 causa
497 2726 592 2768 cur
634 2713 683 2766 iu
717 2710 815 2765 hac
842 2708 1180 2782 petissinium
1213 2706 1437 2777 epistola
1471 2708 1634 2762 multa
1665 2707 1733 2764 de
1775 2708 1879 2764 fide

293 2804 543 2870 disserat,
567 2813 621 2857 et
646 2802 829 2857 multis
851 2801 1026 2855 allatis
1050 2800 1309 2870 exemplis
1338 2800 1479 2855 circa
1513 2800 1672 2855 linem
1697 2810 1879 2857 osten-

294 2894 396 2960 dit,
428 2894 666 2963 patribus
694 2906 907 2963 quoque
930 2906 1035 2945 non
1064 2899 1443 2960 reprmsentata
1470 2906 1589 2960 qua:
1615 2890 1877 2960 promissa

295 2994 453 3042 erant
475 3001 505 3040 e
529 2984 752 3054 vestigio
778 2991 1027 3039 secutura
1056 2981 1217 3037 bona.
1248 2981 1329 3036 Ad
1364 2983 1499 3044 tunc,
1531 2997 1596 3037 ne
1634 2996 1694 3037 se
1720 2994 1877 3052 puta-

294 3086 418 3132 rent
440 3074 727 3131 derelictos
763 3074 818 3129 in
856 3072 1289 3138 adversitatibus,
1322 3071 1531 3128 duobus
1568 3074 1745 3129 modis
1786 3089 1880 3131 eos

297 3168 511 3223 instruit
542 3186 554 3223 :
587 3168 759 3236 primo
790 3182 1144 3237 qumeumque
1191 3165 1484 3221 acciderint
1505 3166 1701 3236 jubens
1736 3167 1879 3224 ferre

297 3259 508 3316 fortiter
533 3300 549 3325 ,
608 3258 804 3314 deinde
843 3272 1064 3328 sperare
1110 3268 1317 3312 certum
1360 3259 1635 3327 praemium
1668 3278 1682 3314 :
1712 3259 1879 3316 Deum

298 3352 441 3406 enim
464 3365 570 3405 non
603 3350 969 3421 neglecturum
1003 3348 1379 3403 inhonoratum
1412 3349 1657 3416 Ahelem,
1701 3360 1755 3405 et
1790 3366 1879 3405 re-

1979 496 2173 566 liquam
2200 497 2455 569 deinceps
2478 500 2749 567 justorum
2778 494 3000 551 seriem.
3048 494 3114 550 Et
3142 492 3409 566 triplicem
3454 489 3561 544 illis

1975 590 2397 644 consolationem
2453 588 2673 645 adhibet
2717 605 2731 643 :
2778 602 2939 642 unam
2989 587 3239 657 exemplo
3295 587 3563 655 passionis

1975 682 2172 739 Christi
2204 700 2217 737 :
2250 682 2439 738 dicens
2476 698 2581 738 non
2623 697 2742 737 esse
2772 682 3034 751 potiorem
3060 694 3276 734 servum
3308 692 3471 749 quam
3492 678 3563 733 sit

1976 776 2141 846 ipsius
2166 777 2417 831 dominus
2449 792 2463 828 :
2496 776 2720 828 alteram
2748 781 3021 827 ostentato
3058 771 3393 825 credentium
3423 782 3562 839 prm-

1976 870 2084 924 mio
2112 888 2126 925 :
2160 870 2367 930 tertiam
2394 867 2519 922 dum
2549 867 2707 922 docet
2732 866 3031 937 qualisnam
3075 864 3145 919 sit
3186 866 3298 918 hinc
3319 863 3565 919 adversi-

1976 974 2079 1018 tas.
2107 961 2215 1017 Nec
2243 975 2338 1031 per
2364 961 2538 1015 lutura
2566 960 2739 1015 solum
2768 973 2861 1013 eos
2888 957 3170 1013 conlirmat
3198 1000 3212 1023 ,
3245 956 3438 1027 quibus
3468 957 3567 1010 mi-

1976 1072 2077 1113 nus
2116 1055 2314 1111 moveri
2368 1063 2648 1125 poterant,
2700 1067 2885 1108 verum
2934 1052 3092 1107 etiam
3150 1066 3242 1121 per
3294 1049 3565 1119 praeterita

1975 1166 2096 1223 quae
2119 1149 2431 1205 acciderunt
2473 1149 2713 1218 ipsorum
2752 1146 3013 1217 patrihus.
3040 1144 3187 1200 Idem
3226 1152 3281 1199 et
3319 1142 3564 1197 Christus

1976 1244 2122 1309 facit,
2148 1258 2289 1298 nunc
2311 1256 2511 1313 negans
2530 1256 2742 1295 senum
2762 1238 3019 1308 majorem
3046 1252 3167 1294 esse
3195 1252 3293 1290 suo
3323 1234 3556 1298 domino,

1975 1353 2119 1394 nunc
2162 1338 2357 1391 multas
2386 1349 2507 1390 esse
2538 1333 2845 1389 mansiones
2874 1330 3013 1402 apud
3060 1330 3271 1386 Patrem
3300 1344 3453 1383 suum
3478 1340 3568 1381 as-

1976 1444 2251 1490 severans,
2275 1436 2329 1481 et
2349 1441 2637 1496 numquam
2667 1440 2775 1480 non
2804 1422 3094 1480 incredulis
3117 1437 3199 1475 va:
3220 1419 3561 1475 denuntians.

1978 1521 2147 1577 Porro
2202 1520 2493 1588 Apostolus
2546 1518 2794 1573 crebram
2845 1514 3174 1571 mentionem
3221 1513 3344 1568 facit
3372 1511 3564 1567 Testa‘

1978 1614 2142 1672 menti
2171 1612 2302 1667 Novi
2333 1612 2488 1667 simul
2509 1620 2566 1668 et
2596 1608 2841 1665 Veteris:
2870 1607 3009 1680 quod
3034 1608 3083 1662 id
3115 1606 3566 1662 animadverteret

1976 1709 2044 1765 ad
2089 1704 2503 1763 resurrectionis
2543 1703 2943 1774 persuasionem
2996 1698 3149 1755 valde
3202 1697 3564 1754 conducibile.

1976 1801 2056 1858 Ne
2084 1799 2225 1885 enim
2253 1808 2472 1870 propter
2498 1794 2800 1866 passionem
2833 1792 3043 1847 Domini
3072 1791 3139 1846 de
3174 1790 3567 1845 resurrectione

1978 1894 2096 1964 ejus
2115 1880 2380 1956 dubitent,
2407 1887 2785 1959 prephetarum
2817 1900 2937 1941 eam
2970 1882 3291 1939 testimoniis
3317 1880 3567 1943 adstruit,

1978 1988 2241 2057 docetque
2265 1984 2461 2039 nostris
2483 1982 2643 2037 rebus
2666 1976 3069 2035 venerationem
3092 1974 3301 2041 deberi,
3333 1989 3438 2026 non
3468 1971 3567 2028 Ju-

1979 2078 2148 2134 daicis
2175 2094 2189 2129 :
2222 2076 2397 2131 adhuc
2422 2074 2565 2128 enim
2593 2070 2850 2141 templum
2877 2068 3051 2123 stabat
3069 2081 3192 2123 eum
3223 2065 3335 2120 suis
3362 2064 3569 2118 sacriﬁ-

1980 2171 2079 2233 ciis
2107 2187 2121 2224 :
2150 2177 2477 2240 quapropter
2502 2164 2633 2220 dicit
2667 2181 2681 2219 :
2712 2160 2971 2218 Exeamus
3012 2160 3168 2230 igitur
3195 2169 3339 2213 extra
3376 2168 3567 2221 castra,

1981 2260 2310 2331 opprobrium
2337 2260 2449 2329 ejus
2477 2265 2732 2327 portantes
2757 2251 2941 2323 (Ilebr.
2976 2252 3061 2306 15.
3094 2251 3206 2319 15).
3238 2249 3453 2304 Paterat
3478 2263 3571 2302 au-

1986 2367 2092 2412 tem
2112 2354 2212 2410 hac
2243 2361 2392 2425 parte
2420 2346 2714 2405 contradici
2735 2363 2749 2400 :
2772 2345 2826 2401 Si
2852 2343 2971 2400 ha‘e
2999 2343 3185 2398 umbra
3220 2351 3421 2396 tantum
3446 2349 3571 2395 sunt

1982 2459 2037 2505 et
2086 2447 2261 2516 imago
2309 2443 2398 2514 qui
2432 2441 2487 2496 lit
2515 2448 2575 2496 ut
2624 2454 2731 2494 non
2758 2444 3125 2508 praetereant,
3157 2448 3333 2504 neque
3378 2432 3575 2488 cedant

1981 2541 2093 2611 jam
2122 2546 2321 2593 exorta:
2352 2534 2456 2589 luci
2488 2530 2749 2595 veritatis,
2783 2527 2875 2583 sed
2904 2527 2956 2582 in
2985 2540 3084 2581 suo
3108 2527 3289 2597 vigore
3315 2537 3575 2593 perseve-

1985 2632 2141 2689 rent?
2167 2630 2289 2687 ideo
2320 2628 2422 2683 hoc
2443 2639 2655 2696 quoque
2688 2632 3004 2678 eventurum
3033 2634 3131 2674 suo
3160 2629 3400 2685 tempore
3442 2616 3575 2671 sub-

1986 2724 2203 2781 indicat.
2231 2720 2383 2791 Quod
2412 2729 2589 2773 autem
2631 2716 2741 2786 jam
2788 2724 2936 2777 ante,
2979 2712 3138 2782 longo
3186 2720 3444 2779 tempore.
3481 2723 3577 2777 per

1986 2818 2144 2873 [idem
2188 2816 2242 2872 in
2288 2809 2665 2868 afﬂictionibus
2701 2813 3009 2862 constanter
3036 2802 3444 2875 perduraveriut
3473 2801 3572 2855 de-

1984 2914 2150 2969 clarat
2170 2909 2355 2966 dicens
2399 2924 2412 2962 :
2450 2904 2576 2962 Cum
2622 2902 2844 2958 debeatis
2872 2916 2967 2967 pro
2995 2897 3233 2969 teinporis
3259 2897 3455 2950 ratione
3483 2895 3579 2948 do-

1986 3014 2145 3061 ctores
2171 3018 2308 3066 esse;
2329 3009 2407 3066 et,
2431 2996 2514 3054 Ne
2534 2997 2665 3067 forte
2679 2995 2744 3049 sit
2764 2994 2818 3048 in
2840 2992 3011 3062 aliquo
3030 2999 3246 3044 vestrum
3273 3004 3362 3042 cor
3386 2986 3578 3040 malum

1986 3092 2340 3164 inﬁdelitatis;
2385 3098 2461 3156 et,
2493 3088 2787 3141 lmitatores
2812 3084 2935 3155 facti
2984 3084 3103 3137 estis
3141 3098 3335 3147 eorum,
3379 3079 3461 3149 qui
3490 3094 3579 3142 per

1986 3189 2142 3259 ﬁdem
2181 3201 2241 3239 ac
2267 3182 2565 3255 patientiam
2606 3178 2936 3233 hereditatem
2970 3175 3360 3246 promissionunt
3397 3187 3577 3227 cause-

1985 3279 2129 3353 quuti
2157 3286 2273 3333 sunt
2300 3273 2464 3345 (ibid.
2506 3272 2562 3328 5.
2594 3270 2681 3326 12.
2711 3280 2759 3324 et
2785 3269 2836 3324 3.
2867 3267 2951 3322 12.
2983 3276 3031 3323 et
3062 3266 3116 3321 ϐ.
3151 3264 3263 3335 12).

1093 3531 3546 3559 __________________,___________._______.._.__—————»———-—-

1768 3647 2107 3711 HOMILIA
2153 3646 2198 3707 l.

299 3789 428 3847 Cu.
460 3792 510 3845 1.
541 3805 593 3845 v.
627 3790 676 3845 1.
710 3788 1052 3856 Multifariam
1088 3787 1360 3860 multisque
1399 3788 1561 3843 modis
1595 3788 1715 3843 olim
1742 3787 1879 3843 Deus

372 3882 578 3951 loquens
601 3881 829 3950 patribus
850 3880 902 3934 in
934 3880 1215 3950 prapltetis,
1263 3880 1533 3932 novissime
1561 3880 1739 3933 diebus
1772 3880 1883 3934 istis

373 3973 611 4043 loquutus
642 3983 715 4026 cst
744 3972 959 4026 nobisin
993 3968 1137 4023 Filio
1164 3985 1183 4023 :
1205 3968 1260 4023 2.
1286 3986 1435 4039 quem
1450 3972 1703 4024 constituit
1734 3970 1878 4025 here-

375 4066 486 4118 dem
509 4065 873 4125 universorum,
906 4079 997 4132 per
1024 4078 1169 4132 quem
1189 4063 1307 4133 fecit
1336 4071 1383 4115 et
1402 4060 1608 4115 sarcula.

376 4154 427 4209 1.
470 4152 677 4209 Revera
706 4153 791 4207 ubi
823 4152 1109 4205 abundavit
1145 4160 1440 4219 peccatum,
1473 4150 1885 4221 superabunda-

304 4246 451 4300 vitet
480 4246 646 4315 gratia
681 4244 857 4316 (Rom.
888 4244 938 4299 5.
975 4242 1089 4313 20).
1123 4242 1235 4297 lloc
1262 4242 1421 4311 igitur
1461 4242 1546 4297 hic
1587 4258 1800 4314 quoque
1834 4243 1885 4298 in

307 4339 566 4408 pmmmio
604 4336 909 4392 subindicat
940 4336 1126 4390 beatus
1156 4334 1372 4397 Paulus,
1400 4336 1643 4390 scribens
1680 4337 1746 4391 ad
1783 4337 1889 4393 lle-

302 4429 495 4484 brutus.
521 4427 652 4483 Nam
680 4428 931 4497 quoniam
952 4435 1069 4480 erat
1089 4425 1377 4481 verisimile
1394 4427 1537 4494 ipsos
1549 4430 1815 4481 cruciatos
1839 4440 1891 4481 et

306 4529 337 4568 ιι
367 4514 521 4567 malis
553 4522 791 4575 vexatos,
825 4519 881 4565 et
908 4525 995 4565 res
1023 4525 1083 4565 ex
1108 4510 1192 4564 his
1215 4508 1540 4579 judicantes,
1571 4508 1884 4562 existimare

304 4604 519 4673 seipsos
546 4603 796 4658 omnibus
824 4602 943 4656 aliis
972 4602 1231 4663 minores,
1273 4600 1510 4655 ostendit
1548 4599 1647 4653 hac
1677 4600 1889 4653 ratione

303 4708 398 4748 eos
428 4695 607 4764 potius
637 4691 893 4760 majorem
922 4699 1238 4759 assequutos
1259 4704 1378 4744 esse
1403 4690 1626 4760 gratiam
1653 4698 1707 4745 et
1735 4688 1891 4743 valde

303 4794 753 4854 exsuperantem,
801 4798 867 4838 ex
915 4784 1030 4851 ipso
1074 4782 1295 4837 exordio
1335 4782 1596 4837 orationis
1644 4782 1891 4837 excitans

304 4878 627 4932 auditorem.
678 4876 967 4947 Propterea
1011 4874 1182 4931 dicit:
1214 4874 1562 4946 Multifariam
1607 4874 1884 4946 multisque

304 4969 470 5023 modis
503 4970 625 5022 olim
648 4966 786 5021 Deus
813 4967 1022 5037 loquens
1045 4967 1275 5036 patribus
1304 4968 1357 5020 in
1388 4968 1649 5037 prophetis
1673 4982 1692 5022 :
1716 4968 1771 5022 in
1792 4983 1895 5021 uo-

306 5066 521 5120 uissimis
548 5066 627 5120 Itis
650 5065 824 5119 diebus
845 5064 1081 5135 loquutus
1106 5075 1180 5120 est
1206 5067 1347 5122 nobis
1368 5067 1419 5121 in
1440 5066 1597 5126 Filio.

380 5139 580 5208 Paulus
619 5158 782 5223 major
810 5156 1089 5222 pmphetis.
1115 5185 1187 5197 -—
1220 5157 1326 5212 Cur
1360 5174 1466 5213 non
1500 5160 1737 5226 seipsum
1782 5172 1882 5224 0p-

305 5244 483 5315 posuit
514 5246 789 5316 prophetis
823 5246 847 5301 ?
881 5246 1026 5317 atqui
1076 5256 1195 5302 erat
1234 5246 1340 5302 illis
1371 5247 1528 5318 longe
1572 5248 1770 5318 major,
1802 5262 1908 5318 quo

312 5336 470 5392 etiam
517 5338 719 5407 majora
748 5337 955 5394 luet-ant
996 5338 1042 5393 ei
1075 5339 1300 5394 credita.
1338 5338 1444 5395 Sed
1475 5340 1575 5394 hoc
1606 5356 1711 5394 non
1757 5339 1903 5394 l‘acit.

305 5430 528 5498 Quare?
558 5431 794 5487 Primum
826 5433 1043 5499 quidem
1076 5448 1265 5502 magna
1307 5432 1375 5489 de
1415 5448 1473 5489 se
1518 5434 1700 5489 dicere
1744 5448 1903 5490 recu-

304 5535 432 5576 sans
458 5539 472 5577 :
503 5522 742 5578 secundo
770 5532 947 5579 autem
970 5566 984 5588 ,
1013 5524 1155 5595 quod
1200 5524 1436 5578 nondum
1471 5524 1690 5595 perfecti
1719 5533 1905 5581 essent

304 5615 619 5671 auditores:
648 5619 840 5685 tertio,
872 5632 967 5673 eos
995 5617 1164 5688 magis
1195 5618 1386 5672 volens
1412 5618 1706 5685 extollere,
1738 5630 1793 5674 et
1815 5632 1898 5672 os-

304 5707 525 5765 tendere
558 5722 807 5778 magnam
836 5723 959 5765 esse
992 5709 1431 5779 prmeelleutiam.
1460 5710 1621 5779 Quasi
1652 5710 1859 5766 diceret
1886 5728 1898 5763 :

302 5795 437 5867 Quid
476 5815 739 5870 maguum
783 5809 865 5859 est
906 5803 1047 5875 quod
1090 5802 1382 5877 prophetas
1421 5804 1570 5861 misit
1611 5801 1677 5862 ad
1720 5813 1903 5876 patres

1993 3771 2207 3819 nostros
2226 3761 2252 3816 τ
2272 3760 2339 3818 ad
2365 3776 2464 3818 nos
2488 3760 2635 3818 enim
2660 3759 2807 3815 misit
2828 3758 3023 3815 Filium
3051 3773 3207 3815 suum
3237 3756 3594 3829 unigenitum.

1992 3852 2229 3910 Pulchre
2277 3862 2457 3909 autem
2501 3853 2583 3909 sic
2629 3852 2867 3924 incepit,
2920 3850 3266 3923 blultifariam
3321 3851 3595 3921 multisque

1990 3948 2153 4004 modis
2175 3964 2196 4002 :
2223 3947 2464 4004 ostendit
2486 3949 2629 4004 enim
2657 3947 2801 4019 quod
2831 3961 2899 4003 ne
2930 3946 3030 4016 ipsi
3060 3945 3277 4016 quidem
3312 3945 3596 4016 prophetae

1994 4041 2161 4096 Deum
2212 4040 2489 4108 viderunt;
2520 4040 2690 4097 Filius
2721 4056 2850 4096 vero
2878 4039 3031 4096 vidit.
3066 4040 3202 4096 Illud
3234 4041 3376 4095 enim
3403 4082 3418 4106 ,
3449 4038 3594 4093 Mul-

1992 4133 2221 4203 tifariam
2250 4134 2524 4202 multisque
2553 4135 2749 4199 modis,
2784 4134 2889 4189 hoc
2930 4143 3046 4201 est,
3088 4135 3301 4189 diverse
3340 4142 3395 4188 et
3422 4133 3592 4188 varie.

1996 4226 2109 4297 Ego
2129 4228 2275 4283 enim
2297 4270 2312 4294 ,
2341 4231 2534 4299 inquit,
2568 4228 2907 4298 multiplicari
2938 4229 3175 4297 visiones,
3200 4237 3244 4282 et
3277 4228 3329 4281 in
3359 4226 3595 4281 manibus

1992 4321 2361 4392 prophetarum
2405 4338 2519 4376 sum
2543 4323 2857 4377 assimilatas
2883 4320 3039 4391 (Osee
3064 4320 3152 4377 i2.
3179 4320 3288 4392 10).
3319 4319 3595 4389 Quamob-

1991 4430 2104 4468 rem
2149 4430 2255 4471 non
2288 4415 2342 4469 in
2392 4416 2495 4470 hoc
2540 4417 2715 4472 solum
2761 4427 2844 4472 est
2893 4416 3293 4487 praecellentia,
3337 4413 3479 4485 quod
3523 4412 3596 4469 ad

1988 4508 2111 4564 illos
2133 4508 2348 4579 quidem
2380 4509 2529 4565 missi
2554 4520 2679 4565 sunt
2713 4509 2989 4581 prophetat
3010 4551 3025 4573 ,
3067 4510 3135 4563 ad
3168 4505 3265 4563 nos
3291 4518 3471 4563 autem
3504 4506 3594 4561 Fi-

1989 4600 2124 4663 lius;
2172 4601 2265 4656 sed
2317 4602 2479 4656 etiam
2511 4601 2654 4673 quod
2704 4602 2919 4657 illorum
2966 4601 3183 4672 quidem
3235 4600 3415 4654 nullus
3460 4599 3596 4654 vidit

1992 4696 2195 4763 Deum,
2222 4696 2355 4751 vidit
2381 4706 2559 4751 autem
2585 4696 2754 4751 Filius
2782 4696 3114 4767 unigenitus.
3146 4695 3213 4750 Et
3244 4694 3347 4751 hoc
3374 4693 3592 4765 quidem

1991 4804 2097 4842 non
2127 4790 2305 4843 statim
2337 4790 2509 4861 ponit,
2541 4790 2735 4860 probat
2762 4798 2941 4845 autem
2973 4805 3068 4860 per
3094 4804 3156 4845 ea
3184 4805 3305 4860 quae
3333 4788 3594 4858 deinceps

1991 4892 2290 4954 sequuntur
2318 4902 2331 4936 :
2364 4898 2560 4953 nempe
2590 4884 2806 4953 quando
2837 4882 2966 4937 dicit
2993 4882 3062 4939 de
3088 4882 3424 4937 humanitate
3450 4901 3464 4935 :
3497 4882 3595 4938 Cui

1990 4977 2126 5031 enim
2160 4978 2464 5048 angelorum
2502 4978 2632 5032 dixit
2656 4996 2675 5032 .·
2708 4976 2875 5032 Filius
2902 4995 3042 5032 meus
3066 4994 3119 5033 es
3147 4987 3199 5032 tu
3227 4979 3252 5031 ἰ)
3280 4986 3363 5044 et,
3400 4977 3535 5033 Sede
3559 4996 3594 5032 α

1993 5067 2185 5124 dextris
2228 5069 2352 5123 meis
2384 5071 2454 5141 (υ.
2484 5070 2539 5125 5.
2564 5080 2611 5124 et
2638 5068 2770 5143 13)?
2805 5069 2937 5126 Vide
2967 5080 3147 5125 autem
3196 5085 3444 5141 magnam
3474 5070 3592 5138 ejus

1994 5161 2330 5231 prudentiam
2359 5182 2372 5217 :
2400 5177 2429 5215 a
2454 5162 2729 5234 prophetis
2757 5164 2992 5234 primmn
3020 5164 3256 5219 ostendit
3283 5165 3596 5234 praecellen-

1994 5253 2119 5306 tiam
2145 5270 2158 5305 :
2179 5253 2376 5310 deinde
2401 5268 2524 5309 eum
2550 5254 2681 5310 illud
2703 5257 3082 5312 confirmasset
3104 5265 3375 5329 tamquam
3396 5257 3462 5313 de
3483 5273 3594 5328 quo

1991 5354 2300 5411 constaret,
2332 5349 2645 5415 pronuntiat
2669 5348 2813 5420 quod
2845 5349 2953 5403 illis
2977 5349 3195 5419 quidem
3230 5350 3484 5420 l0qttutus
3510 5360 3594 5406 est

1993 5452 2088 5504 per
2122 5436 2445 5506 prophetas,
2482 5439 2640 5495 nobis
2682 5451 2861 5496 autem
2912 5455 3009 5509 per
3038 5440 3405 5512 Unigenitum.
3438 5442 3593 5509 Quod

1992 5529 2035 5582 si
2070 5530 2176 5585 illis
2206 5531 2367 5585 etiam
2398 5547 2492 5599 per
2520 5532 2743 5601 angelos
2771 5531 2789 5606 (
2813 5549 2937 5587 nam
2965 5522 3141 5603 angeli
3173 5549 3392 5603 quoque
3418 5535 3592 5589 collo-

1992 5621 2141 5690 quuti
2188 5633 2314 5677 sunt
2354 5638 2475 5677 cum
2514 5622 2715 5678 Judteis
2740 5624 2759 5694 )
2785 5641 2797 5676 :
2828 5633 2883 5678 at
2908 5624 2960 5679 in
2994 5625 3094 5679 hoc
3122 5640 3338 5695 quoque
3385 5626 3504 5679 illos
3540 5626 3591 5679 in

1988 5724 2195 5771 Lintum
2223 5731 2559 5786 superamus,
2592 5718 2735 5788 quod
2764 5720 3042 5775 nobiscum
3069 5718 3284 5789 quidem
3308 5720 3589 5784 Dominus,

1986 5824 2111 5867 cum
2144 5809 2253 5869 illis
2298 5820 2477 5875 autem
2524 5811 2666 5867 servi
2707 5828 2875 5869 :nam
2909 5822 2958 5868 et
2994 5812 3172 5885 anguli
3219 5822 3272 5869 et
3314 5814 3592 5885 prophetae
