  <div class='ocr_page' id='page_1' title='image "/cluster/home/n/w/nwhite01/storage/ocr_20150623/63/pst.000004899563/023.png"; bbox 0 0 4112 6344; ppageno 0'>
   <div class='ocr_carea' id='block_1_1' title="bbox 540 320 3782 403">
    <p class='ocr_par' dir='ltr' id='par_1_1' title="bbox 540 320 3782 403">
     <span class='ocr_line' id='line_1_1' title="bbox 540 320 3782 403; baseline -0.006 -10"><span class='ocrx_word' id='word_1_1' title='bbox 540 346 609 403; x_wconf 68' lang='lat'><strong>15</strong></span> <span class='ocrx_word' id='word_1_2' title='bbox 1262 332 1317 389; x_wconf 87' lang='lat' dir='ltr'><strong>S.</strong></span> <span class='ocrx_word' id='word_1_3' title='bbox 1356 328 1629 388; x_wconf 78' lang='lat' dir='ltr'><strong>JOANNIS</strong></span> <span class='ocrx_word' id='word_1_4' title='bbox 1666 325 2132 386; x_wconf 72' lang='lat' dir='ltr'><strong>CHRYSOSTOMI</strong></span> <span class='ocrx_word' id='word_1_5' title='bbox 2172 322 2487 378; x_wconf 69' lang='lat' dir='ltr'><strong>Alitillll&#39;il’.</strong></span> <span class='ocrx_word' id='word_1_6' title='bbox 2520 320 3050 378; x_wconf 76' lang='lat' dir='ltr'><strong>CONSTANTINOP.</strong></span> <span class='ocrx_word' id='word_1_7' title='bbox 3715 327 3782 385; x_wconf 66' lang='lat'><strong>{6</strong></span> 
     </span>
    </p>
   </div>
   <div class='ocr_carea' id='block_1_2' title="bbox 540 441 2111 504">
    <p class='ocr_par' dir='ltr' id='par_1_2' title="bbox 540 441 2111 504">
     <span class='ocr_line' id='line_1_2' title="bbox 540 441 2111 504; baseline -0.001 0"><span class='ocrx_word' id='word_1_8' title='bbox 540 446 808 504; x_wconf 74' lang='lat' dir='ltr'><strong>conservi.</strong></span> <span class='ocrx_word' id='word_1_9' title='bbox 839 444 1065 501; x_wconf 87' lang='lat' dir='ltr'><strong>Pulchre</strong></span> <span class='ocrx_word' id='word_1_10' title='bbox 1090 451 1265 499; x_wconf 88' lang='lat' dir='ltr'><strong>autem</strong></span> <span class='ocrx_word' id='word_1_11' title='bbox 1296 441 1426 498; x_wconf 89' lang='lat' dir='ltr'><strong>dicit</strong></span> <span class='ocrx_word' id='word_1_12' title='bbox 1454 459 1468 497; x_wconf 90' lang='lat'><strong>:</strong></span> <span class='ocrx_word' id='word_1_13' title='bbox 1499 442 1565 496; x_wconf 87' lang='lat' dir='ltr'><strong>lu</strong></span> <span class='ocrx_word' id='word_1_14' title='bbox 1592 444 1872 501; x_wconf 70' lang='lat' dir='ltr'><strong>novissimis</strong></span> <span class='ocrx_word' id='word_1_15' title='bbox 1894 447 2067 501; x_wconf 81' lang='lat' dir='ltr'><strong>diebus</strong></span> <span class='ocrx_word' id='word_1_16' title='bbox 2092 465 2111 502; x_wconf 86' lang='lat'><strong><em>:</em></strong></span> 
     </span>
    </p>
   </div>
   <div class='ocr_carea' id='block_1_3' title="bbox 544 534 2114 611">
    <p class='ocr_par' dir='ltr' id='par_1_3' title="bbox 544 534 2114 611">
     <span class='ocr_line' id='line_1_3' title="bbox 544 534 2114 611; baseline -0.001 -18"><span class='ocrx_word' id='word_1_17' title='bbox 544 554 666 593; x_wconf 89' lang='lat' dir='ltr'><strong>nam</strong></span> <span class='ocrx_word' id='word_1_18' title='bbox 711 538 813 592; x_wconf 92' lang='lat' dir='ltr'><strong>hoc</strong></span> <span class='ocrx_word' id='word_1_19' title='bbox 856 549 1069 611; x_wconf 86' lang='lat' dir='ltr'><strong>quoque</strong></span> <span class='ocrx_word' id='word_1_20' title='bbox 1115 534 1261 604; x_wconf 90' lang='lat' dir='ltr'><strong>ipsos</strong></span> <span class='ocrx_word' id='word_1_21' title='bbox 1290 535 1517 599; x_wconf 87' lang='lat' dir='ltr'><strong>excitat,</strong></span> <span class='ocrx_word' id='word_1_22' title='bbox 1567 542 1623 589; x_wconf 90' lang='lat' dir='ltr'><strong>et</strong></span> <span class='ocrx_word' id='word_1_23' title='bbox 1671 536 1979 591; x_wconf 82' lang='lat' dir='ltr'><strong>consulatur</strong></span> <span class='ocrx_word' id='word_1_24' title='bbox 2002 538 2114 608; x_wconf 86' lang='lat' dir='ltr'><strong>jam</strong></span> 
     </span>
    </p>
   </div>
   <div class='ocr_carea' id='block_1_4' title="bbox 541 624 2112 699">
    <p class='ocr_par' dir='ltr' id='par_1_4' title="bbox 541 624 2112 699">
     <span class='ocr_line' id='line_1_4' title="bbox 541 624 2112 699; baseline -0.003 -12"><span class='ocrx_word' id='word_1_25' title='bbox 541 632 803 687; x_wconf 77' lang='lat' dir='ltr'><strong>defessos.</strong></span> <span class='ocrx_word' id='word_1_26' title='bbox 836 628 1146 685; x_wconf 89' lang='lat' dir='ltr'><strong>Sicutenim</strong></span> <span class='ocrx_word' id='word_1_27' title='bbox 1174 624 1306 682; x_wconf 91' lang='lat' dir='ltr'><strong>dicit</strong></span> <span class='ocrx_word' id='word_1_28' title='bbox 1330 625 1488 681; x_wconf 85' lang='lat' dir='ltr'><strong>alibi:</strong></span> <span class='ocrx_word' id='word_1_29' title='bbox 1513 624 1766 681; x_wconf 82' lang='lat' dir='ltr'><strong>Dominus</strong></span> <span class='ocrx_word' id='word_1_30' title='bbox 1808 644 1967 699; x_wconf 88' lang='lat' dir='ltr'><strong>prope</strong></span> <span class='ocrx_word' id='word_1_31' title='bbox 2001 640 2074 683; x_wconf 83' lang='lat' dir='ltr'><strong>est</strong></span> <span class='ocrx_word' id='word_1_32' title='bbox 2096 672 2112 690; x_wconf 78' lang='lat'><strong>,</strong></span> 
     </span>
    </p>
   </div>
   <div class='ocr_carea' id='block_1_5' title="bbox 543 709 2113 790">
    <p class='ocr_par' dir='ltr' id='par_1_5' title="bbox 543 709 2113 790">
     <span class='ocr_line' id='line_1_5' title="bbox 543 709 2113 790; baseline -0.002 -12"><span class='ocrx_word' id='word_1_33' title='bbox 543 725 672 778; x_wconf 80' lang='lat' dir='ltr'><strong>nihil</strong></span> <span class='ocrx_word' id='word_1_34' title='bbox 703 720 908 777; x_wconf 72' lang='lat' dir='ltr'><strong>solliciti</strong></span> <span class='ocrx_word' id='word_1_35' title='bbox 944 720 1053 775; x_wconf 89' lang='lat' dir='ltr'><strong>sitis</strong></span> <span class='ocrx_word' id='word_1_36' title='bbox 1098 718 1361 790; x_wconf 79' lang='lat' dir='ltr'><strong>(Philipp.</strong></span> <span class='ocrx_word' id='word_1_37' title='bbox 1406 718 1459 775; x_wconf 69' lang='grc'><strong>4.</strong></span> <span class='ocrx_word' id='word_1_38' title='bbox 1491 709 1586 785; x_wconf 79' lang='grc'><strong>6);</strong></span> <span class='ocrx_word' id='word_1_39' title='bbox 1617 726 1672 774; x_wconf 84' lang='grc' dir='ltr'><strong>ει</strong></span> <span class='ocrx_word' id='word_1_40' title='bbox 1698 734 1884 775; x_wconf 88' lang='lat' dir='ltr'><strong>rursus</strong></span> <span class='ocrx_word' id='word_1_41' title='bbox 1904 761 1919 785; x_wconf 93' lang='lat'><strong>,</strong></span> <span class='ocrx_word' id='word_1_42' title='bbox 1964 719 2113 775; x_wconf 86' lang='lat' dir='ltr'><strong>Nunc</strong></span> 
     </span>
    </p>
   </div>
   <div class='ocr_carea' id='block_1_6' title="bbox 541 812 2116 885">
    <p class='ocr_par' dir='ltr' id='par_1_6' title="bbox 541 812 2116 885">
     <span class='ocr_line' id='line_1_6' title="bbox 541 812 2116 885; baseline -0.005 -13"><span class='ocrx_word' id='word_1_43' title='bbox 541 818 672 872; x_wconf 84' lang='lat' dir='ltr'><strong>enim</strong></span> <span class='ocrx_word' id='word_1_44' title='bbox 708 815 917 885; x_wconf 79' lang='lat' dir='ltr'><strong>propior</strong></span> <span class='ocrx_word' id='word_1_45' title='bbox 946 823 1019 868; x_wconf 85' lang='lat' dir='ltr'><strong>est</strong></span> <span class='ocrx_word' id='word_1_46' title='bbox 1047 822 1222 868; x_wconf 89' lang='lat' dir='ltr'><strong>nostra</strong></span> <span class='ocrx_word' id='word_1_47' title='bbox 1264 812 1405 867; x_wconf 89' lang='lat' dir='ltr'><strong>salus</strong></span> <span class='ocrx_word' id='word_1_48' title='bbox 1423 851 1441 880; x_wconf 88' lang='lat'><strong>,</strong></span> <span class='ocrx_word' id='word_1_49' title='bbox 1488 828 1641 883; x_wconf 86' lang='lat' dir='ltr'><strong>quant</strong></span> <span class='ocrx_word' id='word_1_50' title='bbox 1671 828 1782 865; x_wconf 78' lang='lat' dir='ltr'><strong>cum</strong></span> <span class='ocrx_word' id='word_1_51' title='bbox 1811 812 2116 866; x_wconf 76' lang='lat' dir='ltr'><strong>credidimus</strong></span> 
     </span>
    </p>
   </div>
   <div class='ocr_carea' id='block_1_7' title="bbox 542 902 2115 977">
    <p class='ocr_par' dir='ltr' id='par_1_7' title="bbox 542 902 2115 977">
     <span class='ocr_line' id='line_1_7' title="bbox 542 902 2115 977; baseline -0.002 -15"><span class='ocrx_word' id='word_1_52' title='bbox 542 906 719 977; x_wconf 85' lang='lat' dir='ltr'><strong>(Rom.</strong></span> <span class='ocrx_word' id='word_1_53' title='bbox 766 906 850 962; x_wconf 77' lang='lat' dir='ltr'><strong>l5.</strong></span> <span class='ocrx_word' id='word_1_54' title='bbox 890 905 1014 973; x_wconf 87' lang='lat' dir='ltr'><strong>ll):</strong></span> <span class='ocrx_word' id='word_1_55' title='bbox 1040 904 1112 958; x_wconf 77' lang='lat' dir='ltr'><strong>ita</strong></span> <span class='ocrx_word' id='word_1_56' title='bbox 1143 902 1232 959; x_wconf 92' lang='lat' dir='ltr'><strong>hic</strong></span> <span class='ocrx_word' id='word_1_57' title='bbox 1261 918 1490 973; x_wconf 90' lang='lat' dir='ltr'><strong>quoque.</strong></span> <span class='ocrx_word' id='word_1_58' title='bbox 1524 902 1661 970; x_wconf 88' lang='lat' dir='ltr'><strong>Quid</strong></span> <span class='ocrx_word' id='word_1_59' title='bbox 1697 912 1780 959; x_wconf 88' lang='lat' dir='ltr'><strong>est</strong></span> <span class='ocrx_word' id='word_1_60' title='bbox 1808 918 1935 974; x_wconf 88' lang='lat' dir='ltr'><strong>ergo</strong></span> <span class='ocrx_word' id='word_1_61' title='bbox 1973 905 2115 974; x_wconf 90' lang='lat' dir='ltr'><strong>quod</strong></span> 
     </span>
    </p>
   </div>
   <div class='ocr_carea' id='block_1_8' title="bbox 543 994 2117 1066">
    <p class='ocr_par' dir='ltr' id='par_1_8' title="bbox 543 994 2117 1066">
     <span class='ocr_line' id='line_1_8' title="bbox 543 994 2117 1066; baseline -0.001 -15"><span class='ocrx_word' id='word_1_62' title='bbox 543 997 669 1051; x_wconf 92' lang='lat' dir='ltr'><strong>dicit</strong></span> <span class='ocrx_word' id='word_1_63' title='bbox 689 996 712 1051; x_wconf 86' lang='lat'><strong>?</strong></span> <span class='ocrx_word' id='word_1_64' title='bbox 732 994 882 1064; x_wconf 85' lang='lat' dir='ltr'><strong>Quod</strong></span> <span class='ocrx_word' id='word_1_65' title='bbox 909 996 999 1066; x_wconf 85' lang='lat' dir='ltr'><strong>qui</strong></span> <span class='ocrx_word' id='word_1_66' title='bbox 1032 997 1085 1050; x_wconf 93' lang='lat' dir='ltr'><strong>in</strong></span> <span class='ocrx_word' id='word_1_67' title='bbox 1124 994 1415 1051; x_wconf 84' lang='lat' dir='ltr'><strong>certamine</strong></span> <span class='ocrx_word' id='word_1_68' title='bbox 1440 1003 1521 1050; x_wconf 92' lang='lat' dir='ltr'><strong>est</strong></span> <span class='ocrx_word' id='word_1_69' title='bbox 1548 1005 1898 1065; x_wconf 86' lang='lat' dir='ltr'><strong>consumptus</strong></span> <span class='ocrx_word' id='word_1_70' title='bbox 1942 1007 1997 1051; x_wconf 91' lang='lat' dir='ltr'><strong>et</strong></span> <span class='ocrx_word' id='word_1_71' title='bbox 2021 1012 2117 1052; x_wconf 78' lang='lat' dir='ltr'><strong>ex—</strong></span> 
     </span>
    </p>
   </div>
   <div class='ocr_carea' id='block_1_9' title="bbox 543 1086 2115 1159">
    <p class='ocr_par' dir='ltr' id='par_1_9' title="bbox 543 1086 2115 1159">
     <span class='ocr_line' id='line_1_9' title="bbox 543 1086 2115 1159; baseline 0.001 -17"><span class='ocrx_word' id='word_1_72' title='bbox 543 1087 783 1155; x_wconf 87' lang='lat' dir='ltr'><strong>haustus,</strong></span> <span class='ocrx_word' id='word_1_73' title='bbox 803 1098 1081 1159; x_wconf 88' lang='lat' dir='ltr'><strong>postquam</strong></span> <span class='ocrx_word' id='word_1_74' title='bbox 1114 1087 1338 1143; x_wconf 90' lang='lat' dir='ltr'><strong>audierit</strong></span> <span class='ocrx_word' id='word_1_75' title='bbox 1376 1086 1535 1143; x_wconf 87' lang='lat' dir='ltr'><strong>linem</strong></span> <span class='ocrx_word' id='word_1_76' title='bbox 1561 1088 1887 1156; x_wconf 82' lang='lat' dir='ltr'><strong>certaminis,</strong></span> <span class='ocrx_word' id='word_1_77' title='bbox 1927 1089 2115 1158; x_wconf 82' lang='lat' dir='ltr'><strong>paulu-</strong></span> 
     </span>
    </p>
   </div>
   <div class='ocr_carea' id='block_1_10' title="bbox 544 1178 2121 1249">
    <p class='ocr_par' dir='ltr' id='par_1_10' title="bbox 544 1178 2121 1249">
     <span class='ocr_line' id='line_1_10' title="bbox 544 1178 2121 1249; baseline 0.001 -16"><span class='ocrx_word' id='word_1_78' title='bbox 544 1178 652 1233; x_wconf 89' lang='lat' dir='ltr'><strong>lum</strong></span> <span class='ocrx_word' id='word_1_79' title='bbox 671 1179 919 1248; x_wconf 80' lang='lat' dir='ltr'><strong>respirat,</strong></span> <span class='ocrx_word' id='word_1_80' title='bbox 945 1188 1000 1233; x_wconf 91' lang='grc' dir='ltr'><strong>ιιι</strong></span> <span class='ocrx_word' id='word_1_81' title='bbox 1025 1181 1112 1249; x_wconf 92' lang='lat' dir='ltr'><strong>qui</strong></span> <span class='ocrx_word' id='word_1_82' title='bbox 1134 1179 1267 1235; x_wconf 83' lang='lat' dir='ltr'><strong>sciat</strong></span> <span class='ocrx_word' id='word_1_83' title='bbox 1285 1179 1424 1233; x_wconf 91' lang='lat' dir='ltr'><strong>illius</strong></span> <span class='ocrx_word' id='word_1_84' title='bbox 1441 1178 1653 1249; x_wconf 85' lang='lat' dir='ltr'><strong>quidem</strong></span> <span class='ocrx_word' id='word_1_85' title='bbox 1670 1194 1787 1235; x_wconf 90' lang='lat' dir='ltr'><strong>esse</strong></span> <span class='ocrx_word' id='word_1_86' title='bbox 1810 1181 1991 1247; x_wconf 83' lang='lat' dir='ltr'><strong>ﬁnem,</strong></span> <span class='ocrx_word' id='word_1_87' title='bbox 2018 1182 2121 1236; x_wconf 79' lang='lat' dir='ltr'><strong>iui-</strong></span> 
     </span>
    </p>
   </div>
   <div class='ocr_carea' id='block_1_11' title="bbox 546 1269 2118 1340">
    <p class='ocr_par' dir='ltr' id='par_1_11' title="bbox 546 1269 2118 1340">
     <span class='ocr_line' id='line_1_11' title="bbox 546 1269 2118 1340; baseline 0.003 -17"><span class='ocrx_word' id='word_1_88' title='bbox 546 1270 675 1325; x_wconf 82' lang='lat' dir='ltr'><strong>tium</strong></span> <span class='ocrx_word' id='word_1_89' title='bbox 707 1280 885 1325; x_wconf 87' lang='lat' dir='ltr'><strong>autem</strong></span> <span class='ocrx_word' id='word_1_90' title='bbox 910 1270 1119 1340; x_wconf 78' lang='lat' dir='ltr'><strong>quietis.</strong></span> <span class='ocrx_word' id='word_1_91' title='bbox 1164 1269 1230 1323; x_wconf 87' lang='lat' dir='ltr'><strong>In</strong></span> <span class='ocrx_word' id='word_1_92' title='bbox 1270 1271 1551 1325; x_wconf 79' lang='lat' dir='ltr'><strong>novissimis</strong></span> <span class='ocrx_word' id='word_1_93' title='bbox 1588 1271 1760 1326; x_wconf 85' lang='lat' dir='ltr'><strong>diebus</strong></span> <span class='ocrx_word' id='word_1_94' title='bbox 1786 1272 2019 1340; x_wconf 72' lang='lat' dir='ltr'><strong>loquutus</strong></span> <span class='ocrx_word' id='word_1_95' title='bbox 2048 1283 2118 1327; x_wconf 89' lang='lat' dir='ltr'><strong>est</strong></span> 
     </span>
    </p>
   </div>
   <div class='ocr_carea' id='block_1_12' title="bbox 545 1360 2120 1431">
    <p class='ocr_par' dir='ltr' id='par_1_12' title="bbox 545 1360 2120 1431">
     <span class='ocr_line' id='line_1_12' title="bbox 545 1360 2120 1431; baseline 0.003 -17"><span class='ocrx_word' id='word_1_96' title='bbox 545 1361 759 1417; x_wconf 76' lang='lat' dir='ltr'><strong>nobisin</strong></span> <span class='ocrx_word' id='word_1_97' title='bbox 786 1361 943 1417; x_wconf 85' lang='lat' dir='ltr'><strong>Filio.</strong></span> <span class='ocrx_word' id='word_1_98' title='bbox 978 1362 1114 1417; x_wconf 83' lang='lat' dir='ltr'><strong>Ecce</strong></span> <span class='ocrx_word' id='word_1_99' title='bbox 1144 1376 1361 1429; x_wconf 87' lang='lat' dir='ltr'><strong>rursus,</strong></span> <span class='ocrx_word' id='word_1_100' title='bbox 1391 1360 1456 1416; x_wconf 88' lang='lat' dir='ltr'><strong>In</strong></span> <span class='ocrx_word' id='word_1_101' title='bbox 1484 1361 1641 1417; x_wconf 85' lang='lat' dir='ltr'><strong>Filio.</strong></span> <span class='ocrx_word' id='word_1_102' title='bbox 1673 1363 1777 1418; x_wconf 82' lang='lat' dir='ltr'><strong>Per</strong></span> <span class='ocrx_word' id='word_1_103' title='bbox 1799 1362 2015 1431; x_wconf 85' lang='lat' dir='ltr'><strong>Filium,</strong></span> <span class='ocrx_word' id='word_1_104' title='bbox 2042 1365 2120 1419; x_wconf 88' lang='lat' dir='ltr'><strong>in-</strong></span> 
     </span>
    </p>
   </div>
   <div class='ocr_carea' id='block_1_13' title="bbox 544 1455 2119 1529">
    <p class='ocr_par' dir='ltr' id='par_1_13' title="bbox 544 1455 2119 1529">
     <span class='ocr_line' id='line_1_13' title="bbox 544 1455 2119 1529; baseline 0.005 -23"><span class='ocrx_word' id='word_1_105' title='bbox 544 1455 691 1522; x_wconf 91' lang='lat' dir='ltr'><strong>quit,</strong></span> <span class='ocrx_word' id='word_1_106' title='bbox 736 1455 990 1509; x_wconf 87' lang='lat' dir='ltr'><strong>adversus</strong></span> <span class='ocrx_word' id='word_1_107' title='bbox 1018 1468 1111 1510; x_wconf 89' lang='lat' dir='ltr'><strong>eos</strong></span> <span class='ocrx_word' id='word_1_108' title='bbox 1140 1456 1230 1524; x_wconf 89' lang='lat' dir='ltr'><strong>qui</strong></span> <span class='ocrx_word' id='word_1_109' title='bbox 1272 1455 1455 1509; x_wconf 93' lang='lat' dir='ltr'><strong>dicunt</strong></span> <span class='ocrx_word' id='word_1_110' title='bbox 1482 1455 1534 1510; x_wconf 92' lang='lat' dir='ltr'><strong>id</strong></span> <span class='ocrx_word' id='word_1_111' title='bbox 1560 1457 1849 1529; x_wconf 80' lang='lat' dir='ltr'><strong>convenire</strong></span> <span class='ocrx_word' id='word_1_112' title='bbox 1876 1457 2119 1528; x_wconf 89' lang='lat' dir='ltr'><strong>Spiritui.</strong></span> 
     </span>
    </p>
   </div>
   <div class='ocr_carea' id='block_1_14' title="bbox 543 1543 2116 1619">
    <p class='ocr_par' dir='ltr' id='par_1_14' title="bbox 543 1543 2116 1619">
     <span class='ocr_line' id='line_1_14' title="bbox 543 1543 2116 1619; baseline 0.004 -21"><span class='ocrx_word' id='word_1_113' title='bbox 543 1543 707 1601; x_wconf 80' lang='lat' dir='ltr'><strong>Vides</strong></span> <span class='ocrx_word' id='word_1_114' title='bbox 731 1545 870 1614; x_wconf 90' lang='lat' dir='ltr'><strong>quod</strong></span> <span class='ocrx_word' id='word_1_115' title='bbox 900 1546 1039 1601; x_wconf 82' lang='lat' dir='ltr'><strong>istud</strong></span> <span class='ocrx_word' id='word_1_116' title='bbox 1067 1546 1137 1601; x_wconf 81' lang='lat' dir='ltr'><strong>In</strong></span> <span class='ocrx_word' id='word_1_117' title='bbox 1163 1556 1245 1601; x_wconf 88' lang='lat' dir='ltr'><strong>est</strong></span> <span class='ocrx_word' id='word_1_118' title='bbox 1273 1547 1391 1600; x_wconf 86' lang='lat' dir='ltr'><strong>Per.</strong></span> <span class='ocrx_word' id='word_1_119' title='bbox 1426 1548 1491 1602; x_wconf 89' lang='lat' dir='ltr'><strong>Et</strong></span> <span class='ocrx_word' id='word_1_120' title='bbox 1516 1547 1669 1613; x_wconf 91' lang='lat' dir='ltr'><strong>illud,</strong></span> <span class='ocrx_word' id='word_1_121' title='bbox 1697 1548 1937 1616; x_wconf 76' lang='lat' dir='ltr'><strong>Olim,.et</strong></span> <span class='ocrx_word' id='word_1_122' title='bbox 1966 1551 2116 1619; x_wconf 90' lang='lat' dir='ltr'><strong>illud,</strong></span> 
     </span>
    </p>
   </div>
   <div class='ocr_carea' id='block_1_15' title="bbox 545 1634 2121 1709">
    <p class='ocr_par' dir='ltr' id='par_1_15' title="bbox 545 1634 2121 1709">
     <span class='ocr_line' id='line_1_15' title="bbox 545 1634 2121 1709; baseline 0.006 -20"><span class='ocrx_word' id='word_1_123' title='bbox 545 1634 613 1690; x_wconf 78' lang='lat' dir='ltr'><strong>In</strong></span> <span class='ocrx_word' id='word_1_124' title='bbox 639 1637 918 1701; x_wconf 83' lang='lat' dir='ltr'><strong>novissimis</strong></span> <span class='ocrx_word' id='word_1_125' title='bbox 943 1638 1151 1705; x_wconf 87' lang='lat' dir='ltr'><strong>diebus,</strong></span> <span class='ocrx_word' id='word_1_126' title='bbox 1182 1638 1381 1709; x_wconf 89' lang='lat' dir='ltr'><strong>aliquid</strong></span> <span class='ocrx_word' id='word_1_127' title='bbox 1411 1638 1554 1694; x_wconf 87' lang='lat' dir='ltr'><strong>aliud</strong></span> <span class='ocrx_word' id='word_1_128' title='bbox 1584 1640 1773 1697; x_wconf 84' lang='lat' dir='ltr'><strong>innuit.</strong></span> <span class='ocrx_word' id='word_1_129' title='bbox 1804 1641 2121 1708; x_wconf 76' lang='lat' dir='ltr'><strong>Quodnam?</strong></span> 
     </span>
    </p>
   </div>
   <div class='ocr_carea' id='block_1_16' title="bbox 544 1728 2121 1805">
    <p class='ocr_par' dir='ltr' id='par_1_16' title="bbox 544 1728 2121 1805">
     <span class='ocr_line' id='line_1_16' title="bbox 544 1728 2121 1805; baseline 0.001 -16"><span class='ocrx_word' id='word_1_130' title='bbox 544 1728 748 1800; x_wconf 86' lang='lat' dir='ltr'><strong>Nempe</strong></span> <span class='ocrx_word' id='word_1_131' title='bbox 770 1744 892 1785; x_wconf 91' lang='lat' dir='ltr'><strong>cum</strong></span> <span class='ocrx_word' id='word_1_132' title='bbox 924 1730 1150 1786; x_wconf 90' lang='lat' dir='ltr'><strong>multum</strong></span> <span class='ocrx_word' id='word_1_133' title='bbox 1186 1731 1441 1800; x_wconf 88' lang='lat' dir='ltr'><strong>temporis</strong></span> <span class='ocrx_word' id='word_1_134' title='bbox 1466 1731 1882 1800; x_wconf 86' lang='lat' dir='ltr'><strong>intercessisset,</strong></span> <span class='ocrx_word' id='word_1_135' title='bbox 1918 1750 1987 1790; x_wconf 87' lang='lat' dir='ltr'><strong>ex</strong></span> <span class='ocrx_word' id='word_1_136' title='bbox 2016 1751 2121 1805; x_wconf 91' lang='lat' dir='ltr'><strong>quo</strong></span> 
     </span>
    </p>
   </div>
   <div class='ocr_carea' id='block_1_17' title="bbox 546 1822 2119 1893">
    <p class='ocr_par' dir='ltr' id='par_1_17' title="bbox 546 1822 2119 1893">
     <span class='ocr_line' id='line_1_17' title="bbox 546 1822 2119 1893; baseline 0.005 -17"><span class='ocrx_word' id='word_1_137' title='bbox 546 1837 757 1878; x_wconf 83' lang='lat' dir='ltr'><strong>eramus</strong></span> <span class='ocrx_word' id='word_1_138' title='bbox 782 1822 1099 1893; x_wconf 75' lang='lat' dir='ltr'><strong>castigandi,</strong></span> <span class='ocrx_word' id='word_1_139' title='bbox 1130 1837 1196 1878; x_wconf 89' lang='lat' dir='ltr'><strong>ex</strong></span> <span class='ocrx_word' id='word_1_140' title='bbox 1222 1838 1329 1892; x_wconf 92' lang='lat' dir='ltr'><strong>quo</strong></span> <span class='ocrx_word' id='word_1_141' title='bbox 1355 1823 1663 1879; x_wconf 82' lang='lat' dir='ltr'><strong>defecerant</strong></span> <span class='ocrx_word' id='word_1_142' title='bbox 1687 1824 2029 1887; x_wconf 81' lang='lat' dir='ltr'><strong>charismata,</strong></span> <span class='ocrx_word' id='word_1_143' title='bbox 2055 1842 2119 1883; x_wconf 90' lang='lat' dir='ltr'><strong>ex</strong></span> 
     </span>
    </p>
   </div>
   <div class='ocr_carea' id='block_1_18' title="bbox 546 1914 2121 1985">
    <p class='ocr_par' dir='ltr' id='par_1_18' title="bbox 546 1914 2121 1985">
     <span class='ocr_line' id='line_1_18' title="bbox 546 1914 2121 1985; baseline 0.004 -18"><span class='ocrx_word' id='word_1_144' title='bbox 546 1928 653 1982; x_wconf 91' lang='lat' dir='ltr'><strong>quo</strong></span> <span class='ocrx_word' id='word_1_145' title='bbox 677 1928 783 1969; x_wconf 90' lang='lat' dir='ltr'><strong>non</strong></span> <span class='ocrx_word' id='word_1_146' title='bbox 804 1922 919 1970; x_wconf 88' lang='lat' dir='ltr'><strong>erat</strong></span> <span class='ocrx_word' id='word_1_147' title='bbox 948 1929 1069 1984; x_wconf 88' lang='lat' dir='ltr'><strong>spes</strong></span> <span class='ocrx_word' id='word_1_148' title='bbox 1092 1914 1297 1982; x_wconf 88' lang='lat' dir='ltr'><strong>salutis,</strong></span> <span class='ocrx_word' id='word_1_149' title='bbox 1328 1930 1394 1969; x_wconf 86' lang='lat' dir='ltr'><strong>ex</strong></span> <span class='ocrx_word' id='word_1_150' title='bbox 1418 1931 1523 1985; x_wconf 91' lang='lat' dir='ltr'><strong>quo</strong></span> <span class='ocrx_word' id='word_1_151' title='bbox 1549 1916 1988 1985; x_wconf 80' lang='lat' dir='ltr'><strong>exspectabamus</strong></span> <span class='ocrx_word' id='word_1_152' title='bbox 2008 1918 2121 1974; x_wconf 80' lang='lat' dir='ltr'><strong>fore</strong></span> 
     </span>
    </p>
   </div>
   <div class='ocr_carea' id='block_1_19' title="bbox 546 2002 2120 2074">
    <p class='ocr_par' dir='ltr' id='par_1_19' title="bbox 546 2002 2120 2074">
     <span class='ocr_line' id='line_1_19' title="bbox 546 2002 2120 2074; baseline 0.003 -16"><span class='ocrx_word' id='word_1_153' title='bbox 546 2012 605 2059; x_wconf 89' lang='lat' dir='ltr'><strong>ut</strong></span> <span class='ocrx_word' id='word_1_154' title='bbox 629 2002 954 2058; x_wconf 91' lang='lat' dir='ltr'><strong>detrimento</strong></span> <span class='ocrx_word' id='word_1_155' title='bbox 983 2003 1215 2073; x_wconf 89' lang='lat' dir='ltr'><strong>undique</strong></span> <span class='ocrx_word' id='word_1_156' title='bbox 1235 2002 1589 2069; x_wconf 77' lang='lat' dir='ltr'><strong>aﬂiceremur,</strong></span> <span class='ocrx_word' id='word_1_157' title='bbox 1614 2013 1739 2060; x_wconf 93' lang='lat' dir='ltr'><strong>tunc</strong></span> <span class='ocrx_word' id='word_1_158' title='bbox 1769 2006 1941 2074; x_wconf 88' lang='lat' dir='ltr'><strong>majus</strong></span> <span class='ocrx_word' id='word_1_159' title='bbox 1968 2009 2120 2062; x_wconf 86' lang='lat' dir='ltr'><strong>nobis</strong></span> 
     </span>
    </p>
   </div>
   <div class='ocr_carea' id='block_1_20' title="bbox 546 2093 2123 2165">
    <p class='ocr_par' dir='ltr' id='par_1_20' title="bbox 546 2093 2123 2165">
     <span class='ocr_line' id='line_1_20' title="bbox 546 2093 2123 2165; baseline 0.004 -18"><span class='ocrx_word' id='word_1_160' title='bbox 546 2093 737 2164; x_wconf 76' lang='lat' dir='ltr'><strong>obtigit</strong></span> <span class='ocrx_word' id='word_1_161' title='bbox 775 2093 1220 2149; x_wconf 88' lang='lat' dir='ltr'><strong>emolumentum.</strong></span> <span class='ocrx_word' id='word_1_162' title='bbox 1267 2093 1401 2151; x_wconf 84' lang='lat' dir='ltr'><strong>Vide</strong></span> <span class='ocrx_word' id='word_1_163' title='bbox 1428 2104 1605 2151; x_wconf 91' lang='lat' dir='ltr'><strong>autem</strong></span> <span class='ocrx_word' id='word_1_164' title='bbox 1636 2111 1795 2165; x_wconf 90' lang='lat' dir='ltr'><strong>quam</strong></span> <span class='ocrx_word' id='word_1_165' title='bbox 1828 2098 2123 2165; x_wconf 89' lang='lat' dir='ltr'><strong>prudenter</strong></span> 
     </span>
    </p>
   </div>
   <div class='ocr_carea' id='block_1_21' title="bbox 545 2185 2117 2260">
    <p class='ocr_par' dir='ltr' id='par_1_21' title="bbox 545 2185 2117 2260">
     <span class='ocr_line' id='line_1_21' title="bbox 545 2185 2117 2260; baseline 0.003 -21"><span class='ocrx_word' id='word_1_166' title='bbox 545 2185 649 2242; x_wconf 92' lang='lat' dir='ltr'><strong>hoc</strong></span> <span class='ocrx_word' id='word_1_167' title='bbox 676 2185 892 2241; x_wconf 78' lang='lat' dir='ltr'><strong>dixerit.</strong></span> <span class='ocrx_word' id='word_1_168' title='bbox 918 2185 1033 2241; x_wconf 90' lang='lat' dir='ltr'><strong>Non</strong></span> <span class='ocrx_word' id='word_1_169' title='bbox 1063 2187 1205 2242; x_wconf 91' lang='lat' dir='ltr'><strong>enim</strong></span> <span class='ocrx_word' id='word_1_170' title='bbox 1246 2186 1411 2253; x_wconf 92' lang='lat' dir='ltr'><strong>dixit,</strong></span> <span class='ocrx_word' id='word_1_171' title='bbox 1450 2187 1699 2244; x_wconf 80' lang='lat' dir='ltr'><strong>Christus</strong></span> <span class='ocrx_word' id='word_1_172' title='bbox 1728 2189 1976 2260; x_wconf 89' lang='lat' dir='ltr'><strong>loquutus</strong></span> <span class='ocrx_word' id='word_1_173' title='bbox 2004 2201 2117 2256; x_wconf 90' lang='grc' dir='ltr'><em>εει,</em></span> 
     </span>
    </p>
   </div>
   <div class='ocr_carea' id='block_1_22' title="bbox 547 2278 2124 2351">
    <p class='ocr_par' dir='ltr' id='par_1_22' title="bbox 547 2278 2124 2351">
     <span class='ocr_line' id='line_1_22' title="bbox 547 2278 2124 2351; baseline 0 -16"><span class='ocrx_word' id='word_1_174' title='bbox 547 2294 864 2351; x_wconf 85' lang='lat' dir='ltr'><strong>quamquam</strong></span> <span class='ocrx_word' id='word_1_175' title='bbox 896 2278 1009 2348; x_wconf 90' lang='lat' dir='ltr'><strong>ipse</strong></span> <span class='ocrx_word' id='word_1_176' title='bbox 1047 2288 1162 2333; x_wconf 87' lang='lat' dir='ltr'><strong>erat</strong></span> <span class='ocrx_word' id='word_1_177' title='bbox 1191 2278 1475 2348; x_wconf 90' lang='lat' dir='ltr'><strong>loquutus;</strong></span> <span class='ocrx_word' id='word_1_178' title='bbox 1516 2279 1611 2334; x_wconf 91' lang='lat' dir='ltr'><strong>sed</strong></span> <span class='ocrx_word' id='word_1_179' title='bbox 1650 2282 1900 2349; x_wconf 90' lang='lat' dir='ltr'><strong>quoniam</strong></span> <span class='ocrx_word' id='word_1_180' title='bbox 1958 2281 2124 2336; x_wconf 85' lang='lat' dir='ltr'><strong>imbe-</strong></span> 
     </span>
    </p>
   </div>
   <div class='ocr_carea' id='block_1_23' title="bbox 546 2370 2123 2442">
    <p class='ocr_par' dir='ltr' id='par_1_23' title="bbox 546 2370 2123 2442">
     <span class='ocr_line' id='line_1_23' title="bbox 546 2370 2123 2442; baseline -0.003 -12"><span class='ocrx_word' id='word_1_181' title='bbox 546 2374 655 2430; x_wconf 92' lang='lat' dir='ltr'><strong>cilli</strong></span> <span class='ocrx_word' id='word_1_182' title='bbox 680 2387 865 2429; x_wconf 88' lang='lat' dir='ltr'><strong>eorum</strong></span> <span class='ocrx_word' id='word_1_183' title='bbox 892 2371 1093 2437; x_wconf 86' lang='lat' dir='ltr'><strong>animi,</strong></span> <span class='ocrx_word' id='word_1_184' title='bbox 1120 2385 1219 2427; x_wconf 88' lang='lat' dir='ltr'><strong>nec</strong></span> <span class='ocrx_word' id='word_1_185' title='bbox 1244 2386 1363 2442; x_wconf 73' lang='lat' dir='ltr'><strong>quae</strong></span> <span class='ocrx_word' id='word_1_186' title='bbox 1386 2371 1455 2427; x_wconf 85' lang='lat' dir='ltr'><strong>de</strong></span> <span class='ocrx_word' id='word_1_187' title='bbox 1483 2370 1699 2427; x_wconf 86' lang='lat' dir='ltr'><strong>Christo</strong></span> <span class='ocrx_word' id='word_1_188' title='bbox 1729 2372 1949 2427; x_wconf 89' lang='lat' dir='ltr'><strong>dicenda</strong></span> <span class='ocrx_word' id='word_1_189' title='bbox 1973 2383 2123 2429; x_wconf 90' lang='lat' dir='ltr'><strong>erant</strong></span> 
     </span>
    </p>
   </div>
   <div class='ocr_carea' id='block_1_24' title="bbox 547 2460 2122 2531">
    <p class='ocr_par' dir='ltr' id='par_1_24' title="bbox 547 2460 2122 2531">
     <span class='ocr_line' id='line_1_24' title="bbox 547 2460 2122 2531; baseline -0.002 -12"><span class='ocrx_word' id='word_1_190' title='bbox 547 2464 720 2519; x_wconf 85' lang='lat' dir='ltr'><strong>adhuc</strong></span> <span class='ocrx_word' id='word_1_191' title='bbox 760 2460 942 2517; x_wconf 86' lang='lat' dir='ltr'><strong>audire</strong></span> <span class='ocrx_word' id='word_1_192' title='bbox 980 2470 1241 2531; x_wconf 79' lang='lat' dir='ltr'><strong>poterant,</strong></span> <span class='ocrx_word' id='word_1_193' title='bbox 1289 2461 1459 2518; x_wconf 87' lang='lat' dir='ltr'><strong>dicit:</strong></span> <span class='ocrx_word' id='word_1_194' title='bbox 1504 2461 1570 2516; x_wconf 89' lang='lat' dir='ltr'><strong>In</strong></span> <span class='ocrx_word' id='word_1_195' title='bbox 1598 2461 1736 2517; x_wconf 86' lang='lat' dir='ltr'><strong>Filio</strong></span> <span class='ocrx_word' id='word_1_196' title='bbox 1773 2464 2007 2531; x_wconf 79' lang='lat' dir='ltr'><strong>loquutus</strong></span> <span class='ocrx_word' id='word_1_197' title='bbox 2050 2473 2122 2518; x_wconf 85' lang='lat' dir='ltr'><strong>est</strong></span> 
     </span>
    </p>
   </div>
   <div class='ocr_carea' id='block_1_25' title="bbox 547 2553 2119 2633">
    <p class='ocr_par' dir='ltr' id='par_1_25' title="bbox 547 2553 2119 2633">
     <span class='ocr_line' id='line_1_25' title="bbox 547 2553 2119 2633; baseline 0.001 -24"><span class='ocrx_word' id='word_1_198' title='bbox 547 2554 706 2610; x_wconf 82' lang='lat' dir='ltr'><strong>nobis.</strong></span> <span class='ocrx_word' id='word_1_199' title='bbox 726 2553 860 2633; x_wconf 84' lang='lat' dir='ltr'><strong>Quid</strong></span> <span class='ocrx_word' id='word_1_200' title='bbox 878 2554 1031 2618; x_wconf 89' lang='lat' dir='ltr'><strong>dicis,</strong></span> <span class='ocrx_word' id='word_1_201' title='bbox 1056 2554 1194 2608; x_wconf 84' lang='lat' dir='ltr'><strong>Deus</strong></span> <span class='ocrx_word' id='word_1_202' title='bbox 1208 2568 1300 2623; x_wconf 90' lang='lat' dir='ltr'><strong>per</strong></span> <span class='ocrx_word' id='word_1_203' title='bbox 1320 2553 1514 2608; x_wconf 88' lang='lat' dir='ltr'><strong>Filium</strong></span> <span class='ocrx_word' id='word_1_204' title='bbox 1535 2554 1782 2624; x_wconf 88' lang='lat' dir='ltr'><strong>loquutus</strong></span> <span class='ocrx_word' id='word_1_205' title='bbox 1803 2556 1921 2610; x_wconf 75' lang='lat' dir='ltr'><strong>est?</strong></span> <span class='ocrx_word' id='word_1_206' title='bbox 1941 2556 2119 2611; x_wconf 89' lang='lat' dir='ltr'><strong>Certe.</strong></span> 
     </span>
    </p>
   </div>
   <div class='ocr_carea' id='block_1_26' title="bbox 549 2646 2121 2717">
    <p class='ocr_par' dir='ltr' id='par_1_26' title="bbox 549 2646 2121 2717">
     <span class='ocr_line' id='line_1_26' title="bbox 549 2646 2121 2717; baseline 0 -15"><span class='ocrx_word' id='word_1_207' title='bbox 549 2646 650 2703; x_wconf 88' lang='lat' dir='ltr'><strong>Ubi</strong></span> <span class='ocrx_word' id='word_1_208' title='bbox 675 2661 804 2717; x_wconf 88' lang='lat' dir='ltr'><strong>ergo</strong></span> <span class='ocrx_word' id='word_1_209' title='bbox 828 2646 1185 2701; x_wconf 81' lang='lat' dir='ltr'><strong>excellentia?</strong></span> <span class='ocrx_word' id='word_1_210' title='bbox 1218 2646 1305 2701; x_wconf 90' lang='lat' dir='ltr'><strong>hic</strong></span> <span class='ocrx_word' id='word_1_211' title='bbox 1330 2646 1473 2701; x_wconf 88' lang='lat' dir='ltr'><strong>enim</strong></span> <span class='ocrx_word' id='word_1_212' title='bbox 1512 2646 1792 2703; x_wconf 88' lang='lat' dir='ltr'><strong>ostendisti</strong></span> <span class='ocrx_word' id='word_1_213' title='bbox 1824 2658 1877 2701; x_wconf 91' lang='lat' dir='ltr'><strong>et</strong></span> <span class='ocrx_word' id='word_1_214' title='bbox 1916 2646 2121 2703; x_wconf 84' lang='lat' dir='ltr'><strong>Novum</strong></span> 
     </span>
    </p>
   </div>
   <div class='ocr_carea' id='block_1_27' title="bbox 548 2738 2125 2810">
    <p class='ocr_par' dir='ltr' id='par_1_27' title="bbox 548 2738 2125 2810">
     <span class='ocr_line' id='line_1_27' title="bbox 548 2738 2125 2810; baseline -0.001 -13"><span class='ocrx_word' id='word_1_215' title='bbox 548 2749 603 2797; x_wconf 90' lang='lat' dir='ltr'><strong>ct</strong></span> <span class='ocrx_word' id='word_1_216' title='bbox 629 2739 793 2796; x_wconf 78' lang='lat' dir='ltr'><strong>Vetus</strong></span> <span class='ocrx_word' id='word_1_217' title='bbox 820 2754 941 2795; x_wconf 72' lang='lat' dir='ltr'><strong>esse</strong></span> <span class='ocrx_word' id='word_1_218' title='bbox 972 2739 1131 2794; x_wconf 91' lang='lat' dir='ltr'><strong>unius</strong></span> <span class='ocrx_word' id='word_1_219' title='bbox 1167 2747 1221 2793; x_wconf 91' lang='lat' dir='ltr'><strong>et</strong></span> <span class='ocrx_word' id='word_1_220' title='bbox 1250 2738 1491 2807; x_wconf 89' lang='lat' dir='ltr'><strong>ejusdem</strong></span> <span class='ocrx_word' id='word_1_221' title='bbox 1514 2779 1530 2803; x_wconf 93' lang='lat'><strong>,</strong></span> <span class='ocrx_word' id='word_1_222' title='bbox 1572 2738 1715 2809; x_wconf 88' lang='lat' dir='ltr'><strong>quod</strong></span> <span class='ocrx_word' id='word_1_223' title='bbox 1745 2739 1960 2810; x_wconf 88' lang='lat' dir='ltr'><strong>quidem</strong></span> <span class='ocrx_word' id='word_1_224' title='bbox 2013 2756 2125 2795; x_wconf 86' lang='lat' dir='ltr'><strong>ma-</strong></span> 
     </span>
    </p>
   </div>
   <div class='ocr_carea' id='block_1_28' title="bbox 548 2828 2126 2903">
    <p class='ocr_par' dir='ltr' id='par_1_28' title="bbox 548 2828 2126 2903">
     <span class='ocr_line' id='line_1_28' title="bbox 548 2828 2126 2903; baseline -0.001 -17"><span class='ocrx_word' id='word_1_225' title='bbox 548 2847 667 2903; x_wconf 66' lang='lat' dir='ltr'><strong>gnae</strong></span> <span class='ocrx_word' id='word_1_226' title='bbox 696 2847 801 2885; x_wconf 89' lang='lat' dir='ltr'><strong>non</strong></span> <span class='ocrx_word' id='word_1_227' title='bbox 824 2839 906 2885; x_wconf 87' lang='lat' dir='ltr'><strong>est</strong></span> <span class='ocrx_word' id='word_1_228' title='bbox 928 2828 1279 2885; x_wconf 68' lang='lat' dir='ltr'><strong>excellentiae.</strong></span> <span class='ocrx_word' id='word_1_229' title='bbox 1314 2828 1598 2899; x_wconf 86' lang='lat' dir='ltr'><strong>Propterea</strong></span> <span class='ocrx_word' id='word_1_230' title='bbox 1628 2828 1729 2885; x_wconf 87' lang='lat' dir='ltr'><strong>huc</strong></span> <span class='ocrx_word' id='word_1_231' title='bbox 1757 2830 1976 2885; x_wconf 83' lang='lat' dir='ltr'><strong>verbum</strong></span> <span class='ocrx_word' id='word_1_232' title='bbox 2004 2845 2126 2900; x_wconf 85' lang='lat' dir='ltr'><strong>per—</strong></span> 
     </span>
    </p>
   </div>
   <div class='ocr_carea' id='block_1_29' title="bbox 549 2918 2126 2994">
    <p class='ocr_par' dir='ltr' id='par_1_29' title="bbox 549 2918 2126 2994">
     <span class='ocr_line' id='line_1_29' title="bbox 549 2918 2126 2994; baseline -0.001 -15"><span class='ocrx_word' id='word_1_233' title='bbox 549 2923 791 2994; x_wconf 86' lang='lat' dir='ltr'><strong>sequitur</strong></span> <span class='ocrx_word' id='word_1_234' title='bbox 838 2930 893 2978; x_wconf 89' lang='lat' dir='ltr'><strong>et</strong></span> <span class='ocrx_word' id='word_1_235' title='bbox 930 2922 1183 2991; x_wconf 81' lang='lat' dir='ltr'><strong>exponit,</strong></span> <span class='ocrx_word' id='word_1_236' title='bbox 1211 2921 1395 2976; x_wconf 90' lang='lat' dir='ltr'><strong>dicens</strong></span> <span class='ocrx_word' id='word_1_237' title='bbox 1435 2918 1737 2989; x_wconf 87' lang='lat' dir='ltr'><strong>:Loquutus</strong></span> <span class='ocrx_word' id='word_1_238' title='bbox 1778 2933 1849 2976; x_wconf 87' lang='lat' dir='ltr'><strong>est</strong></span> <span class='ocrx_word' id='word_1_239' title='bbox 1887 2922 2030 2991; x_wconf 72' lang='lat' dir='ltr'><strong>nobis</strong></span> <span class='ocrx_word' id='word_1_240' title='bbox 2071 2922 2126 2977; x_wconf 85' lang='lat' dir='ltr'><strong>in</strong></span> 
     </span>
    </p>
   </div>
   <div class='ocr_carea' id='block_1_30' title="bbox 552 3012 2117 3084">
    <p class='ocr_par' dir='ltr' id='par_1_30' title="bbox 552 3012 2117 3084">
     <span class='ocr_line' id='line_1_30' title="bbox 552 3012 2117 3084; baseline 0.001 -16"><span class='ocrx_word' id='word_1_241' title='bbox 552 3014 711 3070; x_wconf 86' lang='lat' dir='ltr'><strong>Filio.</strong></span> <span class='ocrx_word' id='word_1_242' title='bbox 748 3013 875 3070; x_wconf 81' lang='lat' dir='ltr'><strong>Vide</strong></span> <span class='ocrx_word' id='word_1_243' title='bbox 899 3012 1167 3084; x_wconf 91' lang='lat' dir='ltr'><strong>quomodo</strong></span> <span class='ocrx_word' id='word_1_244' title='bbox 1188 3012 1237 3065; x_wconf 89' lang='lat' dir='ltr'><strong>td</strong></span> <span class='ocrx_word' id='word_1_245' title='bbox 1263 3026 1544 3067; x_wconf 89' lang='lat' dir='ltr'><strong>commune</strong></span> <span class='ocrx_word' id='word_1_246' title='bbox 1567 3012 1718 3069; x_wconf 79' lang='lat' dir='ltr'><strong>faciat</strong></span> <span class='ocrx_word' id='word_1_247' title='bbox 1737 3053 1753 3078; x_wconf 95' lang='lat'><strong>,</strong></span> <span class='ocrx_word' id='word_1_248' title='bbox 1792 3021 1847 3069; x_wconf 92' lang='lat' dir='ltr'><strong>et</strong></span> <span class='ocrx_word' id='word_1_249' title='bbox 1877 3013 2117 3083; x_wconf 84' lang='lat' dir='ltr'><strong>discipu-</strong></span> 
     </span>
    </p>
   </div>
   <div class='ocr_carea' id='block_1_31' title="bbox 551 3103 2122 3177">
    <p class='ocr_par' dir='ltr' id='par_1_31' title="bbox 551 3103 2122 3177">
     <span class='ocr_line' id='line_1_31' title="bbox 551 3103 2122 3177; baseline 0.001 -14"><span class='ocrx_word' id='word_1_250' title='bbox 551 3109 633 3164; x_wconf 88' lang='lat' dir='ltr'><strong>los</strong></span> <span class='ocrx_word' id='word_1_251' title='bbox 662 3106 763 3164; x_wconf 85' lang='lat' dir='ltr'><strong>sibi</strong></span> <span class='ocrx_word' id='word_1_252' title='bbox 792 3114 1038 3177; x_wconf 68' lang='lat' dir='ltr'><strong>exazquat</strong></span> <span class='ocrx_word' id='word_1_253' title='bbox 1068 3105 1265 3161; x_wconf 82' lang='lat' dir='ltr'><strong>Paulus</strong></span> <span class='ocrx_word' id='word_1_254' title='bbox 1289 3104 1474 3161; x_wconf 89' lang='lat' dir='ltr'><strong>dicens</strong></span> <span class='ocrx_word' id='word_1_255' title='bbox 1513 3122 1527 3157; x_wconf 90' lang='lat'><strong>:</strong></span> <span class='ocrx_word' id='word_1_256' title='bbox 1556 3103 1820 3175; x_wconf 76' lang='lat' dir='ltr'><strong>Loquotus</strong></span> <span class='ocrx_word' id='word_1_257' title='bbox 1846 3115 1919 3163; x_wconf 85' lang='lat' dir='ltr'><strong>est</strong></span> <span class='ocrx_word' id='word_1_258' title='bbox 1958 3107 2122 3165; x_wconf 79' lang='lat' dir='ltr'><strong>nobis.</strong></span> 
     </span>
    </p>
   </div>
   <div class='ocr_carea' id='block_1_32' title="bbox 554 3196 2114 3276">
    <p class='ocr_par' dir='ltr' id='par_1_32' title="bbox 554 3196 2114 3276">
     <span class='ocr_line' id='line_1_32' title="bbox 554 3196 2114 3276; baseline -0.006 -17"><span class='ocrx_word' id='word_1_259' title='bbox 554 3207 711 3276; x_wconf 86' lang='lat' dir='ltr'><strong>Atqui</strong></span> <span class='ocrx_word' id='word_1_260' title='bbox 746 3219 851 3259; x_wconf 89' lang='lat' dir='ltr'><strong>non</strong></span> <span class='ocrx_word' id='word_1_261' title='bbox 877 3213 957 3257; x_wconf 91' lang='lat' dir='ltr'><strong>est</strong></span> <span class='ocrx_word' id='word_1_262' title='bbox 986 3208 1033 3257; x_wconf 89' lang='lat' dir='ltr'><strong>el</strong></span> <span class='ocrx_word' id='word_1_263' title='bbox 1066 3208 1311 3271; x_wconf 86' lang='lat' dir='ltr'><strong>loquutus</strong></span> <span class='ocrx_word' id='word_1_264' title='bbox 1333 3241 1348 3265; x_wconf 92' lang='lat'><strong>,</strong></span> <span class='ocrx_word' id='word_1_265' title='bbox 1381 3197 1474 3254; x_wconf 88' lang='lat' dir='ltr'><strong>sed</strong></span> <span class='ocrx_word' id='word_1_266' title='bbox 1514 3197 1803 3267; x_wconf 83' lang='lat' dir='ltr'><strong>apostolis,</strong></span> <span class='ocrx_word' id='word_1_267' title='bbox 1835 3204 1891 3250; x_wconf 90' lang='lat' dir='ltr'><strong>et</strong></span> <span class='ocrx_word' id='word_1_268' title='bbox 1917 3210 2011 3265; x_wconf 86' lang='lat' dir='ltr'><strong>per</strong></span> <span class='ocrx_word' id='word_1_269' title='bbox 2035 3196 2114 3263; x_wconf 83' lang='lat' dir='ltr'><strong>ip-</strong></span> 
     </span>
    </p>
   </div>
   <div class='ocr_carea' id='block_1_33' title="bbox 551 3284 2118 3363">
    <p class='ocr_par' dir='ltr' id='par_1_33' title="bbox 551 3284 2118 3363">
     <span class='ocr_line' id='line_1_33' title="bbox 551 3284 2118 3363; baseline -0.007 -15"><span class='ocrx_word' id='word_1_270' title='bbox 551 3309 642 3348; x_wconf 88' lang='lat' dir='ltr'><strong>sos</strong></span> <span class='ocrx_word' id='word_1_271' title='bbox 681 3294 879 3348; x_wconf 88' lang='lat' dir='ltr'><strong>multis.</strong></span> <span class='ocrx_word' id='word_1_272' title='bbox 916 3292 1019 3348; x_wconf 89' lang='lat' dir='ltr'><strong>Sed</strong></span> <span class='ocrx_word' id='word_1_273' title='bbox 1052 3292 1194 3363; x_wconf 89' lang='lat' dir='ltr'><strong>ipsos</strong></span> <span class='ocrx_word' id='word_1_274' title='bbox 1237 3290 1475 3356; x_wconf 91' lang='lat' dir='ltr'><strong>extollit,</strong></span> <span class='ocrx_word' id='word_1_275' title='bbox 1523 3296 1577 3343; x_wconf 92' lang='lat' dir='ltr'><strong>et</strong></span> <span class='ocrx_word' id='word_1_276' title='bbox 1605 3286 1834 3342; x_wconf 89' lang='lat' dir='ltr'><strong>ostendit</strong></span> <span class='ocrx_word' id='word_1_277' title='bbox 1866 3284 2008 3357; x_wconf 91' lang='lat' dir='ltr'><strong>quod</strong></span> <span class='ocrx_word' id='word_1_278' title='bbox 2038 3284 2118 3339; x_wconf 90' lang='lat' dir='ltr'><strong>eis</strong></span> 
     </span>
    </p>
   </div>
   <div class='ocr_carea' id='block_1_34' title="bbox 552 3374 2119 3454">
    <p class='ocr_par' dir='ltr' id='par_1_34' title="bbox 552 3374 2119 3454">
     <span class='ocr_line' id='line_1_34' title="bbox 552 3374 2119 3454; baseline -0.005 -18"><span class='ocrx_word' id='word_1_279' title='bbox 552 3398 761 3454; x_wconf 88' lang='lat' dir='ltr'><strong>quoque</strong></span> <span class='ocrx_word' id='word_1_280' title='bbox 811 3382 882 3437; x_wconf 86' lang='lat' dir='ltr'><strong>sit</strong></span> <span class='ocrx_word' id='word_1_281' title='bbox 937 3383 1212 3451; x_wconf 89' lang='lat' dir='ltr'><strong>loquutus;</strong></span> <span class='ocrx_word' id='word_1_282' title='bbox 1258 3380 1325 3435; x_wconf 86' lang='lat' dir='ltr'><strong>Et</strong></span> <span class='ocrx_word' id='word_1_283' title='bbox 1378 3378 1535 3435; x_wconf 89' lang='lat' dir='ltr'><strong>simul</strong></span> <span class='ocrx_word' id='word_1_284' title='bbox 1589 3377 1804 3432; x_wconf 74' lang='lat' dir='ltr'><strong>Judaeos</strong></span> <span class='ocrx_word' id='word_1_285' title='bbox 1858 3374 2119 3446; x_wconf 86' lang='lat' dir='ltr'><strong>perstrin-</strong></span> 
     </span>
    </p>
   </div>
   <div class='ocr_carea' id='block_1_35' title="bbox 550 3468 2119 3542">
    <p class='ocr_par' dir='ltr' id='par_1_35' title="bbox 550 3468 2119 3542">
     <span class='ocr_line' id='line_1_35' title="bbox 550 3468 2119 3542; baseline -0.002 -16"><span class='ocrx_word' id='word_1_286' title='bbox 550 3476 627 3542; x_wconf 84' lang='lat' dir='ltr'><strong>git</strong></span> <span class='ocrx_word' id='word_1_287' title='bbox 669 3488 836 3528; x_wconf 90' lang='lat' dir='ltr'><strong>:nam</strong></span> <span class='ocrx_word' id='word_1_288' title='bbox 887 3487 1073 3528; x_wconf 90' lang='lat' dir='ltr'><strong>omnes</strong></span> <span class='ocrx_word' id='word_1_289' title='bbox 1133 3472 1272 3538; x_wconf 79' lang='lat' dir='ltr'><strong>fere,</strong></span> <span class='ocrx_word' id='word_1_290' title='bbox 1325 3471 1516 3542; x_wconf 90' lang='lat' dir='ltr'><strong>quibus</strong></span> <span class='ocrx_word' id='word_1_291' title='bbox 1574 3468 1779 3539; x_wconf 88' lang='lat' dir='ltr'><strong>loquuti</strong></span> <span class='ocrx_word' id='word_1_292' title='bbox 1816 3477 1942 3525; x_wconf 91' lang='lat' dir='ltr'><strong>sunt</strong></span> <span class='ocrx_word' id='word_1_293' title='bbox 1994 3481 2119 3538; x_wconf 82' lang='lat' dir='ltr'><strong>pro-</strong></span> 
     </span>
    </p>
   </div>
   <div class='ocr_carea' id='block_1_36' title="bbox 551 3560 2116 3637">
    <p class='ocr_par' dir='ltr' id='par_1_36' title="bbox 551 3560 2116 3637">
     <span class='ocr_line' id='line_1_36' title="bbox 551 3560 2116 3637; baseline -0.004 -18"><span class='ocrx_word' id='word_1_294' title='bbox 551 3565 747 3637; x_wconf 66' lang='lat' dir='ltr'><strong>phetat,</strong></span> <span class='ocrx_word' id='word_1_295' title='bbox 790 3566 1032 3620; x_wconf 80' lang='lat' dir='ltr'><strong>scelerati</strong></span> <span class='ocrx_word' id='word_1_296' title='bbox 1083 3572 1236 3619; x_wconf 90' lang='lat' dir='ltr'><strong>erant</strong></span> <span class='ocrx_word' id='word_1_297' title='bbox 1286 3573 1340 3619; x_wconf 89' lang='lat' dir='ltr'><strong>et</strong></span> <span class='ocrx_word' id='word_1_298' title='bbox 1382 3561 1712 3617; x_wconf 89' lang='lat' dir='ltr'><strong>exsecrandi.</strong></span> <span class='ocrx_word' id='word_1_299' title='bbox 1765 3561 1829 3616; x_wconf 86' lang='lat' dir='ltr'><strong>Et</strong></span> <span class='ocrx_word' id='word_1_300' title='bbox 1878 3560 2116 3615; x_wconf 86' lang='lat' dir='ltr'><strong>nondum</strong></span> 
     </span>
    </p>
   </div>
   <div class='ocr_carea' id='block_1_37' title="bbox 551 3652 2116 3723">
    <p class='ocr_par' dir='ltr' id='par_1_37' title="bbox 551 3652 2116 3723">
     <span class='ocr_line' id='line_1_37' title="bbox 551 3652 2116 3723; baseline -0.003 -12"><span class='ocrx_word' id='word_1_301' title='bbox 551 3657 619 3711; x_wconf 89' lang='lat' dir='ltr'><strong>de</strong></span> <span class='ocrx_word' id='word_1_302' title='bbox 659 3657 740 3713; x_wconf 87' lang='lat' dir='ltr'><strong>his</strong></span> <span class='ocrx_word' id='word_1_303' title='bbox 776 3657 936 3713; x_wconf 84' lang='lat' dir='ltr'><strong>verba</strong></span> <span class='ocrx_word' id='word_1_304' title='bbox 972 3656 1140 3723; x_wconf 77' lang='lat' dir='ltr'><strong>(lunt;</strong></span> <span class='ocrx_word' id='word_1_305' title='bbox 1169 3656 1379 3711; x_wconf 88' lang='lat' dir='ltr'><strong>interim</strong></span> <span class='ocrx_word' id='word_1_306' title='bbox 1425 3665 1599 3710; x_wconf 88' lang='lat' dir='ltr'><strong>autem</strong></span> <span class='ocrx_word' id='word_1_307' title='bbox 1651 3654 1879 3723; x_wconf 88' lang='lat' dir='ltr'><strong>loquitur</strong></span> <span class='ocrx_word' id='word_1_308' title='bbox 1905 3653 1973 3709; x_wconf 89' lang='lat' dir='ltr'><strong>de</strong></span> <span class='ocrx_word' id='word_1_309' title='bbox 2017 3652 2116 3708; x_wconf 86' lang='lat' dir='ltr'><strong>do-</strong></span> 
     </span>
    </p>
   </div>
   <div class='ocr_carea' id='block_1_38' title="bbox 552 3744 2118 3820">
    <p class='ocr_par' dir='ltr' id='par_1_38' title="bbox 552 3744 2118 3820">
     <span class='ocr_line' id='line_1_38' title="bbox 552 3744 2118 3820; baseline -0.004 -15"><span class='ocrx_word' id='word_1_310' title='bbox 552 3751 635 3805; x_wconf 90' lang='lat' dir='ltr'><strong>nis</strong></span> <span class='ocrx_word' id='word_1_311' title='bbox 654 3764 770 3820; x_wconf 75' lang='lat' dir='ltr'><strong>qure</strong></span> <span class='ocrx_word' id='word_1_312' title='bbox 790 3764 820 3803; x_wconf 90' lang='lat' dir='ltr'><strong>a</strong></span> <span class='ocrx_word' id='word_1_313' title='bbox 845 3749 954 3804; x_wconf 91' lang='lat' dir='ltr'><strong>Deo</strong></span> <span class='ocrx_word' id='word_1_314' title='bbox 981 3757 1103 3804; x_wconf 86' lang='lat' dir='ltr'><strong>sunt</strong></span> <span class='ocrx_word' id='word_1_315' title='bbox 1130 3747 1354 3811; x_wconf 88' lang='lat' dir='ltr'><strong>collata;</strong></span> <span class='ocrx_word' id='word_1_316' title='bbox 1378 3746 1603 3817; x_wconf 89' lang='lat' dir='ltr'><strong>ideoque</strong></span> <span class='ocrx_word' id='word_1_317' title='bbox 1627 3745 1932 3817; x_wconf 84' lang='lat' dir='ltr'><strong>subjungit:</strong></span> <span class='ocrx_word' id='word_1_318' title='bbox 1958 3744 2118 3810; x_wconf 78' lang='lat' dir='ltr'><strong>Quem</strong></span> 
     </span>
    </p>
   </div>
   <div class='ocr_carea' id='block_1_39' title="bbox 549 3838 2118 3897">
    <p class='ocr_par' dir='ltr' id='par_1_39' title="bbox 549 3838 2118 3897">
     <span class='ocr_line' id='line_1_39' title="bbox 549 3838 2118 3897; baseline -0.002 -1"><span class='ocrx_word' id='word_1_319' title='bbox 549 3842 800 3897; x_wconf 77' lang='lat' dir='ltr'><strong>constituit</strong></span> <span class='ocrx_word' id='word_1_320' title='bbox 824 3841 1054 3896; x_wconf 81' lang='lat' dir='ltr'><strong>heredem</strong></span> <span class='ocrx_word' id='word_1_321' title='bbox 1075 3842 1438 3895; x_wconf 72' lang='lat' dir='ltr'><strong>uniuersorum.</strong></span> <span class='ocrx_word' id='word_1_322' title='bbox 1468 3839 1566 3896; x_wconf 88' lang='lat' dir='ltr'><strong>llic</strong></span> <span class='ocrx_word' id='word_1_323' title='bbox 1592 3838 1720 3894; x_wconf 86' lang='lat' dir='ltr'><strong>dicit</strong></span> <span class='ocrx_word' id='word_1_324' title='bbox 1744 3853 1959 3894; x_wconf 72' lang='lat' dir='ltr'><strong>mntem</strong></span> <span class='ocrx_word' id='word_1_325' title='bbox 1980 3856 1992 3889; x_wconf 94' lang='lat'>:</span> <span class='ocrx_word' id='word_1_326' title='bbox 2011 3838 2118 3893; x_wconf 84' lang='lat' dir='ltr'><strong>sic-</strong></span> 
     </span>
    </p>
   </div>
   <div class='ocr_carea' id='block_1_40' title="bbox 552 3929 2117 4001">
    <p class='ocr_par' dir='ltr' id='par_1_40' title="bbox 552 3929 2117 4001">
     <span class='ocr_line' id='line_1_40' title="bbox 552 3929 2117 4001; baseline -0.004 -14"><span class='ocrx_word' id='word_1_327' title='bbox 552 3943 607 3987; x_wconf 89' lang='lat' dir='ltr'><strong>ut</strong></span> <span class='ocrx_word' id='word_1_328' title='bbox 634 3944 686 3986; x_wconf 89' lang='lat' dir='ltr'><strong>et</strong></span> <span class='ocrx_word' id='word_1_329' title='bbox 726 3931 889 3986; x_wconf 81' lang='lat' dir='ltr'><strong>David</strong></span> <span class='ocrx_word' id='word_1_330' title='bbox 917 3931 1052 3986; x_wconf 85' lang='lat' dir='ltr'><strong>dixit</strong></span> <span class='ocrx_word' id='word_1_331' title='bbox 1081 3931 1133 3986; x_wconf 91' lang='lat' dir='ltr'><strong>in</strong></span> <span class='ocrx_word' id='word_1_332' title='bbox 1185 3929 1420 3986; x_wconf 86' lang='lat' dir='ltr'><strong>secundo</strong></span> <span class='ocrx_word' id='word_1_333' title='bbox 1449 3930 1682 4001; x_wconf 86' lang='lat' dir='ltr'><strong>psalmo,</strong></span> <span class='ocrx_word' id='word_1_334' title='bbox 1715 3929 1926 3984; x_wconf 84' lang='lat' dir='ltr'><strong>Postulo</strong></span> <span class='ocrx_word' id='word_1_335' title='bbox 1956 3947 1988 3983; x_wconf 90' lang='lat' dir='ltr'><strong>a</strong></span> <span class='ocrx_word' id='word_1_336' title='bbox 2017 3945 2117 3994; x_wconf 87' lang='lat' dir='ltr'><strong>me,</strong></span> 
     </span>
    </p>
   </div>
   <div class='ocr_carea' id='block_1_41' title="bbox 550 4017 2120 4093">
    <p class='ocr_par' dir='ltr' id='par_1_41' title="bbox 550 4017 2120 4093">
     <span class='ocr_line' id='line_1_41' title="bbox 550 4017 2120 4093; baseline -0.004 -13"><span class='ocrx_word' id='word_1_337' title='bbox 550 4033 597 4080; x_wconf 82' lang='lat' dir='ltr'><strong>et</strong></span> <span class='ocrx_word' id='word_1_338' title='bbox 623 4023 751 4078; x_wconf 90' lang='lat' dir='ltr'><strong>dabo</strong></span> <span class='ocrx_word' id='word_1_339' title='bbox 777 4022 865 4075; x_wconf 80' lang='lat' dir='ltr'><strong>tibi</strong></span> <span class='ocrx_word' id='word_1_340' title='bbox 888 4030 1058 4093; x_wconf 83' lang='lat' dir='ltr'><strong>gentes</strong></span> <span class='ocrx_word' id='word_1_341' title='bbox 1098 4020 1424 4076; x_wconf 84' lang='lat' dir='ltr'><strong>hereditatem</strong></span> <span class='ocrx_word' id='word_1_342' title='bbox 1457 4031 1594 4075; x_wconf 90' lang='lat' dir='ltr'><strong>tuam</strong></span> <span class='ocrx_word' id='word_1_343' title='bbox 1615 4022 1783 4092; x_wconf 83' lang='lat' dir='ltr'><strong>(Psal.</strong></span> <span class='ocrx_word' id='word_1_344' title='bbox 1811 4019 1859 4072; x_wconf 73' lang='grc'><strong>2.</strong></span> <span class='ocrx_word' id='word_1_345' title='bbox 1898 4019 1977 4087; x_wconf 88' lang='grc'><strong>8).</strong></span> <span class='ocrx_word' id='word_1_346' title='bbox 2004 4017 2120 4073; x_wconf 85' lang='lat' dir='ltr'><strong>Non</strong></span> 
     </span>
    </p>
   </div>
   <div class='ocr_carea' id='block_1_42' title="bbox 552 4112 2119 4184">
    <p class='ocr_par' dir='ltr' id='par_1_42' title="bbox 552 4112 2119 4184">
     <span class='ocr_line' id='line_1_42' title="bbox 552 4112 2119 4184; baseline 0.001 -17"><span class='ocrx_word' id='word_1_347' title='bbox 552 4123 634 4169; x_wconf 75' lang='lat' dir='ltr'><strong>est</strong></span> <span class='ocrx_word' id='word_1_348' title='bbox 652 4115 794 4170; x_wconf 88' lang='lat' dir='ltr'><strong>enim</strong></span> <span class='ocrx_word' id='word_1_349' title='bbox 821 4114 1049 4184; x_wconf 87' lang='lat' dir='ltr'><strong>amplius</strong></span> <span class='ocrx_word' id='word_1_350' title='bbox 1075 4128 1196 4183; x_wconf 86' lang='lat' dir='ltr'><strong>pars</strong></span> <span class='ocrx_word' id='word_1_351' title='bbox 1216 4113 1429 4167; x_wconf 90' lang='lat' dir='ltr'><strong>Domini</strong></span> <span class='ocrx_word' id='word_1_352' title='bbox 1454 4112 1637 4180; x_wconf 80' lang='lat' dir='ltr'><strong>Jacob,</strong></span> <span class='ocrx_word' id='word_1_353' title='bbox 1670 4126 1842 4184; x_wconf 89' lang='lat' dir='ltr'><strong>neque</strong></span> <span class='ocrx_word' id='word_1_354' title='bbox 1868 4128 1983 4168; x_wconf 88' lang='lat' dir='ltr'><strong>sors</strong></span> <span class='ocrx_word' id='word_1_355' title='bbox 2003 4115 2119 4184; x_wconf 84' lang='lat' dir='ltr'><strong>ejus</strong></span> 
     </span>
    </p>
   </div>
   <div class='ocr_carea' id='block_1_43' title="bbox 550 4204 2119 4273">
    <p class='ocr_par' dir='ltr' id='par_1_43' title="bbox 550 4204 2119 4273">
     <span class='ocr_line' id='line_1_43' title="bbox 550 4204 2119 4273; baseline 0 -12"><span class='ocrx_word' id='word_1_356' title='bbox 550 4215 635 4261; x_wconf 85' lang='lat' dir='ltr'><strong>est</strong></span> <span class='ocrx_word' id='word_1_357' title='bbox 679 4206 867 4273; x_wconf 87' lang='lat' dir='ltr'><strong>Israel,</strong></span> <span class='ocrx_word' id='word_1_358' title='bbox 899 4205 993 4261; x_wconf 88' lang='lat' dir='ltr'><strong>sed</strong></span> <span class='ocrx_word' id='word_1_359' title='bbox 1035 4220 1240 4261; x_wconf 89' lang='lat' dir='ltr'><strong>omnes.</strong></span> <span class='ocrx_word' id='word_1_360' title='bbox 1286 4204 1421 4272; x_wconf 87' lang='lat' dir='ltr'><strong>Quid</strong></span> <span class='ocrx_word' id='word_1_361' title='bbox 1462 4206 1564 4261; x_wconf 88' lang='lat' dir='ltr'><strong>sibi</strong></span> <span class='ocrx_word' id='word_1_362' title='bbox 1605 4208 1717 4261; x_wconf 90' lang='lat' dir='ltr'><strong>vult</strong></span> <span class='ocrx_word' id='word_1_363' title='bbox 1746 4206 1912 4273; x_wconf 87' lang='lat' dir='ltr'><strong>illttd,</strong></span> <span class='ocrx_word' id='word_1_364' title='bbox 1960 4206 2119 4273; x_wconf 83' lang='lat' dir='ltr'><strong>Quem</strong></span> 
     </span>
    </p>
   </div>
   <div class='ocr_carea' id='block_1_44' title="bbox 551 4297 2121 4365">
    <p class='ocr_par' dir='ltr' id='par_1_44' title="bbox 551 4297 2121 4365">
     <span class='ocr_line' id='line_1_44' title="bbox 551 4297 2121 4365; baseline -0.001 -10"><span class='ocrx_word' id='word_1_365' title='bbox 551 4299 809 4355; x_wconf 81' lang='lat' dir='ltr'><strong>constituit</strong></span> <span class='ocrx_word' id='word_1_366' title='bbox 833 4298 1062 4352; x_wconf 84' lang='lat' dir='ltr'><strong>heredem</strong></span> <span class='ocrx_word' id='word_1_367' title='bbox 1083 4298 1107 4351; x_wconf 76' lang='lat' dir='ltr'><strong>l‘</strong></span> <span class='ocrx_word' id='word_1_368' title='bbox 1125 4297 1236 4353; x_wconf 79' lang='lat' dir='ltr'><strong>Hoc</strong></span> <span class='ocrx_word' id='word_1_369' title='bbox 1263 4307 1365 4365; x_wconf 88' lang='lat' dir='ltr'><strong>est,</strong></span> <span class='ocrx_word' id='word_1_370' title='bbox 1397 4297 1524 4353; x_wconf 78' lang='lat' dir='ltr'><strong>fecit</strong></span> <span class='ocrx_word' id='word_1_371' title='bbox 1550 4313 1672 4354; x_wconf 90' lang='lat' dir='ltr'><strong>eum</strong></span> <span class='ocrx_word' id='word_1_372' title='bbox 1700 4299 1979 4353; x_wconf 88' lang='lat' dir='ltr'><strong>Dominum</strong></span> <span class='ocrx_word' id='word_1_373' title='bbox 2004 4314 2121 4353; x_wconf 65' lang='lat' dir='ltr'><strong>om-o</strong></span> 
     </span>
    </p>
   </div>
   <div class='ocr_carea' id='block_1_45' title="bbox 551 4387 2118 4456">
    <p class='ocr_par' dir='ltr' id='par_1_45' title="bbox 551 4387 2118 4456">
     <span class='ocr_line' id='line_1_45' title="bbox 551 4387 2118 4456; baseline 0.002 -14"><span class='ocrx_word' id='word_1_374' title='bbox 551 4390 719 4449; x_wconf 85' lang='lat' dir='ltr'><strong>nium.</strong></span> <span class='ocrx_word' id='word_1_375' title='bbox 749 4388 898 4456; x_wconf 85' lang='lat' dir='ltr'><strong>Quod</strong></span> <span class='ocrx_word' id='word_1_376' title='bbox 926 4389 1087 4444; x_wconf 90' lang='lat' dir='ltr'><strong>etiam</strong></span> <span class='ocrx_word' id='word_1_377' title='bbox 1130 4387 1322 4444; x_wconf 87' lang='lat' dir='ltr'><strong>Petrus</strong></span> <span class='ocrx_word' id='word_1_378' title='bbox 1360 4389 1494 4444; x_wconf 84' lang='lat' dir='ltr'><strong>dixit</strong></span> <span class='ocrx_word' id='word_1_379' title='bbox 1538 4390 1590 4445; x_wconf 92' lang='lat' dir='ltr'><strong>in</strong></span> <span class='ocrx_word' id='word_1_380' title='bbox 1636 4391 1809 4455; x_wconf 83' lang='lat' dir='ltr'><strong>Actis,</strong></span> <span class='ocrx_word' id='word_1_381' title='bbox 1844 4389 1910 4443; x_wconf 85' lang='lat' dir='ltr'><strong>Et</strong></span> <span class='ocrx_word' id='word_1_382' title='bbox 1934 4389 2118 4445; x_wconf 87' lang='lat' dir='ltr'><strong>Domi-</strong></span> 
     </span>
    </p>
   </div>
   <div class='ocr_carea' id='block_1_46' title="bbox 552 4480 2121 4555">
    <p class='ocr_par' dir='ltr' id='par_1_46' title="bbox 552 4480 2121 4555">
     <span class='ocr_line' id='line_1_46' title="bbox 552 4480 2121 4555; baseline 0.003 -20"><span class='ocrx_word' id='word_1_383' title='bbox 552 4498 673 4535; x_wconf 86' lang='lat' dir='ltr'><strong>num</strong></span> <span class='ocrx_word' id='word_1_384' title='bbox 703 4491 750 4536; x_wconf 89' lang='lat' dir='ltr'><strong>et</strong></span> <span class='ocrx_word' id='word_1_385' title='bbox 777 4480 1031 4536; x_wconf 85' lang='lat' dir='ltr'><strong>Christum</strong></span> <span class='ocrx_word' id='word_1_386' title='bbox 1058 4498 1172 4535; x_wconf 88' lang='lat' dir='ltr'><strong>eum</strong></span> <span class='ocrx_word' id='word_1_387' title='bbox 1200 4483 1315 4553; x_wconf 81' lang='lat' dir='ltr'><strong>fecit</strong></span> <span class='ocrx_word' id='word_1_388' title='bbox 1342 4481 1480 4536; x_wconf 87' lang='lat' dir='ltr'><strong>Deus</strong></span> <span class='ocrx_word' id='word_1_389' title='bbox 1511 4481 1645 4555; x_wconf 80' lang='lat' dir='ltr'><strong>(Act.</strong></span> <span class='ocrx_word' id='word_1_390' title='bbox 1669 4482 1725 4537; x_wconf 77' lang='lat'><strong>9..</strong></span> <span class='ocrx_word' id='word_1_391' title='bbox 1752 4482 1866 4553; x_wconf 79' lang='lat'><strong>&#39;56).</strong></span> <span class='ocrx_word' id='word_1_392' title='bbox 1898 4483 2121 4539; x_wconf 77' lang='lat' dir='ltr'><strong>Herodis</strong></span> 
     </span>
    </p>
   </div>
   <div class='ocr_carea' id='block_1_47' title="bbox 552 4574 2122 4646">
    <p class='ocr_par' dir='ltr' id='par_1_47' title="bbox 552 4574 2122 4646">
     <span class='ocr_line' id='line_1_47' title="bbox 552 4574 2122 4646; baseline 0.003 -20"><span class='ocrx_word' id='word_1_393' title='bbox 552 4583 727 4633; x_wconf 89' lang='lat' dir='ltr'><strong>autem</strong></span> <span class='ocrx_word' id='word_1_394' title='bbox 757 4574 973 4628; x_wconf 87' lang='lat' dir='ltr'><strong>nomine</strong></span> <span class='ocrx_word' id='word_1_395' title='bbox 998 4589 1125 4628; x_wconf 90' lang='lat' dir='ltr'><strong>usus</strong></span> <span class='ocrx_word' id='word_1_396' title='bbox 1146 4582 1256 4635; x_wconf 90' lang='lat' dir='ltr'><strong>est,</strong></span> <span class='ocrx_word' id='word_1_397' title='bbox 1280 4574 1387 4628; x_wconf 92' lang='lat' dir='ltr'><strong>duo</strong></span> <span class='ocrx_word' id='word_1_398' title='bbox 1412 4574 1738 4644; x_wconf 76' lang='lat' dir='ltr'><strong>signiﬁcans,</strong></span> <span class='ocrx_word' id='word_1_399' title='bbox 1768 4590 1957 4645; x_wconf 90' lang='lat' dir='ltr'><strong>nempe</strong></span> <span class='ocrx_word' id='word_1_400' title='bbox 1978 4576 2122 4646; x_wconf 90' lang='lat' dir='ltr'><strong>quod</strong></span> 
     </span>
    </p>
   </div>
   <div class='ocr_carea' id='block_1_48' title="bbox 553 4664 2121 4737">
    <p class='ocr_par' dir='ltr' id='par_1_48' title="bbox 553 4664 2121 4737">
     <span class='ocr_line' id='line_1_48' title="bbox 553 4664 2121 4737; baseline 0.004 -20"><span class='ocrx_word' id='word_1_401' title='bbox 553 4665 798 4735; x_wconf 87' lang='lat' dir='ltr'><strong>proprius</strong></span> <span class='ocrx_word' id='word_1_402' title='bbox 837 4674 890 4719; x_wconf 91' lang='lat' dir='ltr'><strong>et</strong></span> <span class='ocrx_word' id='word_1_403' title='bbox 933 4679 1222 4734; x_wconf 87' lang='lat' dir='ltr'><strong>germanus</strong></span> <span class='ocrx_word' id='word_1_404' title='bbox 1268 4675 1410 4720; x_wconf 85' lang='lat' dir='ltr'><strong>esset</strong></span> <span class='ocrx_word' id='word_1_405' title='bbox 1454 4664 1648 4733; x_wconf 89' lang='lat' dir='ltr'><strong>Filius,</strong></span> <span class='ocrx_word' id='word_1_406' title='bbox 1695 4676 1748 4721; x_wconf 93' lang='lat' dir='ltr'><strong>et</strong></span> <span class='ocrx_word' id='word_1_407' title='bbox 1775 4666 1915 4737; x_wconf 90' lang='lat' dir='ltr'><strong>quod</strong></span> <span class='ocrx_word' id='word_1_408' title='bbox 1962 4667 2029 4723; x_wconf 88' lang='lat' dir='ltr'><strong>ab</strong></span> <span class='ocrx_word' id='word_1_409' title='bbox 2055 4683 2121 4724; x_wconf 92' lang='lat' dir='ltr'><strong>eo</strong></span> 
     </span>
    </p>
   </div>
   <div class='ocr_carea' id='block_1_49' title="bbox 552 4754 2119 4829">
    <p class='ocr_par' dir='ltr' id='par_1_49' title="bbox 552 4754 2119 4829">
     <span class='ocr_line' id='line_1_49' title="bbox 552 4754 2119 4829; baseline 0.003 -20"><span class='ocrx_word' id='word_1_410' title='bbox 552 4754 707 4809; x_wconf 82' lang='lat' dir='ltr'><strong>avelli</strong></span> <span class='ocrx_word' id='word_1_411' title='bbox 749 4769 854 4809; x_wconf 92' lang='lat' dir='ltr'><strong>non</strong></span> <span class='ocrx_word' id='word_1_412' title='bbox 887 4764 1065 4823; x_wconf 89' lang='lat' dir='ltr'><strong>posset</strong></span> <span class='ocrx_word' id='word_1_413' title='bbox 1097 4754 1411 4810; x_wconf 91' lang='lat' dir='ltr'><strong>dominium.</strong></span> <span class='ocrx_word' id='word_1_414' title='bbox 1441 4754 1695 4810; x_wconf 84' lang='lat' dir='ltr'><strong>Heredem</strong></span> <span class='ocrx_word' id='word_1_415' title='bbox 1733 4759 2077 4813; x_wconf 83' lang='lat' dir='ltr'><strong>universorum</strong></span> <span class='ocrx_word' id='word_1_416' title='bbox 2101 4802 2119 4829; x_wconf 89' lang='lat'><strong>,</strong></span> 
     </span>
    </p>
   </div>
   <div class='ocr_carea' id='block_1_50' title="bbox 554 4844 2122 4922">
    <p class='ocr_par' dir='ltr' id='par_1_50' title="bbox 554 4844 2122 4922">
     <span class='ocr_line' id='line_1_50' title="bbox 554 4844 2122 4922; baseline 0.004 -19"><span class='ocrx_word' id='word_1_417' title='bbox 554 4844 655 4903; x_wconf 86' lang='lat' dir='ltr'><strong>hoc</strong></span> <span class='ocrx_word' id='word_1_418' title='bbox 685 4852 798 4909; x_wconf 90' lang='lat' dir='ltr'><strong>est,</strong></span> <span class='ocrx_word' id='word_1_419' title='bbox 832 4845 995 4899; x_wconf 90' lang='lat' dir='ltr'><strong>totius</strong></span> <span class='ocrx_word' id='word_1_420' title='bbox 1025 4846 1228 4899; x_wconf 90' lang='lat' dir='ltr'><strong>mundi.</strong></span> <span class='ocrx_word' id='word_1_421' title='bbox 1261 4844 1491 4900; x_wconf 87' lang='lat' dir='ltr'><strong>Rursum</strong></span> <span class='ocrx_word' id='word_1_422' title='bbox 1523 4847 1589 4901; x_wconf 88' lang='lat' dir='ltr'><strong>ad</strong></span> <span class='ocrx_word' id='word_1_423' title='bbox 1622 4847 1672 4901; x_wconf 91' lang='lat' dir='ltr'><strong>id</strong></span> <span class='ocrx_word' id='word_1_424' title='bbox 1698 4849 1839 4918; x_wconf 91' lang='lat' dir='ltr'><strong>quod</strong></span> <span class='ocrx_word' id='word_1_425' title='bbox 1864 4858 1948 4906; x_wconf 88' lang='lat' dir='ltr'><strong>est</strong></span> <span class='ocrx_word' id='word_1_426' title='bbox 1974 4852 2122 4922; x_wconf 81' lang='lat' dir='ltr'><strong>prius</strong></span> 
     </span>
    </p>
   </div>
   <div class='ocr_carea' id='block_1_51' title="bbox 553 4939 1840 5011">
    <p class='ocr_par' dir='ltr' id='par_1_51' title="bbox 553 4939 1840 5011">
     <span class='ocr_line' id='line_1_51' title="bbox 553 4939 1840 5011; baseline 0.002 -16"><span class='ocrx_word' id='word_1_427' title='bbox 553 4939 719 4995; x_wconf 81' lang='lat' dir='ltr'><strong>refert</strong></span> <span class='ocrx_word' id='word_1_428' title='bbox 745 4940 1045 4995; x_wconf 90' lang='lat' dir='ltr'><strong>orationem</strong></span> <span class='ocrx_word' id='word_1_429' title='bbox 1076 4958 1091 4995; x_wconf 90' lang='lat'><strong>:</strong></span> <span class='ocrx_word' id='word_1_430' title='bbox 1124 4939 1228 4995; x_wconf 86' lang='lat' dir='ltr'><strong>Per</strong></span> <span class='ocrx_word' id='word_1_431' title='bbox 1250 4957 1392 5011; x_wconf 87' lang='lat' dir='ltr'><strong>quem</strong></span> <span class='ocrx_word' id='word_1_432' title='bbox 1422 4940 1540 5010; x_wconf 75' lang='lat' dir='ltr'><strong>fecit</strong></span> <span class='ocrx_word' id='word_1_433' title='bbox 1567 4950 1613 4995; x_wconf 87' lang='lat' dir='ltr'><strong>et</strong></span> <span class='ocrx_word' id='word_1_434' title='bbox 1636 4944 1840 4997; x_wconf 64' lang='lat' dir='ltr'><strong>sarcula.</strong></span> 
     </span>
    </p>
   </div>
   <div class='ocr_carea' id='block_1_52' title="bbox 623 5030 2125 5107">
    <p class='ocr_par' dir='ltr' id='par_1_52' title="bbox 623 5030 2125 5107">
     <span class='ocr_line' id='line_1_52' title="bbox 623 5030 2125 5107; baseline 0.006 -21"><span class='ocrx_word' id='word_1_435' title='bbox 623 5032 675 5086; x_wconf 80' lang='lat'><strong>2.</strong></span> <span class='ocrx_word' id='word_1_436' title='bbox 716 5030 903 5088; x_wconf 85' lang='lat' dir='ltr'><strong>Contra</strong></span> <span class='ocrx_word' id='word_1_437' title='bbox 953 5032 1390 5088; x_wconf 80' lang='lat' dir='ltr'><strong>Arionos.-—-Ubi</strong></span> <span class='ocrx_word' id='word_1_438' title='bbox 1418 5044 1540 5088; x_wconf 87' lang='lat' dir='ltr'><strong>sunt</strong></span> <span class='ocrx_word' id='word_1_439' title='bbox 1592 5035 1679 5104; x_wconf 92' lang='lat' dir='ltr'><strong>qui</strong></span> <span class='ocrx_word' id='word_1_440' title='bbox 1735 5036 1939 5107; x_wconf 88' lang='lat' dir='ltr'><strong>dicunt,</strong></span> <span class='ocrx_word' id='word_1_441' title='bbox 2001 5038 2125 5096; x_wconf 83' lang='lat' dir='ltr'><strong>Erat</strong></span> 
     </span>
    </p>
   </div>
   <div class='ocr_carea' id='block_1_53' title="bbox 554 5124 2123 5196">
    <p class='ocr_par' dir='ltr' id='par_1_53' title="bbox 554 5124 2123 5196">
     <span class='ocr_line' id='line_1_53' title="bbox 554 5124 2123 5196; baseline 0.009 -22"><span class='ocrx_word' id='word_1_442' title='bbox 554 5124 766 5193; x_wconf 89' lang='lat' dir='ltr'><strong>quando</strong></span> <span class='ocrx_word' id='word_1_443' title='bbox 808 5139 915 5179; x_wconf 92' lang='lat' dir='ltr'><strong>non</strong></span> <span class='ocrx_word' id='word_1_444' title='bbox 946 5124 1099 5179; x_wconf 88' lang='lat' dir='ltr'><strong>erat?</strong></span> <span class='ocrx_word' id='word_1_445' title='bbox 1129 5124 1331 5180; x_wconf 90' lang='lat' dir='ltr'><strong>Deinde</strong></span> <span class='ocrx_word' id='word_1_446' title='bbox 1379 5134 1535 5181; x_wconf 86' lang='lat' dir='ltr'><strong>utens</strong></span> <span class='ocrx_word' id='word_1_447' title='bbox 1574 5126 1860 5196; x_wconf 76' lang='lat' dir='ltr'><strong>gradibus,</strong></span> <span class='ocrx_word' id='word_1_448' title='bbox 1888 5129 2023 5185; x_wconf 85' lang='lat' dir='ltr'><strong>dixit</strong></span> <span class='ocrx_word' id='word_1_449' title='bbox 2068 5132 2123 5188; x_wconf 95' lang='lat' dir='ltr'><strong>id</strong></span> 
     </span>
    </p>
   </div>
   <div class='ocr_carea' id='block_1_54' title="bbox 553 5216 2119 5294">
    <p class='ocr_par' dir='ltr' id='par_1_54' title="bbox 553 5216 2119 5294">
     <span class='ocr_line' id='line_1_54' title="bbox 553 5216 2119 5294; baseline 0.006 -24"><span class='ocrx_word' id='word_1_450' title='bbox 553 5216 695 5286; x_wconf 90' lang='lat' dir='ltr'><strong>quod</strong></span> <span class='ocrx_word' id='word_1_451' title='bbox 717 5225 798 5271; x_wconf 89' lang='lat' dir='ltr'><strong>est</strong></span> <span class='ocrx_word' id='word_1_452' title='bbox 824 5216 980 5286; x_wconf 83' lang='lat' dir='ltr'><strong>longe</strong></span> <span class='ocrx_word' id='word_1_453' title='bbox 1004 5216 1193 5285; x_wconf 88' lang='lat' dir='ltr'><strong>majus.</strong></span> <span class='ocrx_word' id='word_1_454' title='bbox 1222 5218 1275 5273; x_wconf 76' lang='lat'><strong>&#39;5.</strong></span> <span class='ocrx_word' id='word_1_455' title='bbox 1304 5216 1403 5283; x_wconf 83' lang='lat' dir='ltr'><strong>Qui</strong></span> <span class='ocrx_word' id='word_1_456' title='bbox 1430 5234 1543 5271; x_wconf 84' lang='lat' dir='ltr'><strong>cum</strong></span> <span class='ocrx_word' id='word_1_457' title='bbox 1565 5218 1628 5272; x_wconf 88' lang='lat' dir='ltr'><strong>sit</strong></span> <span class='ocrx_word' id='word_1_458' title='bbox 1655 5220 1892 5287; x_wconf 83' lang='lat' dir='ltr'><strong>splendor</strong></span> <span class='ocrx_word' id='word_1_459' title='bbox 1922 5224 2119 5294; x_wconf 67' lang='lat' dir='ltr'><strong>gloria,</strong></span> 
     </span>
    </p>
   </div>
   <div class='ocr_carea' id='block_1_55' title="bbox 551 5310 2121 5382">
    <p class='ocr_par' dir='ltr' id='par_1_55' title="bbox 551 5310 2121 5382">
     <span class='ocr_line' id='line_1_55' title="bbox 551 5310 2121 5382; baseline 0.008 -21"><span class='ocrx_word' id='word_1_460' title='bbox 551 5324 598 5367; x_wconf 82' lang='lat' dir='ltr'><strong>et</strong></span> <span class='ocrx_word' id='word_1_461' title='bbox 638 5310 807 5381; x_wconf 79' lang='lat' dir='ltr'><strong>ﬁgura</strong></span> <span class='ocrx_word' id='word_1_462' title='bbox 833 5311 1123 5365; x_wconf 78' lang='lat' dir='ltr'><strong>substantite</strong></span> <span class='ocrx_word' id='word_1_463' title='bbox 1147 5313 1276 5382; x_wconf 87' lang='lat' dir='ltr'><strong>ejus,</strong></span> <span class='ocrx_word' id='word_1_464' title='bbox 1310 5322 1617 5382; x_wconf 74' lang='lat' dir='ltr'><strong>portamque</strong></span> <span class='ocrx_word' id='word_1_465' title='bbox 1642 5315 1813 5367; x_wconf 85' lang='lat' dir='ltr'><strong>omnia</strong></span> <span class='ocrx_word' id='word_1_466' title='bbox 1841 5318 1987 5372; x_wconf 82' lang='lat' dir='ltr'><strong>verba</strong></span> <span class='ocrx_word' id='word_1_467' title='bbox 2016 5320 2121 5372; x_wconf 82' lang='lat' dir='ltr'><strong>uir-</strong></span> 
     </span>
    </p>
   </div>
   <div class='ocr_carea' id='block_1_56' title="bbox 551 5404 2126 5477">
    <p class='ocr_par' dir='ltr' id='par_1_56' title="bbox 551 5404 2126 5477">
     <span class='ocr_line' id='line_1_56' title="bbox 551 5404 2126 5477; baseline 0.006 -22"><span class='ocrx_word' id='word_1_468' title='bbox 551 5404 670 5455; x_wconf 85' lang='lat' dir='ltr'><strong>tutis</strong></span> <span class='ocrx_word' id='word_1_469' title='bbox 715 5418 840 5469; x_wconf 72' lang='lat' dir='ltr'><strong>sute,</strong></span> <span class='ocrx_word' id='word_1_470' title='bbox 884 5405 1231 5471; x_wconf 80' lang='lat' dir='ltr'><strong>purgationem</strong></span> <span class='ocrx_word' id='word_1_471' title='bbox 1273 5415 1588 5475; x_wconf 84' lang='lat' dir='ltr'><strong>peccatorum</strong></span> <span class='ocrx_word' id='word_1_472' title='bbox 1631 5408 1839 5477; x_wconf 79' lang='lat' dir='ltr'><strong>faciens,</strong></span> <span class='ocrx_word' id='word_1_473' title='bbox 1881 5410 2017 5464; x_wconf 85' lang='lat' dir='ltr'><strong>sedet</strong></span> <span class='ocrx_word' id='word_1_474' title='bbox 2057 5415 2126 5466; x_wconf 86' lang='lat' dir='ltr'><strong>ad</strong></span> 
     </span>
    </p>
   </div>
   <div class='ocr_carea' id='block_1_57' title="bbox 551 5493 2124 5574">
    <p class='ocr_par' dir='ltr' id='par_1_57' title="bbox 551 5493 2124 5574">
     <span class='ocr_line' id='line_1_57' title="bbox 551 5493 2124 5574; baseline 0.007 -28"><span class='ocrx_word' id='word_1_475' title='bbox 551 5493 806 5547; x_wconf 76' lang='lat' dir='ltr'><strong>dexteram</strong></span> <span class='ocrx_word' id='word_1_476' title='bbox 836 5496 1115 5564; x_wconf 84' lang='lat' dir='ltr'><strong>majestatis</strong></span> <span class='ocrx_word' id='word_1_477' title='bbox 1142 5496 1193 5547; x_wconf 88' lang='lat' dir='ltr'><strong>in</strong></span> <span class='ocrx_word' id='word_1_478' title='bbox 1224 5497 1431 5551; x_wconf 65' lang='lat' dir='ltr'><strong>excelsis</strong></span> <span class='ocrx_word' id='word_1_479' title='bbox 1460 5514 1478 5550; x_wconf 91' lang='lat'><strong><em>:</em></strong></span> <span class='ocrx_word' id='word_1_480' title='bbox 1504 5497 1556 5551; x_wconf 76' lang='grc'><strong>4.</strong></span> <span class='ocrx_word' id='word_1_481' title='bbox 1589 5507 1728 5551; x_wconf 88' lang='lat' dir='ltr'><strong>tanto</strong></span> <span class='ocrx_word' id='word_1_482' title='bbox 1768 5500 1945 5555; x_wconf 81' lang='lat' dir='ltr'><strong>melior</strong></span> <span class='ocrx_word' id='word_1_483' title='bbox 1969 5520 2124 5574; x_wconf 79' lang='lat' dir='ltr'><strong>ange-</strong></span> 
     </span>
    </p>
   </div>
   <div class='ocr_carea' id='block_1_58' title="bbox 552 5584 2125 5658">
    <p class='ocr_par' dir='ltr' id='par_1_58' title="bbox 552 5584 2125 5658">
     <span class='ocr_line' id='line_1_58' title="bbox 552 5584 2125 5658; baseline 0.008 -22"><span class='ocrx_word' id='word_1_484' title='bbox 552 5585 616 5642; x_wconf 83' lang='lat' dir='ltr'><strong>lis</strong></span> <span class='ocrx_word' id='word_1_485' title='bbox 658 5584 881 5651; x_wconf 73' lang='lat' dir='ltr'><strong>eﬂ&#39;cctus,</strong></span> <span class='ocrx_word' id='word_1_486' title='bbox 913 5597 1100 5656; x_wconf 87' lang='lat' dir='ltr'><strong>quanto</strong></span> <span class='ocrx_word' id='word_1_487' title='bbox 1130 5586 1444 5652; x_wconf 78' lang='lat' dir='ltr'><strong>diﬂ&#39;ercntius</strong></span> <span class='ocrx_word' id='word_1_488' title='bbox 1473 5604 1579 5658; x_wconf 70' lang='lat' dir='ltr'><strong>prta</strong></span> <span class='ocrx_word' id='word_1_489' title='bbox 1619 5590 1721 5644; x_wconf 87' lang='lat' dir='ltr'><strong>illis</strong></span> <span class='ocrx_word' id='word_1_490' title='bbox 1764 5608 1945 5647; x_wconf 89' lang='lat' dir='ltr'><strong>nomen</strong></span> <span class='ocrx_word' id='word_1_491' title='bbox 1984 5596 2125 5648; x_wconf 86' lang='lat' dir='ltr'><strong>here-</strong></span> 
     </span>
    </p>
   </div>
   <div class='ocr_carea' id='block_1_59' title="bbox 552 5676 2125 5752">
    <p class='ocr_par' dir='ltr' id='par_1_59' title="bbox 552 5676 2125 5752">
     <span class='ocr_line' id='line_1_59' title="bbox 552 5676 2125 5752; baseline 0.01 -24"><span class='ocrx_word' id='word_1_492' title='bbox 552 5677 741 5729; x_wconf 81' lang='lat' dir='ltr'><strong>ditauit.</strong></span> <span class='ocrx_word' id='word_1_493' title='bbox 776 5676 949 5746; x_wconf 67' lang='lat' dir='ltr'><strong>Pupil),</strong></span> <span class='ocrx_word' id='word_1_494' title='bbox 994 5687 1188 5748; x_wconf 89' lang='lat' dir='ltr'><strong>quanta</strong></span> <span class='ocrx_word' id='word_1_495' title='bbox 1227 5690 1309 5733; x_wconf 90' lang='lat' dir='ltr'><strong>est</strong></span> <span class='ocrx_word' id='word_1_496' title='bbox 1350 5680 1640 5748; x_wconf 88' lang='lat' dir='ltr'><strong>apostolica</strong></span> <span class='ocrx_word' id='word_1_497' title='bbox 1684 5683 1981 5752; x_wconf 81' lang='lat' dir='ltr'><strong>sapientia!</strong></span> <span class='ocrx_word' id='word_1_498' title='bbox 2017 5686 2125 5743; x_wconf 90' lang='lat' dir='ltr'><strong>imo</strong></span> 
     </span>
    </p>
   </div>
   <div class='ocr_carea' id='block_1_60' title="bbox 555 5769 2122 5851">
    <p class='ocr_par' dir='ltr' id='par_1_60' title="bbox 555 5769 2122 5851">
     <span class='ocr_line' id='line_1_60' title="bbox 555 5769 2122 5851; baseline 0.008 -28"><span class='ocrx_word' id='word_1_499' title='bbox 555 5784 682 5823; x_wconf 79' lang='lat' dir='ltr'><strong>vero</strong></span> <span class='ocrx_word' id='word_1_500' title='bbox 712 5784 818 5823; x_wconf 91' lang='lat' dir='ltr'><strong>non</strong></span> <span class='ocrx_word' id='word_1_501' title='bbox 850 5769 1018 5831; x_wconf 81' lang='lat' dir='ltr'><strong>Pauli.</strong></span> <span class='ocrx_word' id='word_1_502' title='bbox 1044 5771 1133 5827; x_wconf 86' lang='lat' dir='ltr'><strong>sed</strong></span> <span class='ocrx_word' id='word_1_503' title='bbox 1172 5770 1399 5842; x_wconf 86' lang='lat' dir='ltr'><strong>Spiritus</strong></span> <span class='ocrx_word' id='word_1_504' title='bbox 1436 5782 1515 5829; x_wconf 87' lang='lat' dir='ltr'><strong>cst</strong></span> <span class='ocrx_word' id='word_1_505' title='bbox 1548 5773 1631 5830; x_wconf 91' lang='lat' dir='ltr'><strong>hic</strong></span> <span class='ocrx_word' id='word_1_506' title='bbox 1662 5776 1971 5834; x_wconf 81' lang='lat' dir='ltr'><strong>admiranda</strong></span> <span class='ocrx_word' id='word_1_507' title='bbox 1998 5795 2122 5851; x_wconf 81' lang='lat' dir='ltr'><strong>gra-</strong></span> 
     </span>
    </p>
   </div>
   <div class='ocr_carea' id='block_1_61' title="bbox 2204 423 3775 490">
    <p class='ocr_par' dir='ltr' id='par_1_61' title="bbox 2204 423 3775 490">
     <span class='ocr_line' id='line_1_61' title="bbox 2204 423 3775 490; baseline -0.008 -1"><span class='ocrx_word' id='word_1_508' title='bbox 2204 439 2293 489; x_wconf 84' lang='lat' dir='ltr'><strong>tia.</strong></span> <span class='ocrx_word' id='word_1_509' title='bbox 2323 432 2436 488; x_wconf 85' lang='lat' dir='ltr'><strong>Non</strong></span> <span class='ocrx_word' id='word_1_510' title='bbox 2475 431 2616 485; x_wconf 89' lang='lat' dir='ltr'><strong>enim</strong></span> <span class='ocrx_word' id='word_1_511' title='bbox 2657 444 2724 483; x_wconf 92' lang='lat' dir='ltr'><strong>ex</strong></span> <span class='ocrx_word' id='word_1_512' title='bbox 2761 442 2859 483; x_wconf 90' lang='lat' dir='ltr'><strong>suo</strong></span> <span class='ocrx_word' id='word_1_513' title='bbox 2897 440 3057 481; x_wconf 88' lang='lat' dir='ltr'><strong>sensu</strong></span> <span class='ocrx_word' id='word_1_514' title='bbox 3104 423 3217 478; x_wconf 76' lang='lat' dir='ltr'><strong>lucc</strong></span> <span class='ocrx_word' id='word_1_515' title='bbox 3255 432 3333 477; x_wconf 88' lang='lat' dir='ltr'><strong>est</strong></span> <span class='ocrx_word' id='word_1_516' title='bbox 3378 423 3644 490; x_wconf 76' lang='lat' dir='ltr'><strong>loquutus.</strong></span> <span class='ocrx_word' id='word_1_517' title='bbox 3679 441 3775 477; x_wconf 81' lang='lat' dir='ltr'><strong>m-c</strong></span> 
     </span>
    </p>
   </div>
   <div class='ocr_carea' id='block_1_62' title="bbox 2208 512 3775 586">
    <p class='ocr_par' dir='ltr' id='par_1_62' title="bbox 2208 512 3775 586">
     <span class='ocr_line' id='line_1_62' title="bbox 2208 512 3775 586; baseline -0.004 -11"><span class='ocrx_word' id='word_1_518' title='bbox 2208 533 2403 575; x_wconf 88' lang='lat' dir='ltr'><strong>tantam</strong></span> <span class='ocrx_word' id='word_1_519' title='bbox 2452 535 2516 575; x_wconf 89' lang='lat' dir='ltr'><strong>ex</strong></span> <span class='ocrx_word' id='word_1_520' title='bbox 2562 534 2620 574; x_wconf 88' lang='lat' dir='ltr'><strong>se</strong></span> <span class='ocrx_word' id='word_1_521' title='bbox 2663 518 2868 573; x_wconf 86' lang='lat' dir='ltr'><strong>invenit</strong></span> <span class='ocrx_word' id='word_1_522' title='bbox 2915 516 3228 586; x_wconf 89' lang='lat' dir='ltr'><strong>sapientiam</strong></span> <span class='ocrx_word' id='word_1_523' title='bbox 3262 532 3273 566; x_wconf 89' lang='lat'><strong>:</strong></span> <span class='ocrx_word' id='word_1_524' title='bbox 3308 512 3447 567; x_wconf 87' lang='lat' dir='ltr'><strong>unde</strong></span> <span class='ocrx_word' id='word_1_525' title='bbox 3485 515 3671 569; x_wconf 80' lang='lat' dir='ltr'><strong>enim?</strong></span> <span class='ocrx_word' id='word_1_526' title='bbox 3709 531 3775 570; x_wconf 79' lang='lat' dir='ltr'><strong>ex</strong></span> 
     </span>
    </p>
   </div>
   <div class='ocr_carea' id='block_1_63' title="bbox 2207 608 3778 683">
    <p class='ocr_par' dir='ltr' id='par_1_63' title="bbox 2207 608 3778 683">
     <span class='ocr_line' id='line_1_63' title="bbox 2207 608 3778 683; baseline -0.004 -14"><span class='ocrx_word' id='word_1_527' title='bbox 2207 614 2377 669; x_wconf 87' lang='lat' dir='ltr'><strong>cultro</strong></span> <span class='ocrx_word' id='word_1_528' title='bbox 2404 621 2455 667; x_wconf 92' lang='lat' dir='ltr'><strong>et</strong></span> <span class='ocrx_word' id='word_1_529' title='bbox 2480 612 2729 683; x_wconf 89' lang='lat' dir='ltr'><strong>pellibus,</strong></span> <span class='ocrx_word' id='word_1_530' title='bbox 2761 619 2851 664; x_wconf 90' lang='lat' dir='ltr'><strong>aut</strong></span> <span class='ocrx_word' id='word_1_531' title='bbox 2874 625 2937 665; x_wconf 91' lang='lat' dir='ltr'><strong>ex</strong></span> <span class='ocrx_word' id='word_1_532' title='bbox 2965 608 3217 663; x_wconf 79' lang='lat' dir='ltr'><strong>ofﬁcina?</strong></span> <span class='ocrx_word' id='word_1_533' title='bbox 3243 608 3334 663; x_wconf 89' lang='lat' dir='ltr'><strong>sed</strong></span> <span class='ocrx_word' id='word_1_534' title='bbox 3365 608 3557 663; x_wconf 80' lang='lat' dir='ltr'><strong>divinae</strong></span> <span class='ocrx_word' id='word_1_535' title='bbox 3583 609 3633 663; x_wconf 92' lang='lat' dir='ltr'><strong>id</strong></span> <span class='ocrx_word' id='word_1_536' title='bbox 3661 618 3778 664; x_wconf 85' lang='lat' dir='ltr'><strong>erat</strong></span> 
     </span>
    </p>
   </div>
   <div class='ocr_carea' id='block_1_64' title="bbox 2206 701 3776 775">
    <p class='ocr_par' dir='ltr' id='par_1_64' title="bbox 2206 701 3776 775">
     <span class='ocr_line' id='line_1_64' title="bbox 2206 701 3776 775; baseline -0.003 -15"><span class='ocrx_word' id='word_1_537' title='bbox 2206 705 2553 775; x_wconf 85' lang='lat' dir='ltr'><strong>operationis.</strong></span> <span class='ocrx_word' id='word_1_538' title='bbox 2600 703 2715 759; x_wconf 84' lang='lat' dir='ltr'><strong>Non</strong></span> <span class='ocrx_word' id='word_1_539' title='bbox 2758 704 2901 758; x_wconf 75' lang='lat' dir='ltr'><strong>(uim</strong></span> <span class='ocrx_word' id='word_1_540' title='bbox 2950 701 3065 756; x_wconf 79' lang='lat' dir='ltr'><strong>hzec</strong></span> <span class='ocrx_word' id='word_1_541' title='bbox 3104 702 3333 772; x_wconf 85' lang='lat' dir='ltr'><strong>cogitata</strong></span> <span class='ocrx_word' id='word_1_542' title='bbox 3376 702 3617 771; x_wconf 82' lang='lat' dir='ltr'><strong>pariebat</strong></span> <span class='ocrx_word' id='word_1_543' title='bbox 3659 704 3776 770; x_wconf 88' lang='lat' dir='ltr'><strong>ejus</strong></span> 
     </span>
    </p>
   </div>
   <div class='ocr_carea' id='block_1_65' title="bbox 2208 791 3779 865">
    <p class='ocr_par' dir='ltr' id='par_1_65' title="bbox 2208 791 3779 865">
     <span class='ocr_line' id='line_1_65' title="bbox 2208 791 3779 865; baseline -0.002 -14"><span class='ocrx_word' id='word_1_544' title='bbox 2208 796 2575 865; x_wconf 79' lang='lat' dir='ltr'><strong>intelligentia,</strong></span> <span class='ocrx_word' id='word_1_545' title='bbox 2624 810 2743 865; x_wconf 63' lang='lat' dir='ltr'><strong>qua:</strong></span> <span class='ocrx_word' id='word_1_546' title='bbox 2791 804 2914 848; x_wconf 92' lang='lat' dir='ltr'><strong>tunc</strong></span> <span class='ocrx_word' id='word_1_547' title='bbox 2952 791 3165 864; x_wconf 90' lang='lat' dir='ltr'><strong>quidem</strong></span> <span class='ocrx_word' id='word_1_548' title='bbox 3213 802 3329 847; x_wconf 90' lang='lat' dir='ltr'><strong>erat</strong></span> <span class='ocrx_word' id='word_1_549' title='bbox 3383 792 3516 848; x_wconf 90' lang='lat' dir='ltr'><strong>adeo</strong></span> <span class='ocrx_word' id='word_1_550' title='bbox 3561 792 3679 846; x_wconf 83' lang='lat' dir='ltr'><strong>vilis</strong></span> <span class='ocrx_word' id='word_1_551' title='bbox 3726 802 3779 848; x_wconf 86' lang='lat' dir='ltr'><strong>et</strong></span> 
     </span>
    </p>
   </div>
   <div class='ocr_carea' id='block_1_66' title="bbox 2207 882 3778 957">
    <p class='ocr_par' dir='ltr' id='par_1_66' title="bbox 2207 882 3778 957">
     <span class='ocr_line' id='line_1_66' title="bbox 2207 882 3778 957; baseline -0.003 -16"><span class='ocrx_word' id='word_1_552' title='bbox 2207 887 2432 957; x_wconf 81' lang='lat' dir='ltr'><strong>objecta,</strong></span> <span class='ocrx_word' id='word_1_553' title='bbox 2464 895 2521 941; x_wconf 91' lang='lat' dir='ltr'><strong>ut</strong></span> <span class='ocrx_word' id='word_1_554' title='bbox 2562 884 2693 940; x_wconf 89' lang='lat' dir='ltr'><strong>nihil</strong></span> <span class='ocrx_word' id='word_1_555' title='bbox 2740 884 2961 940; x_wconf 77' lang='lat' dir='ltr'><strong>haberet</strong></span> <span class='ocrx_word' id='word_1_556' title='bbox 3000 884 3228 953; x_wconf 92' lang='lat' dir='ltr'><strong>amplius</strong></span> <span class='ocrx_word' id='word_1_557' title='bbox 3269 898 3425 953; x_wconf 89' lang='lat' dir='ltr'><strong>quam</strong></span> <span class='ocrx_word' id='word_1_558' title='bbox 3469 882 3656 953; x_wconf 84' lang='lat' dir='ltr'><strong>plebeii</strong></span> <span class='ocrx_word' id='word_1_559' title='bbox 3690 883 3778 951; x_wconf 92' lang='lat' dir='ltr'><strong>qui</strong></span> 
     </span>
    </p>
   </div>
   <div class='ocr_carea' id='block_1_67' title="bbox 2208 973 3780 1046">
    <p class='ocr_par' dir='ltr' id='par_1_67' title="bbox 2208 973 3780 1046">
     <span class='ocr_line' id='line_1_67' title="bbox 2208 973 3780 1046; baseline -0.003 -14"><span class='ocrx_word' id='word_1_560' title='bbox 2208 978 2261 1032; x_wconf 92' lang='lat' dir='ltr'><strong>in</strong></span> <span class='ocrx_word' id='word_1_561' title='bbox 2290 977 2405 1032; x_wconf 91' lang='lat' dir='ltr'><strong>l&#39;oro</strong></span> <span class='ocrx_word' id='word_1_562' title='bbox 2431 987 2710 1032; x_wconf 88' lang='lat' dir='ltr'><strong>versantur</strong></span> <span class='ocrx_word' id='word_1_563' title='bbox 2738 994 2752 1029; x_wconf 89' lang='lat'><strong>:</strong></span> <span class='ocrx_word' id='word_1_564' title='bbox 2780 974 3047 1046; x_wconf 90' lang='lat' dir='ltr'><strong>quomodo</strong></span> <span class='ocrx_word' id='word_1_565' title='bbox 3077 974 3217 1029; x_wconf 90' lang='lat' dir='ltr'><strong>enim</strong></span> <span class='ocrx_word' id='word_1_566' title='bbox 3249 974 3366 1043; x_wconf 91' lang='lat' dir='ltr'><strong>plus</strong></span> <span class='ocrx_word' id='word_1_567' title='bbox 3394 973 3633 1039; x_wconf 82' lang='lat' dir='ltr'><strong>haberet,</strong></span> <span class='ocrx_word' id='word_1_568' title='bbox 3661 990 3780 1043; x_wconf 71' lang='lat' dir='ltr'><strong>qua:</strong></span> 
     </span>
    </p>
   </div>
   <div class='ocr_carea' id='block_1_68' title="bbox 2205 1066 3781 1135">
    <p class='ocr_par' dir='ltr' id='par_1_68' title="bbox 2205 1066 3781 1135">
     <span class='ocr_line' id='line_1_68' title="bbox 2205 1066 3781 1135; baseline -0.004 -12"><span class='ocrx_word' id='word_1_569' title='bbox 2205 1069 2264 1123; x_wconf 91' lang='lat' dir='ltr'><strong>in</strong></span> <span class='ocrx_word' id='word_1_570' title='bbox 2292 1068 2674 1130; x_wconf 86' lang='lat' dir='ltr'><strong>contractibus,</strong></span> <span class='ocrx_word' id='word_1_571' title='bbox 2708 1075 2764 1121; x_wconf 91' lang='lat' dir='ltr'><strong>et</strong></span> <span class='ocrx_word' id='word_1_572' title='bbox 2788 1066 3014 1135; x_wconf 89' lang='lat' dir='ltr'><strong>pellibus</strong></span> <span class='ocrx_word' id='word_1_573' title='bbox 3042 1073 3295 1135; x_wconf 85' lang='lat' dir='ltr'><strong>perpetuo</strong></span> <span class='ocrx_word' id='word_1_574' title='bbox 3330 1074 3536 1118; x_wconf 81' lang='lat' dir='ltr'><strong>versata</strong></span> <span class='ocrx_word' id='word_1_575' title='bbox 3568 1074 3619 1118; x_wconf 93' lang='lat' dir='ltr'><strong>et</strong></span> <span class='ocrx_word' id='word_1_576' title='bbox 3648 1079 3781 1118; x_wconf 89' lang='lat' dir='ltr'><strong>con-</strong></span> 
     </span>
    </p>
   </div>
   <div class='ocr_carea' id='block_1_69' title="bbox 2208 1158 3779 1231">
    <p class='ocr_par' dir='ltr' id='par_1_69' title="bbox 2208 1158 3779 1231">
     <span class='ocr_line' id='line_1_69' title="bbox 2208 1158 3779 1231; baseline -0.003 -16"><span class='ocrx_word' id='word_1_577' title='bbox 2208 1172 2416 1231; x_wconf 86' lang='lat' dir='ltr'><strong>sumpta</strong></span> <span class='ocrx_word' id='word_1_578' title='bbox 2438 1161 2635 1216; x_wconf 86' lang='lat' dir='ltr'><strong>luerat?</strong></span> <span class='ocrx_word' id='word_1_579' title='bbox 2658 1159 2750 1214; x_wconf 89' lang='lat' dir='ltr'><strong>sed</strong></span> <span class='ocrx_word' id='word_1_580' title='bbox 2774 1159 2999 1228; x_wconf 83' lang='lat' dir='ltr'><strong>Spiritus</strong></span> <span class='ocrx_word' id='word_1_581' title='bbox 3028 1158 3192 1227; x_wconf 87' lang='lat' dir='ltr'><strong>gratia</strong></span> <span class='ocrx_word' id='word_1_582' title='bbox 3217 1174 3309 1227; x_wconf 85' lang='lat' dir='ltr'><strong>per</strong></span> <span class='ocrx_word' id='word_1_583' title='bbox 3334 1173 3468 1229; x_wconf 87' lang='lat' dir='ltr'><strong>quos</strong></span> <span class='ocrx_word' id='word_1_584' title='bbox 3498 1159 3607 1212; x_wconf 84' lang='lat' dir='ltr'><strong>vult</strong></span> <span class='ocrx_word' id='word_1_585' title='bbox 3631 1173 3779 1211; x_wconf 88' lang='lat' dir='ltr'><strong>suam</strong></span> 
     </span>
    </p>
   </div>
   <div class='ocr_carea' id='block_1_70' title="bbox 2209 1251 3780 1319">
    <p class='ocr_par' dir='ltr' id='par_1_70' title="bbox 2209 1251 3780 1319">
     <span class='ocr_line' id='line_1_70' title="bbox 2209 1251 3780 1319; baseline -0.001 -15"><span class='ocrx_word' id='word_1_586' title='bbox 2209 1253 2315 1305; x_wconf 87' lang='lat' dir='ltr'><strong>vim</strong></span> <span class='ocrx_word' id='word_1_587' title='bbox 2346 1253 2600 1307; x_wconf 88' lang='lat' dir='ltr'><strong>ostendit.</strong></span> <span class='ocrx_word' id='word_1_588' title='bbox 2640 1251 2787 1307; x_wconf 91' lang='lat' dir='ltr'><strong>Sicut</strong></span> <span class='ocrx_word' id='word_1_589' title='bbox 2822 1252 2963 1305; x_wconf 89' lang='lat' dir='ltr'><strong>enim</strong></span> <span class='ocrx_word' id='word_1_590' title='bbox 3004 1251 3048 1304; x_wconf 89' lang='lat' dir='ltr'><strong>si</strong></span> <span class='ocrx_word' id='word_1_591' title='bbox 3078 1251 3197 1319; x_wconf 89' lang='lat' dir='ltr'><strong>quis</strong></span> <span class='ocrx_word' id='word_1_592' title='bbox 3224 1265 3441 1319; x_wconf 90' lang='lat' dir='ltr'><strong>parvum</strong></span> <span class='ocrx_word' id='word_1_593' title='bbox 3471 1264 3691 1319; x_wconf 89' lang='lat' dir='ltr'><strong>puerum</strong></span> <span class='ocrx_word' id='word_1_594' title='bbox 3730 1252 3780 1303; x_wconf 93' lang='lat' dir='ltr'><strong>iu</strong></span> 
     </span>
    </p>
   </div>
   <div class='ocr_carea' id='block_1_71' title="bbox 2211 1341 3785 1413">
    <p class='ocr_par' dir='ltr' id='par_1_71' title="bbox 2211 1341 3785 1413">
     <span class='ocr_line' id='line_1_71' title="bbox 2211 1341 3785 1413; baseline 0.001 -16"><span class='ocrx_word' id='word_1_595' title='bbox 2211 1343 2378 1397; x_wconf 88' lang='lat' dir='ltr'><strong>altum</strong></span> <span class='ocrx_word' id='word_1_596' title='bbox 2425 1344 2708 1413; x_wconf 89' lang='lat' dir='ltr'><strong>quemdam</strong></span> <span class='ocrx_word' id='word_1_597' title='bbox 2751 1343 2948 1407; x_wconf 90' lang='lat' dir='ltr'><strong>locum,</strong></span> <span class='ocrx_word' id='word_1_598' title='bbox 2977 1352 3031 1397; x_wconf 85' lang='lat' dir='ltr'><strong>et</strong></span> <span class='ocrx_word' id='word_1_599' title='bbox 3059 1344 3148 1412; x_wconf 91' lang='lat' dir='ltr'><strong>qui</strong></span> <span class='ocrx_word' id='word_1_600' title='bbox 3183 1341 3250 1396; x_wconf 90' lang='lat' dir='ltr'><strong>ad</strong></span> <span class='ocrx_word' id='word_1_601' title='bbox 3302 1342 3473 1412; x_wconf 89' lang='lat' dir='ltr'><strong>ipsum</strong></span> <span class='ocrx_word' id='word_1_602' title='bbox 3524 1343 3785 1413; x_wconf 85' lang='lat' dir='ltr'><strong>pertingat</strong></span> 
     </span>
    </p>
   </div>
   <div class='ocr_carea' id='block_1_72' title="bbox 2211 1434 3787 1506">
    <p class='ocr_par' dir='ltr' id='par_1_72' title="bbox 2211 1434 3787 1506">
     <span class='ocr_line' id='line_1_72' title="bbox 2211 1434 3787 1506; baseline -0.002 -14"><span class='ocrx_word' id='word_1_603' title='bbox 2211 1437 2326 1492; x_wconf 67' lang='lat' dir='ltr'><strong>caeli</strong></span> <span class='ocrx_word' id='word_1_604' title='bbox 2366 1438 2640 1502; x_wconf 89' lang='lat' dir='ltr'><strong>verticem,</strong></span> <span class='ocrx_word' id='word_1_605' title='bbox 2694 1435 2821 1490; x_wconf 89' lang='lat' dir='ltr'><strong>velit</strong></span> <span class='ocrx_word' id='word_1_606' title='bbox 2862 1434 3148 1501; x_wconf 89' lang='lat' dir='ltr'><strong>adducere,</strong></span> <span class='ocrx_word' id='word_1_607' title='bbox 3189 1434 3387 1490; x_wconf 92' lang='lat' dir='ltr'><strong>sensim</strong></span> <span class='ocrx_word' id='word_1_608' title='bbox 3429 1444 3482 1489; x_wconf 91' lang='lat' dir='ltr'><strong>et</strong></span> <span class='ocrx_word' id='word_1_609' title='bbox 3532 1435 3787 1506; x_wconf 84' lang='lat' dir='ltr'><strong>paulatim</strong></span> 
     </span>
    </p>
   </div>
   <div class='ocr_carea' id='block_1_73' title="bbox 2214 1526 3783 1599">
    <p class='ocr_par' dir='ltr' id='par_1_73' title="bbox 2214 1526 3783 1599">
     <span class='ocr_line' id='line_1_73' title="bbox 2214 1526 3783 1599; baseline -0.002 -17"><span class='ocrx_word' id='word_1_610' title='bbox 2214 1528 2315 1584; x_wconf 88' lang='lat' dir='ltr'><strong>hoc</strong></span> <span class='ocrx_word' id='word_1_611' title='bbox 2336 1527 2481 1595; x_wconf 82' lang='lat' dir='ltr'><strong>facit,</strong></span> <span class='ocrx_word' id='word_1_612' title='bbox 2513 1544 2608 1599; x_wconf 90' lang='lat' dir='ltr'><strong>per</strong></span> <span class='ocrx_word' id='word_1_613' title='bbox 2629 1527 2823 1599; x_wconf 82' lang='lat' dir='ltr'><strong>gradus</strong></span> <span class='ocrx_word' id='word_1_614' title='bbox 2846 1528 2933 1596; x_wconf 87' lang='lat' dir='ltr'><strong>qui</strong></span> <span class='ocrx_word' id='word_1_615' title='bbox 2955 1537 3079 1580; x_wconf 92' lang='lat' dir='ltr'><strong>sunt</strong></span> <span class='ocrx_word' id='word_1_616' title='bbox 3106 1526 3313 1581; x_wconf 83' lang='lat' dir='ltr'><strong>inferne</strong></span> <span class='ocrx_word' id='word_1_617' title='bbox 3336 1541 3459 1581; x_wconf 88' lang='lat' dir='ltr'><strong>eum</strong></span> <span class='ocrx_word' id='word_1_618' title='bbox 3491 1526 3783 1591; x_wconf 85' lang='lat' dir='ltr'><strong>adducens;</strong></span> 
     </span>
    </p>
   </div>
   <div class='ocr_carea' id='block_1_74' title="bbox 2213 1616 3781 1689">
    <p class='ocr_par' dir='ltr' id='par_1_74' title="bbox 2213 1616 3781 1689">
     <span class='ocr_line' id='line_1_74' title="bbox 2213 1616 3781 1689; baseline -0.005 -13"><span class='ocrx_word' id='word_1_619' title='bbox 2213 1619 2407 1675; x_wconf 90' lang='lat' dir='ltr'><strong>deinde</strong></span> <span class='ocrx_word' id='word_1_620' title='bbox 2443 1628 2722 1689; x_wconf 88' lang='lat' dir='ltr'><strong>postquam</strong></span> <span class='ocrx_word' id='word_1_621' title='bbox 2758 1633 2879 1673; x_wconf 93' lang='lat' dir='ltr'><strong>eum</strong></span> <span class='ocrx_word' id='word_1_622' title='bbox 2907 1632 3065 1686; x_wconf 86' lang='lat' dir='ltr'><strong>supra</strong></span> <span class='ocrx_word' id='word_1_623' title='bbox 3095 1618 3356 1682; x_wconf 72' lang='lat' dir='ltr'><strong>statuerit,</strong></span> <span class='ocrx_word' id='word_1_624' title='bbox 3390 1626 3443 1670; x_wconf 93' lang='lat' dir='ltr'><strong>et</strong></span> <span class='ocrx_word' id='word_1_625' title='bbox 3464 1616 3685 1684; x_wconf 88' lang='lat' dir='ltr'><strong>jusserit</strong></span> <span class='ocrx_word' id='word_1_626' title='bbox 3717 1618 3781 1669; x_wconf 90' lang='lat' dir='ltr'><strong>ad</strong></span> 
     </span>
    </p>
   </div>
   <div class='ocr_carea' id='block_1_75' title="bbox 2216 1705 3786 1775">
    <p class='ocr_par' dir='ltr' id='par_1_75' title="bbox 2216 1705 3786 1775">
     <span class='ocr_line' id='line_1_75' title="bbox 2216 1705 3786 1775; baseline -0.004 -11"><span class='ocrx_word' id='word_1_627' title='bbox 2216 1710 2465 1766; x_wconf 83' lang='lat' dir='ltr'><strong>inferiora</strong></span> <span class='ocrx_word' id='word_1_628' title='bbox 2500 1710 2735 1762; x_wconf 84' lang='lat' dir='ltr'><strong>animum</strong></span> <span class='ocrx_word' id='word_1_629' title='bbox 2776 1710 3052 1761; x_wconf 84' lang='lat' dir='ltr'><strong>advertere</strong></span> <span class='ocrx_word' id='word_1_630' title='bbox 3071 1747 3086 1772; x_wconf 94' lang='lat'><strong>,</strong></span> <span class='ocrx_word' id='word_1_631' title='bbox 3117 1705 3409 1775; x_wconf 89' lang='lat' dir='ltr'><strong>videritque</strong></span> <span class='ocrx_word' id='word_1_632' title='bbox 3439 1706 3751 1775; x_wconf 85' lang='lat' dir='ltr'><strong>caligantem</strong></span> <span class='ocrx_word' id='word_1_633' title='bbox 3772 1748 3786 1772; x_wconf 91' lang='lat'><strong>,</strong></span> 
     </span>
    </p>
   </div>
   <div class='ocr_carea' id='block_1_76' title="bbox 2216 1797 3787 1862">
    <p class='ocr_par' dir='ltr' id='par_1_76' title="bbox 2216 1797 3787 1862">
     <span class='ocr_line' id='line_1_76' title="bbox 2216 1797 3787 1862; baseline -0.004 -5"><span class='ocrx_word' id='word_1_634' title='bbox 2216 1801 2590 1857; x_wconf 87' lang='lat' dir='ltr'><strong>conturbatum</strong></span> <span class='ocrx_word' id='word_1_635' title='bbox 2638 1808 2693 1854; x_wconf 89' lang='lat' dir='ltr'><strong>et</strong></span> <span class='ocrx_word' id='word_1_636' title='bbox 2739 1797 3120 1852; x_wconf 81' lang='lat' dir='ltr'><strong>circumfusum</strong></span> <span class='ocrx_word' id='word_1_637' title='bbox 3176 1797 3431 1862; x_wconf 89' lang='lat' dir='ltr'><strong>tenebris,</strong></span> <span class='ocrx_word' id='word_1_638' title='bbox 3475 1812 3595 1851; x_wconf 89' lang='lat' dir='ltr'><strong>eum</strong></span> <span class='ocrx_word' id='word_1_639' title='bbox 3647 1797 3787 1850; x_wconf 86' lang='lat' dir='ltr'><strong>acci-</strong></span> 
     </span>
    </p>
   </div>
   <div class='ocr_carea' id='block_1_77' title="bbox 2217 1888 3793 1963">
    <p class='ocr_par' dir='ltr' id='par_1_77' title="bbox 2217 1888 3793 1963">
     <span class='ocr_line' id='line_1_77' title="bbox 2217 1888 3793 1963; baseline -0.004 -14"><span class='ocrx_word' id='word_1_640' title='bbox 2217 1895 2368 1963; x_wconf 89' lang='lat' dir='ltr'><strong>piens</strong></span> <span class='ocrx_word' id='word_1_641' title='bbox 2398 1893 2543 1947; x_wconf 88' lang='lat' dir='ltr'><strong>ducit</strong></span> <span class='ocrx_word' id='word_1_642' title='bbox 2584 1891 2827 1956; x_wconf 78' lang='lat' dir='ltr'><strong>inferius,</strong></span> <span class='ocrx_word' id='word_1_643' title='bbox 2864 1890 3161 1945; x_wconf 82' lang='lat' dir='ltr'><strong>concedens</strong></span> <span class='ocrx_word' id='word_1_644' title='bbox 3204 1898 3259 1942; x_wconf 89' lang='lat' dir='ltr'><strong>ut</strong></span> <span class='ocrx_word' id='word_1_645' title='bbox 3299 1889 3565 1957; x_wconf 88' lang='lat' dir='ltr'><strong>respiret;</strong></span> <span class='ocrx_word' id='word_1_646' title='bbox 3598 1888 3793 1943; x_wconf 86' lang='lat' dir='ltr'><strong>deinde</strong></span> 
     </span>
    </p>
   </div>
   <div class='ocr_carea' id='block_1_78' title="bbox 2217 1978 3791 2053">
    <p class='ocr_par' dir='ltr' id='par_1_78' title="bbox 2217 1978 3791 2053">
     <span class='ocr_line' id='line_1_78' title="bbox 2217 1978 3791 2053; baseline -0.004 -15"><span class='ocrx_word' id='word_1_647' title='bbox 2217 1991 2494 2053; x_wconf 89' lang='lat' dir='ltr'><strong>postquam</strong></span> <span class='ocrx_word' id='word_1_648' title='bbox 2525 1983 2697 2051; x_wconf 91' lang='lat' dir='ltr'><strong>ipsum</strong></span> <span class='ocrx_word' id='word_1_649' title='bbox 2723 1980 3000 2044; x_wconf 89' lang='lat' dir='ltr'><strong>recrearit,</strong></span> <span class='ocrx_word' id='word_1_650' title='bbox 3029 1993 3214 2033; x_wconf 90' lang='lat' dir='ltr'><strong>rursus</strong></span> <span class='ocrx_word' id='word_1_651' title='bbox 3240 1978 3493 2044; x_wconf 85' lang='lat' dir='ltr'><strong>sustollit,</strong></span> <span class='ocrx_word' id='word_1_652' title='bbox 3523 1986 3579 2033; x_wconf 88' lang='lat' dir='ltr'><strong>et</strong></span> <span class='ocrx_word' id='word_1_653' title='bbox 3607 1994 3791 2034; x_wconf 86' lang='lat' dir='ltr'><strong>rursus</strong></span> 
     </span>
    </p>
   </div>
   <div class='ocr_carea' id='block_1_79' title="bbox 2217 2072 3791 2133">
    <p class='ocr_par' dir='ltr' id='par_1_79' title="bbox 2217 2072 3791 2133">
     <span class='ocr_line' id='line_1_79' title="bbox 2217 2072 3791 2133; baseline -0.003 -2"><span class='ocrx_word' id='word_1_654' title='bbox 2217 2075 2469 2131; x_wconf 89' lang='lat' dir='ltr'><strong>deorsum</strong></span> <span class='ocrx_word' id='word_1_655' title='bbox 2508 2074 2653 2129; x_wconf 92' lang='lat' dir='ltr'><strong>ducit</strong></span> <span class='ocrx_word' id='word_1_656' title='bbox 2682 2092 2695 2127; x_wconf 92' lang='lat'><strong>:</strong></span> <span class='ocrx_word' id='word_1_657' title='bbox 2726 2073 2795 2126; x_wconf 91' lang='lat' dir='ltr'><strong>ita</strong></span> <span class='ocrx_word' id='word_1_658' title='bbox 2827 2073 2983 2127; x_wconf 89' lang='lat' dir='ltr'><strong>etiam</strong></span> <span class='ocrx_word' id='word_1_659' title='bbox 3016 2072 3140 2127; x_wconf 84' lang='lat' dir='ltr'><strong>fecit</strong></span> <span class='ocrx_word' id='word_1_660' title='bbox 3177 2072 3365 2127; x_wconf 85' lang='lat' dir='ltr'><strong>beatus</strong></span> <span class='ocrx_word' id='word_1_661' title='bbox 3405 2072 3618 2133; x_wconf 83' lang='lat' dir='ltr'><strong>Paulus,</strong></span> <span class='ocrx_word' id='word_1_662' title='bbox 3648 2083 3702 2128; x_wconf 92' lang='lat' dir='ltr'><strong>et</strong></span> <span class='ocrx_word' id='word_1_663' title='bbox 3742 2074 3791 2127; x_wconf 90' lang='lat' dir='ltr'><strong>in</strong></span> 
     </span>
    </p>
   </div>
   <div class='ocr_carea' id='block_1_80' title="bbox 2219 2162 3790 2234">
    <p class='ocr_par' dir='ltr' id='par_1_80' title="bbox 2219 2162 3790 2234">
     <span class='ocr_line' id='line_1_80' title="bbox 2219 2162 3790 2234; baseline -0.004 -13"><span class='ocrx_word' id='word_1_664' title='bbox 2219 2166 2456 2229; x_wconf 63' lang='lat' dir='ltr'><strong>Hebraeis</strong></span> <span class='ocrx_word' id='word_1_665' title='bbox 2481 2174 2535 2220; x_wconf 89' lang='lat' dir='ltr'><strong>et</strong></span> <span class='ocrx_word' id='word_1_666' title='bbox 2572 2165 2784 2234; x_wconf 90' lang='lat' dir='ltr'><strong>ubique,</strong></span> <span class='ocrx_word' id='word_1_667' title='bbox 2817 2171 2877 2217; x_wconf 92' lang='lat' dir='ltr'><strong>ut</strong></span> <span class='ocrx_word' id='word_1_668' title='bbox 2918 2163 3008 2232; x_wconf 90' lang='lat' dir='ltr'><strong>qui</strong></span> <span class='ocrx_word' id='word_1_669' title='bbox 3055 2163 3154 2217; x_wconf 92' lang='lat' dir='ltr'><strong>hoc</strong></span> <span class='ocrx_word' id='word_1_670' title='bbox 3180 2178 3209 2217; x_wconf 90' lang='lat' dir='ltr'><strong>a</strong></span> <span class='ocrx_word' id='word_1_671' title='bbox 3250 2162 3498 2232; x_wconf 81' lang='lat' dir='ltr'><strong>Magistro</strong></span> <span class='ocrx_word' id='word_1_672' title='bbox 3528 2162 3790 2217; x_wconf 79' lang='lat' dir='ltr'><strong>didicerit.</strong></span> 
     </span>
    </p>
   </div>
   <div class='ocr_carea' id='block_1_81' title="bbox 2220 2252 3792 2324">
    <p class='ocr_par' dir='ltr' id='par_1_81' title="bbox 2220 2252 3792 2324">
     <span class='ocr_line' id='line_1_81' title="bbox 2220 2252 3792 2324; baseline -0.003 -13"><span class='ocrx_word' id='word_1_673' title='bbox 2220 2255 2432 2311; x_wconf 89' lang='lat' dir='ltr'><strong>Etenim</strong></span> <span class='ocrx_word' id='word_1_674' title='bbox 2465 2256 2579 2323; x_wconf 90' lang='lat' dir='ltr'><strong>ipse</strong></span> <span class='ocrx_word' id='word_1_675' title='bbox 2608 2268 2817 2324; x_wconf 91' lang='lat' dir='ltr'><strong>quoque</strong></span> <span class='ocrx_word' id='word_1_676' title='bbox 2859 2254 2937 2308; x_wconf 88' lang='lat' dir='ltr'><strong>sic</strong></span> <span class='ocrx_word' id='word_1_677' title='bbox 2984 2252 3109 2307; x_wconf 86' lang='lat' dir='ltr'><strong>l‘ccit</strong></span> <span class='ocrx_word' id='word_1_678' title='bbox 3136 2271 3150 2307; x_wconf 91' lang='lat'><strong>:</strong></span> <span class='ocrx_word' id='word_1_679' title='bbox 3181 2253 3469 2323; x_wconf 89' lang='lat' dir='ltr'><strong>aliquando</strong></span> <span class='ocrx_word' id='word_1_680' title='bbox 3495 2254 3708 2323; x_wconf 90' lang='lat' dir='ltr'><strong>quidem</strong></span> <span class='ocrx_word' id='word_1_681' title='bbox 3742 2255 3792 2308; x_wconf 91' lang='lat' dir='ltr'><strong>iu</strong></span> 
     </span>
    </p>
   </div>
   <div class='ocr_carea' id='block_1_82' title="bbox 2221 2344 3795 2416">
    <p class='ocr_par' dir='ltr' id='par_1_82' title="bbox 2221 2344 3795 2416">
     <span class='ocr_line' id='line_1_82' title="bbox 2221 2344 3795 2416; baseline -0.002 -15"><span class='ocrx_word' id='word_1_682' title='bbox 2221 2348 2385 2402; x_wconf 89' lang='lat' dir='ltr'><strong>altum</strong></span> <span class='ocrx_word' id='word_1_683' title='bbox 2424 2346 2655 2413; x_wconf 88' lang='lat' dir='ltr'><strong>sustulit,</strong></span> <span class='ocrx_word' id='word_1_684' title='bbox 2692 2344 2979 2416; x_wconf 87' lang='lat' dir='ltr'><strong>aliquando</strong></span> <span class='ocrx_word' id='word_1_685' title='bbox 3006 2355 3182 2401; x_wconf 88' lang='lat' dir='ltr'><strong>autem</strong></span> <span class='ocrx_word' id='word_1_686' title='bbox 3241 2345 3376 2400; x_wconf 83' lang='lat' dir='ltr'><strong>inira</strong></span> <span class='ocrx_word' id='word_1_687' title='bbox 3406 2344 3623 2401; x_wconf 91' lang='lat' dir='ltr'><strong>demisit</strong></span> <span class='ocrx_word' id='word_1_688' title='bbox 3647 2347 3795 2401; x_wconf 80' lang='lat' dir='ltr'><strong>audi.</strong></span> 
     </span>
    </p>
   </div>
   <div class='ocr_carea' id='block_1_83' title="bbox 2223 2436 3796 2503">
    <p class='ocr_par' dir='ltr' id='par_1_83' title="bbox 2223 2436 3796 2503">
     <span class='ocr_line' id='line_1_83' title="bbox 2223 2436 3796 2503; baseline -0.001 -11"><span class='ocrx_word' id='word_1_689' title='bbox 2223 2449 2385 2503; x_wconf 87' lang='lat' dir='ltr'><strong>tores,</strong></span> <span class='ocrx_word' id='word_1_690' title='bbox 2425 2452 2529 2493; x_wconf 89' lang='lat' dir='ltr'><strong>non</strong></span> <span class='ocrx_word' id='word_1_691' title='bbox 2558 2439 2738 2492; x_wconf 87' lang='lat' dir='ltr'><strong>sinens</strong></span> <span class='ocrx_word' id='word_1_692' title='bbox 2777 2446 2833 2490; x_wconf 91' lang='lat' dir='ltr'><strong>ut</strong></span> <span class='ocrx_word' id='word_1_693' title='bbox 2872 2436 2960 2491; x_wconf 92' lang='lat' dir='ltr'><strong>diu</strong></span> <span class='ocrx_word' id='word_1_694' title='bbox 2991 2437 3177 2492; x_wconf 86' lang='lat' dir='ltr'><strong>eodem</strong></span> <span class='ocrx_word' id='word_1_695' title='bbox 3208 2438 3258 2491; x_wconf 92' lang='lat' dir='ltr'><strong>in</strong></span> <span class='ocrx_word' id='word_1_696' title='bbox 3286 2448 3430 2493; x_wconf 89' lang='lat' dir='ltr'><strong>statu</strong></span> <span class='ocrx_word' id='word_1_697' title='bbox 3458 2449 3796 2493; x_wconf 89' lang='lat' dir='ltr'><strong>morarentur</strong></span> 
     </span>
    </p>
   </div>
   <div class='ocr_carea' id='block_1_84' title="bbox 2225 2526 3795 2599">
    <p class='ocr_par' dir='ltr' id='par_1_84' title="bbox 2225 2526 3795 2599">
     <span class='ocr_line' id='line_1_84' title="bbox 2225 2526 3795 2599; baseline 0.003 -20"><span class='ocrx_word' id='word_1_698' title='bbox 2225 2526 2321 2599; x_wconf 77' lang='grc' dir='ltr'><strong>(α).</strong></span> <span class='ocrx_word' id='word_1_699' title='bbox 2356 2527 2488 2582; x_wconf 84' lang='lat' dir='ltr'><strong>Vide</strong></span> <span class='ocrx_word' id='word_1_700' title='bbox 2525 2542 2657 2597; x_wconf 81' lang='lat' dir='ltr'><strong>ergo</strong></span> <span class='ocrx_word' id='word_1_701' title='bbox 2694 2528 2779 2581; x_wconf 89' lang='lat' dir='ltr'><strong>hic</strong></span> <span class='ocrx_word' id='word_1_702' title='bbox 2807 2542 3038 2597; x_wconf 88' lang='lat' dir='ltr'><strong>quoque,</strong></span> <span class='ocrx_word' id='word_1_703' title='bbox 3071 2536 3349 2597; x_wconf 80' lang='lat' dir='ltr'><strong>postquam</strong></span> <span class='ocrx_word' id='word_1_704' title='bbox 3380 2528 3524 2597; x_wconf 89' lang='lat' dir='ltr'><strong>ipsos</strong></span> <span class='ocrx_word' id='word_1_705' title='bbox 3554 2528 3605 2581; x_wconf 93' lang='lat' dir='ltr'><strong>in</strong></span> <span class='ocrx_word' id='word_1_706' title='bbox 3633 2528 3795 2582; x_wconf 89' lang='lat' dir='ltr'><strong>altum</strong></span> 
     </span>
    </p>
   </div>
   <div class='ocr_carea' id='block_1_85' title="bbox 2222 2617 3795 2689">
    <p class='ocr_par' dir='ltr' id='par_1_85' title="bbox 2222 2617 3795 2689">
     <span class='ocr_line' id='line_1_85' title="bbox 2222 2617 3795 2689; baseline -0.001 -15"><span class='ocrx_word' id='word_1_707' title='bbox 2222 2619 2496 2674; x_wconf 76' lang='lat' dir='ltr'><strong>eduxisset</strong></span> <span class='ocrx_word' id='word_1_708' title='bbox 2523 2617 2797 2689; x_wconf 84' lang='lat' dir='ltr'><strong>gradibus,</strong></span> <span class='ocrx_word' id='word_1_709' title='bbox 2826 2629 2879 2673; x_wconf 89' lang='lat' dir='ltr'><strong>et</strong></span> <span class='ocrx_word' id='word_1_710' title='bbox 2905 2618 3180 2672; x_wconf 84' lang='lat' dir='ltr'><strong>statuisset</strong></span> <span class='ocrx_word' id='word_1_711' title='bbox 3215 2617 3269 2672; x_wconf 92' lang='lat' dir='ltr'><strong>in</strong></span> <span class='ocrx_word' id='word_1_712' title='bbox 3299 2618 3414 2686; x_wconf 93' lang='lat' dir='ltr'><strong>ipso</strong></span> <span class='ocrx_word' id='word_1_713' title='bbox 3452 2618 3653 2671; x_wconf 85' lang='lat' dir='ltr'><strong>vertice</strong></span> <span class='ocrx_word' id='word_1_714' title='bbox 3682 2618 3795 2688; x_wconf 85' lang='lat' dir='ltr'><strong>pie-</strong></span> 
     </span>
    </p>
   </div>
   <div class='ocr_carea' id='block_1_86' title="bbox 2224 2708 3797 2780">
    <p class='ocr_par' dir='ltr' id='par_1_86' title="bbox 2224 2708 3797 2780">
     <span class='ocr_line' id='line_1_86' title="bbox 2224 2708 3797 2780; baseline 0.001 -16"><span class='ocrx_word' id='word_1_715' title='bbox 2224 2711 2386 2774; x_wconf 85' lang='lat' dir='ltr'><strong>tatis,</strong></span> <span class='ocrx_word' id='word_1_716' title='bbox 2415 2710 2721 2780; x_wconf 89' lang='lat' dir='ltr'><strong>priusquam</strong></span> <span class='ocrx_word' id='word_1_717' title='bbox 2769 2709 3057 2779; x_wconf 85' lang='lat' dir='ltr'><strong>caligarent</strong></span> <span class='ocrx_word' id='word_1_718' title='bbox 3105 2718 3160 2763; x_wconf 92' lang='lat' dir='ltr'><strong>et</strong></span> <span class='ocrx_word' id='word_1_719' title='bbox 3202 2708 3449 2778; x_wconf 88' lang='lat' dir='ltr'><strong>gravibus</strong></span> <span class='ocrx_word' id='word_1_720' title='bbox 3494 2709 3797 2766; x_wconf 80' lang='lat' dir='ltr'><strong>circumfusi</strong></span> 
     </span>
    </p>
   </div>
   <div class='ocr_carea' id='block_1_87' title="bbox 2222 2800 3798 2869">
    <p class='ocr_par' dir='ltr' id='par_1_87' title="bbox 2222 2800 3798 2869">
     <span class='ocr_line' id='line_1_87' title="bbox 2222 2800 3798 2869; baseline 0.001 -15"><span class='ocrx_word' id='word_1_721' title='bbox 2222 2809 2405 2855; x_wconf 84' lang='lat' dir='ltr'><strong>essent</strong></span> <span class='ocrx_word' id='word_1_722' title='bbox 2436 2801 2696 2866; x_wconf 86' lang='lat' dir='ltr'><strong>tenebris,</strong></span> <span class='ocrx_word' id='word_1_723' title='bbox 2728 2800 2995 2869; x_wconf 89' lang='lat' dir='ltr'><strong>quomodo</strong></span> <span class='ocrx_word' id='word_1_724' title='bbox 3038 2814 3132 2855; x_wconf 91' lang='lat' dir='ltr'><strong>eos</strong></span> <span class='ocrx_word' id='word_1_725' title='bbox 3176 2815 3363 2855; x_wconf 90' lang='lat' dir='ltr'><strong>rursus</strong></span> <span class='ocrx_word' id='word_1_726' title='bbox 3404 2801 3619 2855; x_wconf 88' lang='lat' dir='ltr'><strong>deducit</strong></span> <span class='ocrx_word' id='word_1_727' title='bbox 3663 2803 3798 2857; x_wconf 79' lang='lat' dir='ltr'><strong>inle-</strong></span> 
     </span>
    </p>
   </div>
   <div class='ocr_carea' id='block_1_88' title="bbox 2222 2891 3800 2964">
    <p class='ocr_par' dir='ltr' id='par_1_88' title="bbox 2222 2891 3800 2964">
     <span class='ocr_line' id='line_1_88' title="bbox 2222 2891 3800 2964; baseline -0.001 -17"><span class='ocrx_word' id='word_1_728' title='bbox 2222 2893 2357 2958; x_wconf 88' lang='lat' dir='ltr'><strong>rius,</strong></span> <span class='ocrx_word' id='word_1_729' title='bbox 2387 2900 2443 2947; x_wconf 90' lang='lat' dir='ltr'><strong>et</strong></span> <span class='ocrx_word' id='word_1_730' title='bbox 2467 2891 2767 2947; x_wconf 85' lang='lat' dir='ltr'><strong>concedens</strong></span> <span class='ocrx_word' id='word_1_731' title='bbox 2795 2901 2854 2947; x_wconf 92' lang='lat' dir='ltr'><strong>ut</strong></span> <span class='ocrx_word' id='word_1_732' title='bbox 2880 2892 3224 2961; x_wconf 90' lang='lat' dir='ltr'><strong>respirarent,</strong></span> <span class='ocrx_word' id='word_1_733' title='bbox 3258 2892 3408 2958; x_wconf 89' lang='lat' dir='ltr'><strong>dicit,</strong></span> <span class='ocrx_word' id='word_1_734' title='bbox 3444 2892 3704 2964; x_wconf 80' lang='lat' dir='ltr'><strong>Loquatus</strong></span> <span class='ocrx_word' id='word_1_735' title='bbox 3730 2906 3800 2949; x_wconf 76' lang='lat' dir='ltr'><strong>est</strong></span> 
     </span>
    </p>
   </div>
   <div class='ocr_carea' id='block_1_89' title="bbox 2224 2982 3789 3050">
    <p class='ocr_par' dir='ltr' id='par_1_89' title="bbox 2224 2982 3789 3050">
     <span class='ocr_line' id='line_1_89' title="bbox 2224 2982 3789 3050; baseline 0.001 -13"><span class='ocrx_word' id='word_1_736' title='bbox 2224 2982 2365 3037; x_wconf 87' lang='lat' dir='ltr'><strong>nobis</strong></span> <span class='ocrx_word' id='word_1_737' title='bbox 2404 2985 2458 3036; x_wconf 86' lang='lat' dir='ltr'><strong>in</strong></span> <span class='ocrx_word' id='word_1_738' title='bbox 2503 2982 2639 3037; x_wconf 84' lang='lat' dir='ltr'><strong>Filio</strong></span> <span class='ocrx_word' id='word_1_739' title='bbox 2666 3000 2684 3047; x_wconf 90' lang='grc'><strong><em>;</em></strong></span> <span class='ocrx_word' id='word_1_740' title='bbox 2713 2992 2767 3038; x_wconf 84' lang='grc' dir='ltr'><strong>ει</strong></span> <span class='ocrx_word' id='word_1_741' title='bbox 2810 2999 3017 3048; x_wconf 87' lang='lat' dir='ltr'><strong>rursus,</strong></span> <span class='ocrx_word' id='word_1_742' title='bbox 3055 2984 3212 3050; x_wconf 82' lang='lat' dir='ltr'><strong>Quem</strong></span> <span class='ocrx_word' id='word_1_743' title='bbox 3259 2985 3516 3039; x_wconf 85' lang='lat' dir='ltr'><strong>constituit</strong></span> <span class='ocrx_word' id='word_1_744' title='bbox 3560 2987 3789 3041; x_wconf 82' lang='lat' dir='ltr'><strong>heredem</strong></span> 
     </span>
    </p>
   </div>
   <div class='ocr_carea' id='block_1_90' title="bbox 2225 3058 3797 3130">
    <p class='ocr_par' dir='ltr' id='par_1_90' title="bbox 2225 3058 3797 3130">
     <span class='ocr_line' id='line_1_90' title="bbox 2225 3058 3797 3130; baseline 0.001 -4"><span class='ocrx_word' id='word_1_745' title='bbox 2225 3074 2589 3128; x_wconf 83' lang='lat' dir='ltr'><strong>universorum.</strong></span> <span class='ocrx_word' id='word_1_746' title='bbox 2636 3074 2841 3128; x_wconf 85' lang='lat' dir='ltr'><strong>Nomen</strong></span> <span class='ocrx_word' id='word_1_747' title='bbox 2895 3074 3037 3128; x_wconf 89' lang='lat' dir='ltr'><strong>enim</strong></span> <span class='ocrx_word' id='word_1_748' title='bbox 3091 3074 3211 3129; x_wconf 89' lang='lat' dir='ltr'><strong>Filii</strong></span> <span class='ocrx_word' id='word_1_749' title='bbox 3252 3058 3480 3129; x_wconf 78' lang='lat' dir='ltr'><strong>interim</strong></span> <span class='ocrx_word' id='word_1_750' title='bbox 3526 3088 3608 3130; x_wconf 87' lang='lat' dir='ltr'><strong>est</strong></span> <span class='ocrx_word' id='word_1_751' title='bbox 3649 3091 3797 3130; x_wconf 89' lang='lat' dir='ltr'><strong>com-</strong></span> 
     </span>
    </p>
   </div>
   <div class='ocr_carea' id='block_1_91' title="bbox 2233 3162 3805 3235">
    <p class='ocr_par' dir='ltr' id='par_1_91' title="bbox 2233 3162 3805 3235">
     <span class='ocr_line' id='line_1_91' title="bbox 2233 3162 3805 3235; baseline -0.006 -9"><span class='ocrx_word' id='word_1_752' title='bbox 2233 3186 2413 3227; x_wconf 85' lang='lat' dir='ltr'><strong>mune.</strong></span> <span class='ocrx_word' id='word_1_753' title='bbox 2444 3170 2547 3228; x_wconf 84' lang='lat' dir='ltr'><strong>Ubi</strong></span> <span class='ocrx_word' id='word_1_754' title='bbox 2590 3170 2732 3226; x_wconf 89' lang='lat' dir='ltr'><strong>enim</strong></span> <span class='ocrx_word' id='word_1_755' title='bbox 2780 3169 3081 3223; x_wconf 89' lang='lat' dir='ltr'><strong>intellectus</strong></span> <span class='ocrx_word' id='word_1_756' title='bbox 3126 3165 3285 3221; x_wconf 86' lang='lat' dir='ltr'><strong>fuerit</strong></span> <span class='ocrx_word' id='word_1_757' title='bbox 3325 3162 3576 3235; x_wconf 91' lang='lat' dir='ltr'><strong>proprius</strong></span> <span class='ocrx_word' id='word_1_758' title='bbox 3604 3173 3658 3219; x_wconf 89' lang='lat' dir='ltr'><strong>et</strong></span> <span class='ocrx_word' id='word_1_759' title='bbox 3683 3179 3805 3234; x_wconf 63' lang='lat' dir='ltr'><strong>gero</strong></span> 
     </span>
    </p>
   </div>
   <div class='ocr_carea' id='block_1_92' title="bbox 2237 3259 3803 3332">
    <p class='ocr_par' dir='ltr' id='par_1_92' title="bbox 2237 3259 3803 3332">
     <span class='ocr_line' id='line_1_92' title="bbox 2237 3259 3803 3332; baseline -0.005 -14"><span class='ocrx_word' id='word_1_760' title='bbox 2237 3276 2445 3327; x_wconf 84' lang='lat' dir='ltr'><strong>manus,</strong></span> <span class='ocrx_word' id='word_1_761' title='bbox 2477 3271 2560 3317; x_wconf 89' lang='lat' dir='ltr'><strong>est</strong></span> <span class='ocrx_word' id='word_1_762' title='bbox 2584 3260 2831 3332; x_wconf 89' lang='lat' dir='ltr'><strong>superior</strong></span> <span class='ocrx_word' id='word_1_763' title='bbox 2856 3260 3125 3315; x_wconf 80' lang='lat' dir='ltr'><strong>universis</strong></span> <span class='ocrx_word' id='word_1_764' title='bbox 3153 3277 3166 3312; x_wconf 91' lang='lat'>:</span> <span class='ocrx_word' id='word_1_765' title='bbox 3196 3259 3407 3314; x_wconf 90' lang='lat' dir='ltr'><strong>interim</strong></span> <span class='ocrx_word' id='word_1_766' title='bbox 3435 3266 3636 3324; x_wconf 88' lang='lat' dir='ltr'><strong>autem,</strong></span> <span class='ocrx_word' id='word_1_767' title='bbox 3668 3270 3803 3328; x_wconf 89' lang='lat' dir='ltr'><strong>quo-</strong></span> 
     </span>
    </p>
   </div>
   <div class='ocr_carea' id='block_1_93' title="bbox 2230 3350 3555 3424">
    <p class='ocr_par' dir='ltr' id='par_1_93' title="bbox 2230 3350 3555 3424">
     <span class='ocr_line' id='line_1_93' title="bbox 2230 3350 3555 3424; baseline -0.003 -16"><span class='ocrx_word' id='word_1_768' title='bbox 2230 3353 2620 3424; x_wconf 89' lang='lat' dir='ltr'><strong>modocumque</strong></span> <span class='ocrx_word' id='word_1_769' title='bbox 2644 3355 2735 3419; x_wconf 88' lang='lat' dir='ltr'><strong>sit,</strong></span> <span class='ocrx_word' id='word_1_770' title='bbox 2764 3353 2989 3407; x_wconf 84' lang='lat' dir='ltr'><strong>adstruit</strong></span> <span class='ocrx_word' id='word_1_771' title='bbox 3014 3351 3155 3420; x_wconf 89' lang='lat' dir='ltr'><strong>quod</strong></span> <span class='ocrx_word' id='word_1_772' title='bbox 3176 3350 3298 3405; x_wconf 89' lang='lat' dir='ltr'><strong>site</strong></span> <span class='ocrx_word' id='word_1_773' title='bbox 3326 3350 3555 3418; x_wconf 88' lang='lat' dir='ltr'><strong>snperis.</strong></span> 
     </span>
    </p>
   </div>
   <div class='ocr_carea' id='block_1_94' title="bbox 2301 3438 3801 3515">
    <p class='ocr_par' dir='ltr' id='par_1_94' title="bbox 2301 3438 3801 3515">
     <span class='ocr_line' id='line_1_94' title="bbox 2301 3438 3801 3515; baseline -0.005 -17"><span class='ocrx_word' id='word_1_774' title='bbox 2301 3442 2501 3498; x_wconf 85' lang='lat' dir='ltr'><strong>Paulus</strong></span> <span class='ocrx_word' id='word_1_775' title='bbox 2529 3444 2783 3515; x_wconf 83' lang='lat' dir='ltr'><strong>gradatim</strong></span> <span class='ocrx_word' id='word_1_776' title='bbox 2805 3443 2867 3496; x_wconf 89' lang='lat' dir='ltr'><strong>de</strong></span> <span class='ocrx_word' id='word_1_777' title='bbox 2893 3442 3093 3497; x_wconf 82' lang='lat' dir='ltr'><strong>Christo</strong></span> <span class='ocrx_word' id='word_1_778' title='bbox 3123 3442 3364 3509; x_wconf 85' lang='lat' dir='ltr'><strong>loquitur.</strong></span> <span class='ocrx_word' id='word_1_779' title='bbox 3383 3470 3452 3479; x_wconf 96' lang='lat'><strong>—</strong></span> <span class='ocrx_word' id='word_1_780' title='bbox 3468 3438 3601 3494; x_wconf 78' lang='lat' dir='ltr'><strong>Vide</strong></span> <span class='ocrx_word' id='word_1_781' title='bbox 3627 3447 3801 3493; x_wconf 89' lang='lat' dir='ltr'><strong>autem</strong></span> 
     </span>
    </p>
   </div>
   <div class='ocr_carea' id='block_1_95' title="bbox 2192 3532 3799 3604">
    <p class='ocr_par' dir='ltr' id='par_1_95' title="bbox 2192 3532 3799 3604">
     <span class='ocr_line' id='line_1_95' title="bbox 2192 3532 3799 3604; baseline -0.001 -17"><span class='ocrx_word' id='word_1_782' title='bbox 2192 3538 2199 3545; x_wconf 89' lang='grc'><strong>’</strong></span> <span class='ocrx_word' id='word_1_783' title='bbox 2231 3543 2289 3588; x_wconf 86' lang='grc' dir='ltr'><strong>ιιι</strong></span> <span class='ocrx_word' id='word_1_784' title='bbox 2312 3534 2363 3588; x_wconf 92' lang='lat' dir='ltr'><strong>in</strong></span> <span class='ocrx_word' id='word_1_785' title='bbox 2393 3534 2678 3590; x_wconf 88' lang='lat' dir='ltr'><strong>humiliore</strong></span> <span class='ocrx_word' id='word_1_786' title='bbox 2702 3534 2867 3604; x_wconf 85' lang='lat' dir='ltr'><strong>gradu</strong></span> <span class='ocrx_word' id='word_1_787' title='bbox 2892 3535 3062 3603; x_wconf 86' lang='lat' dir='ltr'><strong>primo</strong></span> <span class='ocrx_word' id='word_1_788' title='bbox 3088 3541 3305 3598; x_wconf 87' lang='lat' dir='ltr'><strong>statuat,</strong></span> <span class='ocrx_word' id='word_1_789' title='bbox 3331 3532 3493 3597; x_wconf 84' lang='lat' dir='ltr'><strong>Quem</strong></span> <span class='ocrx_word' id='word_1_790' title='bbox 3520 3534 3799 3597; x_wconf 84' lang='lat' dir='ltr'><strong>constituit,</strong></span> 
     </span>
    </p>
   </div>
   <div class='ocr_carea' id='block_1_96' title="bbox 2227 3622 3802 3691">
    <p class='ocr_par' dir='ltr' id='par_1_96' title="bbox 2227 3622 3802 3691">
     <span class='ocr_line' id='line_1_96' title="bbox 2227 3622 3802 3691; baseline -0.001 -12"><span class='ocrx_word' id='word_1_791' title='bbox 2227 3625 2429 3691; x_wconf 89' lang='lat' dir='ltr'><strong>dicens,</strong></span> <span class='ocrx_word' id='word_1_792' title='bbox 2451 3625 2680 3679; x_wconf 87' lang='lat' dir='ltr'><strong>heredem</strong></span> <span class='ocrx_word' id='word_1_793' title='bbox 2702 3626 3078 3691; x_wconf 81' lang='lat' dir='ltr'><strong>uniuersorum;</strong></span> <span class='ocrx_word' id='word_1_794' title='bbox 3102 3622 3229 3677; x_wconf 91' lang='lat' dir='ltr'><strong>illud</strong></span> <span class='ocrx_word' id='word_1_795' title='bbox 3248 3624 3412 3687; x_wconf 88' lang='lat' dir='ltr'><strong>enim,</strong></span> <span class='ocrx_word' id='word_1_796' title='bbox 3428 3623 3696 3678; x_wconf 83' lang='lat' dir='ltr'><strong>Constituit</strong></span> <span class='ocrx_word' id='word_1_797' title='bbox 3718 3625 3802 3678; x_wconf 89' lang='lat' dir='ltr'><strong>he-</strong></span> 
     </span>
    </p>
   </div>
   <div class='ocr_carea' id='block_1_97' title="bbox 2227 3714 3799 3785">
    <p class='ocr_par' dir='ltr' id='par_1_97' title="bbox 2227 3714 3799 3785">
     <span class='ocr_line' id='line_1_97' title="bbox 2227 3714 3799 3785; baseline -0.003 -14"><span class='ocrx_word' id='word_1_798' title='bbox 2227 3718 2417 3782; x_wconf 86' lang='lat' dir='ltr'><strong>redem,</strong></span> <span class='ocrx_word' id='word_1_799' title='bbox 2457 3726 2542 3773; x_wconf 85' lang='lat' dir='ltr'><strong>est</strong></span> <span class='ocrx_word' id='word_1_800' title='bbox 2571 3717 2769 3772; x_wconf 90' lang='lat' dir='ltr'><strong>humile</strong></span> <span class='ocrx_word' id='word_1_801' title='bbox 2796 3726 2851 3772; x_wconf 92' lang='lat' dir='ltr'><strong>et</strong></span> <span class='ocrx_word' id='word_1_802' title='bbox 2879 3717 3214 3785; x_wconf 63' lang='lat' dir='ltr'><strong>subjectttm.,</strong></span> <span class='ocrx_word' id='word_1_803' title='bbox 3232 3714 3432 3771; x_wconf 88' lang='lat' dir='ltr'><strong>Deinde</strong></span> <span class='ocrx_word' id='word_1_804' title='bbox 3460 3716 3510 3769; x_wconf 92' lang='lat' dir='ltr'><strong>in</strong></span> <span class='ocrx_word' id='word_1_805' title='bbox 3539 3715 3799 3785; x_wconf 73' lang='lat' dir='ltr'><strong>superiori</strong></span> 
     </span>
    </p>
   </div>
   <div class='ocr_carea' id='block_1_98' title="bbox 2226 3806 3801 3881">
    <p class='ocr_par' dir='ltr' id='par_1_98' title="bbox 2226 3806 3801 3881">
     <span class='ocr_line' id='line_1_98' title="bbox 2226 3806 3801 3881; baseline -0.004 -16"><span class='ocrx_word' id='word_1_806' title='bbox 2226 3810 2391 3881; x_wconf 83' lang='lat' dir='ltr'><strong>gradu</strong></span> <span class='ocrx_word' id='word_1_807' title='bbox 2415 3825 2534 3865; x_wconf 87' lang='lat' dir='ltr'><strong>eum</strong></span> <span class='ocrx_word' id='word_1_808' title='bbox 2562 3808 2858 3875; x_wconf 88' lang='lat' dir='ltr'><strong>constituit,</strong></span> <span class='ocrx_word' id='word_1_809' title='bbox 2903 3808 3231 3879; x_wconf 84' lang='lat' dir='ltr'><strong>subjungeus</strong></span> <span class='ocrx_word' id='word_1_810' title='bbox 3259 3825 3271 3862; x_wconf 95' lang='lat'><strong>:</strong></span> <span class='ocrx_word' id='word_1_811' title='bbox 3306 3806 3406 3861; x_wconf 89' lang='lat' dir='ltr'><strong>Per</strong></span> <span class='ocrx_word' id='word_1_812' title='bbox 3439 3823 3585 3876; x_wconf 86' lang='lat' dir='ltr'><strong>quem</strong></span> <span class='ocrx_word' id='word_1_813' title='bbox 3610 3808 3727 3879; x_wconf 81' lang='lat' dir='ltr'><strong>fecit</strong></span> <span class='ocrx_word' id='word_1_814' title='bbox 3756 3816 3801 3860; x_wconf 87' lang='lat' dir='ltr'><strong>et</strong></span> 
     </span>
    </p>
   </div>
   <div class='ocr_carea' id='block_1_99' title="bbox 2224 3901 3796 3972">
    <p class='ocr_par' dir='ltr' id='par_1_99' title="bbox 2224 3901 3796 3972">
     <span class='ocr_line' id='line_1_99' title="bbox 2224 3901 3796 3972; baseline -0.003 -15"><span class='ocrx_word' id='word_1_815' title='bbox 2224 3904 2411 3958; x_wconf 82' lang='lat' dir='ltr'><strong>stecula</strong></span> <span class='ocrx_word' id='word_1_816' title='bbox 2430 3919 2449 3957; x_wconf 91' lang='lat'><strong><em>:</em></strong></span> <span class='ocrx_word' id='word_1_817' title='bbox 2476 3902 2669 3958; x_wconf 90' lang='lat' dir='ltr'><strong>deinde</strong></span> <span class='ocrx_word' id='word_1_818' title='bbox 2703 3903 2754 3956; x_wconf 92' lang='lat' dir='ltr'><strong>in</strong></span> <span class='ocrx_word' id='word_1_819' title='bbox 2771 3901 2970 3963; x_wconf 89' lang='lat' dir='ltr'><strong>altiori.</strong></span> <span class='ocrx_word' id='word_1_820' title='bbox 2988 3910 3044 3957; x_wconf 91' lang='lat' dir='ltr'><strong>et</strong></span> <span class='ocrx_word' id='word_1_821' title='bbox 3065 3910 3183 3971; x_wconf 91' lang='lat' dir='ltr'><strong>post</strong></span> <span class='ocrx_word' id='word_1_822' title='bbox 3204 3917 3360 3972; x_wconf 87' lang='lat' dir='ltr'><strong>quem</strong></span> <span class='ocrx_word' id='word_1_823' title='bbox 3377 3916 3482 3957; x_wconf 89' lang='lat' dir='ltr'><strong>non</strong></span> <span class='ocrx_word' id='word_1_824' title='bbox 3508 3910 3589 3956; x_wconf 90' lang='lat' dir='ltr'><strong>est</strong></span> <span class='ocrx_word' id='word_1_825' title='bbox 3616 3901 3753 3955; x_wconf 89' lang='lat' dir='ltr'><strong>alius</strong></span> <span class='ocrx_word' id='word_1_826' title='bbox 3782 3918 3796 3953; x_wconf 92' lang='lat'>:</span> 
     </span>
    </p>
   </div>
   <div class='ocr_carea' id='block_1_100' title="bbox 2232 3990 3795 4065">
    <p class='ocr_par' dir='ltr' id='par_1_100' title="bbox 2232 3990 3795 4065">
     <span class='ocr_line' id='line_1_100' title="bbox 2232 3990 3795 4065; baseline -0.002 -17"><span class='ocrx_word' id='word_1_827' title='bbox 2232 3993 2333 4061; x_wconf 88' lang='lat' dir='ltr'><strong>Qui</strong></span> <span class='ocrx_word' id='word_1_828' title='bbox 2356 4011 2471 4048; x_wconf 79' lang='lat' dir='ltr'><strong>cum</strong></span> <span class='ocrx_word' id='word_1_829' title='bbox 2496 3994 2561 4048; x_wconf 88' lang='lat' dir='ltr'><strong>sit</strong></span> <span class='ocrx_word' id='word_1_830' title='bbox 2586 3990 2827 4065; x_wconf 82' lang='lat' dir='ltr'><strong>splendor</strong></span> <span class='ocrx_word' id='word_1_831' title='bbox 2855 3993 3031 4064; x_wconf 78' lang='lat' dir='ltr'><strong>gloria:</strong></span> <span class='ocrx_word' id='word_1_832' title='bbox 3077 4003 3123 4047; x_wconf 90' lang='lat' dir='ltr'><strong>et</strong></span> <span class='ocrx_word' id='word_1_833' title='bbox 3153 3993 3321 4063; x_wconf 79' lang='lat' dir='ltr'><strong>ﬁgura</strong></span> <span class='ocrx_word' id='word_1_834' title='bbox 3348 3994 3642 4047; x_wconf 64' lang='lat' dir='ltr'><strong>substantia:</strong></span> <span class='ocrx_word' id='word_1_835' title='bbox 3668 3994 3795 4064; x_wconf 84' lang='lat' dir='ltr'><strong>ejus.</strong></span> 
     </span>
    </p>
   </div>
   <div class='ocr_carea' id='block_1_101' title="bbox 2226 4084 3798 4153">
    <p class='ocr_par' dir='ltr' id='par_1_101' title="bbox 2226 4084 3798 4153">
     <span class='ocr_line' id='line_1_101' title="bbox 2226 4084 3798 4153; baseline -0.004 -7"><span class='ocrx_word' id='word_1_836' title='bbox 2226 4085 2431 4146; x_wconf 74' lang='lat' dir='ltr'><strong>Revera</strong></span> <span class='ocrx_word' id='word_1_837' title='bbox 2454 4086 2683 4142; x_wconf 82' lang='lat' dir='ltr'><strong>duxitad</strong></span> <span class='ocrx_word' id='word_1_838' title='bbox 2702 4088 2870 4142; x_wconf 90' lang='lat' dir='ltr'><strong>lucem</strong></span> <span class='ocrx_word' id='word_1_839' title='bbox 2893 4085 3331 4149; x_wconf 82' lang='lat' dir='ltr'><strong>inaccessibilem,</strong></span> <span class='ocrx_word' id='word_1_840' title='bbox 3351 4086 3415 4139; x_wconf 88' lang='lat' dir='ltr'><strong>ad</strong></span> <span class='ocrx_word' id='word_1_841' title='bbox 3437 4086 3605 4153; x_wconf 88' lang='lat' dir='ltr'><strong>ipsum</strong></span> <span class='ocrx_word' id='word_1_842' title='bbox 3627 4084 3798 4153; x_wconf 90' lang='lat' dir='ltr'><strong>splen-</strong></span> 
     </span>
    </p>
   </div>
   <div class='ocr_carea' id='block_1_102' title="bbox 2226 4175 3795 4249">
    <p class='ocr_par' dir='ltr' id='par_1_102' title="bbox 2226 4175 3795 4249">
     <span class='ocr_line' id='line_1_102' title="bbox 2226 4175 3795 4249; baseline -0.003 -18"><span class='ocrx_word' id='word_1_843' title='bbox 2226 4176 2431 4233; x_wconf 90' lang='lat' dir='ltr'><strong>dorem.</strong></span> <span class='ocrx_word' id='word_1_844' title='bbox 2474 4178 2541 4233; x_wconf 87' lang='lat' dir='ltr'><strong>Et</strong></span> <span class='ocrx_word' id='word_1_845' title='bbox 2570 4180 2878 4249; x_wconf 81' lang='lat' dir='ltr'><strong>priusquam</strong></span> <span class='ocrx_word' id='word_1_846' title='bbox 2930 4176 3163 4232; x_wconf 65' lang='lat' dir='ltr'><strong>tenebrae</strong></span> <span class='ocrx_word' id='word_1_847' title='bbox 3199 4175 3475 4241; x_wconf 85' lang='lat' dir='ltr'><strong>accedant,</strong></span> <span class='ocrx_word' id='word_1_848' title='bbox 3520 4175 3642 4231; x_wconf 89' lang='lat' dir='ltr'><strong>vide</strong></span> <span class='ocrx_word' id='word_1_849' title='bbox 3668 4191 3795 4245; x_wconf 83' lang='lat' dir='ltr'><strong>qun-</strong></span> 
     </span>
    </p>
   </div>
   <div class='ocr_carea' id='block_1_103' title="bbox 2226 4264 3797 4335">
    <p class='ocr_par' dir='ltr' id='par_1_103' title="bbox 2226 4264 3797 4335">
     <span class='ocr_line' id='line_1_103' title="bbox 2226 4264 3797 4335; baseline -0.002 -13"><span class='ocrx_word' id='word_1_850' title='bbox 2226 4269 2387 4323; x_wconf 92' lang='lat' dir='ltr'><strong>modo</strong></span> <span class='ocrx_word' id='word_1_851' title='bbox 2404 4283 2585 4324; x_wconf 89' lang='lat' dir='ltr'><strong>rursus</strong></span> <span class='ocrx_word' id='word_1_852' title='bbox 2607 4285 2726 4324; x_wconf 86' lang='lat' dir='ltr'><strong>eum</strong></span> <span class='ocrx_word' id='word_1_853' title='bbox 2750 4268 2947 4324; x_wconf 90' lang='lat' dir='ltr'><strong>sensim</strong></span> <span class='ocrx_word' id='word_1_854' title='bbox 2970 4269 3217 4331; x_wconf 76' lang='lat' dir='ltr'><strong>demittit,</strong></span> <span class='ocrx_word' id='word_1_855' title='bbox 3239 4267 3419 4321; x_wconf 81' lang='lat' dir='ltr'><strong>dicens</strong></span> <span class='ocrx_word' id='word_1_856' title='bbox 3443 4283 3457 4320; x_wconf 90' lang='lat'><strong>:</strong></span> <span class='ocrx_word' id='word_1_857' title='bbox 3487 4264 3797 4335; x_wconf 86' lang='lat' dir='ltr'><strong>Portansquo</strong></span> 
     </span>
    </p>
   </div>
   <div class='ocr_carea' id='block_1_104' title="bbox 2225 4358 3796 4426">
    <p class='ocr_par' dir='ltr' id='par_1_104' title="bbox 2225 4358 3796 4426">
     <span class='ocr_line' id='line_1_104' title="bbox 2225 4358 3796 4426; baseline -0.004 -11"><span class='ocrx_word' id='word_1_858' title='bbox 2225 4361 2396 4415; x_wconf 88' lang='lat' dir='ltr'><strong>omnia</strong></span> <span class='ocrx_word' id='word_1_859' title='bbox 2437 4362 2583 4415; x_wconf 78' lang='lat' dir='ltr'><strong>verba</strong></span> <span class='ocrx_word' id='word_1_860' title='bbox 2632 4361 2830 4414; x_wconf 68' lang='lat' dir='ltr'><strong>virtutis</strong></span> <span class='ocrx_word' id='word_1_861' title='bbox 2874 4374 3000 4421; x_wconf 64' lang='lat' dir='ltr'><strong>sua,</strong></span> <span class='ocrx_word' id='word_1_862' title='bbox 3042 4375 3155 4411; x_wconf 87' lang='lat' dir='ltr'><strong>cum</strong></span> <span class='ocrx_word' id='word_1_863' title='bbox 3200 4374 3290 4426; x_wconf 86' lang='lat' dir='ltr'><strong>per</strong></span> <span class='ocrx_word' id='word_1_864' title='bbox 3339 4358 3557 4425; x_wconf 80' lang='lat' dir='ltr'><strong>seipsum</strong></span> <span class='ocrx_word' id='word_1_865' title='bbox 3604 4359 3796 4425; x_wconf 71' lang='lat' dir='ltr'><strong>fecisset</strong></span> 
     </span>
    </p>
   </div>
   <div class='ocr_carea' id='block_1_105' title="bbox 2222 4448 3795 4523">
    <p class='ocr_par' dir='ltr' id='par_1_105' title="bbox 2222 4448 3795 4523">
     <span class='ocr_line' id='line_1_105' title="bbox 2222 4448 3795 4523; baseline -0.003 -18"><span class='ocrx_word' id='word_1_866' title='bbox 2222 4453 2574 4523; x_wconf 83' lang='lat' dir='ltr'><strong>purgationem</strong></span> <span class='ocrx_word' id='word_1_867' title='bbox 2606 4463 2921 4521; x_wconf 86' lang='lat' dir='ltr'><strong>peccatorum</strong></span> <span class='ocrx_word' id='word_1_868' title='bbox 2951 4459 3258 4512; x_wconf 80' lang='lat' dir='ltr'><strong>nostrorum,</strong></span> <span class='ocrx_word' id='word_1_869' title='bbox 3289 4448 3415 4502; x_wconf 87' lang='lat' dir='ltr'><strong>sedit</strong></span> <span class='ocrx_word' id='word_1_870' title='bbox 3444 4448 3513 4501; x_wconf 91' lang='lat' dir='ltr'><strong>ad</strong></span> <span class='ocrx_word' id='word_1_871' title='bbox 3538 4448 3795 4501; x_wconf 76' lang='lat' dir='ltr'><strong>dexteram</strong></span> 
     </span>
    </p>
   </div>
   <div class='ocr_carea' id='block_1_106' title="bbox 2222 4538 3794 4611">
    <p class='ocr_par' dir='ltr' id='par_1_106' title="bbox 2222 4538 3794 4611">
     <span class='ocr_line' id='line_1_106' title="bbox 2222 4538 3794 4611; baseline -0.003 -18"><span class='ocrx_word' id='word_1_872' title='bbox 2222 4542 2520 4611; x_wconf 87' lang='lat' dir='ltr'><strong>majestatis.</strong></span> <span class='ocrx_word' id='word_1_873' title='bbox 2546 4542 2661 4597; x_wconf 87' lang='lat' dir='ltr'><strong>Non</strong></span> <span class='ocrx_word' id='word_1_874' title='bbox 2690 4542 2821 4596; x_wconf 86' lang='lat' dir='ltr'><strong>dixit</strong></span> <span class='ocrx_word' id='word_1_875' title='bbox 2849 4541 3109 4600; x_wconf 89' lang='lat' dir='ltr'><strong>absolute.</strong></span> <span class='ocrx_word' id='word_1_876' title='bbox 3140 4539 3308 4603; x_wconf 87' lang='lat' dir='ltr'><strong>Sedit,</strong></span> <span class='ocrx_word' id='word_1_877' title='bbox 3337 4538 3432 4593; x_wconf 91' lang='lat' dir='ltr'><strong>sed</strong></span> <span class='ocrx_word' id='word_1_878' title='bbox 3458 4538 3583 4593; x_wconf 87' lang='lat' dir='ltr'><strong>Post</strong></span> <span class='ocrx_word' id='word_1_879' title='bbox 3607 4554 3794 4607; x_wconf 78' lang='lat' dir='ltr'><strong>purga-</strong></span> 
     </span>
    </p>
   </div>
   <div class='ocr_carea' id='block_1_107' title="bbox 2221 4632 3793 4705">
    <p class='ocr_par' dir='ltr' id='par_1_107' title="bbox 2221 4632 3793 4705">
     <span class='ocr_line' id='line_1_107' title="bbox 2221 4632 3793 4705; baseline -0.004 -16"><span class='ocrx_word' id='word_1_880' title='bbox 2221 4636 2419 4690; x_wconf 92' lang='lat' dir='ltr'><strong>tionem</strong></span> <span class='ocrx_word' id='word_1_881' title='bbox 2465 4635 2622 4691; x_wconf 90' lang='lat' dir='ltr'><strong>sedit.</strong></span> <span class='ocrx_word' id='word_1_882' title='bbox 2656 4633 3019 4705; x_wconf 87' lang='lat' dir='ltr'><strong>Apprehendit</strong></span> <span class='ocrx_word' id='word_1_883' title='bbox 3057 4632 3199 4687; x_wconf 90' lang='lat' dir='ltr'><strong>enim</strong></span> <span class='ocrx_word' id='word_1_884' title='bbox 3248 4632 3665 4687; x_wconf 87' lang='lat' dir='ltr'><strong>incarnationem</strong></span> <span class='ocrx_word' id='word_1_885' title='bbox 3698 4649 3712 4685; x_wconf 90' lang='lat'><strong>:</strong></span> <span class='ocrx_word' id='word_1_886' title='bbox 3742 4638 3793 4684; x_wconf 87' lang='lat' dir='ltr'><strong>et</strong></span> 
     </span>
    </p>
   </div>
   <div class='ocr_carea' id='block_1_108' title="bbox 2218 4724 3793 4797">
    <p class='ocr_par' dir='ltr' id='par_1_108' title="bbox 2218 4724 3793 4797">
     <span class='ocr_line' id='line_1_108' title="bbox 2218 4724 3793 4797; baseline -0.003 -17"><span class='ocrx_word' id='word_1_887' title='bbox 2218 4741 2401 4781; x_wconf 92' lang='lat' dir='ltr'><strong>rursus</strong></span> <span class='ocrx_word' id='word_1_888' title='bbox 2430 4727 2661 4797; x_wconf 89' lang='lat' dir='ltr'><strong>loquitur</strong></span> <span class='ocrx_word' id='word_1_889' title='bbox 2686 4726 2927 4781; x_wconf 86' lang='lat' dir='ltr'><strong>humilia.</strong></span> <span class='ocrx_word' id='word_1_890' title='bbox 2960 4724 3159 4779; x_wconf 85' lang='lat' dir='ltr'><strong>Deinde</strong></span> <span class='ocrx_word' id='word_1_891' title='bbox 3189 4739 3372 4778; x_wconf 87' lang='lat' dir='ltr'><strong>rursus</strong></span> <span class='ocrx_word' id='word_1_892' title='bbox 3396 4740 3515 4778; x_wconf 84' lang='lat' dir='ltr'><strong>eum</strong></span> <span class='ocrx_word' id='word_1_893' title='bbox 3542 4738 3793 4791; x_wconf 79' lang='lat' dir='ltr'><strong>maguum</strong></span> 
     </span>
    </p>
   </div>
   <div class='ocr_carea' id='block_1_109' title="bbox 2219 4816 3785 4888">
    <p class='ocr_par' dir='ltr' id='par_1_109' title="bbox 2219 4816 3785 4888">
     <span class='ocr_line' id='line_1_109' title="bbox 2219 4816 3785 4888; baseline -0.001 -18"><span class='ocrx_word' id='word_1_894' title='bbox 2219 4818 2343 4886; x_wconf 87' lang='lat' dir='ltr'><strong>quid</strong></span> <span class='ocrx_word' id='word_1_895' title='bbox 2380 4828 2524 4873; x_wconf 91' lang='lat' dir='ltr'><strong>esset</strong></span> <span class='ocrx_word' id='word_1_896' title='bbox 2551 4820 2819 4888; x_wconf 84' lang='lat' dir='ltr'><strong>loquutus,</strong></span> <span class='ocrx_word' id='word_1_897' title='bbox 2852 4817 2930 4870; x_wconf 83' lang='lat' dir='ltr'><strong>Ad</strong></span> <span class='ocrx_word' id='word_1_898' title='bbox 2958 4817 3215 4871; x_wconf 68' lang='lat' dir='ltr'><strong>dexteram</strong></span> <span class='ocrx_word' id='word_1_899' title='bbox 3261 4816 3425 4881; x_wconf 87' lang='lat' dir='ltr'><strong>enim,</strong></span> <span class='ocrx_word' id='word_1_900' title='bbox 3455 4816 3644 4885; x_wconf 89' lang='lat' dir='ltr'><strong>inquit,</strong></span> <span class='ocrx_word' id='word_1_901' title='bbox 3676 4832 3785 4869; x_wconf 87' lang='lat' dir='ltr'><strong>ma-</strong></span> 
     </span>
    </p>
   </div>
   <div class='ocr_carea' id='block_1_110' title="bbox 2214 4909 3785 4981">
    <p class='ocr_par' dir='ltr' id='par_1_110' title="bbox 2214 4909 3785 4981">
     <span class='ocr_line' id='line_1_110' title="bbox 2214 4909 3785 4981; baseline -0.001 -18"><span class='ocrx_word' id='word_1_902' title='bbox 2214 4911 2412 4981; x_wconf 76' lang='lat' dir='ltr'><strong>iestatis</strong></span> <span class='ocrx_word' id='word_1_903' title='bbox 2436 4912 2487 4965; x_wconf 87' lang='lat' dir='ltr'><strong>in</strong></span> <span class='ocrx_word' id='word_1_904' title='bbox 2514 4910 2745 4976; x_wconf 75' lang='lat' dir='ltr'><strong>excelsis,</strong></span> <span class='ocrx_word' id='word_1_905' title='bbox 2776 4912 3059 4965; x_wconf 86' lang='lat' dir='ltr'><strong>revertitur</strong></span> <span class='ocrx_word' id='word_1_906' title='bbox 3086 4909 3152 4964; x_wconf 82' lang='lat' dir='ltr'><strong>ad</strong></span> <span class='ocrx_word' id='word_1_907' title='bbox 3185 4911 3234 4965; x_wconf 93' lang='lat' dir='ltr'><strong>id</strong></span> <span class='ocrx_word' id='word_1_908' title='bbox 3261 4909 3401 4980; x_wconf 87' lang='lat' dir='ltr'><strong>quod</strong></span> <span class='ocrx_word' id='word_1_909' title='bbox 3428 4918 3511 4963; x_wconf 90' lang='lat' dir='ltr'><strong>est</strong></span> <span class='ocrx_word' id='word_1_910' title='bbox 3540 4909 3739 4963; x_wconf 87' lang='lat' dir='ltr'><strong>humile</strong></span> <span class='ocrx_word' id='word_1_911' title='bbox 3772 4928 3785 4961; x_wconf 86' lang='lat'><strong>:</strong></span> 
     </span>
    </p>
   </div>
   <div class='ocr_carea' id='block_1_111' title="bbox 2215 5000 3795 5074">
    <p class='ocr_par' dir='ltr' id='par_1_111' title="bbox 2215 5000 3795 5074">
     <span class='ocr_line' id='line_1_111' title="bbox 2215 5000 3795 5074; baseline -0.002 -18"><span class='ocrx_word' id='word_1_912' title='bbox 2215 5003 2381 5058; x_wconf 87' lang='lat' dir='ltr'><strong>Tanto</strong></span> <span class='ocrx_word' id='word_1_913' title='bbox 2427 5006 2607 5059; x_wconf 87' lang='lat' dir='ltr'><strong>melior</strong></span> <span class='ocrx_word' id='word_1_914' title='bbox 2644 5005 2839 5074; x_wconf 85' lang='lat' dir='ltr'><strong>angelis</strong></span> <span class='ocrx_word' id='word_1_915' title='bbox 2882 5008 3071 5074; x_wconf 82' lang='lat' dir='ltr'><strong>factus,</strong></span> <span class='ocrx_word' id='word_1_916' title='bbox 3101 5014 3287 5071; x_wconf 88' lang='lat' dir='ltr'><strong>quanto</strong></span> <span class='ocrx_word' id='word_1_917' title='bbox 3333 5000 3648 5067; x_wconf 73' lang='lat' dir='ltr'><strong>cli/Terentius</strong></span> <span class='ocrx_word' id='word_1_918' title='bbox 3687 5015 3795 5070; x_wconf 60' lang='lat' dir='ltr'><strong>pro:</strong></span> 
     </span>
    </p>
   </div>
   <div class='ocr_carea' id='block_1_112' title="bbox 2216 5090 3790 5163">
    <p class='ocr_par' dir='ltr' id='par_1_112' title="bbox 2216 5090 3790 5163">
     <span class='ocr_line' id='line_1_112' title="bbox 2216 5090 3790 5163; baseline -0.002 -18"><span class='ocrx_word' id='word_1_919' title='bbox 2216 5094 2321 5147; x_wconf 86' lang='lat' dir='ltr'><strong>illis</strong></span> <span class='ocrx_word' id='word_1_920' title='bbox 2348 5110 2530 5147; x_wconf 87' lang='lat' dir='ltr'><strong>nomen</strong></span> <span class='ocrx_word' id='word_1_921' title='bbox 2575 5094 2887 5148; x_wconf 85' lang='lat' dir='ltr'><strong>hereditaoit.</strong></span> <span class='ocrx_word' id='word_1_922' title='bbox 2932 5093 3027 5147; x_wconf 91' lang='lat' dir='ltr'><strong>llic</strong></span> <span class='ocrx_word' id='word_1_923' title='bbox 3068 5092 3321 5163; x_wconf 83' lang='lat' dir='ltr'><strong>deinceps</strong></span> <span class='ocrx_word' id='word_1_924' title='bbox 3359 5091 3590 5161; x_wconf 89' lang='lat' dir='ltr'><strong>loquitur</strong></span> <span class='ocrx_word' id='word_1_925' title='bbox 3627 5090 3695 5145; x_wconf 90' lang='lat' dir='ltr'><strong>de</strong></span> <span class='ocrx_word' id='word_1_926' title='bbox 3723 5106 3790 5145; x_wconf 90' lang='lat' dir='ltr'><strong>co</strong></span> 
     </span>
    </p>
   </div>
   <div class='ocr_carea' id='block_1_113' title="bbox 2217 5179 3785 5253">
    <p class='ocr_par' dir='ltr' id='par_1_113' title="bbox 2217 5179 3785 5253">
     <span class='ocr_line' id='line_1_113' title="bbox 2217 5179 3785 5253; baseline -0.003 -18"><span class='ocrx_word' id='word_1_927' title='bbox 2217 5183 2357 5253; x_wconf 90' lang='lat' dir='ltr'><strong>quod</strong></span> <span class='ocrx_word' id='word_1_928' title='bbox 2389 5185 2621 5251; x_wconf 76' lang='lat' dir='ltr'><strong>pertinet</strong></span> <span class='ocrx_word' id='word_1_929' title='bbox 2644 5184 2709 5238; x_wconf 88' lang='lat' dir='ltr'><strong>ad</strong></span> <span class='ocrx_word' id='word_1_930' title='bbox 2740 5199 2979 5237; x_wconf 77' lang='lat' dir='ltr'><strong>carnem.</strong></span> <span class='ocrx_word' id='word_1_931' title='bbox 3012 5182 3144 5237; x_wconf 89' lang='lat' dir='ltr'><strong>Illud</strong></span> <span class='ocrx_word' id='word_1_932' title='bbox 3173 5182 3337 5246; x_wconf 89' lang='lat' dir='ltr'><strong>enim,</strong></span> <span class='ocrx_word' id='word_1_933' title='bbox 3370 5179 3563 5234; x_wconf 84' lang='lat' dir='ltr'><strong>Factus</strong></span> <span class='ocrx_word' id='word_1_934' title='bbox 3588 5180 3785 5243; x_wconf 74' lang='lat' dir='ltr'><strong>melior,</strong></span> 
     </span>
    </p>
   </div>
   <div class='ocr_carea' id='block_1_114' title="bbox 2217 5272 3786 5345">
    <p class='ocr_par' dir='ltr' id='par_1_114' title="bbox 2217 5272 3786 5345">
     <span class='ocr_line' id='line_1_114' title="bbox 2217 5272 3786 5345; baseline 0.001 -20"><span class='ocrx_word' id='word_1_935' title='bbox 2217 5282 2493 5342; x_wconf 80' lang='lat' dir='ltr'><strong>paternam</strong></span> <span class='ocrx_word' id='word_1_936' title='bbox 2543 5290 2648 5329; x_wconf 91' lang='lat' dir='ltr'><strong>non</strong></span> <span class='ocrx_word' id='word_1_937' title='bbox 2698 5272 2959 5345; x_wconf 79' lang='lat' dir='ltr'><strong>signiﬁcat</strong></span> <span class='ocrx_word' id='word_1_938' title='bbox 3000 5274 3322 5337; x_wconf 87' lang='lat' dir='ltr'><strong>essentiam;</strong></span> <span class='ocrx_word' id='word_1_939' title='bbox 3374 5273 3459 5326; x_wconf 92' lang='lat' dir='ltr'><strong>illa</strong></span> <span class='ocrx_word' id='word_1_940' title='bbox 3508 5273 3649 5326; x_wconf 80' lang='lat' dir='ltr'><strong>enim</strong></span> <span class='ocrx_word' id='word_1_941' title='bbox 3684 5289 3786 5325; x_wconf 88' lang='lat' dir='ltr'><strong>nutt</strong></span> 
     </span>
    </p>
   </div>
   <div class='ocr_carea' id='block_1_115' title="bbox 2217 5366 3783 5438">
    <p class='ocr_par' dir='ltr' id='par_1_115' title="bbox 2217 5366 3783 5438">
     <span class='ocr_line' id='line_1_115' title="bbox 2217 5366 3783 5438; baseline -0.001 -20"><span class='ocrx_word' id='word_1_942' title='bbox 2217 5368 2373 5432; x_wconf 82' lang='lat' dir='ltr'><strong>laeta,</strong></span> <span class='ocrx_word' id='word_1_943' title='bbox 2413 5368 2504 5421; x_wconf 90' lang='lat' dir='ltr'><strong>sed</strong></span> <span class='ocrx_word' id='word_1_944' title='bbox 2536 5367 2711 5438; x_wconf 90' lang='lat' dir='ltr'><strong>genita</strong></span> <span class='ocrx_word' id='word_1_945' title='bbox 2741 5376 2822 5422; x_wconf 89' lang='lat' dir='ltr'><strong>est</strong></span> <span class='ocrx_word' id='word_1_946' title='bbox 2852 5383 2866 5423; x_wconf 88' lang='lat'><strong>:</strong></span> <span class='ocrx_word' id='word_1_947' title='bbox 2900 5366 2992 5422; x_wconf 89' lang='lat' dir='ltr'><strong>sed</strong></span> <span class='ocrx_word' id='word_1_948' title='bbox 3020 5367 3288 5422; x_wconf 87' lang='lat' dir='ltr'><strong>carnalem</strong></span> <span class='ocrx_word' id='word_1_949' title='bbox 3322 5366 3642 5429; x_wconf 87' lang='lat' dir='ltr'><strong>essentiam;</strong></span> <span class='ocrx_word' id='word_1_950' title='bbox 3673 5366 3783 5434; x_wconf 80' lang='lat' dir='ltr'><strong>ipsa</strong></span> 
     </span>
    </p>
   </div>
   <div class='ocr_carea' id='block_1_116' title="bbox 2221 5456 3788 5525">
    <p class='ocr_par' dir='ltr' id='par_1_116' title="bbox 2221 5456 3788 5525">
     <span class='ocr_line' id='line_1_116' title="bbox 2221 5456 3788 5525; baseline -0.001 -16"><span class='ocrx_word' id='word_1_951' title='bbox 2221 5457 2361 5509; x_wconf 88' lang='lat' dir='ltr'><strong>enim</strong></span> <span class='ocrx_word' id='word_1_952' title='bbox 2389 5466 2468 5509; x_wconf 71' lang='lat' dir='ltr'><strong>est</strong></span> <span class='ocrx_word' id='word_1_953' title='bbox 2498 5456 2653 5511; x_wconf 80' lang='lat' dir='ltr'><strong>facta.</strong></span> <span class='ocrx_word' id='word_1_954' title='bbox 2679 5457 2780 5511; x_wconf 77' lang='lat' dir='ltr'><strong>Sed</strong></span> <span class='ocrx_word' id='word_1_955' title='bbox 2808 5471 2913 5511; x_wconf 91' lang='lat' dir='ltr'><strong>non</strong></span> <span class='ocrx_word' id='word_1_956' title='bbox 2939 5472 3081 5510; x_wconf 85' lang='lat' dir='ltr'><strong>nunc</strong></span> <span class='ocrx_word' id='word_1_957' title='bbox 3107 5458 3279 5525; x_wconf 83' lang='lat' dir='ltr'><strong>agitur</strong></span> <span class='ocrx_word' id='word_1_958' title='bbox 3306 5456 3373 5511; x_wconf 89' lang='lat' dir='ltr'><strong>de</strong></span> <span class='ocrx_word' id='word_1_959' title='bbox 3402 5468 3629 5511; x_wconf 78' lang='lat' dir='ltr'><strong>essentia</strong></span> <span class='ocrx_word' id='word_1_960' title='bbox 3654 5472 3668 5522; x_wconf 90' lang='lat'><strong>;</strong></span> <span class='ocrx_word' id='word_1_961' title='bbox 3698 5457 3788 5509; x_wconf 74' lang='lat' dir='ltr'><strong>sed</strong></span> 
     </span>
    </p>
   </div>
   <div class='ocr_carea' id='block_1_117' title="bbox 2222 5546 3787 5618">
    <p class='ocr_par' dir='ltr' id='par_1_117' title="bbox 2222 5546 3787 5618">
     <span class='ocr_line' id='line_1_117' title="bbox 2222 5546 3787 5618; baseline -0.001 -19"><span class='ocrx_word' id='word_1_962' title='bbox 2222 5547 2361 5600; x_wconf 89' lang='lat' dir='ltr'><strong>sicut</strong></span> <span class='ocrx_word' id='word_1_963' title='bbox 2387 5546 2622 5602; x_wconf 84' lang='lat' dir='ltr'><strong>Joannes</strong></span> <span class='ocrx_word' id='word_1_964' title='bbox 2650 5546 2865 5611; x_wconf 88' lang='lat' dir='ltr'><strong>dicens,</strong></span> <span class='ocrx_word' id='word_1_965' title='bbox 2892 5547 2992 5614; x_wconf 90' lang='lat' dir='ltr'><strong>Qui</strong></span> <span class='ocrx_word' id='word_1_966' title='bbox 3018 5558 3128 5615; x_wconf 87' lang='lat' dir='ltr'><strong>post</strong></span> <span class='ocrx_word' id='word_1_967' title='bbox 3166 5566 3243 5601; x_wconf 89' lang='lat' dir='ltr'><strong>me</strong></span> <span class='ocrx_word' id='word_1_968' title='bbox 3270 5550 3403 5602; x_wconf 76' lang='lat' dir='ltr'><strong>venit</strong></span> <span class='ocrx_word' id='word_1_969' title='bbox 3422 5590 3435 5611; x_wconf 94' lang='lat'><strong>,</strong></span> <span class='ocrx_word' id='word_1_970' title='bbox 3468 5558 3585 5601; x_wconf 86' lang='lat' dir='ltr'><strong>ante</strong></span> <span class='ocrx_word' id='word_1_971' title='bbox 3609 5564 3688 5601; x_wconf 86' lang='lat' dir='ltr'><strong>me</strong></span> <span class='ocrx_word' id='word_1_972' title='bbox 3714 5550 3787 5618; x_wconf 75' lang='lat' dir='ltr'><strong>fo-</strong></span> 
     </span>
    </p>
   </div>
   <div class='ocr_carea' id='block_1_118' title="bbox 2225 5638 3787 5708">
    <p class='ocr_par' dir='ltr' id='par_1_118' title="bbox 2225 5638 3787 5708">
     <span class='ocr_line' id='line_1_118' title="bbox 2225 5638 3787 5708; baseline 0.003 -19"><span class='ocrx_word' id='word_1_973' title='bbox 2225 5648 2334 5691; x_wconf 85' lang='lat' dir='ltr'><strong>ctus</strong></span> <span class='ocrx_word' id='word_1_974' title='bbox 2366 5649 2459 5705; x_wconf 85' lang='lat' dir='ltr'><strong>est,</strong></span> <span class='ocrx_word' id='word_1_975' title='bbox 2489 5640 2608 5705; x_wconf 86' lang='lat' dir='ltr'><strong>quia</strong></span> <span class='ocrx_word' id='word_1_976' title='bbox 2633 5648 2704 5691; x_wconf 86' lang='lat' dir='ltr'><strong>est</strong></span> <span class='ocrx_word' id='word_1_977' title='bbox 2742 5639 2882 5706; x_wconf 82' lang='lat' dir='ltr'><strong>prior</strong></span> <span class='ocrx_word' id='word_1_978' title='bbox 2912 5638 3089 5708; x_wconf 90' lang='lat' dir='ltr'><strong>(Joan.</strong></span> <span class='ocrx_word' id='word_1_979' title='bbox 3118 5639 3301 5706; x_wconf 65' lang='lat'><strong>1.1-5),</strong></span> <span class='ocrx_word' id='word_1_980' title='bbox 3324 5639 3372 5691; x_wconf 90' lang='lat' dir='ltr'><strong>id</strong></span> <span class='ocrx_word' id='word_1_981' title='bbox 3407 5638 3621 5702; x_wconf 79' lang='lat' dir='ltr'><strong>iudicat,</strong></span> <span class='ocrx_word' id='word_1_982' title='bbox 3649 5638 3787 5708; x_wconf 83' lang='lat' dir='ltr'><strong>quod</strong></span> 
     </span>
    </p>
   </div>
   <div class='ocr_carea' id='block_1_119' title="bbox 2298 5761 3688 5837">
    <p class='ocr_par' dir='ltr' id='par_1_119' title="bbox 2298 5761 3688 5837">
     <span class='ocr_line' id='line_1_119' title="bbox 2298 5761 3688 5837; baseline -0.007 -14"><span class='ocrx_word' id='word_1_983' title='bbox 2298 5774 2371 5837; x_wconf 79' lang='grc' dir='ltr'><strong>(α)</strong></span> <span class='ocrx_word' id='word_1_984' title='bbox 2394 5771 2499 5823; x_wconf 81' lang='lat' dir='ltr'><strong>iluc</strong></span> <span class='ocrx_word' id='word_1_985' title='bbox 2522 5772 2698 5823; x_wconf 83' lang='lat' dir='ltr'><strong>desinit</strong></span> <span class='ocrx_word' id='word_1_986' title='bbox 2726 5768 2915 5819; x_wconf 84' lang='lat' dir='ltr'><strong>hetnilia</strong></span> <span class='ocrx_word' id='word_1_987' title='bbox 2940 5767 3090 5831; x_wconf 83' lang='lat' dir='ltr'><strong>prima</strong></span> <span class='ocrx_word' id='word_1_988' title='bbox 3114 5768 3159 5817; x_wconf 88' lang='lat' dir='ltr'><strong>iu</strong></span> <span class='ocrx_word' id='word_1_989' title='bbox 3196 5762 3369 5815; x_wconf 75' lang='lat' dir='ltr'><strong>Codice</strong></span> <span class='ocrx_word' id='word_1_990' title='bbox 3393 5761 3688 5814; x_wconf 61' lang='lat' dir='ltr'><strong>Colliertiuo.</strong></span> 
     </span>
    </p>
   </div>
  </div>
