4112 6344
542 370 611 429 17
1316 352 1373 408 S.
1412 346 1698 407 JOANNIS
1736 339 2222 401 CIIRYSOSTUMI
2262 337 2581 396 ARCHIEP.
2624 323 3175 394 CONSTANTINOP.
3739 323 3806 380 18

539 487 730 555 Λόγος,
762 482 849 535 ἀεὶ
902 473 1067 548 εἶχεν,
1099 474 1198 545 οὐχ
1230 472 1454 542 ὕστερον
1485 465 1946 537 ἐκληρονόμησεν,
1991 460 2109 515 οὐδὲ

533 583 656 634 τότε
711 577 819 630 τῶν
873 571 1118 641 ἀγγέλων
1186 565 1448 637 κρείττων
1500 563 1735 630 ἐγένετο,
1784 561 1871 613 ὅτε
1932 557 2107 612 καθοι⁴

2220 461 2364 513 ποιεῖ
2401 460 2494 513 καὶ
2536 457 2966 526 καταγέλαστον,
3001 448 3098 504 καὶ
3137 444 3303 498 πᾶσιν
3336 440 3529 512 ἐχθρὸν
3580 437 3678 493 καὶ
3713 454 3808 493 πο-

2213 552 2424 621 λέμιον.
2473 550 2532 604 Ὁ
2568 549 2784 620 ὀργίλος
2818 544 2984 600 πάλιν
3026 540 3292 611 πρότερον
3324 532 3517 588 ἑαυτὸν
3545 532 3810 601 τιμωρεῖ-

538 622 1239 743 36131342901100;
1275 657 1432 727 ήμῶν
1491 622 1801 725 ἐποιήσατο,
1864 652 1981 743 ἀλλξ
2024 644 2113 743 ἀελ
2211 661 2304 743 ται
2329 640 2677 743 σπαράττων,
2702 640 2799 743 καὶ
2822 637 2949 743 τότε
2978 622 3811 743 ἐκεῖνον,ώῌόργίξῗαιζὲῦτές

533 740 803 834 κρείττων
830 751 922 828 ἦν,
949 754 1042 808 καὶ
1074 747 1337 822 κρεῖττων
1362 746 1731 816 ἀσυγκρίτως.
1769 743 1907 813 Περὶ
1936 742 1992 795 δὲ
2018 740 2113 796 τοῦ

533 832 680 909 κατὰ
707 852 885 921 σάρκα
910 845 1065 901 τοῦτο
1094 844 1327 915 εἴρηται.
1358 839 1514 894 Οῦτω
1537 838 1670 907 γοῦν
1708 837 1805 889 καὶ
1835 836 1967 906 ἡμῖν
1996 832 2116 897 ἔθος

535 962 603 999 πε
614 944 667 1015 ρί
688 939 976 1012 ἀνθρώπου
997 931 1428 1005 διαλεγομένοις,
1451 930 1545 983 καὶ
1565 926 1744 998 ὑψηλά
1769 926 1863 979 καὶ
1883 922 2117 1015 ταπεινά

536 1014 892 1106 φθέγγεσθαι.
911 1031 1082 1083 Ὅταν
1118 1026 1219 1098 μὲν
1249 1024 1358 1096 γὰρ
1387 1022 1658 1092 λέγωμεν,
1687 1016 1854 1073 Οὐδὲν
1900 1014 2115 1086 ἀνθρω-

536 1145 658 1192 πος,
694 1127 767 1197 γῆ
804 1123 1112 1194 ἄνθρωπος,
1151 1117 1345 1181 σποδὸς
1387 1114 1694 1186 ἄνθρωπος,
1730 1110 1839 1164 ἀπὸ
1870 1108 1966 1163 τοῦ
2005 1107 2119 1179 χεί-

541 1236 693 1291 ρονος
728 1217 790 1272 16
812 1214 921 1270 πᾶν
943 1211 1217 1283 καλοῦμεν
1238 1228 1252 1243 ·
1275 1211 1403 1263 ὅταν
1432 1208 1489 1261 δὲ
1522 1206 1797 1276 λέγωμεν,
1824 1202 2118 1256 Ἀθάνατον

537 1310 677 1374 ζῶον
714 1310 743 1362 6
768 1307 1075 1382 ἄνθρωπος,
1124 1302 1219 1356 καὶ
1264 1298 1481 1380 λογικὸς
1508 1298 1535 1351 ό
1575 1296 1881 1367 ἄνθρωπος,
1913 1295 2007 1348 καὶ
2037 1294 2119 1347 ὃτι

535 1400 645 1455 τῶν
665 1398 778 1454 ἀνω
812 1395 1103 1464 συγγενὴς,
1135 1391 1243 1446 ἀπὸ
1268 1389 1359 1444 τοῦ
1390 1387 1700 1459 κρείττονος
1729 1387 1789 1440 16
1819 1388 1926 1439 πᾶν
1958 1385 2119 1439 πάλιν

537 1488 833 1561 καλοῦμεν.
876 1486 1033 1541 Οῦτω
1074 1484 1169 1537 καὶ
1216 1485 1349 1552 περ)⁸
1396 1479 1490 1533 τοῦ
1529 1478 1789 1549 Χριστοῦ,
1842 1476 1975 1529 ποτε
2022 1476 2119 1544 μὲν

537 1581 648 1635 ἀπὸ
677 1579 770 1635 τοῦ
807 1578 1111 1640 ἐλάττονος,
1146 1573 1278 1626 ποτὲ
1305 1570 1362 1624 δὲ
1392 1568 1501 1623 ἀπὸ
1532 1569 1625 1622 τοῦ
1665 1569 1973 1639 κρείττονος
2006 1566 2119 1619 δια-

536 1671 755 1741 λέγεται
779 1670 809 1723 ό
841 1666 1073 1729 Παῦλος,
1122 1664 1216 1717 καὶ
1244 1661 1342 1733 τὴν
1367 1660 1681 1730 οἰκονομίαν
1704 1659 1969 1729 συστῆσαι
1998 1659 2123 1730 βου.

536 1762 785 1836 λόμενος,
820 1760 918 1815 καί⁷
946 1758 1076 1830 περὶ
1108 1756 1203 1827 τῆς
1232 1755 1513 1824 ἀκηράτου
1536 1751 1743 1819 διδάξαι
1774 1749 2011 1820 φύσεως.

608 1936 679 2006 7'.
724 1936 881 1991 Ἐπεὶ
929 1930 1022 1991 οῦν
1067 1934 1416 2008 καθαρισμὸν
1446 1933 1669 2005 ἐποίησε
1709 1932 1815 1987 τῶν
1835 1929 2120 2003 ἁμαρτιῶν

538 2030 718 2100 ἡμῶν,
760 2029 1014 2100 μένωμεν
1063 2027 1317 2099 καθαροὶ,
1365 2026 1457 2080 καὶ
1515 2026 1788 2097 μηδεμίαν
1836 2021 2120 2094 δεξώμεθα

539 2121 753 2193 κηλῖδα,
773 2120 906 2175 ἀλλά
928 2120 989 2175 16
1005 2118 1221 2184 κάλλος,
1242 2120 1523 2191 ὄπερήμῖν
1546 2118 1791 2189 ἐνέθηκε,
1818 2114 2121 2186 καίτὴνεύ-

540 2211 810 2284 πρέπειαν
829 2210 1213 2282 διαφυλάττειν
1235 2210 1376 2265 οὕτω
1406 2209 1798 2287 σπουδάζωμεν
1823 2207 2122 2279 ἀμόλυντον

538 2303 638 2359 καὶ
657 2302 1080 2375 καθαρὰν,ὦστε
1110 2302 1315 2375 μηδένα
1346 2301 1533 2355 σπῖλον
1564 2299 1710 2373 ἔχειν
1738 2299 1770 2369 ἢ
1791 2298 2001 2370 ῥυτίδα,
2020 2297 2121 2366 ἦτι

537 2394 652 2451 τῶν
672 2394 949 2451 τοιούτων.
985 2394 1183 2458 Σπίλος
1220 2392 1331 2465 γάρ
1355 2393 1471 2447 ἐστι
1499 2393 1594 2447 καὶ
1623 2391 1777 2463 ῤυίς
1812 2391 1908 2445 καὶ
1938 2389 2006 2443 16
2031 2405 2122 2459 μισ

539 2486 655 2559 κρά
680 2486 788 2542 τῶν
808 2485 1240 2557 ἁμαρτημάτων*
1263 2479 1374 2540 οἷόν
1395 2502 1446 2539 τι
1467 2486 1631 2553 λέγω,
1654 2481 1910 2552 λοιδορία,
1942 2479 2122 2552 ὕϐρις,

537 2576 754 2648 ψεῦδος·
785 2566 987 2648 μᾶλλον
1017 2575 1073 2629 δὲ
1097 2576 1220 2631 οὐδὲ
1242 2574 1415 2631 ταῦτα
1452 2574 1650 2646 μικρά,
1693 2572 1830 2627 ἀλλά
1861 2571 1955 2625 καὶ
1987 2568 2121 2639 σφό-

536 2667 639 2740 δρα
663 2668 897 2741 μιγάλα,
926 2667 1019 2723 καὶ
1046 2666 1192 2722 οὕτω
1224 2667 1458 2739 μεγάλα,
1486 2666 1562 2730 ώς
1585 2665 1682 2719 καὶ
1712 2664 1811 2735 τῆς
1842 2660 2119 2733 βασιλείας

536 2763 861 2836 ἀποστερεῖν
886 2761 996 2817 τῶν
1044 2761 1311 2835 οὐρανῶν.
1348 2760 1474 2826 Πῶς
1508 2761 1602 2815 καὶ
1621 2760 1727 2814 τίνι
1776 2758 2000 2830 τρόπῳ;
2060 2755 2121 2809 '0

536 2853 721 2909 καλῶν
744 2854 837 2910 τὸν
887 2854 1118 2925 ἀδελφὺν
1148 2852 1316 2907 αὐτοῦ
1349 2852 1554 2924 μωρὸν,
1606 2851 1790 2922 ἔνοχός
1840 2851 1979 2915 ἐστιν
2018 2866 2122 2921 φη·

541 2947 648 3009 σὶν.
677 2947 758 3010 εἰς
786 2947 887 3017 τὴν
923 2945 1150 3017 γέενναν
1186 2947 1282 2999 τοῦ
1318 2946 1509 3017 πυρός.
1550 2942 1613 2999 Εἰ
1644 2944 1699 2997 δὲ
1732 2946 1761 2998 ό
1802 2942 1985 3015 μωρὸν
2017 2959 2120 2996 κα-

537 3037 671 3103 λῶν,
700 3037 732 3094 6
768 3038 1171 3095 δοκεῖ’πάντων
1204 3035 1343 3093 εἶναι
1392 3037 1741 3110 κουφότερον,
1776 3036 1873 3090 καὶ
1911 3035 2119 3089 παίδων

537 3127 746 3199 ὁμιλία·
776 3131 805 3183 ό
838 3128 1087 3200 κακοήθη
1117 3127 1301 3183 καλῶν
1326 3126 1421 3182 καὶ
1448 3128 1761 3198 κακοῦργον
1784 3126 1879 3181 καὶ
1909 3125 2119 3197 βάσκα-

539 3240 653 3290 νον,
684 3222 780 3279 καὶ
813 3222 1027 3295 μυρίοις
1066 3223 1279 3295 ἑτέροις
1320 3222 1531 3293 βάλλων
1562 3222 1826 3287 ὀνείδεσι,
1854 3220 1979 3275 τίνα
2019 3219 2118 3291 οὐχ

539 3313 908 3385 ύποστήσεται
945 3313 1221 3377 κολάσεως
1248 3314 1434 3385 δίκην;
1461 3313 1512 3367 τί
1538 3312 1975 3384 φρικωδέστερον
1995 3301 2119 3365 106-

537 3420 669 3472 100;
704 3405 841 3460 Ἀλλ’
864 3406 1185 3477 ἀνάσχεσθε,
1222 3404 1547 3478 παρακαλῶ,
1578 3404 1673 3460 τοῦ
1704 3404 1882 3474 λόγου.
1919 3403 1983 3457 Εἰ
2011 3402 2118 3475 γὰρ

531 3495 569 3550 ό
616 3496 784 3551 ποιῶν
817 3497 901 3552 ένὶ
934 3497 1044 3553 τῶν
1072 3496 1395 3569 ἐλαχίστων,
1430 3497 1580 3567 αὐτῷ
1617 3499 1797 3565 ποιεῖ,
1832 3495 1928 3551 καί
1973 3498 2001 3551 ό
2041 3497 2117 3568 μὴ

539 3589 713 3643 ποιῶν
739 3590 820 3644 ἑνὶ
853 3587 970 3662 [10]
998 3589 1106 3644 τῶν
1134 3590 1455 3660 ἑλαχίστων,
1495 3588 1643 3660 αὐτῷ
1677 3590 1738 3641 οὐ
1772 3590 1953 3642 ποιεῖ·
1995 3588 2116 3652 πῶς

538 3682 662 3753 οὐχὶ
691 3682 789 3736 καὶ
816 3682 909 3735 ἐπὶ
936 3682 1036 3753 τῆς
1064 3681 1364 3752 εὐφημίας,
1399 3682 1494 3735 καὶ
1524 3683 1617 3735 ἐπὶ
1646 3682 1747 3751 τῆς
1782 3681 2119 3752 κατηγορίας

539 3771 734 3827 ταύτόν
763 3772 948 3839 ὲστινς
1008 3771 1068 3826 Ὅ
1104 3771 1346 3842 ὑϐρίζων
1375 3770 1484 3843 769
1518 3773 1610 3826 τὸν
1648 3771 1879 3840 ἀδελφὸν
1908 3771 2073 3824 αὐτοῦ
2099 3812 2115 3836 ,

537 3863 631 3919 τὸν
659 3862 791 3919 Θεδν
824 3862 1016 3936 ὕϐρισε
1041 3878 1057 3896 ·
1106 3864 1204 3919 καὶ
1243 3865 1273 3919 6
1323 3863 1500 3934 τιμῶν
1536 3864 1628 3918 τὸν
1664 3862 1891 3934 ἀδελφὸν
1918 3862 2080 3917 αὐτοῦ
2100 3903 2114 3929 ,

538 3954 634 4011 τὸν
656 3954 788 4011 Θεὸν
812 3958 967 4027 τιμᾷ.

607 4108 672 4163 δ’.
715 4106 1070 4180 Παιδεύωμεν
1096 4103 1189 4164 οὖν
1232 4108 1334 4181 τὴν
1384 4109 1631 4179 γλῶτταν
1676 4110 1922 4182 εὐφημον
1952 4109 2113 4167 εἶναι·

540 4196 792 4252 Παῦσον
821 4197 951 4269 γὰρ,
989 4197 1278 4269 φησί,τὴν
1299 4197 1587 4268 γλῶσσάν
1610 4213 1727 4254 σου
1755 4201 1873 4255 ἀπὸ
1902 4200 2113 4257 κακοῦ.

540 4289 617 4345 Οὐ
632 4290 740 4361 γὰρ
766 4288 855 4343 διά
882 4289 1042 4344 τοῦτο
1075 4289 1245 4361 αὐτὴν
1263 4288 1463 4344 ἔδωκεν
1478 4292 1506 4343 6
1522 4291 1673 4355 Θεὸς,
1692 4291 1782 4345 ἵνα
1797 4292 2118 4365 κατηγορῶ-

544 4397 664 4451 μεν,
697 4381 785 4436 ῐνα
809 4380 1145 4455 ὐϐρίζωμεν,
1175 4382 1263 4437 ἵνα
1286 4382 1549 4454 ἀλλήλους
1578 4382 1975 4458 διαϐάλλωμεν·
2001 4385 2116 4441 ἀλλ’

542 4469 631 4523 ῖνα
660 4469 752 4524 16v
774 4470 1215 4543 Θεὺνιύμνῶμεν,
1250 4472 1338 4527 ἵνα
1366 4472 1540 4527 ταῦτα
1593 4473 1842 4548 λαλῶμεν
1867 4478 1904 4534 ἀ
1932 4479 2117 4541 δίδωσι

543 4565 705 4637 χάριν
740 4568 854 4631 τοῖς
882 4566 1177 4635 ἀκούουσι,
1226 4568 1293 4622 16
1329 4568 1465 4640 1196;
1507 4569 1824 4641 οἰκοδομὴν,
1863 4570 1932 4625 τά
1980 4571 2118 4643 πρὸς

540 4654 831 4724 ὠφέλειαν.
862 4652 1029 4721 Εἶπες
1066 4656 1157 4711 16v
1184 4656 1332 4711 δεῖνα
1366 4659 1588 4724 κακῶς;
1620 4660 1673 4713 τί
1698 4660 1995 4731 κερδαίνεις
2024 4662 2116 4715 καὶ

544 4744 743 4801 σαυτὸν
777 4748 893 4818 μετ’
939 4747 1148 4801 ὲκείνου
1190 4747 1361 4822 βλάϐῃ
1400 4750 1773 4821 περιϐάλλων;
1807 4750 1965 4817 δόξαν
2006 4752 2115 4824 γὰρ

541 4837 732 4903 ἔλαϐες
783 4838 1120 4913 κακηγόρου.
1152 4842 1225 4894 Οὐ
1264 4840 1373 4912 γάρ
1402 4842 1572 4908 ἐστιν,
1623 4844 1723 4898 οὐκ
1766 4844 1915 4899 ἐστιν
1961 4846 2115 4900 οὐδὲν

541 4927 731 4994 κακδν,
766 4927 795 4983 6
824 4930 986 5001 μέχρι
1013 4930 1109 4983 τοῦ
1139 4929 1438 5001 πάσχοντος
1470 4932 1707 4997 ἵσταται,
1736 4933 1871 4990 ἀλλά
1901 4938 1995 4988 καὶ
2023 4936 2114 4990 τδν

541 5021 802 5077 ποιοῦντα
834 5022 1251 5093 περιλαμϐάνει·
1286 5019 1417 5090 οἷον,
1451 5027 1480 5080 6
1520 5027 1787 5096 βάσκανος
1818 5027 1966 5081 δοκεῖ
2015 5028 2115 5100 μὲν

541 5112 913 5169 ἑπιϐουλεύειν
935 5116 1127 5186 ἑτέρῳ,
1158 5116 1421 5189 πρότερος
1445 5117 1501 5171 δὲ
1525 5118 1685 5182 αὐτὸς
1717 5121 1981 5176 ἀπολαύει
2012 5123 2114 5193 τῆς

538 5208 790 5276 ἀδικίας,
846 5209 1145 5279 τηκόμενος
1204 5209 1299 5264 καὶ
1369 5210 1722 5283 φθειρόμενος
1749 5256 1764 5280 ,
1819 5216 1913 5268 καί
1960 5216 2115 5286 παρὰ

539 5298 755 5353 πάντων
795 5299 1143 5369 μισούμενος.
1198 5300 1256 5354 ⁸0
1284 5299 1609 5373 πλεονέκτης
1646 5304 1947 5377 ἀποστερεῖ
1978 5308 2114 5378 χρή-

541 5407 688 5460 ματα
714 5388 921 5462 ἕτερον,
944 5392 1079 5445 ἀλλά
1122 5392 1217 5447 καὶ
1249 5393 1310 5447 16
1360 5395 1630 5463 φιλεῖσθαι
1658 5396 1869 5452 ἑαυτόν⁸
1914 5400 2113 5470 μᾶλλον

538 5482 595 5535 δὲ
641 5483 792 5553 παρὰ
850 5484 1068 5539 πάντων
1118 5487 1262 5539 ποιεῖ
1316 5489 1763 5560 κακηγορεῖσθαι.
1817 5491 2004 5563 Πολλῷ
2054 5493 2111 5547 δὲ

540 5575 803 5643 κρείττων
844 5576 1022 5647 ἀγαθὴ
1068 5576 1195 5644 δόξα
1242 5579 1570 5649 χρημάτων·
1616 5580 1714 5651 τὴν
1756 5582 1854 5652 μὲν
1881 5584 1990 5653 769
2048 5588 2109 5638 οὐ

541 5664 720 5736 ῥᾴδιον
762 5667 1167 5738 ἀπονίψασθαι,
1217 5669 1286 5723 τὰ
1337 5669 1395 5722 δὲ
1428 5672 1607 5743 ῥᾴδιον
1659 5674 2107 5746 ἀποκτήσασθαι·

542 5756 741 5826 μᾶλλον
782 5759 875 5822 δὲ,
925 5759 995 5814 16
1053 5760 1153 5832 μὲν
1218 5764 1279 5815 06
1338 5761 1576 5828 παρόντα
1628 5765 1780 5819 οὐδὲν
1853 5767 1943 5820 τὸν
2009 5770 2108 5823 οὐκ

536 5849 721 5919 ἔγοντα
784 5850 1115 5927 ἔϐλαψεψή
1176 5853 1228 5908 6‘:
1292 5855 1363 5927 μὴ
1440 5856 1681 5928 παροῦσα
1748 5859 2103 5917 ἐπονεεξιῖτον

2213 738 2242 791 6
2282 736 2602 806 κακήγορος
2629 732 2895 804 πρότερον
2932 723 3127 780 ἑαυτὸν
3152 719 3417 791 αἰσχύνει,
3450 718 3545 769 καὶ
3565 714 3689 769 τότε
3717 714 3812 806 16v

2215 805 2716 899 κακηγορούμενον·
2748 824 2781 894 ἢ
2817 819 2938 875 οὐδὲ
2975 815 3137 871 τοῦτο
3179 815 3310 877 ἴσως
3341 810 3669 899 δεδύνηται,
3692 805 3809 860 ἀλλ’

2217 898 2461 993 ἀπῆλθεν
2501 913 2657 982 0610;
2704 915 2803 987 μὲν
2845 910 3041 983 μιαροῦ
3091 923 3239 970 τινος
3288 906 3381 959 καὶ
3425 898 3809 993 καταπτύστου

2216 991 2373 1081 δόξαν
2392 1010 2595 1076 λαϐὼν,
2619 1010 2825 1063 ἐκεῖνον
2850 1006 2907 1060 δὲ
2934 1001 3135 1077 μᾶλλον
3160 996 3439 1069 φιλεῖσθαι
3460 991 3812 1065 παρασκευά-

2216 1106 2344 1172 ζων.
2376 1106 2545 1159 Ὅταν
2564 1101 2675 1173 769
2696 1098 2912 1155 ἀκούων
2943 1092 3151 1156 κακῶς,
3184 1090 3262 1162 μὴ
3292 1091 3405 1153 τοῖς
3437 1087 3620 1149 αὐτοῖς
3645 1084 3809 1137 αὐτὸν

2217 1198 2512 1269 ἀμύνηται,
2548 1193 2664 1248 ἀλλ’
2712 1192 2911 1261 ἐπαινῇ
2969 1189 3062 1242 καὶ
3108 1181 3407 1255 θαυμάζῃ·
3444 1181 3547 1234 οὐκ
3600 1179 3810 1232 ἐκεῖνον

2218 1290 2559 1345 ἐπαινέσεται
2582 1327 2599 1353 ,
2638 1286 2754 1340 ἀλλ’
2793 1281 3011 1337 ἑαυτόν.
3048 1279 3261 1349 Ὥσπερ
3291 1269 3401 1348 γὰρ
3426 1316 3441 1342 ,
3473 1276 3610 1343 ὅπερ
3638 1271 3811 1342 ῑφθην

2218 1385 2409 1450 εἰπὼν,
2443 1387 2496 1437 αἰ
2534 1382 2678 1438 κατά
2712 1380 2824 1435 τῶν
2854 1377 3086 1449 πλησίον
3139 1371 3483 1444 κακηγορίαι
3532 1367 3645 1422 τῶν
3693 1367 3813 1419 ἔπι-

2218 1476 2585 1532 ϐουλευόντων
2619 1474 2883 1528 ἀπτονται
2911 1468 3148 1541 πρῶτον·
3178 1464 3323 1518 οὐτω
3352 1462 3449 1515 καὶ
3475 1460 3543 1513 τὰ
3573 1461 3653 1521 εἰς
3682 1459 3812 1520 τούς

2217 1570 2448 1642 πλησίον
2472 1565 2797 1636 ἀγαθάτούς
2821 1559 3233 1634 ἐργαζομένους
3258 1554 3543 1627 εὐφραίνει
3567 1551 3809 1623 πρῶτον.

2229 1662 2287 1716 '0
2320 1661 2429 1732 769
2459 1660 2659 1713 τίκτων
2696 1657 2792 1711 καὶ
2824 1654 2887 1709 τὸ
2916 1652 3080 1708 καλὸν
3111 1650 3209 1703 καὶ
3255 1647 3317 1702 16
3352 1645 3543 1709 κακὸν,
3585 1642 3812 1705 εἰκότως

2218 1750 2437 1822 πρῶτος
2468 1745 2632 1811 αὐτός
2670 1742 2957 1802 ἀπολαύει·
2989 1742 3086 1796 καὶ
3114 1738 3367 1808 καθάπερ
3395 1736 3539 1807 ὐδωρ
3571 1736 3809 1804 πηγαῖον

2213 1842 2274 1896 τό
2295 1858 2353 1894 τε
2380 1838 2645 1911 ἀλμυρδν,
2671 1837 2733 1891 τό
2766 1834 2880 1908 [Η]
2907 1851 2966 1888 τε
3002 1832 3252 1903 πότιμον,
3280 1828 3376 1883 καὶ
3402 1830 3469 1881 τά
3500 1825 3610 1881 τῶν
3638 1839 3811 1897 προσ·

2217 1933 2461 2002 αγόντων
2518 1930 2717 1999 ἀγγεῖα
2744 1927 2964 2000 πληροῖ,
2997 1925 3092 1979 καὶ
3113 1922 3213 1995 τὴν
3245 1920 3432 1992 πηγὴν
3458 1918 3558 1973 οὐκ
3590 1917 3807 1970 ἐλαττοῖ

2215 2025 2315 2099 τὴν
2354 2024 2728 2097 ἐκφέρουσαν·
2754 2018 2898 2075 οὕτω
2921 2018 2987 2088 δὴ
3016 2018 3113 2073 καὶ
3141 2014 3315 2070 κακία
3345 2013 3441 2066 καὶ
3471 2010 3664 2084 ἀρετὴ,
3687 2008 3809 2063 ὅθεν

2219 2120 2286 2175 ἂν
2323 2118 2442 2190 ἐξίῃ
2468 2159 2484 2185 ,
2534 2118 2743 2173 ἐκεῖνον
2782 2114 2879 2169 καί
2909 2110 3197 2185 εὐφραίνει
3229 2106 3652 2164 καὶάπόλλυσι.
3700 2101 3811 2159 Καὶ

2217 2212 2393 2269 ταῦτα
2439 2210 2540 2283 μὲν
2564 2207 2823 2264 ἐνταῦθα.

2289 2359 2371 2413 Τά
2397 2357 2455 2413 δὲ
2484 2357 2601 2411 ἐκεῖ
2622 2355 2705 2419 τίς
2726 2354 3049 2426 διηγήσεται
3074 2348 3254 2421 λόγος,
3287 2349 3323 2421 ἢ
3351 2346 3421 2402 τά
3445 2346 3646 2416 ἀγαθὰ,
3677 2344 3713 2417 ἢ
3742 2344 3813 2399 16

2220 2452 2404 2519 κακὰς
2448 2451 2565 2505 Οὐκ
2606 2448 2753 2503 ἔστιν
2794 2445 2991 2510 οὐδείς.
3038 2443 3120 2498 Τά
3163 2440 3377 2515 χρηστὰ
3426 2441 3525 2511 μὲν
3556 2438 3663 2508 γὰρ
3713 2437 3811 2492 καὶ

2219 2545 2398 2600 πάντα
2426 2541 2552 2598 νοῦν
2587 2539 2929 2613 ὑπερϐαίνει,
2956 2538 3081 2610 οὐχὶ
3116 2536 3277 2607 λόγον
3321 2534 3481 2607 μόνον
3504 2549 3519 2564 ·
3550 2531 3619 2585 τά
3649 2531 3809 2584 ἀναν-

2217 2638 2310 2694 τία
2331 2638 2386 2693 δὲ
2408 2639 2624 2709 εἴρηται
2657 2634 2757 2706 μὲν
2779 2634 2892 2697 τοῖς
2924 2631 3151 2702 ὀνόμασι
3175 2630 3290 2693 τοῖς
3305 2625 3632 2697 συντρόφοις
3650 2624 3807 2695 ἡμῖν·

2220 2730 2333 2803 πῦρ
2371 2728 2502 2801 769,
2539 2726 2735 2799 φησὶν,
2780 2725 2928 2780 ἐστὶν
2961 2724 3079 2777 ἐκεῖ
3126 2721 3222 2776 καί⁵
3271 2718 3466 2783 σκότος
3509 2716 3604 2771 καὶ
3631 2713 3808 2785 δεσμὰ

2217 2823 2314 2879 καὶ
2354 2822 2571 2893 σκώληξ
2612 2817 2970 2891 ἀτελεύτητος
2993 2833 3009 2848 ·
3039 2816 3103 2870 οὐ
3143 2811 3319 2868 ταῦτα
3359 2812 3417 2866 δι
3462 2810 3625 2883 μόνον
3664 2824 3808 2881 παρα

2219 2915 2450 2985 ίστησιν,
2485 2916 2631 2985 άπερ
2677 2911 2922 2984 εἴρηται,
2951 2909 3066 2964 ἀλλ’
3092 2908 3256 2982 ἕτερα
3281 2905 3661 2979 χαλεπώτερα.
3697 2900 3815 2958 1ίαίι

2216 3008 2303 3063 ἵνα
2347 3009 2563 3081 μάθῃς,
2610 3004 2815 3067 εὐθέως
2855 3000 3017 3057 τοῦτο
3057 3000 3335 3073 σκόπησον
3383 2996 3621 3070 πρῶτον.
3671 2992 3807 3048 Εἰπὲ

2214 3102 2345 3170 γάρ,
2373 3099 2421 3151 εἰ
2452 3096 2565 3168 πῦρ
2590 3096 2709 3149 ἐστι
2733 3134 2748 3161 ,
2779 3094 2899 3158 πῶς
2930 3092 3029 3150 καὶ
3073 3091 3265 3155 σκότος
3297 3089 3445 3145 ἐστίν
3471 3106 3487 3153 ;
3527 3088 3695 3159 Ὁρᾷς
3722 3086 3806 3140 δτι

2214 3188 2591 3262 χαλεπώτερον
2615 3186 2809 3242 τούτου
2838 3186 2901 3241 16
2922 3183 3034 3259 πῦρ
3068 3186 3246 3240 έκεῖνο
3270 3182 3369 3252 ;οὐ
3392 3181 3502 3253 769
3528 3180 3642 3252 ἔχει
3664 3177 3806 3248 φῶς.

2215 3281 2282 3335 Εἰ
2307 3280 2415 3354 πῦρ
2454 3283 2591 3343 ἐστι,
2627 3279 2745 3344 πῶς
2786 3279 2874 3336 ἀεὶ
2921 3277 3265 3343 κατακαίεις
3309 3277 3474 3347 Ὁρᾷς
3517 3276 3599 3329 δτι
3645 3271 3808 3345 χαλε-

2214 3372 2463 3445 πώτερον
2498 3371 2693 3426 τούτου
2736 3371 3038 3443 τυγχάνεις
3082 3368 3145 3424 οὐ
3185 3370 3297 3441 γάρ
3341 3368 3629 3422 σϐέννυται
3666 3382 3683 3398 ·
3717 3364 3807 3419 διὰ

2212 3464 2324 3535 γὰρ
2342 3464 2499 3518 τοῦτο
2519 3462 2777 3518 ἄσϐεστον
2797 3462 3037 3532 λέγεται.
3069 3462 3448 3533 Ἐννοήσωμεν
3474 3458 3659 3515 τοίνυν
3679 3458 3808 3512 ὅσον

2213 3555 2330 3611 ἐστὶ
2356 3555 2525 3611 κακὸν
2548 3554 2950 3610 κατακαίεσθαι
2978 3554 3293 3619 διαπαντὸς,
3329 3554 3424 3608 καὶ
3449 3554 3507 3607 ιν
3533 3552 3711 3623 σκότῳ
3730 3545 3811 3605 εἰ·

2214 3664 2303 3702 ναι
2330 3687 2345 3713 ,
2377 3648 2472 3701 καὶ
2500 3647 2671 3718 μυρία
2698 3646 2979 3717 οἰμώζειν,
3011 3646 3107 3701 καὶ
3149 3644 3374 3717 βρύχειν
3408 3644 3534 3705 τούς
3563 3644 3803 3708 ὀδόντας,

2214 3740 2311 3793 καὶ
2344 3738 2478 3810 μηδὲ
2505 3738 2820 3792 ἀκούεσθαι.
2854 3739 2916 3792 Εἰ
2946 3738 3055 3809 γὰρ
3080 3739 3161 3802 εἰς
3188 3736 3563 3809 δεσμωτήριόν
3583 3752 3669 3799 τις
3696 3736 3805 3806 ἐμ-

2216 3830 2434 3901 ϐληθεὶς
2462 3828 2695 3883 ἐνταῦθα
2710 3830 2817 3883 τῶν
2845 3829 3079 3899 εὐγενῶς
3093 3828 3511 3901 τεθραμμένων,
3540 3828 3640 3901 τὴν
3673 3829 3803 3884 δυσ-

2212 3923 2375 3978 ωδίαν
2414 3922 2593 3994 μόνον,
2626 3923 2721 3976 καὶ
2759 3923 2821 3977 16
2877 3924 2935 3975 ὲν
2967 3922 3145 3995 σκότῳ
3173 3923 3409 3991 κεῖσθαι,
3438 3923 3533 3977 καὶ
3564 3922 3625 3975 16
3661 3920 3805 3987 μετά

2213 4014 2553 4085 ἀνδροφόνων
2592 4012 2840 4068 δεδέσθαι
2865 4054 2880 4078 ,
2915 4012 3118 4076 παντὸς
3156 4012 3387 4067 θανάτου
3422 4010 3806 4083 χαλεπώτερον

2214 4103 2355 4161 εῐναί
2382 4123 2549 4179 φησιν
2577 4129 2594 4145 ο
2636 4105 2890 4177 ἐννόησον
2930 4105 2984 4159 τί
3004 4107 3185 4168 -ὲστιν,
3226 4106 3355 4159 ὅταν
3389 4104 3527 4175 μετὰ
3567 4104 3676 4158 τῶν
3702 4103 3805 4174 τῆς

2213 4198 2540 4269 οἰκουμένης
2560 4196 2908 4268 ἀνδροφόνων
2931 4194 3383 4267 κατακαιώμεθα,
3400 4197 3547 4273 μήτε
3566 4195 3805 4266 ὁρῶντες

2218 4290 2356 4359 μήτε
2402 4286 2709 4359 ὁρώμενοι,
2744 4285 2860 4341 ἀλλ’
2887 4288 2945 4341 ὲν
2992 4284 3189 4359 πλήθει
3218 4287 3459 4356 τοσούτῳ
3490 4284 3804 4355 νομίζοντες

2215 4377 2356 4435 εἶναι
2409 4380 2582 4452 μόνοι.
2627 4379 2703 4433 T6
2749 4377 2859 4450 769
2904 4377 3097 4442 σκότος
3146 4378 3240 4431 καὶ
3287 4377 3348 4431 16
3401 4376 3652 4448 ἀλαμπὲς
3703 4376 3805 4431 οὐκ

2214 4472 2440 4542 ἀφίησιν
2465 4469 2584 4524 οὐδὲ
2622 4469 2749 4533 τούς
2791 4469 3020 4541 πλησίον
3050 4469 3198 4541 ἡμᾶς
3234 4466 3617 4537 διαγινώσκειν
3642 4480 3657 4497 ·
3686 4466 3804 4521 ἀλλ’

2215 4562 2291 4625 ὠς
2323 4562 2482 4633 μόνος
2512 4560 2672 4615 τοῦτο
2694 4560 2922 4631 πάσχων
2953 4561 3187 4624 ικαστος
3211 4600 3226 4624 ,
3257 4558 3401 4613 οὕτω
3442 4559 3801 4616 διακείσεται.

2215 4654 2279 4708 Εἰ
2307 4654 2363 4707 δὲ
2399 4654 2589 4718 σκότος
2634 4653 2807 4706 θλίϐει
2836 4652 2960 4707 καθ’
2984 4653 3146 4707 ἑαυτὸ
3176 4652 3279 4717 τὰς
3318 4652 3595 4725 ἡμετέρας
3622 4652 3805 4725 ψυχάς

2216 4748 2309 4802 καλ⁸
2336 4747 2594 4819 θορυϐεῖ·
2629 4746 2681 4800 τί
2718 4747 2872 4802 ἔσται
2919 4748 3051 4820 ἀρα,
3087 4749 3217 4801 ὅταν
3268 4748 3412 4818 μετά-
3445 4746 3540 4801 τοῦ
3576 4752 3805 4813 σκότους

2216 4840 2313 4895 καὶ
2338 4840 2523 4895 ὀδύναι
2546 4840 2805 4894 τοσαῦται
2840 4833 2945 4893 ὦσι
2972 4841 3067 4894 καὶ
3099 4840 3420 4913 ὲμπρησμοί
3446 4859 3459 4908 ;
3489 4840 3579 4895 Διδ
3612 4840 3803 4913 δέομαι

2213 4934 2387 4989 ταῦτα
2413 4936 2704 4999 διαπαντὸς
2736 4936 2992 5007 στρέφειν
3021 4937 3151 5008 παρ’
3174 4936 3409 5001 ἑαυτοῖς,
3443 4937 3538 4990 καὶ
3561 4936 3664 5007 τῆς
3692 4936 3802 4991 ἀπὸ

2214 5031 2321 5085 τῶν
2353 5032 2614 5103 ῥημάτων
2642 5031 2818 5102 λύπης
2856 5032 3145 5104 ἀνέχεσθαι
3171 5072 3185 5093 .
3220 5034 3308 5087 ἵνα
3342 5034 3416 5104 μὴ
3452 5034 3551 5105 τὴν
3575 5034 3665 5088 διὰ
3690 5035 3800 5088 τῶν

2214 5125 2557 5195 πραγμάτων
2574 5125 2959 5197 ὑπομείνωμεν
2982 5126 3275 5197 τιμωρίαν.
3301 5127 3526 5193 Πάντως
3545 5128 3657 5200 769
3677 5127 3804 5182 ταῦ-

2212 5233 2283 5270 τα
2316 5216 2493 5271 πάντα
2522 5216 2696 5281 ἔσται,
2735 5220 2828 5273 καὶ
2865 5220 2994 5284 τοὺς
3023 5219 3148 5285 ἀξια
3186 5219 3500 5291 πράξαντας
3544 5220 3654 5275 τῶν
3686 5222 3803 5275 ἐκεῖ

2213 5308 2591 5382 κολαστηρίων
2619 5308 2790 5374 οὐδεὶς
2830 5308 3197 5381 ἐξαιρήσεται,
3242 5311 3303 5364 οὐ
3350 5311 3552 5381 πατὴρ,
3580 5314 3643 5366 οὐ
3694 5312 3800 5382 μή·

2211 5418 2339 5472 τηρ,
2368 5403 2467 5454 οὐκ
2500 5401 2731 5469 ἀδελφὸς
2756 5442 2769 5465 .
2800 5402 2903 5457 κᾶν
2948 5404 3152 5473 πολλὴν
3178 5403 3492 5475 παρρησίαν
3520 5403 3620 5477 ἔχῃ
3644 5446 3657 5468 ,
3696 5406 3799 5459 κάν

2214 5494 2426 5565 μεγάλα
2473 5494 2631 5566 ἰσχύῃ
2681 5495 2820 5565 πρὸς
2868 5495 2962 5548 τὸν
3007 5496 3160 5549 Θεόν.
3207 5496 3495 5564 Ἀδελςοός
3562 5497 3671 5566 γὰρ
3724 5498 3796 5551 06

2211 5586 2562 5654 .thpo6rm,
2614 5587 2784 5658 φησί·
2830 5587 3194 5656 λυτρώσεται
3233 5588 3584 5657 ἅνθρωπος;
3630 5587 3798 5652 A616;

2214 5675 2325 5749 [12]
2360 5679 2466 5749 γάρ
2510 5679 2661 5731 ἐστιν
2708 5679 2736 5731 ὀ
2782 5678 3062 5741 ἀποδιδοὺς
3108 5681 3325 5750 ἑκάστῳ
3354 5682 3493 5735 κατὰ
3543 5678 3613 5733 τὰ
3659 5680 3796 5751 ἔργα

2210 5768 2375 5821 αὐτοῦ
2402 5810 2417 5833 ,
2452 5770 2543 5822 καὶ
2586 5768 2692 5824 ἀπὸ
2733 5769 2935 5825 τούτων
2982 5770 3075 5824 καὶ
3118 5770 3353 5841 σωθῆναι
3389 5770 3465 5825 ἔνι
3512 5770 3604 5826 καὶ
3634 5769 3795 5828 κοὶση

2218 5861 2428 5932 τθῆναμ
