  <div class='ocr_page' id='page_1' title='image "/cluster/home/n/w/nwhite01/storage/ocr_20150623/63/pst.000004899563/026.png"; bbox 0 0 4112 6344; ppageno 0'>
   <div class='ocr_carea' id='block_1_1' title="bbox 256 355 3529 465">
    <p class='ocr_par' dir='ltr' id='par_1_1' title="bbox 256 355 3529 465">
     <span class='ocr_line' id='line_1_1' title="bbox 256 355 3529 465; baseline -0.012 -10"><span class='ocrx_word' id='word_1_1' title='bbox 256 408 318 465; x_wconf 79' lang='grc' dir='ltr'><strong><em>Π</em></strong></span> <span class='ocrx_word' id='word_1_2' title='bbox 1104 387 1169 444; x_wconf 79' lang='lat' dir='ltr'><strong>IN</strong></span> <span class='ocrx_word' id='word_1_3' title='bbox 1209 382 1424 443; x_wconf 81' lang='lat' dir='ltr'><strong>EPIST.</strong></span> <span class='ocrx_word' id='word_1_4' title='bbox 1477 380 1567 437; x_wconf 81' lang='lat' dir='ltr'><strong>AD</strong></span> <span class='ocrx_word' id='word_1_5' title='bbox 1604 373 1972 435; x_wconf 68' lang='lat' dir='ltr'><strong>llEBﬂEtlS.</strong></span> <span class='ocrx_word' id='word_1_6' title='bbox 2016 372 2165 429; x_wconf 74' lang='lat' dir='ltr'><strong>CAP.</strong></span> <span class='ocrx_word' id='word_1_7' title='bbox 2212 371 2251 427; x_wconf 83' lang='lat'><strong>1.</strong></span> <span class='ocrx_word' id='word_1_8' title='bbox 2298 367 2529 426; x_wconf 74' lang='lat' dir='ltr'><strong>IIOMIL.</strong></span> <span class='ocrx_word' id='word_1_9' title='bbox 2573 363 2615 421; x_wconf 88' lang='grc'><strong>1.</strong></span> <span class='ocrx_word' id='word_1_10' title='bbox 3171 461 3190 465; x_wconf 30' lang='grc' dir='ltr'><strong><em>Δ</em></strong></span> <span class='ocrx_word' id='word_1_11' title='bbox 3316 461 3333 465; x_wconf 28' lang='grc' dir='ltr'><strong><em>ῃ</em></strong></span> <span class='ocrx_word' id='word_1_12' title='bbox 3460 355 3529 415; x_wconf 74' lang='grc' dir='ltr'><strong>ιε</strong></span> 
     </span>
    </p>
   </div>
   <div class='ocr_carea' id='block_1_2' title="bbox 256 461 3513 562">
    <p class='ocr_par' dir='ltr' id='par_1_2' title="bbox 256 461 3513 562">
     <span class='ocr_line' id='line_1_2' title="bbox 256 461 3513 562; baseline -0.01 -10"><span class='ocrx_word' id='word_1_13' title='bbox 256 461 323 553; x_wconf 71' lang='lat' dir='ltr'><strong>sit</strong></span> <span class='ocrx_word' id='word_1_14' title='bbox 352 492 663 549; x_wconf 74' lang='lat' dir='ltr'><strong>honoratior</strong></span> <span class='ocrx_word' id='word_1_15' title='bbox 702 500 754 548; x_wconf 92' lang='lat' dir='ltr'><strong>et</strong></span> <span class='ocrx_word' id='word_1_16' title='bbox 792 488 1125 562; x_wconf 78' lang='lat' dir='ltr'><strong>splendidior</strong></span> <span class='ocrx_word' id='word_1_17' title='bbox 1156 504 1171 543; x_wconf 88' lang='lat'><strong>:</strong></span> <span class='ocrx_word' id='word_1_18' title='bbox 1206 490 1275 543; x_wconf 89' lang='lat' dir='ltr'><strong>ita</strong></span> <span class='ocrx_word' id='word_1_19' title='bbox 1321 487 1408 543; x_wconf 89' lang='lat' dir='ltr'><strong>hic</strong></span> <span class='ocrx_word' id='word_1_20' title='bbox 1447 499 1659 555; x_wconf 88' lang='lat' dir='ltr'><strong>quoque</strong></span> <span class='ocrx_word' id='word_1_21' title='bbox 1689 483 1827 538; x_wconf 80' lang='lat' dir='ltr'><strong>Pau—</strong></span> <span class='ocrx_word' id='word_1_22' title='bbox 1918 479 2079 530; x_wconf 88' lang='lat' dir='ltr'><strong>alium</strong></span> <span class='ocrx_word' id='word_1_23' title='bbox 2106 476 2275 546; x_wconf 82' lang='lat' dir='ltr'><strong>privat</strong></span> <span class='ocrx_word' id='word_1_24' title='bbox 2300 471 2568 543; x_wconf 87' lang='lat' dir='ltr'><strong>pecuniis,</strong></span> <span class='ocrx_word' id='word_1_25' title='bbox 2604 467 2698 524; x_wconf 87' lang='lat' dir='ltr'><strong>sed</strong></span> <span class='ocrx_word' id='word_1_26' title='bbox 2727 466 2829 521; x_wconf 81' lang='lat' dir='ltr'><strong>sibi</strong></span> <span class='ocrx_word' id='word_1_27' title='bbox 2859 478 3072 537; x_wconf 88' lang='lat' dir='ltr'><strong>quoque</strong></span> <span class='ocrx_word' id='word_1_28' title='bbox 3094 461 3513 562; x_wconf 72' lang='lat' dir='ltr'><strong>anfertaliornm</strong></span> 
     </span>
    </p>
   </div>
   <div class='ocr_carea' id='block_1_3' title="bbox 258 554 3517 655">
    <p class='ocr_par' dir='ltr' id='par_1_3' title="bbox 258 554 3517 655">
     <span class='ocr_line' id='line_1_3' title="bbox 258 554 3517 655; baseline -0.005 -10"><span class='ocrx_word' id='word_1_29' title='bbox 258 592 354 655; x_wconf 84' lang='lat' dir='ltr'><strong>lus,</strong></span> <span class='ocrx_word' id='word_1_30' title='bbox 382 603 503 643; x_wconf 89' lang='lat' dir='ltr'><strong>cum</strong></span> <span class='ocrx_word' id='word_1_31' title='bbox 526 588 676 653; x_wconf 89' lang='lat' dir='ltr'><strong>dicit,</strong></span> <span class='ocrx_word' id='word_1_32' title='bbox 709 554 869 640; x_wconf 73' lang='lat' dir='ltr'><strong>Tanlo</strong></span> <span class='ocrx_word' id='word_1_33' title='bbox 896 584 1074 638; x_wconf 87' lang='lat' dir='ltr'><strong>melior</strong></span> <span class='ocrx_word' id='word_1_34' title='bbox 1098 584 1293 653; x_wconf 78' lang='lat' dir='ltr'><strong>angelis</strong></span> <span class='ocrx_word' id='word_1_35' title='bbox 1315 582 1498 650; x_wconf 79' lang='lat' dir='ltr'><strong>factus,</strong></span> <span class='ocrx_word' id='word_1_36' title='bbox 1530 554 1631 634; x_wconf 85' lang='lat' dir='ltr'><strong>hoc</strong></span> <span class='ocrx_word' id='word_1_37' title='bbox 1660 578 1830 649; x_wconf 83' lang='lat' dir='ltr'><strong>signi-</strong></span> <span class='ocrx_word' id='word_1_38' title='bbox 1918 582 2191 631; x_wconf 72' lang='grc' dir='ltr'><strong>ωιιοτθηις</strong></span> <span class='ocrx_word' id='word_1_39' title='bbox 2227 566 2337 621; x_wconf 81' lang='grc' dir='ltr'><strong>ίωο</strong></span> <span class='ocrx_word' id='word_1_40' title='bbox 2363 564 2530 621; x_wconf 60' lang='lat' dir='ltr'><strong>Ome“</strong></span> <span class='ocrx_word' id='word_1_41' title='bbox 2556 572 2612 618; x_wconf 74' lang='grc' dir='ltr'><strong>ιιι</strong></span> <span class='ocrx_word' id='word_1_42' title='bbox 2657 574 2994 655; x_wconf 38' lang='grc' dir='ltr'><strong>οξηηθε-ειηη</strong></span> <span class='ocrx_word' id='word_1_43' title='bbox 3042 555 3343 655; x_wconf 48' lang='grc' dir='ltr'><strong>π’ίξξεδίείίε</strong></span> <span class='ocrx_word' id='word_1_44' title='bbox 3368 554 3517 655; x_wconf 58' lang='grc' dir='ltr'><strong>ίτξξο·</strong></span> 
     </span>
    </p>
   </div>
   <div class='ocr_carea' id='block_1_4' title="bbox 256 669 1830 750">
    <p class='ocr_par' dir='ltr' id='par_1_4' title="bbox 256 669 1830 750">
     <span class='ocr_line' id='line_1_4' title="bbox 256 669 1830 750; baseline -0.008 -13"><span class='ocrx_word' id='word_1_45' title='bbox 256 683 390 745; x_wconf 85' lang='lat' dir='ltr'><strong>licat,</strong></span> <span class='ocrx_word' id='word_1_46' title='bbox 420 678 565 749; x_wconf 84' lang='lat' dir='ltr'><strong>quod</strong></span> <span class='ocrx_word' id='word_1_47' title='bbox 590 678 810 750; x_wconf 85' lang='lat' dir='ltr'><strong>probior</strong></span> <span class='ocrx_word' id='word_1_48' title='bbox 833 685 888 733; x_wconf 91' lang='lat' dir='ltr'><strong>et</strong></span> <span class='ocrx_word' id='word_1_49' title='bbox 915 675 1242 747; x_wconf 60' lang='lat' dir='ltr'><strong>praeclarior,</strong></span> <span class='ocrx_word' id='word_1_50' title='bbox 1272 682 1464 744; x_wconf 89' lang='lat' dir='ltr'><strong>quanto</strong></span> <span class='ocrx_word' id='word_1_51' title='bbox 1505 669 1830 726; x_wconf 67' lang='lat' dir='ltr'><strong>excellentia</strong></span> 
     </span>
    </p>
   </div>
   <div class='ocr_carea' id='block_1_5' title="bbox 256 759 1829 843">
    <p class='ocr_par' dir='ltr' id='par_1_5' title="bbox 256 759 1829 843">
     <span class='ocr_line' id='line_1_5' title="bbox 256 759 1829 843; baseline -0.009 -17"><span class='ocrx_word' id='word_1_52' title='bbox 256 788 357 843; x_wconf 69' lang='lat' dir='ltr'><strong>pra</strong></span> <span class='ocrx_word' id='word_1_53' title='bbox 392 772 497 825; x_wconf 80' lang='lat' dir='ltr'><strong>illis</strong></span> <span class='ocrx_word' id='word_1_54' title='bbox 524 786 705 825; x_wconf 86' lang='lat' dir='ltr'><strong>nomen</strong></span> <span class='ocrx_word' id='word_1_55' title='bbox 732 767 1048 823; x_wconf 79' lang='lat' dir='ltr'><strong>hereditarit.</strong></span> <span class='ocrx_word' id='word_1_56' title='bbox 1084 764 1246 820; x_wconf 80' lang='lat' dir='ltr'><strong>Vides</strong></span> <span class='ocrx_word' id='word_1_57' title='bbox 1282 762 1425 834; x_wconf 89' lang='lat' dir='ltr'><strong>quod</strong></span> <span class='ocrx_word' id='word_1_58' title='bbox 1464 761 1639 832; x_wconf 89' lang='lat' dir='ltr'><strong>agitur</strong></span> <span class='ocrx_word' id='word_1_59' title='bbox 1667 759 1735 813; x_wconf 78' lang='lat' dir='ltr'><strong>tie</strong></span> <span class='ocrx_word' id='word_1_60' title='bbox 1762 771 1829 813; x_wconf 91' lang='lat' dir='ltr'><strong>eo</strong></span> 
     </span>
    </p>
   </div>
   <div class='ocr_carea' id='block_1_6' title="bbox 254 851 1832 935">
    <p class='ocr_par' dir='ltr' id='par_1_6' title="bbox 254 851 1832 935">
     <span class='ocr_line' id='line_1_6' title="bbox 254 851 1832 935; baseline -0.01 -16"><span class='ocrx_word' id='word_1_61' title='bbox 254 861 388 935; x_wconf 87' lang='lat' dir='ltr'><strong>quod</strong></span> <span class='ocrx_word' id='word_1_62' title='bbox 431 863 664 932; x_wconf 89' lang='lat' dir='ltr'><strong>pertinet</strong></span> <span class='ocrx_word' id='word_1_63' title='bbox 705 858 771 914; x_wconf 91' lang='lat' dir='ltr'><strong>ad</strong></span> <span class='ocrx_word' id='word_1_64' title='bbox 812 856 1068 914; x_wconf 87' lang='lat' dir='ltr'><strong>carnem?</strong></span> <span class='ocrx_word' id='word_1_65' title='bbox 1113 855 1214 909; x_wconf 69' lang='grc' dir='ltr'><strong>Ιιτιίο)</strong></span> <span class='ocrx_word' id='word_1_66' title='bbox 1252 854 1396 911; x_wconf 87' lang='lat' dir='ltr'><strong>enim</strong></span> <span class='ocrx_word' id='word_1_67' title='bbox 1442 867 1658 915; x_wconf 87' lang='lat' dir='ltr'><strong>nomen,</strong></span> <span class='ocrx_word' id='word_1_68' title='bbox 1694 851 1832 904; x_wconf 84' lang='lat' dir='ltr'><strong>Deus</strong></span> 
     </span>
    </p>
   </div>
   <div class='ocr_carea' id='block_1_7' title="bbox 253 940 1830 1021">
    <p class='ocr_par' dir='ltr' id='par_1_7' title="bbox 253 940 1830 1021">
     <span class='ocr_line' id='line_1_7' title="bbox 253 940 1830 1021; baseline -0.009 -12"><span class='ocrx_word' id='word_1_69' title='bbox 253 954 509 1019; x_wconf 77' lang='lat' dir='ltr'><strong>Verbum,</strong></span> <span class='ocrx_word' id='word_1_70' title='bbox 541 966 753 1021; x_wconf 81' lang='lat' dir='ltr'><strong>semper</strong></span> <span class='ocrx_word' id='word_1_71' title='bbox 779 949 988 1016; x_wconf 92' lang='lat' dir='ltr'><strong>habuit,</strong></span> <span class='ocrx_word' id='word_1_72' title='bbox 1018 963 1124 1003; x_wconf 92' lang='lat' dir='ltr'><strong>non</strong></span> <span class='ocrx_word' id='word_1_73' title='bbox 1164 956 1347 1018; x_wconf 89' lang='lat' dir='ltr'><strong>postea</strong></span> <span class='ocrx_word' id='word_1_74' title='bbox 1383 944 1587 1014; x_wconf 87' lang='lat' dir='ltr'><strong>accepit</strong></span> <span class='ocrx_word' id='word_1_75' title='bbox 1615 940 1830 998; x_wconf 87' lang='lat' dir='ltr'><strong>heredi-</strong></span> 
     </span>
    </p>
   </div>
   <div class='ocr_carea' id='block_1_8' title="bbox 255 1031 1832 1113">
    <p class='ocr_par' dir='ltr' id='par_1_8' title="bbox 255 1031 1832 1113">
     <span class='ocr_line' id='line_1_8' title="bbox 255 1031 1832 1113; baseline -0.009 -13"><span class='ocrx_word' id='word_1_76' title='bbox 255 1047 467 1108; x_wconf 86' lang='lat' dir='ltr'><strong>larium;</strong></span> <span class='ocrx_word' id='word_1_77' title='bbox 491 1058 663 1113; x_wconf 89' lang='lat' dir='ltr'><strong>neque</strong></span> <span class='ocrx_word' id='word_1_78' title='bbox 686 1052 811 1096; x_wconf 90' lang='lat' dir='ltr'><strong>tunc</strong></span> <span class='ocrx_word' id='word_1_79' title='bbox 839 1040 1029 1095; x_wconf 87' lang='lat' dir='ltr'><strong>melior</strong></span> <span class='ocrx_word' id='word_1_80' title='bbox 1058 1038 1262 1109; x_wconf 76' lang='lat' dir='ltr'><strong>angelis</strong></span> <span class='ocrx_word' id='word_1_81' title='bbox 1289 1036 1459 1092; x_wconf 85' lang='lat' dir='ltr'><strong>factus</strong></span> <span class='ocrx_word' id='word_1_82' title='bbox 1481 1045 1585 1101; x_wconf 91' lang='lat' dir='ltr'><strong>est,</strong></span> <span class='ocrx_word' id='word_1_83' title='bbox 1616 1031 1832 1104; x_wconf 89' lang='lat' dir='ltr'><strong>quando</strong></span> 
     </span>
    </p>
   </div>
   <div class='ocr_carea' id='block_1_9' title="bbox 254 1121 1832 1204">
    <p class='ocr_par' dir='ltr' id='par_1_9' title="bbox 254 1121 1832 1204">
     <span class='ocr_line' id='line_1_9' title="bbox 254 1121 1832 1204; baseline -0.009 -14"><span class='ocrx_word' id='word_1_84' title='bbox 254 1136 372 1192; x_wconf 76' lang='lat' dir='ltr'><strong>fecit</strong></span> <span class='ocrx_word' id='word_1_85' title='bbox 414 1133 786 1204; x_wconf 75' lang='lat' dir='ltr'><strong>purgationem</strong></span> <span class='ocrx_word' id='word_1_86' title='bbox 832 1138 1142 1199; x_wconf 78' lang='lat' dir='ltr'><strong>nostrorum</strong></span> <span class='ocrx_word' id='word_1_87' title='bbox 1188 1133 1555 1198; x_wconf 81' lang='lat' dir='ltr'><strong>peccatorum,</strong></span> <span class='ocrx_word' id='word_1_88' title='bbox 1594 1123 1691 1179; x_wconf 88' lang='lat' dir='ltr'><strong>sed</strong></span> <span class='ocrx_word' id='word_1_89' title='bbox 1735 1121 1832 1177; x_wconf 88' lang='lat' dir='ltr'><strong>fuit</strong></span> 
     </span>
    </p>
   </div>
   <div class='ocr_carea' id='block_1_10' title="bbox 253 1210 1831 1297">
    <p class='ocr_par' dir='ltr' id='par_1_10' title="bbox 253 1210 1831 1297">
     <span class='ocr_line' id='line_1_10' title="bbox 253 1210 1831 1297; baseline -0.01 -14"><span class='ocrx_word' id='word_1_90' title='bbox 253 1241 460 1297; x_wconf 77' lang='lat' dir='ltr'><strong>semper</strong></span> <span class='ocrx_word' id='word_1_91' title='bbox 490 1224 699 1287; x_wconf 89' lang='lat' dir='ltr'><strong>melior,</strong></span> <span class='ocrx_word' id='word_1_92' title='bbox 731 1233 786 1279; x_wconf 89' lang='lat' dir='ltr'><strong>et</strong></span> <span class='ocrx_word' id='word_1_93' title='bbox 811 1222 1000 1277; x_wconf 84' lang='lat' dir='ltr'><strong>melior</strong></span> <span class='ocrx_word' id='word_1_94' title='bbox 1038 1216 1550 1288; x_wconf 83' lang='lat' dir='ltr'><strong>incomparabiliter.</strong></span> <span class='ocrx_word' id='word_1_95' title='bbox 1588 1212 1692 1270; x_wconf 94' lang='lat' dir='ltr'><strong>Sed</strong></span> <span class='ocrx_word' id='word_1_96' title='bbox 1729 1210 1831 1267; x_wconf 90' lang='lat' dir='ltr'><strong>hoc</strong></span> 
     </span>
    </p>
   </div>
   <div class='ocr_carea' id='block_1_11' title="bbox 253 1305 1830 1386">
    <p class='ocr_par' dir='ltr' id='par_1_11' title="bbox 253 1305 1830 1386">
     <span class='ocr_line' id='line_1_11' title="bbox 253 1305 1830 1386; baseline -0.009 -13"><span class='ocrx_word' id='word_1_97' title='bbox 253 1318 443 1374; x_wconf 88' lang='lat' dir='ltr'><strong>dictum</strong></span> <span class='ocrx_word' id='word_1_98' title='bbox 492 1327 576 1371; x_wconf 90' lang='lat' dir='ltr'><strong>est</strong></span> <span class='ocrx_word' id='word_1_99' title='bbox 617 1323 877 1386; x_wconf 89' lang='lat' dir='ltr'><strong>quantum</strong></span> <span class='ocrx_word' id='word_1_100' title='bbox 923 1311 991 1366; x_wconf 88' lang='lat' dir='ltr'><strong>ad</strong></span> <span class='ocrx_word' id='word_1_101' title='bbox 1039 1325 1256 1366; x_wconf 89' lang='lat' dir='ltr'><strong>carnem</strong></span> <span class='ocrx_word' id='word_1_102' title='bbox 1288 1307 1503 1363; x_wconf 85' lang='lat' dir='ltr'><strong>attinet.</strong></span> <span class='ocrx_word' id='word_1_103' title='bbox 1544 1306 1633 1362; x_wconf 89' lang='lat' dir='ltr'><strong>Sic</strong></span> <span class='ocrx_word' id='word_1_104' title='bbox 1673 1305 1830 1359; x_wconf 83' lang='lat' dir='ltr'><strong>nobis</strong></span> 
     </span>
    </p>
   </div>
   <div class='ocr_carea' id='block_1_12' title="bbox 251 1393 1829 1479">
    <p class='ocr_par' dir='ltr' id='par_1_12' title="bbox 251 1393 1829 1479">
     <span class='ocr_line' id='line_1_12' title="bbox 251 1393 1829 1479; baseline -0.01 -16"><span class='ocrx_word' id='word_1_105' title='bbox 251 1422 457 1479; x_wconf 87' lang='lat' dir='ltr'><strong>quoque</strong></span> <span class='ocrx_word' id='word_1_106' title='bbox 487 1420 603 1462; x_wconf 88' lang='lat' dir='ltr'><strong>mos</strong></span> <span class='ocrx_word' id='word_1_107' title='bbox 625 1413 729 1469; x_wconf 88' lang='lat' dir='ltr'><strong>est,</strong></span> <span class='ocrx_word' id='word_1_108' title='bbox 754 1418 875 1458; x_wconf 92' lang='lat' dir='ltr'><strong>cum</strong></span> <span class='ocrx_word' id='word_1_109' title='bbox 906 1401 1174 1472; x_wconf 86' lang='lat' dir='ltr'><strong>loquimur</strong></span> <span class='ocrx_word' id='word_1_110' title='bbox 1198 1398 1265 1455; x_wconf 92' lang='lat' dir='ltr'><strong>de</strong></span> <span class='ocrx_word' id='word_1_111' title='bbox 1291 1394 1618 1462; x_wconf 88' lang='lat' dir='ltr'><strong>hominibus,</strong></span> <span class='ocrx_word' id='word_1_112' title='bbox 1644 1403 1700 1449; x_wconf 89' lang='lat' dir='ltr'><strong>et</strong></span> <span class='ocrx_word' id='word_1_113' title='bbox 1722 1393 1829 1448; x_wconf 87' lang='lat' dir='ltr'><strong>alta</strong></span> 
     </span>
    </p>
   </div>
   <div class='ocr_carea' id='block_1_13' title="bbox 250 1486 1831 1565">
    <p class='ocr_par' dir='ltr' id='par_1_13' title="bbox 250 1486 1831 1565">
     <span class='ocr_line' id='line_1_13' title="bbox 250 1486 1831 1565; baseline -0.012 -7"><span class='ocrx_word' id='word_1_114' title='bbox 250 1513 301 1558; x_wconf 87' lang='lat' dir='ltr'><strong>et</strong></span> <span class='ocrx_word' id='word_1_115' title='bbox 340 1499 563 1556; x_wconf 82' lang='lat' dir='ltr'><strong>humilia</strong></span> <span class='ocrx_word' id='word_1_116' title='bbox 601 1498 798 1553; x_wconf 88' lang='lat' dir='ltr'><strong>dicere.</strong></span> <span class='ocrx_word' id='word_1_117' title='bbox 832 1494 963 1550; x_wconf 75' lang='lat' dir='ltr'><strong>Nam</strong></span> <span class='ocrx_word' id='word_1_118' title='bbox 992 1492 1210 1565; x_wconf 86' lang='lat' dir='ltr'><strong>quando</strong></span> <span class='ocrx_word' id='word_1_119' title='bbox 1240 1490 1490 1554; x_wconf 75' lang='lat' dir='ltr'><strong>dicimus,</strong></span> <span class='ocrx_word' id='word_1_120' title='bbox 1531 1486 1704 1541; x_wconf 89' lang='lat' dir='ltr'><strong>Homo</strong></span> <span class='ocrx_word' id='word_1_121' title='bbox 1744 1486 1831 1539; x_wconf 91' lang='lat' dir='ltr'><strong>ni-</strong></span> 
     </span>
    </p>
   </div>
   <div class='ocr_carea' id='block_1_14' title="bbox 251 1572 1831 1659">
    <p class='ocr_par' dir='ltr' id='par_1_14' title="bbox 251 1572 1831 1659">
     <span class='ocr_line' id='line_1_14' title="bbox 251 1572 1831 1659; baseline -0.013 -10"><span class='ocrx_word' id='word_1_122' title='bbox 251 1594 363 1659; x_wconf 88' lang='lat' dir='ltr'><strong>hili,</strong></span> <span class='ocrx_word' id='word_1_123' title='bbox 386 1572 549 1647; x_wconf 77' lang='lat' dir='ltr'><strong>homo</strong></span> <span class='ocrx_word' id='word_1_124' title='bbox 576 1589 737 1655; x_wconf 85' lang='lat' dir='ltr'><strong>terra,</strong></span> <span class='ocrx_word' id='word_1_125' title='bbox 767 1586 928 1641; x_wconf 89' lang='lat' dir='ltr'><strong>homo</strong></span> <span class='ocrx_word' id='word_1_126' title='bbox 957 1585 1113 1649; x_wconf 90' lang='lat' dir='ltr'><strong>cinis,</strong></span> <span class='ocrx_word' id='word_1_127' title='bbox 1140 1583 1209 1637; x_wconf 89' lang='lat' dir='ltr'><strong>ab</strong></span> <span class='ocrx_word' id='word_1_128' title='bbox 1229 1597 1296 1638; x_wconf 89' lang='lat' dir='ltr'><strong>eo</strong></span> <span class='ocrx_word' id='word_1_129' title='bbox 1316 1579 1457 1652; x_wconf 91' lang='lat' dir='ltr'><strong>quod</strong></span> <span class='ocrx_word' id='word_1_130' title='bbox 1480 1587 1563 1634; x_wconf 88' lang='lat' dir='ltr'><strong>est</strong></span> <span class='ocrx_word' id='word_1_131' title='bbox 1593 1576 1831 1633; x_wconf 88' lang='lat' dir='ltr'><strong>deterius</strong></span> 
     </span>
    </p>
   </div>
   <div class='ocr_carea' id='block_1_15' title="bbox 253 1666 1831 1749">
    <p class='ocr_par' dir='ltr' id='par_1_15' title="bbox 253 1666 1831 1749">
     <span class='ocr_line' id='line_1_15' title="bbox 253 1666 1831 1749; baseline -0.012 -9"><span class='ocrx_word' id='word_1_132' title='bbox 253 1694 417 1741; x_wconf 87' lang='lat' dir='ltr'><strong>totum</strong></span> <span class='ocrx_word' id='word_1_133' title='bbox 447 1694 741 1744; x_wconf 89' lang='lat' dir='ltr'><strong>vocamus;</strong></span> <span class='ocrx_word' id='word_1_134' title='bbox 785 1677 1001 1749; x_wconf 85' lang='lat' dir='ltr'><strong>quando</strong></span> <span class='ocrx_word' id='word_1_135' title='bbox 1031 1684 1209 1731; x_wconf 92' lang='lat' dir='ltr'><strong>autem</strong></span> <span class='ocrx_word' id='word_1_136' title='bbox 1239 1673 1487 1737; x_wconf 84' lang='lat' dir='ltr'><strong>dicimus,</strong></span> <span class='ocrx_word' id='word_1_137' title='bbox 1521 1666 1831 1744; x_wconf 86' lang='lat' dir='ltr'><strong>Immortale</strong></span> 
     </span>
    </p>
   </div>
   <div class='ocr_carea' id='block_1_16' title="bbox 251 1770 1825 1839">
    <p class='ocr_par' dir='ltr' id='par_1_16' title="bbox 251 1770 1825 1839">
     <span class='ocr_line' id='line_1_16' title="bbox 251 1770 1825 1839; baseline -0.012 -6"><span class='ocrx_word' id='word_1_138' title='bbox 251 1775 442 1833; x_wconf 81' lang='lat' dir='ltr'><strong>animal</strong></span> <span class='ocrx_word' id='word_1_139' title='bbox 485 1773 671 1839; x_wconf 88' lang='lat' dir='ltr'><strong>homo,</strong></span> <span class='ocrx_word' id='word_1_140' title='bbox 705 1770 1035 1825; x_wconf 80' lang='lat' dir='ltr'><strong>rationabilis</strong></span> <span class='ocrx_word' id='word_1_141' title='bbox 1073 1776 1130 1823; x_wconf 91' lang='lat' dir='ltr'><strong>et</strong></span> <span class='ocrx_word' id='word_1_142' title='bbox 1157 1775 1417 1836; x_wconf 83' lang='lat' dir='ltr'><strong>cognatus</strong></span> <span class='ocrx_word' id='word_1_143' title='bbox 1443 1775 1825 1834; x_wconf 85' lang='lat' dir='ltr'><strong>supernorum,</strong></span> 
     </span>
    </p>
   </div>
   <div class='ocr_carea' id='block_1_17' title="bbox 252 1863 1825 1939">
    <p class='ocr_par' dir='ltr' id='par_1_17' title="bbox 252 1863 1825 1939">
     <span class='ocr_line' id='line_1_17' title="bbox 252 1863 1825 1939; baseline -0.011 -14"><span class='ocrx_word' id='word_1_144' title='bbox 252 1872 317 1925; x_wconf 85' lang='lat' dir='ltr'><strong>ab</strong></span> <span class='ocrx_word' id='word_1_145' title='bbox 365 1884 430 1924; x_wconf 90' lang='lat' dir='ltr'><strong>eo</strong></span> <span class='ocrx_word' id='word_1_146' title='bbox 484 1866 631 1939; x_wconf 91' lang='lat' dir='ltr'><strong>quod</strong></span> <span class='ocrx_word' id='word_1_147' title='bbox 698 1873 783 1919; x_wconf 90' lang='lat' dir='ltr'><strong>est</strong></span> <span class='ocrx_word' id='word_1_148' title='bbox 845 1863 1041 1919; x_wconf 91' lang='lat' dir='ltr'><strong>melius</strong></span> <span class='ocrx_word' id='word_1_149' title='bbox 1092 1874 1280 1916; x_wconf 81' lang='lat' dir='ltr'><strong>rursus</strong></span> <span class='ocrx_word' id='word_1_150' title='bbox 1325 1868 1493 1913; x_wconf 90' lang='lat' dir='ltr'><strong>totum</strong></span> <span class='ocrx_word' id='word_1_151' title='bbox 1548 1869 1825 1911; x_wconf 64' lang='lat' dir='ltr'><strong>vocamus.</strong></span> 
     </span>
    </p>
   </div>
   <div class='ocr_carea' id='block_1_18' title="bbox 253 1948 1829 2024">
    <p class='ocr_par' dir='ltr' id='par_1_18' title="bbox 253 1948 1829 2024">
     <span class='ocr_line' id='line_1_18' title="bbox 253 1948 1829 2024; baseline -0.01 -7"><span class='ocrx_word' id='word_1_152' title='bbox 253 1962 321 2018; x_wconf 83' lang='lat' dir='ltr'><strong>Ita</strong></span> <span class='ocrx_word' id='word_1_153' title='bbox 364 1962 523 2016; x_wconf 87' lang='lat' dir='ltr'><strong>etiam</strong></span> <span class='ocrx_word' id='word_1_154' title='bbox 579 1959 647 2015; x_wconf 91' lang='lat' dir='ltr'><strong>de</strong></span> <span class='ocrx_word' id='word_1_155' title='bbox 699 1956 948 2020; x_wconf 85' lang='lat' dir='ltr'><strong>Christo,</strong></span> <span class='ocrx_word' id='word_1_156' title='bbox 1003 1952 1291 2024; x_wconf 86' lang='lat' dir='ltr'><strong>aliquando</strong></span> <span class='ocrx_word' id='word_1_157' title='bbox 1364 1948 1580 2021; x_wconf 85' lang='lat' dir='ltr'><strong>quidem</strong></span> <span class='ocrx_word' id='word_1_158' title='bbox 1638 1963 1705 2003; x_wconf 77' lang='lat' dir='ltr'><strong>ex</strong></span> <span class='ocrx_word' id='word_1_159' title='bbox 1762 1962 1829 2001; x_wconf 88' lang='lat' dir='ltr'><strong>eo</strong></span> 
     </span>
    </p>
   </div>
   <div class='ocr_carea' id='block_1_19' title="bbox 251 2037 1828 2123">
    <p class='ocr_par' dir='ltr' id='par_1_19' title="bbox 251 2037 1828 2123">
     <span class='ocr_line' id='line_1_19' title="bbox 251 2037 1828 2123; baseline -0.008 -19"><span class='ocrx_word' id='word_1_160' title='bbox 251 2052 388 2123; x_wconf 88' lang='lat' dir='ltr'><strong>quod</strong></span> <span class='ocrx_word' id='word_1_161' title='bbox 421 2058 506 2107; x_wconf 88' lang='lat' dir='ltr'><strong>est</strong></span> <span class='ocrx_word' id='word_1_162' title='bbox 549 2052 759 2115; x_wconf 88' lang='lat' dir='ltr'><strong>minus,</strong></span> <span class='ocrx_word' id='word_1_163' title='bbox 834 2043 1126 2116; x_wconf 83' lang='lat' dir='ltr'><strong>aliquando</strong></span> <span class='ocrx_word' id='word_1_164' title='bbox 1195 2051 1374 2097; x_wconf 88' lang='lat' dir='ltr'><strong>autem</strong></span> <span class='ocrx_word' id='word_1_165' title='bbox 1430 2056 1499 2096; x_wconf 79' lang='lat' dir='ltr'><strong>ex</strong></span> <span class='ocrx_word' id='word_1_166' title='bbox 1558 2055 1624 2095; x_wconf 90' lang='lat' dir='ltr'><strong>eo</strong></span> <span class='ocrx_word' id='word_1_167' title='bbox 1684 2037 1828 2109; x_wconf 92' lang='lat' dir='ltr'><strong>quod</strong></span> 
     </span>
    </p>
   </div>
   <div class='ocr_carea' id='block_1_20' title="bbox 250 2131 1825 2210">
    <p class='ocr_par' dir='ltr' id='par_1_20' title="bbox 250 2131 1825 2210">
     <span class='ocr_line' id='line_1_20' title="bbox 250 2131 1825 2210; baseline -0.011 -10"><span class='ocrx_word' id='word_1_168' title='bbox 250 2154 328 2200; x_wconf 87' lang='lat' dir='ltr'><strong>est</strong></span> <span class='ocrx_word' id='word_1_169' title='bbox 390 2143 582 2200; x_wconf 88' lang='lat' dir='ltr'><strong>melius</strong></span> <span class='ocrx_word' id='word_1_170' title='bbox 666 2139 898 2210; x_wconf 87' lang='lat' dir='ltr'><strong>loquitur</strong></span> <span class='ocrx_word' id='word_1_171' title='bbox 968 2136 1197 2200; x_wconf 88' lang='lat' dir='ltr'><strong>Paulus,</strong></span> <span class='ocrx_word' id='word_1_172' title='bbox 1256 2142 1312 2188; x_wconf 90' lang='lat' dir='ltr'><strong>et</strong></span> <span class='ocrx_word' id='word_1_173' title='bbox 1370 2131 1825 2202; x_wconf 86' lang='lat' dir='ltr'><strong>dispensationem</strong></span> 
     </span>
    </p>
   </div>
   <div class='ocr_carea' id='block_1_21' title="bbox 250 2224 1827 2297">
    <p class='ocr_par' dir='ltr' id='par_1_21' title="bbox 250 2224 1827 2297">
     <span class='ocr_line' id='line_1_21' title="bbox 250 2224 1827 2297; baseline -0.009 -6"><span class='ocrx_word' id='word_1_174' title='bbox 250 2234 431 2291; x_wconf 85' lang='lat' dir='ltr'><strong>volens</strong></span> <span class='ocrx_word' id='word_1_175' title='bbox 453 2232 806 2297; x_wconf 85' lang='lat' dir='ltr'><strong>constituere,</strong></span> <span class='ocrx_word' id='word_1_176' title='bbox 834 2238 888 2285; x_wconf 88' lang='lat' dir='ltr'><strong>et</strong></span> <span class='ocrx_word' id='word_1_177' title='bbox 918 2228 1111 2284; x_wconf 87' lang='lat' dir='ltr'><strong>docere</strong></span> <span class='ocrx_word' id='word_1_178' title='bbox 1140 2227 1207 2283; x_wconf 88' lang='lat' dir='ltr'><strong>de</strong></span> <span class='ocrx_word' id='word_1_179' title='bbox 1234 2234 1421 2281; x_wconf 89' lang='lat' dir='ltr'><strong>natura</strong></span> <span class='ocrx_word' id='word_1_180' title='bbox 1453 2224 1505 2279; x_wconf 81' lang='lat' dir='ltr'><strong>in</strong></span> <span class='ocrx_word' id='word_1_181' title='bbox 1534 2238 1691 2295; x_wconf 90' lang='lat' dir='ltr'><strong>quam</strong></span> <span class='ocrx_word' id='word_1_182' title='bbox 1721 2238 1827 2277; x_wconf 90' lang='lat' dir='ltr'><strong>non</strong></span> 
     </span>
    </p>
   </div>
   <div class='ocr_carea' id='block_1_22' title="bbox 247 2325 683 2385">
    <p class='ocr_par' dir='ltr' id='par_1_22' title="bbox 247 2325 683 2385">
     <span class='ocr_line' id='line_1_22' title="bbox 247 2325 683 2385; baseline -0.018 0"><span class='ocrx_word' id='word_1_183' title='bbox 247 2325 388 2385; x_wconf 80' lang='lat' dir='ltr'><strong>cadit</strong></span> <span class='ocrx_word' id='word_1_184' title='bbox 414 2325 683 2382; x_wconf 83' lang='lat' dir='ltr'><strong>interitus.</strong></span> 
     </span>
    </p>
   </div>
   <div class='ocr_carea' id='block_1_23' title="bbox 313 2404 1828 2474">
    <p class='ocr_par' dir='ltr' id='par_1_23' title="bbox 313 2404 1828 2474">
     <span class='ocr_line' id='line_1_23' title="bbox 313 2404 1828 2474; baseline -0.011 -1"><span class='ocrx_word' id='word_1_185' title='bbox 313 2418 367 2474; x_wconf 84' lang='lat'><strong>&#39;5.</strong></span> <span class='ocrx_word' id='word_1_186' title='bbox 396 2414 699 2470; x_wconf 64' lang='lat' dir='ltr'><strong>Exhortatio</strong></span> <span class='ocrx_word' id='word_1_187' title='bbox 722 2414 790 2469; x_wconf 85' lang='lat' dir='ltr'><strong>ad</strong></span> <span class='ocrx_word' id='word_1_188' title='bbox 826 2412 1163 2468; x_wconf 82' lang='lat' dir='ltr'><strong>innocentiam</strong></span> <span class='ocrx_word' id='word_1_189' title='bbox 1186 2409 1507 2465; x_wconf 72' lang='lat' dir='ltr'><strong>amandum.</strong></span> <span class='ocrx_word' id='word_1_190' title='bbox 1547 2404 1828 2461; x_wconf 78' lang='lat' dir='ltr'><strong>Maledicta</strong></span> 
     </span>
    </p>
   </div>
   <div class='ocr_carea' id='block_1_24' title="bbox 246 2498 1827 2572">
    <p class='ocr_par' dir='ltr' id='par_1_24' title="bbox 246 2498 1827 2572">
     <span class='ocr_line' id='line_1_24' title="bbox 246 2498 1827 2572; baseline -0.001 -21"><span class='ocrx_word' id='word_1_191' title='bbox 246 2506 298 2562; x_wconf 65' lang='lat' dir='ltr'><strong>in</strong></span> <span class='ocrx_word' id='word_1_192' title='bbox 324 2501 614 2569; x_wconf 70' lang='lat' dir='ltr'><strong>proximum</strong></span> <span class='ocrx_word' id='word_1_193' title='bbox 641 2511 845 2571; x_wconf 65' lang='lat' dir='ltr'><strong>quantm</strong></span> <span class='ocrx_word' id='word_1_194' title='bbox 870 2518 1032 2572; x_wconf 67' lang='lat' dir='ltr'><strong>preme</strong></span> <span class='ocrx_word' id='word_1_195' title='bbox 1051 2503 1288 2557; x_wconf 73' lang='lat' dir='ltr'><strong>obnoxia.</strong></span> <span class='ocrx_word' id='word_1_196' title='bbox 1315 2527 1386 2541; x_wconf 88' lang='lat'><strong>-—-</strong></span> <span class='ocrx_word' id='word_1_197' title='bbox 1405 2499 1667 2568; x_wconf 85' lang='lat' dir='ltr'><strong>Quoniam</strong></span> <span class='ocrx_word' id='word_1_198' title='bbox 1695 2498 1827 2568; x_wconf 82' lang='lat' dir='ltr'><strong>ergo</strong></span> 
     </span>
    </p>
   </div>
   <div class='ocr_carea' id='block_1_25' title="bbox 246 2592 1828 2663">
    <p class='ocr_par' dir='ltr' id='par_1_25' title="bbox 246 2592 1828 2663">
     <span class='ocr_line' id='line_1_25' title="bbox 246 2592 1828 2663; baseline -0.001 -17"><span class='ocrx_word' id='word_1_199' title='bbox 246 2601 589 2661; x_wconf 85' lang='lat' dir='ltr'><strong>peccatorum</strong></span> <span class='ocrx_word' id='word_1_200' title='bbox 614 2601 920 2648; x_wconf 89' lang='lat' dir='ltr'><strong>nostrorum</strong></span> <span class='ocrx_word' id='word_1_201' title='bbox 945 2592 1069 2648; x_wconf 88' lang='lat' dir='ltr'><strong>fecit</strong></span> <span class='ocrx_word' id='word_1_202' title='bbox 1100 2592 1488 2663; x_wconf 77' lang='lat' dir='ltr'><strong>purgationem,</strong></span> <span class='ocrx_word' id='word_1_203' title='bbox 1513 2604 1828 2646; x_wconf 84' lang='lat' dir='ltr'><strong>maneamus</strong></span> 
     </span>
    </p>
   </div>
   <div class='ocr_carea' id='block_1_26' title="bbox 246 2680 1827 2754">
    <p class='ocr_par' dir='ltr' id='par_1_26' title="bbox 246 2680 1827 2754">
     <span class='ocr_line' id='line_1_26' title="bbox 246 2680 1827 2754; baseline -0.002 -16"><span class='ocrx_word' id='word_1_204' title='bbox 246 2684 361 2754; x_wconf 91' lang='lat' dir='ltr'><strong>puri</strong></span> <span class='ocrx_word' id='word_1_205' title='bbox 400 2693 457 2739; x_wconf 90' lang='lat' dir='ltr'><strong>et</strong></span> <span class='ocrx_word' id='word_1_206' title='bbox 506 2683 723 2749; x_wconf 91' lang='lat' dir='ltr'><strong>mundi,</strong></span> <span class='ocrx_word' id='word_1_207' title='bbox 755 2684 952 2740; x_wconf 89' lang='lat' dir='ltr'><strong>nullam</strong></span> <span class='ocrx_word' id='word_1_208' title='bbox 999 2686 1353 2754; x_wconf 84' lang='lat' dir='ltr'><strong>suscipiamus</strong></span> <span class='ocrx_word' id='word_1_209' title='bbox 1399 2683 1692 2747; x_wconf 88' lang='lat' dir='ltr'><strong>maculam;</strong></span> <span class='ocrx_word' id='word_1_210' title='bbox 1733 2680 1827 2735; x_wconf 87' lang='lat' dir='ltr'><strong>sed</strong></span> 
     </span>
    </p>
   </div>
   <div class='ocr_carea' id='block_1_27' title="bbox 246 2776 1830 2848">
    <p class='ocr_par' dir='ltr' id='par_1_27' title="bbox 246 2776 1830 2848">
     <span class='ocr_line' id='line_1_27' title="bbox 246 2776 1830 2848; baseline -0.003 -16"><span class='ocrx_word' id='word_1_211' title='bbox 246 2792 405 2847; x_wconf 88' lang='lat' dir='ltr'><strong>quam</strong></span> <span class='ocrx_word' id='word_1_212' title='bbox 437 2777 597 2833; x_wconf 90' lang='lat' dir='ltr'><strong>nobis</strong></span> <span class='ocrx_word' id='word_1_213' title='bbox 623 2776 813 2833; x_wconf 90' lang='lat' dir='ltr'><strong>indidit</strong></span> <span class='ocrx_word' id='word_1_214' title='bbox 852 2776 1302 2848; x_wconf 87' lang='lat' dir='ltr'><strong>pulchritudinem</strong></span> <span class='ocrx_word' id='word_1_215' title='bbox 1333 2785 1388 2832; x_wconf 91' lang='lat' dir='ltr'><strong>et</strong></span> <span class='ocrx_word' id='word_1_216' title='bbox 1410 2776 1663 2831; x_wconf 91' lang='lat' dir='ltr'><strong>decorem</strong></span> <span class='ocrx_word' id='word_1_217' title='bbox 1694 2788 1830 2830; x_wconf 83' lang='lat' dir='ltr'><strong>cou-</strong></span> 
     </span>
    </p>
   </div>
   <div class='ocr_carea' id='block_1_28' title="bbox 244 2867 1829 2940">
    <p class='ocr_par' dir='ltr' id='par_1_28' title="bbox 244 2867 1829 2940">
     <span class='ocr_line' id='line_1_28' title="bbox 244 2867 1829 2940; baseline 0 -18"><span class='ocrx_word' id='word_1_218' title='bbox 244 2880 525 2924; x_wconf 86' lang='lat' dir='ltr'><strong>servemus</strong></span> <span class='ocrx_word' id='word_1_219' title='bbox 568 2868 903 2940; x_wconf 87' lang='lat' dir='ltr'><strong>impollutum</strong></span> <span class='ocrx_word' id='word_1_220' title='bbox 944 2878 999 2926; x_wconf 93' lang='lat' dir='ltr'><strong>et</strong></span> <span class='ocrx_word' id='word_1_221' title='bbox 1048 2870 1303 2925; x_wconf 90' lang='lat' dir='ltr'><strong>mundum</strong></span> <span class='ocrx_word' id='word_1_222' title='bbox 1329 2909 1346 2933; x_wconf 93' lang='lat'><strong>,</strong></span> <span class='ocrx_word' id='word_1_223' title='bbox 1378 2869 1584 2922; x_wconf 90' lang='lat' dir='ltr'><strong>nullam</strong></span> <span class='ocrx_word' id='word_1_224' title='bbox 1612 2867 1829 2923; x_wconf 89' lang='lat' dir='ltr'><strong>sordem</strong></span> 
     </span>
    </p>
   </div>
   <div class='ocr_carea' id='block_1_29' title="bbox 248 2956 1829 3031">
    <p class='ocr_par' dir='ltr' id='par_1_29' title="bbox 248 2956 1829 3031">
     <span class='ocr_line' id='line_1_29' title="bbox 248 2956 1829 3031; baseline 0.001 -20"><span class='ocrx_word' id='word_1_225' title='bbox 248 2956 536 3013; x_wconf 79' lang='lat' dir='ltr'><strong>habentem</strong></span> <span class='ocrx_word' id='word_1_226' title='bbox 562 2999 577 3025; x_wconf 94' lang='lat'><strong>,</strong></span> <span class='ocrx_word' id='word_1_227' title='bbox 609 2969 701 3014; x_wconf 88' lang='lat' dir='ltr'><strong>aut</strong></span> <span class='ocrx_word' id='word_1_228' title='bbox 726 2976 936 3031; x_wconf 86' lang='lat' dir='ltr'><strong>rugam,</strong></span> <span class='ocrx_word' id='word_1_229' title='bbox 964 2968 1056 3015; x_wconf 91' lang='lat' dir='ltr'><strong>aut</strong></span> <span class='ocrx_word' id='word_1_230' title='bbox 1083 2959 1283 3030; x_wconf 88' lang='lat' dir='ltr'><strong>aliquid</strong></span> <span class='ocrx_word' id='word_1_231' title='bbox 1314 2958 1599 3029; x_wconf 87' lang='lat' dir='ltr'><strong>ejusmodi.</strong></span> <span class='ocrx_word' id='word_1_232' title='bbox 1628 2957 1829 3013; x_wconf 86' lang='lat' dir='ltr'><strong>Sordes</strong></span> 
     </span>
    </p>
   </div>
   <div class='ocr_carea' id='block_1_30' title="bbox 245 3038 1827 3121">
    <p class='ocr_par' dir='ltr' id='par_1_30' title="bbox 245 3038 1827 3121">
     <span class='ocr_line' id='line_1_30' title="bbox 245 3038 1827 3121; baseline -0.001 -20"><span class='ocrx_word' id='word_1_233' title='bbox 245 3048 384 3121; x_wconf 89' lang='lat' dir='ltr'><strong>enim</strong></span> <span class='ocrx_word' id='word_1_234' title='bbox 401 3057 599 3105; x_wconf 89' lang='lat' dir='ltr'><strong>suntet</strong></span> <span class='ocrx_word' id='word_1_235' title='bbox 617 3038 746 3121; x_wconf 86' lang='lat' dir='ltr'><strong>ruga</strong></span> <span class='ocrx_word' id='word_1_236' title='bbox 762 3052 921 3106; x_wconf 91' lang='lat' dir='ltr'><strong>etiam</strong></span> <span class='ocrx_word' id='word_1_237' title='bbox 941 3066 1100 3121; x_wconf 87' lang='lat' dir='ltr'><strong>parva</strong></span> <span class='ocrx_word' id='word_1_238' title='bbox 1119 3058 1357 3119; x_wconf 81' lang='lat' dir='ltr'><strong>peccatu,</strong></span> <span class='ocrx_word' id='word_1_239' title='bbox 1379 3059 1435 3104; x_wconf 90' lang='lat' dir='ltr'><strong>ut</strong></span> <span class='ocrx_word' id='word_1_240' title='bbox 1462 3049 1827 3111; x_wconf 86' lang='lat' dir='ltr'><strong>maledictum,</strong></span> 
     </span>
    </p>
   </div>
   <div class='ocr_carea' id='block_1_31' title="bbox 246 3139 1826 3208">
    <p class='ocr_par' dir='ltr' id='par_1_31' title="bbox 246 3139 1826 3208">
     <span class='ocr_line' id='line_1_31' title="bbox 246 3139 1826 3208; baseline -0.001 -16"><span class='ocrx_word' id='word_1_241' title='bbox 246 3139 570 3194; x_wconf 82' lang='lat' dir='ltr'><strong>contumelia</strong></span> <span class='ocrx_word' id='word_1_242' title='bbox 601 3180 617 3205; x_wconf 93' lang='lat'><strong>,</strong></span> <span class='ocrx_word' id='word_1_243' title='bbox 650 3140 988 3195; x_wconf 88' lang='lat' dir='ltr'><strong>mendacium</strong></span> <span class='ocrx_word' id='word_1_244' title='bbox 1036 3157 1049 3193; x_wconf 91' lang='lat'><strong>:</strong></span> <span class='ocrx_word' id='word_1_245' title='bbox 1095 3142 1205 3194; x_wconf 89' lang='lat' dir='ltr'><strong>imo</strong></span> <span class='ocrx_word' id='word_1_246' title='bbox 1250 3153 1378 3193; x_wconf 84' lang='lat' dir='ltr'><strong>vero</strong></span> <span class='ocrx_word' id='word_1_247' title='bbox 1412 3154 1477 3192; x_wconf 89' lang='lat' dir='ltr'><strong>ne</strong></span> <span class='ocrx_word' id='word_1_248' title='bbox 1504 3154 1565 3193; x_wconf 91' lang='lat' dir='ltr'><strong>ea</strong></span> <span class='ocrx_word' id='word_1_249' title='bbox 1613 3140 1826 3208; x_wconf 84' lang='lat' dir='ltr'><strong>quidem</strong></span> 
     </span>
    </p>
   </div>
   <div class='ocr_carea' id='block_1_32' title="bbox 246 3227 1831 3300">
    <p class='ocr_par' dir='ltr' id='par_1_32' title="bbox 246 3227 1831 3300">
     <span class='ocr_line' id='line_1_32' title="bbox 246 3227 1831 3300; baseline 0 -19"><span class='ocrx_word' id='word_1_250' title='bbox 246 3238 367 3283; x_wconf 86' lang='lat' dir='ltr'><strong>sunt</strong></span> <span class='ocrx_word' id='word_1_251' title='bbox 398 3244 565 3299; x_wconf 90' lang='lat' dir='ltr'><strong>parva</strong></span> <span class='ocrx_word' id='word_1_252' title='bbox 594 3270 610 3297; x_wconf 90' lang='lat'><strong>,</strong></span> <span class='ocrx_word' id='word_1_253' title='bbox 640 3230 735 3285; x_wconf 87' lang='lat' dir='ltr'><strong>sed</strong></span> <span class='ocrx_word' id='word_1_254' title='bbox 764 3240 820 3286; x_wconf 91' lang='lat' dir='ltr'><strong>et</strong></span> <span class='ocrx_word' id='word_1_255' title='bbox 846 3230 1001 3285; x_wconf 88' lang='lat' dir='ltr'><strong>valde</strong></span> <span class='ocrx_word' id='word_1_256' title='bbox 1026 3244 1215 3300; x_wconf 88' lang='lat' dir='ltr'><strong>magna</strong></span> <span class='ocrx_word' id='word_1_257' title='bbox 1238 3269 1253 3295; x_wconf 96' lang='lat'><strong>,</strong></span> <span class='ocrx_word' id='word_1_258' title='bbox 1282 3228 1417 3284; x_wconf 89' lang='lat' dir='ltr'><strong>adeo</strong></span> <span class='ocrx_word' id='word_1_259' title='bbox 1446 3246 1503 3284; x_wconf 83' lang='grc' dir='ltr'><strong>ιιι</strong></span> <span class='ocrx_word' id='word_1_260' title='bbox 1532 3229 1692 3283; x_wconf 91' lang='lat' dir='ltr'><strong>etiam</strong></span> <span class='ocrx_word' id='word_1_261' title='bbox 1720 3227 1831 3299; x_wconf 60' lang='lat' dir='ltr'><strong>pri.</strong></span> 
     </span>
    </p>
   </div>
   <div class='ocr_carea' id='block_1_33' title="bbox 246 3320 1825 3392">
    <p class='ocr_par' dir='ltr' id='par_1_33' title="bbox 246 3320 1825 3392">
     <span class='ocr_line' id='line_1_33' title="bbox 246 3320 1825 3392; baseline -0.001 -18"><span class='ocrx_word' id='word_1_262' title='bbox 246 3330 369 3375; x_wconf 90' lang='lat' dir='ltr'><strong>vent</strong></span> <span class='ocrx_word' id='word_1_263' title='bbox 399 3337 570 3392; x_wconf 77' lang='lat' dir='ltr'><strong>regno</strong></span> <span class='ocrx_word' id='word_1_264' title='bbox 607 3322 884 3378; x_wconf 61' lang='lat' dir='ltr'><strong>cailorum.</strong></span> <span class='ocrx_word' id='word_1_265' title='bbox 936 3321 1251 3390; x_wconf 83' lang='lat' dir='ltr'><strong>Quomodo?</strong></span> <span class='ocrx_word' id='word_1_266' title='bbox 1275 3320 1374 3389; x_wconf 86' lang='lat' dir='ltr'><strong>Qui</strong></span> <span class='ocrx_word' id='word_1_267' title='bbox 1408 3320 1626 3376; x_wconf 86' lang='lat' dir='ltr'><strong>fratrem</strong></span> <span class='ocrx_word' id='word_1_268' title='bbox 1670 3335 1825 3375; x_wconf 90' lang='lat' dir='ltr'><strong>suum</strong></span> 
     </span>
    </p>
   </div>
   <div class='ocr_carea' id='block_1_34' title="bbox 247 3410 1832 3482">
    <p class='ocr_par' dir='ltr' id='par_1_34' title="bbox 247 3410 1832 3482">
     <span class='ocr_line' id='line_1_34' title="bbox 247 3410 1832 3482; baseline 0 -17"><span class='ocrx_word' id='word_1_269' title='bbox 247 3422 399 3467; x_wconf 88' lang='lat' dir='ltr'><strong>vocat</strong></span> <span class='ocrx_word' id='word_1_270' title='bbox 436 3413 642 3467; x_wconf 87' lang='lat' dir='ltr'><strong>fatuum</strong></span> <span class='ocrx_word' id='word_1_271' title='bbox 668 3455 681 3479; x_wconf 94' lang='lat'><strong>,</strong></span> <span class='ocrx_word' id='word_1_272' title='bbox 715 3422 798 3468; x_wconf 90' lang='lat' dir='ltr'><strong>est</strong></span> <span class='ocrx_word' id='word_1_273' title='bbox 823 3413 1089 3468; x_wconf 78' lang='lat' dir='ltr'><strong>obnoxius</strong></span> <span class='ocrx_word' id='word_1_274' title='bbox 1112 3453 1126 3477; x_wconf 92' lang='lat'><strong>,</strong></span> <span class='ocrx_word' id='word_1_275' title='bbox 1156 3412 1360 3482; x_wconf 84' lang='lat' dir='ltr'><strong>inquit,</strong></span> <span class='ocrx_word' id='word_1_276' title='bbox 1402 3410 1832 3481; x_wconf 71' lang='lat' dir='ltr'><strong>gehennteignis</strong></span> 
     </span>
    </p>
   </div>
   <div class='ocr_carea' id='block_1_35' title="bbox 248 3502 1829 3577">
    <p class='ocr_par' dir='ltr' id='par_1_35' title="bbox 248 3502 1829 3577">
     <span class='ocr_line' id='line_1_35' title="bbox 248 3502 1829 3577; baseline -0.001 -19"><span class='ocrx_word' id='word_1_277' title='bbox 248 3508 265 3573; x_wconf 95' lang='lat'><strong>(</strong></span> <span class='ocrx_word' id='word_1_278' title='bbox 293 3505 483 3558; x_wconf 65' lang='lat' dir='ltr'><strong>Matth.</strong></span> <span class='ocrx_word' id='word_1_279' title='bbox 522 3506 577 3561; x_wconf 86' lang='lat'><strong>5.</strong></span> <span class='ocrx_word' id='word_1_280' title='bbox 608 3504 678 3559; x_wconf 63' lang='grc' dir='ltr'><strong>ἓξ</strong></span> <span class='ocrx_word' id='word_1_281' title='bbox 705 3504 746 3577; x_wconf 93' lang='grc'><strong>).</strong></span> <span class='ocrx_word' id='word_1_282' title='bbox 777 3505 830 3560; x_wconf 92' lang='lat' dir='ltr'><strong>Si</strong></span> <span class='ocrx_word' id='word_1_283' title='bbox 861 3514 1040 3560; x_wconf 88' lang='lat' dir='ltr'><strong>autem</strong></span> <span class='ocrx_word' id='word_1_284' title='bbox 1089 3505 1178 3574; x_wconf 90' lang='lat' dir='ltr'><strong>qui</strong></span> <span class='ocrx_word' id='word_1_285' title='bbox 1211 3513 1365 3559; x_wconf 87' lang='lat' dir='ltr'><strong>vocat</strong></span> <span class='ocrx_word' id='word_1_286' title='bbox 1414 3504 1611 3558; x_wconf 90' lang='lat' dir='ltr'><strong>fatuum</strong></span> <span class='ocrx_word' id='word_1_287' title='bbox 1638 3542 1657 3569; x_wconf 92' lang='lat'><strong>,</strong></span> <span class='ocrx_word' id='word_1_288' title='bbox 1690 3502 1829 3572; x_wconf 88' lang='lat' dir='ltr'><strong>quod</strong></span> 
     </span>
    </p>
   </div>
   <div class='ocr_carea' id='block_1_36' title="bbox 249 3594 1827 3664">
    <p class='ocr_par' dir='ltr' id='par_1_36' title="bbox 249 3594 1827 3664">
     <span class='ocr_line' id='line_1_36' title="bbox 249 3594 1827 3664; baseline 0 -17"><span class='ocrx_word' id='word_1_289' title='bbox 249 3596 454 3649; x_wconf 87' lang='lat' dir='ltr'><strong>videtur</strong></span> <span class='ocrx_word' id='word_1_290' title='bbox 482 3601 722 3650; x_wconf 87' lang='lat' dir='ltr'><strong>omnium</strong></span> <span class='ocrx_word' id='word_1_291' title='bbox 768 3611 889 3652; x_wconf 91' lang='lat' dir='ltr'><strong>esse</strong></span> <span class='ocrx_word' id='word_1_292' title='bbox 921 3596 1251 3651; x_wconf 90' lang='lat' dir='ltr'><strong>levissimum</strong></span> <span class='ocrx_word' id='word_1_293' title='bbox 1279 3604 1333 3650; x_wconf 92' lang='lat' dir='ltr'><strong>et</strong></span> <span class='ocrx_word' id='word_1_294' title='bbox 1380 3594 1529 3649; x_wconf 86' lang='lat' dir='ltr'><strong>lusus</strong></span> <span class='ocrx_word' id='word_1_295' title='bbox 1558 3594 1781 3664; x_wconf 84' lang='lat' dir='ltr'><strong>puerilis</strong></span> <span class='ocrx_word' id='word_1_296' title='bbox 1812 3610 1827 3657; x_wconf 92' lang='lat'><strong>;</strong></span> 
     </span>
    </p>
   </div>
   <div class='ocr_carea' id='block_1_37' title="bbox 246 3683 1833 3757">
    <p class='ocr_par' dir='ltr' id='par_1_37' title="bbox 246 3683 1833 3757">
     <span class='ocr_line' id='line_1_37' title="bbox 246 3683 1833 3757; baseline -0.002 -17"><span class='ocrx_word' id='word_1_297' title='bbox 246 3688 330 3755; x_wconf 88' lang='lat' dir='ltr'><strong>qui</strong></span> <span class='ocrx_word' id='word_1_298' title='bbox 359 3697 517 3742; x_wconf 88' lang='lat' dir='ltr'><strong>vocat</strong></span> <span class='ocrx_word' id='word_1_299' title='bbox 567 3688 858 3757; x_wconf 83' lang='lat' dir='ltr'><strong>malignum</strong></span> <span class='ocrx_word' id='word_1_300' title='bbox 898 3696 951 3742; x_wconf 93' lang='lat' dir='ltr'><strong>et</strong></span> <span class='ocrx_word' id='word_1_301' title='bbox 1001 3686 1300 3742; x_wconf 86' lang='lat' dir='ltr'><strong>maleﬁcum</strong></span> <span class='ocrx_word' id='word_1_302' title='bbox 1331 3696 1386 3741; x_wconf 89' lang='lat' dir='ltr'><strong>et</strong></span> <span class='ocrx_word' id='word_1_303' title='bbox 1412 3684 1645 3739; x_wconf 84' lang='lat' dir='ltr'><strong>invidum</strong></span> <span class='ocrx_word' id='word_1_304' title='bbox 1673 3692 1727 3739; x_wconf 92' lang='lat' dir='ltr'><strong>et</strong></span> <span class='ocrx_word' id='word_1_305' title='bbox 1753 3683 1833 3738; x_wconf 89' lang='lat' dir='ltr'><strong>in-</strong></span> 
     </span>
    </p>
   </div>
   <div class='ocr_carea' id='block_1_38' title="bbox 248 3776 1834 3850">
    <p class='ocr_par' dir='ltr' id='par_1_38' title="bbox 248 3776 1834 3850">
     <span class='ocr_line' id='line_1_38' title="bbox 248 3776 1834 3850; baseline -0.002 -18"><span class='ocrx_word' id='word_1_306' title='bbox 248 3780 671 3833; x_wconf 85' lang='lat' dir='ltr'><strong>numerabilibus</strong></span> <span class='ocrx_word' id='word_1_307' title='bbox 700 3778 818 3833; x_wconf 88' lang='lat' dir='ltr'><strong>aliis</strong></span> <span class='ocrx_word' id='word_1_308' title='bbox 864 3778 1077 3850; x_wconf 88' lang='lat' dir='ltr'><strong>probris</strong></span> <span class='ocrx_word' id='word_1_309' title='bbox 1125 3778 1361 3848; x_wconf 89' lang='lat' dir='ltr'><strong>appetit,</strong></span> <span class='ocrx_word' id='word_1_310' title='bbox 1396 3790 1531 3846; x_wconf 88' lang='lat' dir='ltr'><strong>quas</strong></span> <span class='ocrx_word' id='word_1_311' title='bbox 1564 3791 1671 3831; x_wconf 91' lang='lat' dir='ltr'><strong>non</strong></span> <span class='ocrx_word' id='word_1_312' title='bbox 1724 3776 1834 3832; x_wconf 91' lang='lat' dir='ltr'><strong>luet</strong></span> 
     </span>
    </p>
   </div>
   <div class='ocr_carea' id='block_1_39' title="bbox 247 3868 1831 3942">
    <p class='ocr_par' dir='ltr' id='par_1_39' title="bbox 247 3868 1831 3942">
     <span class='ocr_line' id='line_1_39' title="bbox 247 3868 1831 3942; baseline -0.001 -17"><span class='ocrx_word' id='word_1_313' title='bbox 247 3886 434 3941; x_wconf 81' lang='lat' dir='ltr'><strong>pceuas</strong></span> <span class='ocrx_word' id='word_1_314' title='bbox 484 3872 895 3942; x_wconf 84' lang='lat' dir='ltr'><strong>castigationis?</strong></span> <span class='ocrx_word' id='word_1_315' title='bbox 925 3870 1053 3940; x_wconf 90' lang='lat' dir='ltr'><strong>quid</strong></span> <span class='ocrx_word' id='word_1_316' title='bbox 1099 3879 1181 3925; x_wconf 92' lang='lat' dir='ltr'><strong>est</strong></span> <span class='ocrx_word' id='word_1_317' title='bbox 1226 3872 1324 3925; x_wconf 91' lang='lat' dir='ltr'><strong>hoc</strong></span> <span class='ocrx_word' id='word_1_318' title='bbox 1354 3868 1699 3925; x_wconf 84' lang='lat' dir='ltr'><strong>horribilius?</strong></span> <span class='ocrx_word' id='word_1_319' title='bbox 1727 3868 1831 3924; x_wconf 89' lang='lat' dir='ltr'><strong>Sed</strong></span> 
     </span>
    </p>
   </div>
   <div class='ocr_carea' id='block_1_40' title="bbox 249 3959 1833 4032">
    <p class='ocr_par' dir='ltr' id='par_1_40' title="bbox 249 3959 1833 4032">
     <span class='ocr_line' id='line_1_40' title="bbox 249 3959 1833 4032; baseline 0.001 -19"><span class='ocrx_word' id='word_1_320' title='bbox 249 3963 508 4016; x_wconf 85' lang='lat' dir='ltr'><strong>sustinete</strong></span> <span class='ocrx_word' id='word_1_321' title='bbox 558 3977 740 4032; x_wconf 72' lang='lat' dir='ltr'><strong>qua‘so</strong></span> <span class='ocrx_word' id='word_1_322' title='bbox 769 3961 909 4030; x_wconf 88' lang='lat' dir='ltr'><strong>quod</strong></span> <span class='ocrx_word' id='word_1_323' title='bbox 937 3962 1072 4016; x_wconf 89' lang='lat' dir='ltr'><strong>dico.</strong></span> <span class='ocrx_word' id='word_1_324' title='bbox 1103 3961 1161 4016; x_wconf 88' lang='lat' dir='ltr'><strong>Si</strong></span> <span class='ocrx_word' id='word_1_325' title='bbox 1190 3962 1331 4015; x_wconf 91' lang='lat' dir='ltr'><strong>enim</strong></span> <span class='ocrx_word' id='word_1_326' title='bbox 1376 3962 1465 4031; x_wconf 90' lang='lat' dir='ltr'><strong>qui</strong></span> <span class='ocrx_word' id='word_1_327' title='bbox 1492 3959 1619 4014; x_wconf 89' lang='lat' dir='ltr'><strong>facit</strong></span> <span class='ocrx_word' id='word_1_328' title='bbox 1648 3959 1736 4013; x_wconf 90' lang='lat' dir='ltr'><strong>uni</strong></span> <span class='ocrx_word' id='word_1_329' title='bbox 1766 3975 1833 4015; x_wconf 81' lang='lat' dir='ltr'><strong>ex</strong></span> 
     </span>
    </p>
   </div>
   <div class='ocr_carea' id='block_1_41' title="bbox 248 4052 1829 4124">
    <p class='ocr_par' dir='ltr' id='par_1_41' title="bbox 248 4052 1829 4124">
     <span class='ocr_line' id='line_1_41' title="bbox 248 4052 1829 4124; baseline -0.002 -17"><span class='ocrx_word' id='word_1_330' title='bbox 248 4055 486 4108; x_wconf 85' lang='lat' dir='ltr'><strong>minimis</strong></span> <span class='ocrx_word' id='word_1_331' title='bbox 510 4096 524 4119; x_wconf 94' lang='lat'><strong>,</strong></span> <span class='ocrx_word' id='word_1_332' title='bbox 551 4056 648 4122; x_wconf 79' lang='lat' dir='ltr'><strong>ipsi</strong></span> <span class='ocrx_word' id='word_1_333' title='bbox 680 4053 825 4117; x_wconf 80' lang='lat' dir='ltr'><strong>facit,</strong></span> <span class='ocrx_word' id='word_1_334' title='bbox 856 4063 909 4108; x_wconf 89' lang='lat' dir='ltr'><strong>et</strong></span> <span class='ocrx_word' id='word_1_335' title='bbox 943 4054 1029 4124; x_wconf 90' lang='lat' dir='ltr'><strong>qui</strong></span> <span class='ocrx_word' id='word_1_336' title='bbox 1060 4068 1165 4107; x_wconf 92' lang='lat' dir='ltr'><strong>non</strong></span> <span class='ocrx_word' id='word_1_337' title='bbox 1200 4052 1327 4107; x_wconf 85' lang='lat' dir='ltr'><strong>facit</strong></span> <span class='ocrx_word' id='word_1_338' title='bbox 1357 4052 1446 4107; x_wconf 89' lang='lat' dir='ltr'><strong>uni</strong></span> <span class='ocrx_word' id='word_1_339' title='bbox 1477 4068 1542 4106; x_wconf 80' lang='lat' dir='ltr'><strong>ex</strong></span> <span class='ocrx_word' id='word_1_340' title='bbox 1571 4052 1829 4117; x_wconf 80' lang='lat' dir='ltr'><strong>minimis,</strong></span> 
     </span>
    </p>
   </div>
   <div class='ocr_carea' id='block_1_42' title="bbox 250 4143 1831 4217">
    <p class='ocr_par' dir='ltr' id='par_1_42' title="bbox 250 4143 1831 4217">
     <span class='ocr_line' id='line_1_42' title="bbox 250 4143 1831 4217; baseline -0.003 -16"><span class='ocrx_word' id='word_1_341' title='bbox 250 4149 346 4217; x_wconf 86' lang='lat' dir='ltr'><strong>ipsi</strong></span> <span class='ocrx_word' id='word_1_342' title='bbox 371 4163 477 4201; x_wconf 88' lang='lat' dir='ltr'><strong>non</strong></span> <span class='ocrx_word' id='word_1_343' title='bbox 510 4146 630 4201; x_wconf 84' lang='lat' dir='ltr'><strong>facit</strong></span> <span class='ocrx_word' id='word_1_344' title='bbox 655 4146 871 4217; x_wconf 76' lang='lat' dir='ltr'><strong>(Matth.</strong></span> <span class='ocrx_word' id='word_1_345' title='bbox 890 4147 982 4201; x_wconf 70' lang='lat'><strong>25.</strong></span> <span class='ocrx_word' id='word_1_346' title='bbox 1007 4144 1225 4213; x_wconf 63' lang='lat'><strong>40.45);</strong></span> <span class='ocrx_word' id='word_1_347' title='bbox 1254 4144 1524 4214; x_wconf 88' lang='lat' dir='ltr'><strong>quomodo</strong></span> <span class='ocrx_word' id='word_1_348' title='bbox 1554 4159 1660 4198; x_wconf 91' lang='lat' dir='ltr'><strong>non</strong></span> <span class='ocrx_word' id='word_1_349' title='bbox 1693 4143 1831 4202; x_wconf 85' lang='lat' dir='ltr'><strong>idem</strong></span> 
     </span>
    </p>
   </div>
   <div class='ocr_carea' id='block_1_43' title="bbox 249 4236 1831 4307">
    <p class='ocr_par' dir='ltr' id='par_1_43' title="bbox 249 4236 1831 4307">
     <span class='ocr_line' id='line_1_43' title="bbox 249 4236 1831 4307; baseline -0.003 -14"><span class='ocrx_word' id='word_1_350' title='bbox 249 4249 327 4293; x_wconf 87' lang='lat' dir='ltr'><strong>est</strong></span> <span class='ocrx_word' id='word_1_351' title='bbox 352 4240 403 4292; x_wconf 92' lang='lat' dir='ltr'><strong>in</strong></span> <span class='ocrx_word' id='word_1_352' title='bbox 434 4239 593 4293; x_wconf 90' lang='lat' dir='ltr'><strong>laude</strong></span> <span class='ocrx_word' id='word_1_353' title='bbox 616 4248 669 4291; x_wconf 90' lang='lat' dir='ltr'><strong>et</strong></span> <span class='ocrx_word' id='word_1_354' title='bbox 688 4237 1233 4307; x_wconf 85' lang='lat' dir='ltr'><strong>vituperatione?Qui</strong></span> <span class='ocrx_word' id='word_1_355' title='bbox 1261 4238 1402 4291; x_wconf 91' lang='lat' dir='ltr'><strong>enim</strong></span> <span class='ocrx_word' id='word_1_356' title='bbox 1436 4236 1653 4291; x_wconf 87' lang='lat' dir='ltr'><strong>fratrem</strong></span> <span class='ocrx_word' id='word_1_357' title='bbox 1677 4252 1831 4290; x_wconf 89' lang='lat' dir='ltr'><strong>suum</strong></span> 
     </span>
    </p>
   </div>
   <div class='ocr_carea' id='block_1_44' title="bbox 250 4327 1833 4398">
    <p class='ocr_par' dir='ltr' id='par_1_44' title="bbox 250 4327 1833 4398">
     <span class='ocr_line' id='line_1_44' title="bbox 250 4327 1833 4398; baseline -0.002 -15"><span class='ocrx_word' id='word_1_358' title='bbox 250 4331 577 4385; x_wconf 84' lang='lat' dir='ltr'><strong>contumelia</strong></span> <span class='ocrx_word' id='word_1_359' title='bbox 627 4330 792 4384; x_wconf 84' lang='lat' dir='ltr'><strong>afficit</strong></span> <span class='ocrx_word' id='word_1_360' title='bbox 818 4371 833 4394; x_wconf 93' lang='lat'><strong>,</strong></span> <span class='ocrx_word' id='word_1_361' title='bbox 868 4330 1033 4384; x_wconf 90' lang='lat' dir='ltr'><strong>Deum</strong></span> <span class='ocrx_word' id='word_1_362' title='bbox 1069 4329 1232 4383; x_wconf 82' lang='lat' dir='ltr'><strong>afficit</strong></span> <span class='ocrx_word' id='word_1_363' title='bbox 1262 4328 1616 4392; x_wconf 87' lang='lat' dir='ltr'><strong>contumelia;</strong></span> <span class='ocrx_word' id='word_1_364' title='bbox 1647 4338 1699 4382; x_wconf 91' lang='lat' dir='ltr'><strong>et</strong></span> <span class='ocrx_word' id='word_1_365' title='bbox 1744 4327 1833 4398; x_wconf 90' lang='lat' dir='ltr'><strong>qui</strong></span> 
     </span>
    </p>
   </div>
   <div class='ocr_carea' id='block_1_45' title="bbox 250 4421 1437 4484">
    <p class='ocr_par' dir='ltr' id='par_1_45' title="bbox 250 4421 1437 4484">
     <span class='ocr_line' id='line_1_45' title="bbox 250 4421 1437 4484; baseline -0.005 -7"><span class='ocrx_word' id='word_1_366' title='bbox 250 4421 469 4480; x_wconf 84' lang='lat' dir='ltr'><strong>fratrem</strong></span> <span class='ocrx_word' id='word_1_367' title='bbox 501 4439 657 4479; x_wconf 83' lang='lat' dir='ltr'><strong>suum</strong></span> <span class='ocrx_word' id='word_1_368' title='bbox 703 4422 963 4484; x_wconf 87' lang='lat' dir='ltr'><strong>honorat,</strong></span> <span class='ocrx_word' id='word_1_369' title='bbox 993 4422 1220 4476; x_wconf 87' lang='lat' dir='ltr'><strong>honorat</strong></span> <span class='ocrx_word' id='word_1_370' title='bbox 1252 4422 1437 4475; x_wconf 83' lang='lat' dir='ltr'><strong>Deum.</strong></span> 
     </span>
    </p>
   </div>
   <div class='ocr_carea' id='block_1_46' title="bbox 318 4534 1832 4608">
    <p class='ocr_par' dir='ltr' id='par_1_46' title="bbox 318 4534 1832 4608">
     <span class='ocr_line' id='line_1_46' title="bbox 318 4534 1832 4608; baseline -0.002 -16"><span class='ocrx_word' id='word_1_371' title='bbox 318 4538 373 4592; x_wconf 72' lang='grc'><strong>4.</strong></span> <span class='ocrx_word' id='word_1_372' title='bbox 422 4537 747 4592; x_wconf 72' lang='grc' dir='ltr'><strong>Ετιιόἱειηιιιε</strong></span> <span class='ocrx_word' id='word_1_373' title='bbox 775 4553 903 4608; x_wconf 86' lang='lat' dir='ltr'><strong>ergo</strong></span> <span class='ocrx_word' id='word_1_374' title='bbox 931 4536 1187 4606; x_wconf 84' lang='lat' dir='ltr'><strong>linguam,</strong></span> <span class='ocrx_word' id='word_1_375' title='bbox 1221 4544 1278 4589; x_wconf 89' lang='lat' dir='ltr'><strong>ut</strong></span> <span class='ocrx_word' id='word_1_376' title='bbox 1306 4534 1588 4589; x_wconf 80' lang='lat' dir='ltr'><strong>benedicat</strong></span> <span class='ocrx_word' id='word_1_377' title='bbox 1614 4544 1667 4588; x_wconf 89' lang='lat' dir='ltr'><strong>et</strong></span> <span class='ocrx_word' id='word_1_378' title='bbox 1697 4534 1832 4589; x_wconf 84' lang='lat' dir='ltr'><strong>bona</strong></span> 
     </span>
    </p>
   </div>
   <div class='ocr_carea' id='block_1_47' title="bbox 251 4627 1833 4698">
    <p class='ocr_par' dir='ltr' id='par_1_47' title="bbox 251 4627 1833 4698">
     <span class='ocr_line' id='line_1_47' title="bbox 251 4627 1833 4698; baseline -0.001 -17"><span class='ocrx_word' id='word_1_379' title='bbox 251 4630 412 4684; x_wconf 87' lang='lat' dir='ltr'><strong>verba</strong></span> <span class='ocrx_word' id='word_1_380' title='bbox 446 4629 639 4684; x_wconf 80' lang='lat' dir='ltr'><strong>eli&#39;crat</strong></span> <span class='ocrx_word' id='word_1_381' title='bbox 665 4648 676 4683; x_wconf 89' lang='lat'>:</span> <span class='ocrx_word' id='word_1_382' title='bbox 706 4627 976 4698; x_wconf 78' lang='lat' dir='ltr'><strong>Compesce</strong></span> <span class='ocrx_word' id='word_1_383' title='bbox 999 4630 1141 4684; x_wconf 87' lang='lat' dir='ltr'><strong>enim</strong></span> <span class='ocrx_word' id='word_1_384' title='bbox 1162 4670 1175 4693; x_wconf 90' lang='lat'><strong>,</strong></span> <span class='ocrx_word' id='word_1_385' title='bbox 1213 4627 1413 4696; x_wconf 86' lang='lat' dir='ltr'><strong>inquit,</strong></span> <span class='ocrx_word' id='word_1_386' title='bbox 1443 4627 1666 4695; x_wconf 81' lang='lat' dir='ltr'><strong>linguam</strong></span> <span class='ocrx_word' id='word_1_387' title='bbox 1694 4637 1833 4680; x_wconf 82' lang='lat' dir='ltr'><strong>tuam</strong></span> 
     </span>
    </p>
   </div>
   <div class='ocr_carea' id='block_1_48' title="bbox 250 4717 1832 4790">
    <p class='ocr_par' dir='ltr' id='par_1_48' title="bbox 250 4717 1832 4790">
     <span class='ocr_line' id='line_1_48' title="bbox 250 4717 1832 4790; baseline -0.001 -19"><span class='ocrx_word' id='word_1_388' title='bbox 250 4738 278 4771; x_wconf 81' lang='grc' dir='ltr'>η</span> <span class='ocrx_word' id='word_1_389' title='bbox 302 4723 438 4774; x_wconf 87' lang='lat' dir='ltr'><strong>man</strong></span> <span class='ocrx_word' id='word_1_390' title='bbox 468 4720 641 4790; x_wconf 83' lang='lat' dir='ltr'><strong>(Psal.</strong></span> <span class='ocrx_word' id='word_1_391' title='bbox 664 4721 753 4775; x_wconf 81' lang='lat'><strong>55.</strong></span> <span class='ocrx_word' id='word_1_392' title='bbox 778 4721 891 4790; x_wconf 65' lang='lat' dir='ltr'><strong>li).</strong></span> <span class='ocrx_word' id='word_1_393' title='bbox 909 4719 1025 4773; x_wconf 86' lang='lat' dir='ltr'><strong>Non</strong></span> <span class='ocrx_word' id='word_1_394' title='bbox 1044 4720 1184 4774; x_wconf 89' lang='lat' dir='ltr'><strong>enim</strong></span> <span class='ocrx_word' id='word_1_395' title='bbox 1215 4718 1337 4772; x_wconf 87' lang='lat' dir='ltr'><strong>ideo</strong></span> <span class='ocrx_word' id='word_1_396' title='bbox 1358 4733 1475 4772; x_wconf 90' lang='lat' dir='ltr'><strong>eam</strong></span> <span class='ocrx_word' id='word_1_397' title='bbox 1502 4717 1649 4772; x_wconf 89' lang='lat' dir='ltr'><strong>dedit</strong></span> <span class='ocrx_word' id='word_1_398' title='bbox 1674 4718 1832 4785; x_wconf 88' lang='lat' dir='ltr'><strong>Deus,</strong></span> 
     </span>
    </p>
   </div>
   <div class='ocr_carea' id='block_1_49' title="bbox 251 4811 1831 4883">
    <p class='ocr_par' dir='ltr' id='par_1_49' title="bbox 251 4811 1831 4883">
     <span class='ocr_line' id='line_1_49' title="bbox 251 4811 1831 4883; baseline 0.006 -21"><span class='ocrx_word' id='word_1_399' title='bbox 251 4820 304 4863; x_wconf 89' lang='lat' dir='ltr'><strong>ut</strong></span> <span class='ocrx_word' id='word_1_400' title='bbox 329 4811 635 4865; x_wconf 87' lang='lat' dir='ltr'><strong>maledictis</strong></span> <span class='ocrx_word' id='word_1_401' title='bbox 662 4821 717 4866; x_wconf 89' lang='lat' dir='ltr'><strong>et</strong></span> <span class='ocrx_word' id='word_1_402' title='bbox 744 4813 1083 4868; x_wconf 88' lang='lat' dir='ltr'><strong>contumeliis</strong></span> <span class='ocrx_word' id='word_1_403' title='bbox 1113 4824 1451 4883; x_wconf 87' lang='lat' dir='ltr'><strong>appetamus,</strong></span> <span class='ocrx_word' id='word_1_404' title='bbox 1484 4827 1541 4870; x_wconf 92' lang='lat' dir='ltr'><strong>ut</strong></span> <span class='ocrx_word' id='word_1_405' title='bbox 1568 4831 1667 4871; x_wconf 90' lang='lat' dir='ltr'><strong>nos</strong></span> <span class='ocrx_word' id='word_1_406' title='bbox 1696 4818 1831 4872; x_wconf 88' lang='lat' dir='ltr'><strong>invi-</strong></span> 
     </span>
    </p>
   </div>
   <div class='ocr_carea' id='block_1_50' title="bbox 248 4905 1835 4975">
    <p class='ocr_par' dir='ltr' id='par_1_50' title="bbox 248 4905 1835 4975">
     <span class='ocr_line' id='line_1_50' title="bbox 248 4905 1835 4975; baseline 0.004 -19"><span class='ocrx_word' id='word_1_407' title='bbox 248 4918 365 4958; x_wconf 87' lang='lat' dir='ltr'><strong>cem</strong></span> <span class='ocrx_word' id='word_1_408' title='bbox 414 4905 837 4969; x_wconf 87' lang='lat' dir='ltr'><strong>calumniemur;</strong></span> <span class='ocrx_word' id='word_1_409' title='bbox 887 4907 980 4961; x_wconf 90' lang='lat' dir='ltr'><strong>sed</strong></span> <span class='ocrx_word' id='word_1_410' title='bbox 1019 4917 1074 4961; x_wconf 90' lang='lat' dir='ltr'><strong>ut</strong></span> <span class='ocrx_word' id='word_1_411' title='bbox 1121 4908 1288 4962; x_wconf 91' lang='lat' dir='ltr'><strong>Deum</strong></span> <span class='ocrx_word' id='word_1_412' title='bbox 1336 4909 1655 4975; x_wconf 88' lang='lat' dir='ltr'><strong>laudemus,</strong></span> <span class='ocrx_word' id='word_1_413' title='bbox 1692 4919 1835 4964; x_wconf 85' lang='lat' dir='ltr'><strong>utea</strong></span> 
     </span>
    </p>
   </div>
   <div class='ocr_carea' id='block_1_51' title="bbox 248 4996 1867 5073">
    <p class='ocr_par' dir='ltr' id='par_1_51' title="bbox 248 4996 1867 5073">
     <span class='ocr_line' id='line_1_51' title="bbox 248 4996 1867 5073; baseline 0.006 -25"><span class='ocrx_word' id='word_1_414' title='bbox 248 4996 535 5067; x_wconf 83' lang='lat' dir='ltr'><strong>loquamur</strong></span> <span class='ocrx_word' id='word_1_415' title='bbox 574 5014 692 5068; x_wconf 56' lang='lat' dir='ltr'><strong>quae</strong></span> <span class='ocrx_word' id='word_1_416' title='bbox 720 4999 847 5054; x_wconf 91' lang='lat' dir='ltr'><strong>dant</strong></span> <span class='ocrx_word' id='word_1_417' title='bbox 876 5004 1100 5069; x_wconf 86' lang='lat' dir='ltr'><strong>gratiam</strong></span> <span class='ocrx_word' id='word_1_418' title='bbox 1144 5002 1507 5067; x_wconf 81' lang='lat' dir='ltr'><strong>audientibus,</strong></span> <span class='ocrx_word' id='word_1_419' title='bbox 1564 5021 1682 5073; x_wconf 64' lang='lat' dir='ltr'><strong>quae</strong></span> <span class='ocrx_word' id='word_1_420' title='bbox 1714 5014 1867 5059; x_wconf 71' lang='lat' dir='ltr'><strong>suut&#39;</strong></span> 
     </span>
    </p>
   </div>
   <div class='ocr_carea' id='block_1_52' title="bbox 248 5088 1840 5161">
    <p class='ocr_par' dir='ltr' id='par_1_52' title="bbox 248 5088 1840 5161">
     <span class='ocr_line' id='line_1_52' title="bbox 248 5088 1840 5161; baseline 0.006 -22"><span class='ocrx_word' id='word_1_421' title='bbox 248 5088 313 5140; x_wconf 88' lang='lat' dir='ltr'><strong>ad</strong></span> <span class='ocrx_word' id='word_1_422' title='bbox 338 5088 756 5143; x_wconf 69' lang='lat' dir='ltr'><strong>aedificationem</strong></span> <span class='ocrx_word' id='word_1_423' title='bbox 781 5132 794 5154; x_wconf 95' lang='lat'><strong>,</strong></span> <span class='ocrx_word' id='word_1_424' title='bbox 821 5107 939 5161; x_wconf 74' lang='lat' dir='ltr'><strong>qum</strong></span> <span class='ocrx_word' id='word_1_425' title='bbox 969 5101 1093 5145; x_wconf 80' lang='lat' dir='ltr'><strong>sunt</strong></span> <span class='ocrx_word' id='word_1_426' title='bbox 1138 5092 1200 5146; x_wconf 90' lang='lat' dir='ltr'><strong>ad</strong></span> <span class='ocrx_word' id='word_1_427' title='bbox 1234 5094 1533 5147; x_wconf 88' lang='lat' dir='ltr'><strong>utilitatem.</strong></span> <span class='ocrx_word' id='word_1_428' title='bbox 1559 5094 1840 5149; x_wconf 75' lang='lat' dir='ltr'><strong>Maledicto</strong></span> 
     </span>
    </p>
   </div>
   <div class='ocr_carea' id='block_1_53' title="bbox 248 5182 1839 5256">
    <p class='ocr_par' dir='ltr' id='par_1_53' title="bbox 248 5182 1839 5256">
     <span class='ocr_line' id='line_1_53' title="bbox 248 5182 1839 5256; baseline 0.007 -26"><span class='ocrx_word' id='word_1_429' title='bbox 248 5183 556 5248; x_wconf 85' lang='lat' dir='ltr'><strong>quempiam</strong></span> <span class='ocrx_word' id='word_1_430' title='bbox 584 5196 642 5235; x_wconf 88' lang='lat' dir='ltr'><strong>es</strong></span> <span class='ocrx_word' id='word_1_431' title='bbox 671 5182 998 5239; x_wconf 86' lang='lat' dir='ltr'><strong>insectatus?</strong></span> <span class='ocrx_word' id='word_1_432' title='bbox 1023 5186 1148 5253; x_wconf 87' lang='lat' dir='ltr'><strong>quid</strong></span> <span class='ocrx_word' id='word_1_433' title='bbox 1182 5186 1404 5240; x_wconf 90' lang='lat' dir='ltr'><strong>lucraris</strong></span> <span class='ocrx_word' id='word_1_434' title='bbox 1429 5228 1443 5248; x_wconf 92' lang='lat'><strong>,</strong></span> <span class='ocrx_word' id='word_1_435' title='bbox 1472 5187 1559 5256; x_wconf 93' lang='lat' dir='ltr'><strong>qui</strong></span> <span class='ocrx_word' id='word_1_436' title='bbox 1609 5188 1839 5255; x_wconf 74' lang='lat' dir='ltr'><strong>teipsum</strong></span> 
     </span>
    </p>
   </div>
   <div class='ocr_carea' id='block_1_54' title="bbox 248 5273 1839 5343">
    <p class='ocr_par' dir='ltr' id='par_1_54' title="bbox 248 5273 1839 5343">
     <span class='ocr_line' id='line_1_54' title="bbox 248 5273 1839 5343; baseline 0.009 -23"><span class='ocrx_word' id='word_1_437' title='bbox 248 5286 462 5340; x_wconf 86' lang='lat' dir='ltr'><strong>quoque</strong></span> <span class='ocrx_word' id='word_1_438' title='bbox 492 5287 614 5326; x_wconf 89' lang='lat' dir='ltr'><strong>cum</strong></span> <span class='ocrx_word' id='word_1_439' title='bbox 644 5273 733 5326; x_wconf 94' lang='lat' dir='ltr'><strong>illo</strong></span> <span class='ocrx_word' id='word_1_440' title='bbox 753 5273 947 5329; x_wconf 90' lang='lat' dir='ltr'><strong>damno</strong></span> <span class='ocrx_word' id='word_1_441' title='bbox 976 5275 1252 5343; x_wconf 80' lang='lat' dir='ltr'><strong>implicas?</strong></span> <span class='ocrx_word' id='word_1_442' title='bbox 1281 5292 1340 5331; x_wconf 91' lang='lat' dir='ltr'><strong>ea</strong></span> <span class='ocrx_word' id='word_1_443' title='bbox 1364 5293 1429 5331; x_wconf 91' lang='lat' dir='ltr'><strong>eo</strong></span> <span class='ocrx_word' id='word_1_444' title='bbox 1451 5279 1590 5333; x_wconf 90' lang='lat' dir='ltr'><strong>enim</strong></span> <span class='ocrx_word' id='word_1_445' title='bbox 1624 5294 1682 5333; x_wconf 95' lang='lat' dir='ltr'><strong>es</strong></span> <span class='ocrx_word' id='word_1_446' title='bbox 1709 5295 1839 5334; x_wconf 83' lang='lat' dir='ltr'><strong>eon-</strong></span> 
     </span>
    </p>
   </div>
   <div class='ocr_carea' id='block_1_55' title="bbox 249 5364 1843 5433">
    <p class='ocr_par' dir='ltr' id='par_1_55' title="bbox 249 5364 1843 5433">
     <span class='ocr_line' id='line_1_55' title="bbox 249 5364 1843 5433; baseline 0.007 -20"><span class='ocrx_word' id='word_1_447' title='bbox 249 5373 509 5429; x_wconf 82' lang='lat' dir='ltr'><strong>sequulus</strong></span> <span class='ocrx_word' id='word_1_448' title='bbox 541 5370 598 5415; x_wconf 92' lang='lat' dir='ltr'><strong>ut</strong></span> <span class='ocrx_word' id='word_1_449' title='bbox 627 5364 888 5431; x_wconf 85' lang='lat' dir='ltr'><strong>reputcris</strong></span> <span class='ocrx_word' id='word_1_450' title='bbox 922 5366 1233 5421; x_wconf 89' lang='lat' dir='ltr'><strong>maledicus.</strong></span> <span class='ocrx_word' id='word_1_451' title='bbox 1264 5367 1475 5421; x_wconf 85' lang='lat' dir='ltr'><strong>Nullum</strong></span> <span class='ocrx_word' id='word_1_452' title='bbox 1510 5368 1649 5423; x_wconf 90' lang='lat' dir='ltr'><strong>enim</strong></span> <span class='ocrx_word' id='word_1_453' title='bbox 1673 5412 1686 5433; x_wconf 94' lang='lat'><strong>,</strong></span> <span class='ocrx_word' id='word_1_454' title='bbox 1723 5370 1843 5424; x_wconf 76' lang='lat' dir='ltr'><strong>nul—</strong></span> 
     </span>
    </p>
   </div>
   <div class='ocr_carea' id='block_1_56' title="bbox 250 5450 1839 5529">
    <p class='ocr_par' dir='ltr' id='par_1_56' title="bbox 250 5450 1839 5529">
     <span class='ocr_line' id='line_1_56' title="bbox 250 5450 1839 5529; baseline 0.007 -27"><span class='ocrx_word' id='word_1_455' title='bbox 250 5450 355 5504; x_wconf 90' lang='lat' dir='ltr'><strong>hnn</strong></span> <span class='ocrx_word' id='word_1_456' title='bbox 388 5463 474 5507; x_wconf 85' lang='lat' dir='ltr'><strong>est</strong></span> <span class='ocrx_word' id='word_1_457' title='bbox 503 5454 701 5507; x_wconf 89' lang='lat' dir='ltr'><strong>malum</strong></span> <span class='ocrx_word' id='word_1_458' title='bbox 727 5456 864 5524; x_wconf 91' lang='lat' dir='ltr'><strong>quod</strong></span> <span class='ocrx_word' id='word_1_459' title='bbox 893 5469 950 5509; x_wconf 88' lang='lat' dir='ltr'><strong>se</strong></span> <span class='ocrx_word' id='word_1_460' title='bbox 980 5459 1132 5511; x_wconf 86' lang='lat' dir='ltr'><strong>sistat</strong></span> <span class='ocrx_word' id='word_1_461' title='bbox 1156 5458 1219 5512; x_wconf 88' lang='lat' dir='ltr'><strong>ad</strong></span> <span class='ocrx_word' id='word_1_462' title='bbox 1254 5458 1398 5512; x_wconf 89' lang='lat' dir='ltr'><strong>illum</strong></span> <span class='ocrx_word' id='word_1_463' title='bbox 1423 5475 1590 5528; x_wconf 85' lang='lat' dir='ltr'><strong>usque</strong></span> <span class='ocrx_word' id='word_1_464' title='bbox 1625 5460 1710 5529; x_wconf 88' lang='lat' dir='ltr'><strong>qui</strong></span> <span class='ocrx_word' id='word_1_465' title='bbox 1745 5475 1839 5529; x_wconf 56' lang='lat' dir='ltr'><strong>pa.</strong></span> 
     </span>
    </p>
   </div>
   <div class='ocr_carea' id='block_1_57' title="bbox 252 5540 1840 5618">
    <p class='ocr_par' dir='ltr' id='par_1_57' title="bbox 252 5540 1840 5618">
     <span class='ocr_line' id='line_1_57' title="bbox 252 5540 1840 5618; baseline 0.008 -27"><span class='ocrx_word' id='word_1_466' title='bbox 252 5540 398 5605; x_wconf 89' lang='lat' dir='ltr'><strong>titur,</strong></span> <span class='ocrx_word' id='word_1_467' title='bbox 434 5542 530 5596; x_wconf 86' lang='lat' dir='ltr'><strong>sed</strong></span> <span class='ocrx_word' id='word_1_468' title='bbox 559 5557 681 5596; x_wconf 86' lang='lat' dir='ltr'><strong>cum</strong></span> <span class='ocrx_word' id='word_1_469' title='bbox 702 5559 909 5614; x_wconf 83' lang='lat' dir='ltr'><strong>quoque</strong></span> <span class='ocrx_word' id='word_1_470' title='bbox 944 5546 1031 5615; x_wconf 90' lang='lat' dir='ltr'><strong>qui</strong></span> <span class='ocrx_word' id='word_1_471' title='bbox 1073 5546 1196 5600; x_wconf 81' lang='lat' dir='ltr'><strong>facit</strong></span> <span class='ocrx_word' id='word_1_472' title='bbox 1221 5548 1629 5618; x_wconf 83' lang='lat' dir='ltr'><strong>comprehendit</strong></span> <span class='ocrx_word' id='word_1_473' title='bbox 1654 5568 1666 5601; x_wconf 90' lang='lat'><strong>:</strong></span> <span class='ocrx_word' id='word_1_474' title='bbox 1692 5550 1840 5604; x_wconf 85' lang='lat' dir='ltr'><strong>verhi</strong></span> 
     </span>
    </p>
   </div>
   <div class='ocr_carea' id='block_1_58' title="bbox 251 5634 1842 5711">
    <p class='ocr_par' dir='ltr' id='par_1_58' title="bbox 251 5634 1842 5711">
     <span class='ocr_line' id='line_1_58' title="bbox 251 5634 1842 5711; baseline 0.008 -26"><span class='ocrx_word' id='word_1_475' title='bbox 251 5645 430 5697; x_wconf 86' lang='lat' dir='ltr'><strong>causa,</strong></span> <span class='ocrx_word' id='word_1_476' title='bbox 455 5634 666 5689; x_wconf 83' lang='lat' dir='ltr'><strong>invidus</strong></span> <span class='ocrx_word' id='word_1_477' title='bbox 691 5637 895 5692; x_wconf 87' lang='lat' dir='ltr'><strong>videtur</strong></span> <span class='ocrx_word' id='word_1_478' title='bbox 915 5639 1130 5709; x_wconf 87' lang='lat' dir='ltr'><strong>quidem</strong></span> <span class='ocrx_word' id='word_1_479' title='bbox 1150 5641 1298 5696; x_wconf 87' lang='lat' dir='ltr'><strong>alteri</strong></span> <span class='ocrx_word' id='word_1_480' title='bbox 1331 5642 1586 5707; x_wconf 82' lang='lat' dir='ltr'><strong>insidiari,</strong></span> <span class='ocrx_word' id='word_1_481' title='bbox 1614 5644 1723 5711; x_wconf 90' lang='lat' dir='ltr'><strong>ipsc</strong></span> <span class='ocrx_word' id='word_1_482' title='bbox 1745 5660 1842 5697; x_wconf 89' lang='lat' dir='ltr'><strong>au-</strong></span> 
     </span>
    </p>
   </div>
   <div class='ocr_carea' id='block_1_59' title="bbox 256 5725 1842 5801">
    <p class='ocr_par' dir='ltr' id='par_1_59' title="bbox 256 5725 1842 5801">
     <span class='ocr_line' id='line_1_59' title="bbox 256 5725 1842 5801; baseline 0.007 -24"><span class='ocrx_word' id='word_1_483' title='bbox 256 5732 356 5778; x_wconf 88' lang='lat' dir='ltr'><strong>tem</strong></span> <span class='ocrx_word' id='word_1_484' title='bbox 388 5726 540 5792; x_wconf 87' lang='lat' dir='ltr'><strong>prior</strong></span> <span class='ocrx_word' id='word_1_485' title='bbox 571 5725 797 5783; x_wconf 85' lang='lat' dir='ltr'><strong>fructum</strong></span> <span class='ocrx_word' id='word_1_486' title='bbox 825 5730 1016 5798; x_wconf 87' lang='lat' dir='ltr'><strong>accipit</strong></span> <span class='ocrx_word' id='word_1_487' title='bbox 1048 5733 1279 5798; x_wconf 88' lang='lat' dir='ltr'><strong>peccati,</strong></span> <span class='ocrx_word' id='word_1_488' title='bbox 1310 5742 1365 5787; x_wconf 91' lang='lat' dir='ltr'><strong>ut</strong></span> <span class='ocrx_word' id='word_1_489' title='bbox 1391 5736 1477 5801; x_wconf 88' lang='lat' dir='ltr'><strong>qui</strong></span> <span class='ocrx_word' id='word_1_490' title='bbox 1511 5733 1743 5788; x_wconf 83' lang='lat' dir='ltr'><strong>tabescat</strong></span> <span class='ocrx_word' id='word_1_491' title='bbox 1788 5743 1842 5788; x_wconf 88' lang='lat' dir='ltr'><strong>et</strong></span> 
     </span>
    </p>
   </div>
   <div class='ocr_carea' id='block_1_60' title="bbox 254 5820 1839 5888">
    <p class='ocr_par' dir='ltr' id='par_1_60' title="bbox 254 5820 1839 5888">
     <span class='ocr_line' id='line_1_60' title="bbox 254 5820 1839 5888; baseline 0.004 -17"><span class='ocrx_word' id='word_1_492' title='bbox 254 5828 628 5888; x_wconf 63' lang='lat' dir='ltr'><strong>corrumpitur</strong></span> <span class='ocrx_word' id='word_1_493' title='bbox 652 5861 665 5886; x_wconf 96' lang='lat'><strong>,</strong></span> <span class='ocrx_word' id='word_1_494' title='bbox 710 5830 762 5875; x_wconf 89' lang='lat' dir='ltr'><strong>et</strong></span> <span class='ocrx_word' id='word_1_495' title='bbox 792 5820 858 5875; x_wconf 88' lang='lat' dir='ltr'><strong>ab</strong></span> <span class='ocrx_word' id='word_1_496' title='bbox 886 5822 1133 5877; x_wconf 88' lang='lat' dir='ltr'><strong>omnibus</strong></span> <span class='ocrx_word' id='word_1_497' title='bbox 1161 5822 1283 5878; x_wconf 89' lang='lat' dir='ltr'><strong>odio</strong></span> <span class='ocrx_word' id='word_1_498' title='bbox 1315 5823 1586 5879; x_wconf 84' lang='lat' dir='ltr'><strong>habeatur.</strong></span> <span class='ocrx_word' id='word_1_499' title='bbox 1636 5825 1839 5879; x_wconf 80' lang='lat' dir='ltr'><strong>Avarus</strong></span> 
     </span>
    </p>
   </div>
   <div class='ocr_carea' id='block_1_61' title="bbox 1920 647 3516 720">
    <p class='ocr_par' dir='ltr' id='par_1_61' title="bbox 1920 647 3516 720">
     <span class='ocr_line' id='line_1_61' title="bbox 1920 647 3516 720; baseline -0.009 -4"><span class='ocrx_word' id='word_1_500' title='bbox 1920 669 2152 716; x_wconf 89' lang='lat' dir='ltr'><strong>ctcntur.</strong></span> <span class='ocrx_word' id='word_1_501' title='bbox 2178 658 2277 714; x_wconf 84' lang='lat' dir='ltr'><strong>Est</strong></span> <span class='ocrx_word' id='word_1_502' title='bbox 2302 666 2484 713; x_wconf 89' lang='lat' dir='ltr'><strong>autem</strong></span> <span class='ocrx_word' id='word_1_503' title='bbox 2514 657 2655 710; x_wconf 90' lang='lat' dir='ltr'><strong>bona</strong></span> <span class='ocrx_word' id='word_1_504' title='bbox 2681 654 2817 708; x_wconf 86' lang='lat' dir='ltr'><strong>fama</strong></span> <span class='ocrx_word' id='word_1_505' title='bbox 2846 651 3005 720; x_wconf 85' lang='lat' dir='ltr'><strong>longe</strong></span> <span class='ocrx_word' id='word_1_506' title='bbox 3027 649 3219 705; x_wconf 91' lang='lat' dir='ltr'><strong>melior</strong></span> <span class='ocrx_word' id='word_1_507' title='bbox 3242 647 3516 719; x_wconf 73' lang='lat' dir='ltr'><strong>pecuniis:</strong></span> 
     </span>
    </p>
   </div>
   <div class='ocr_carea' id='block_1_62' title="bbox 1923 733 3516 821">
    <p class='ocr_par' dir='ltr' id='par_1_62' title="bbox 1923 733 3516 821">
     <span class='ocr_line' id='line_1_62' title="bbox 1923 733 3516 821; baseline -0.008 -15"><span class='ocrx_word' id='word_1_508' title='bbox 1923 768 2046 807; x_wconf 92' lang='lat' dir='ltr'><strong>nam</strong></span> <span class='ocrx_word' id='word_1_509' title='bbox 2079 751 2224 806; x_wconf 84' lang='lat' dir='ltr'><strong>illam</strong></span> <span class='ocrx_word' id='word_1_510' title='bbox 2254 749 2469 821; x_wconf 91' lang='lat' dir='ltr'><strong>quidem</strong></span> <span class='ocrx_word' id='word_1_511' title='bbox 2503 763 2607 803; x_wconf 92' lang='lat' dir='ltr'><strong>non</strong></span> <span class='ocrx_word' id='word_1_512' title='bbox 2635 755 2716 802; x_wconf 90' lang='lat' dir='ltr'><strong>est</strong></span> <span class='ocrx_word' id='word_1_513' title='bbox 2743 744 2898 799; x_wconf 79' lang='lat' dir='ltr'><strong>facile</strong></span> <span class='ocrx_word' id='word_1_514' title='bbox 2924 733 3258 814; x_wconf 85' lang='lat' dir='ltr'><strong>abstergere,</strong></span> <span class='ocrx_word' id='word_1_515' title='bbox 3289 740 3387 795; x_wconf 89' lang='lat' dir='ltr'><strong>has</strong></span> <span class='ocrx_word' id='word_1_516' title='bbox 3412 754 3516 794; x_wconf 62' lang='grc' dir='ltr'><strong>διιε-</strong></span> 
     </span>
    </p>
   </div>
   <div class='ocr_carea' id='block_1_63' title="bbox 1925 842 2670 900">
    <p class='ocr_par' dir='ltr' id='par_1_63' title="bbox 1925 842 2670 900">
     <span class='ocr_line' id='line_1_63' title="bbox 1925 842 2670 900; baseline -0.008 -1"><span class='ocrx_word' id='word_1_517' title='bbox 1925 855 2028 900; x_wconf 89' lang='lat' dir='ltr'><strong>tem</strong></span> <span class='ocrx_word' id='word_1_518' title='bbox 2057 843 2213 900; x_wconf 85' lang='lat' dir='ltr'><strong>facile</strong></span> <span class='ocrx_word' id='word_1_519' title='bbox 2239 852 2322 898; x_wconf 86' lang='lat' dir='ltr'><strong>est</strong></span> <span class='ocrx_word' id='word_1_520' title='bbox 2365 842 2613 897; x_wconf 84' lang='lat' dir='ltr'><strong>amittere</strong></span> <span class='ocrx_word' id='word_1_521' title='bbox 2656 857 2670 893; x_wconf 91' lang='lat'><strong>:</strong></span> 
     </span>
    </p>
   </div>
   <div class='ocr_carea' id='block_1_64' title="bbox 1925 924 3515 1005">
    <p class='ocr_par' dir='ltr' id='par_1_64' title="bbox 1925 924 3515 1005">
     <span class='ocr_line' id='line_1_64' title="bbox 1925 924 3515 1005; baseline -0.008 -16"><span class='ocrx_word' id='word_1_522' title='bbox 1925 936 2063 1005; x_wconf 88' lang='lat' dir='ltr'><strong>plius</strong></span> <span class='ocrx_word' id='word_1_523' title='bbox 2082 974 2100 1001; x_wconf 94' lang='lat'><strong>,</strong></span> <span class='ocrx_word' id='word_1_524' title='bbox 2145 934 2250 988; x_wconf 74' lang='lat' dir='ltr'><strong>illa:</strong></span> <span class='ocrx_word' id='word_1_525' title='bbox 2278 931 2495 1003; x_wconf 88' lang='lat' dir='ltr'><strong>quidem</strong></span> <span class='ocrx_word' id='word_1_526' title='bbox 2526 930 2571 986; x_wconf 86' lang='lat' dir='ltr'><strong>si</strong></span> <span class='ocrx_word' id='word_1_527' title='bbox 2622 944 2729 984; x_wconf 92' lang='lat' dir='ltr'><strong>non</strong></span> <span class='ocrx_word' id='word_1_528' title='bbox 2759 928 2972 991; x_wconf 91' lang='lat' dir='ltr'><strong>adsint,</strong></span> <span class='ocrx_word' id='word_1_529' title='bbox 3002 926 3136 981; x_wconf 86' lang='lat' dir='ltr'><strong>nihil</strong></span> <span class='ocrx_word' id='word_1_530' title='bbox 3166 924 3367 980; x_wconf 67' lang='lat' dir='ltr'><strong>lardunt</strong></span> <span class='ocrx_word' id='word_1_531' title='bbox 3392 938 3515 979; x_wconf 87' lang='lat' dir='ltr'><strong>eum</strong></span> 
     </span>
    </p>
   </div>
   <div class='ocr_carea' id='block_1_65' title="bbox 1923 1015 3521 1097">
    <p class='ocr_par' dir='ltr' id='par_1_65' title="bbox 1923 1015 3521 1097">
     <span class='ocr_line' id='line_1_65' title="bbox 1923 1015 3521 1097; baseline -0.008 -16"><span class='ocrx_word' id='word_1_532' title='bbox 1923 1027 2013 1097; x_wconf 90' lang='lat' dir='ltr'><strong>qui</strong></span> <span class='ocrx_word' id='word_1_533' title='bbox 2043 1040 2147 1081; x_wconf 86' lang='lat' dir='ltr'><strong>non</strong></span> <span class='ocrx_word' id='word_1_534' title='bbox 2176 1024 2365 1089; x_wconf 87' lang='lat' dir='ltr'><strong>habet;</strong></span> <span class='ocrx_word' id='word_1_535' title='bbox 2398 1026 2513 1077; x_wconf 65' lang='lat' dir='ltr'><strong>haec</strong></span> <span class='ocrx_word' id='word_1_536' title='bbox 2542 1031 2720 1075; x_wconf 90' lang='lat' dir='ltr'><strong>autem</strong></span> <span class='ocrx_word' id='word_1_537' title='bbox 2750 1020 2796 1072; x_wconf 91' lang='lat' dir='ltr'><strong>si</strong></span> <span class='ocrx_word' id='word_1_538' title='bbox 2828 1034 2934 1073; x_wconf 90' lang='lat' dir='ltr'><strong>non</strong></span> <span class='ocrx_word' id='word_1_539' title='bbox 2963 1016 3105 1073; x_wconf 89' lang='lat' dir='ltr'><strong>adsit</strong></span> <span class='ocrx_word' id='word_1_540' title='bbox 3131 1059 3145 1081; x_wconf 92' lang='lat'><strong>,</strong></span> <span class='ocrx_word' id='word_1_541' title='bbox 3170 1015 3339 1072; x_wconf 81' lang='lat' dir='ltr'><strong>efﬁcit</strong></span> <span class='ocrx_word' id='word_1_542' title='bbox 3362 1024 3422 1070; x_wconf 88' lang='lat' dir='ltr'><strong>ut</strong></span> <span class='ocrx_word' id='word_1_543' title='bbox 3448 1015 3521 1069; x_wconf 88' lang='lat' dir='ltr'><strong>sit</strong></span> 
     </span>
    </p>
   </div>
   <div class='ocr_carea' id='block_1_66' title="bbox 1924 1107 3521 1189">
    <p class='ocr_par' dir='ltr' id='par_1_66' title="bbox 1924 1107 3521 1189">
     <span class='ocr_line' id='line_1_66' title="bbox 1924 1107 3521 1189; baseline -0.009 -15"><span class='ocrx_word' id='word_1_544' title='bbox 1924 1118 2218 1189; x_wconf 83' lang='lat' dir='ltr'><strong>probrosus</strong></span> <span class='ocrx_word' id='word_1_545' title='bbox 2243 1125 2298 1172; x_wconf 93' lang='lat' dir='ltr'><strong>et</strong></span> <span class='ocrx_word' id='word_1_546' title='bbox 2326 1114 2584 1171; x_wconf 88' lang='lat' dir='ltr'><strong>ridiculus</strong></span> <span class='ocrx_word' id='word_1_547' title='bbox 2603 1153 2619 1180; x_wconf 92' lang='lat'><strong>,</strong></span> <span class='ocrx_word' id='word_1_548' title='bbox 2649 1111 3008 1183; x_wconf 88' lang='lat' dir='ltr'><strong>omnibusque</strong></span> <span class='ocrx_word' id='word_1_549' title='bbox 3053 1108 3225 1165; x_wconf 88' lang='lat' dir='ltr'><strong>hostis</strong></span> <span class='ocrx_word' id='word_1_550' title='bbox 3254 1118 3309 1164; x_wconf 93' lang='lat' dir='ltr'><strong>et</strong></span> <span class='ocrx_word' id='word_1_551' title='bbox 3337 1107 3521 1163; x_wconf 67' lang='lat' dir='ltr'><strong>inimi-s</strong></span> 
     </span>
    </p>
   </div>
   <div class='ocr_carea' id='block_1_67' title="bbox 1926 1199 3522 1276">
    <p class='ocr_par' dir='ltr' id='par_1_67' title="bbox 1926 1199 3522 1276">
     <span class='ocr_line' id='line_1_67' title="bbox 1926 1199 3522 1276; baseline -0.009 -9"><span class='ocrx_word' id='word_1_552' title='bbox 1926 1225 2043 1267; x_wconf 86' lang='lat' dir='ltr'><strong>cus.</strong></span> <span class='ocrx_word' id='word_1_553' title='bbox 2073 1208 2363 1265; x_wconf 82' lang='lat' dir='ltr'><strong>Iracundus</strong></span> <span class='ocrx_word' id='word_1_554' title='bbox 2389 1220 2576 1262; x_wconf 88' lang='lat' dir='ltr'><strong>rursus</strong></span> <span class='ocrx_word' id='word_1_555' title='bbox 2604 1205 2755 1276; x_wconf 91' lang='lat' dir='ltr'><strong>prius</strong></span> <span class='ocrx_word' id='word_1_556' title='bbox 2796 1203 3034 1274; x_wconf 87' lang='lat' dir='ltr'><strong>seipsum</strong></span> <span class='ocrx_word' id='word_1_557' title='bbox 3078 1202 3282 1257; x_wconf 89' lang='lat' dir='ltr'><strong>erueiat</strong></span> <span class='ocrx_word' id='word_1_558' title='bbox 3308 1240 3323 1266; x_wconf 91' lang='lat'><strong>,</strong></span> <span class='ocrx_word' id='word_1_559' title='bbox 3351 1213 3411 1254; x_wconf 88' lang='lat' dir='ltr'><strong>se</strong></span> <span class='ocrx_word' id='word_1_560' title='bbox 3437 1199 3522 1253; x_wconf 81' lang='lat' dir='ltr'><strong>la-</strong></span> 
     </span>
    </p>
   </div>
   <div class='ocr_carea' id='block_1_68' title="bbox 1928 1290 3519 1369">
    <p class='ocr_par' dir='ltr' id='par_1_68' title="bbox 1928 1290 3519 1369">
     <span class='ocr_line' id='line_1_68' title="bbox 1928 1290 3519 1369; baseline -0.008 -13"><span class='ocrx_word' id='word_1_561' title='bbox 1928 1302 2083 1356; x_wconf 88' lang='lat' dir='ltr'><strong>nians</strong></span> <span class='ocrx_word' id='word_1_562' title='bbox 2112 1315 2174 1355; x_wconf 91' lang='lat' dir='ltr'><strong>ac</strong></span> <span class='ocrx_word' id='word_1_563' title='bbox 2204 1298 2519 1369; x_wconf 89' lang='lat' dir='ltr'><strong>discerpens</strong></span> <span class='ocrx_word' id='word_1_564' title='bbox 2542 1336 2559 1365; x_wconf 90' lang='lat'><strong>,</strong></span> <span class='ocrx_word' id='word_1_565' title='bbox 2604 1304 2659 1353; x_wconf 91' lang='lat' dir='ltr'><strong>et</strong></span> <span class='ocrx_word' id='word_1_566' title='bbox 2688 1303 2817 1351; x_wconf 91' lang='lat' dir='ltr'><strong>tunc</strong></span> <span class='ocrx_word' id='word_1_567' title='bbox 2846 1296 2994 1350; x_wconf 89' lang='lat' dir='ltr'><strong>illum</strong></span> <span class='ocrx_word' id='word_1_568' title='bbox 3022 1294 3106 1349; x_wconf 87' lang='lat' dir='ltr'><strong>cui</strong></span> <span class='ocrx_word' id='word_1_569' title='bbox 3131 1292 3409 1348; x_wconf 80' lang='lat' dir='ltr'><strong>irascitur.</strong></span> <span class='ocrx_word' id='word_1_570' title='bbox 3442 1290 3519 1346; x_wconf 89' lang='lat' dir='ltr'><strong>lta</strong></span> 
     </span>
    </p>
   </div>
   <div class='ocr_carea' id='block_1_69' title="bbox 1930 1381 3525 1461">
    <p class='ocr_par' dir='ltr' id='par_1_69' title="bbox 1930 1381 3525 1461">
     <span class='ocr_line' id='line_1_69' title="bbox 1930 1381 3525 1461; baseline -0.008 -13"><span class='ocrx_word' id='word_1_571' title='bbox 1930 1392 2225 1448; x_wconf 89' lang='lat' dir='ltr'><strong>maledicus</strong></span> <span class='ocrx_word' id='word_1_572' title='bbox 2252 1405 2311 1446; x_wconf 90' lang='lat' dir='ltr'><strong>se</strong></span> <span class='ocrx_word' id='word_1_573' title='bbox 2339 1390 2572 1461; x_wconf 87' lang='lat' dir='ltr'><strong>priorem</strong></span> <span class='ocrx_word' id='word_1_574' title='bbox 2613 1387 2813 1458; x_wconf 89' lang='lat' dir='ltr'><strong>probro</strong></span> <span class='ocrx_word' id='word_1_575' title='bbox 2839 1394 2893 1441; x_wconf 90' lang='lat' dir='ltr'><strong>et</strong></span> <span class='ocrx_word' id='word_1_576' title='bbox 2931 1385 3202 1442; x_wconf 88' lang='lat' dir='ltr'><strong>dedecore</strong></span> <span class='ocrx_word' id='word_1_577' title='bbox 3226 1381 3394 1441; x_wconf 87' lang='lat' dir='ltr'><strong>afficit</strong></span> <span class='ocrx_word' id='word_1_578' title='bbox 3420 1422 3436 1447; x_wconf 91' lang='lat'><strong>,</strong></span> <span class='ocrx_word' id='word_1_579' title='bbox 3468 1390 3525 1437; x_wconf 91' lang='lat' dir='ltr'><strong>et</strong></span> 
     </span>
    </p>
   </div>
   <div class='ocr_carea' id='block_1_70' title="bbox 2717 832 3514 906">
    <p class='ocr_par' dir='ltr' id='par_1_70' title="bbox 2717 832 3514 906">
     <span class='ocr_line' id='line_1_70' title="bbox 2717 832 3514 906; baseline -0.009 -14"><span class='ocrx_word' id='word_1_580' title='bbox 2717 846 2879 906; x_wconf 89' lang='lat' dir='ltr'><strong>atque</strong></span> <span class='ocrx_word' id='word_1_581' title='bbox 2905 835 3041 890; x_wconf 87' lang='lat' dir='ltr'><strong>adeo</strong></span> <span class='ocrx_word' id='word_1_582' title='bbox 3065 876 3080 903; x_wconf 93' lang='lat'><strong>,</strong></span> <span class='ocrx_word' id='word_1_583' title='bbox 3111 832 3253 905; x_wconf 90' lang='lat' dir='ltr'><strong>quod</strong></span> <span class='ocrx_word' id='word_1_584' title='bbox 3280 840 3365 888; x_wconf 90' lang='lat' dir='ltr'><strong>est</strong></span> <span class='ocrx_word' id='word_1_585' title='bbox 3394 846 3514 886; x_wconf 52' lang='lat' dir='ltr'><strong>smn</strong></span> 
     </span>
    </p>
   </div>
   <div class='ocr_carea' id='block_1_71' title="bbox 1934 1472 3516 1552">
    <p class='ocr_par' dir='ltr' id='par_1_71' title="bbox 1934 1472 3516 1552">
     <span class='ocr_line' id='line_1_71' title="bbox 1934 1472 3516 1552; baseline -0.009 -12"><span class='ocrx_word' id='word_1_586' title='bbox 1934 1492 2061 1539; x_wconf 88' lang='lat' dir='ltr'><strong>tunc</strong></span> <span class='ocrx_word' id='word_1_587' title='bbox 2086 1497 2209 1539; x_wconf 90' lang='lat' dir='ltr'><strong>eum</strong></span> <span class='ocrx_word' id='word_1_588' title='bbox 2237 1495 2396 1552; x_wconf 92' lang='lat' dir='ltr'><strong>quem</strong></span> <span class='ocrx_word' id='word_1_589' title='bbox 2426 1477 2714 1535; x_wconf 87' lang='lat' dir='ltr'><strong>maledicto</strong></span> <span class='ocrx_word' id='word_1_590' title='bbox 2744 1476 2984 1547; x_wconf 89' lang='lat' dir='ltr'><strong>appetit:</strong></span> <span class='ocrx_word' id='word_1_591' title='bbox 3015 1486 3109 1531; x_wconf 88' lang='lat' dir='ltr'><strong>ant</strong></span> <span class='ocrx_word' id='word_1_592' title='bbox 3154 1491 3223 1530; x_wconf 90' lang='lat' dir='ltr'><strong>ne</strong></span> <span class='ocrx_word' id='word_1_593' title='bbox 3261 1473 3365 1528; x_wconf 83' lang='lat' dir='ltr'><strong>hoc</strong></span> <span class='ocrx_word' id='word_1_594' title='bbox 3391 1472 3516 1543; x_wconf 34' lang='lat' dir='ltr'><strong>quie</strong></span> 
     </span>
    </p>
   </div>
   <div class='ocr_carea' id='block_1_72' title="bbox 1932 1565 3527 1645">
    <p class='ocr_par' dir='ltr' id='par_1_72' title="bbox 1932 1565 3527 1645">
     <span class='ocr_line' id='line_1_72' title="bbox 1932 1565 3527 1645; baseline -0.009 -14"><span class='ocrx_word' id='word_1_595' title='bbox 1932 1576 2053 1631; x_wconf 88' lang='lat' dir='ltr'><strong>dem</strong></span> <span class='ocrx_word' id='word_1_596' title='bbox 2080 1575 2217 1631; x_wconf 89' lang='lat' dir='ltr'><strong>forte</strong></span> <span class='ocrx_word' id='word_1_597' title='bbox 2244 1580 2421 1645; x_wconf 84' lang='lat' dir='ltr'><strong>potest</strong></span> <span class='ocrx_word' id='word_1_598' title='bbox 2446 1591 2459 1625; x_wconf 92' lang='lat'><strong>:</strong></span> <span class='ocrx_word' id='word_1_599' title='bbox 2491 1569 2587 1627; x_wconf 87' lang='lat' dir='ltr'><strong>sed</strong></span> <span class='ocrx_word' id='word_1_600' title='bbox 2615 1569 2728 1625; x_wconf 87' lang='lat' dir='ltr'><strong>abit</strong></span> <span class='ocrx_word' id='word_1_601' title='bbox 2756 1568 2871 1641; x_wconf 87' lang='lat' dir='ltr'><strong>ipse</strong></span> <span class='ocrx_word' id='word_1_602' title='bbox 2900 1569 3117 1639; x_wconf 84' lang='lat' dir='ltr'><strong>quidem</strong></span> <span class='ocrx_word' id='word_1_603' title='bbox 3148 1609 3163 1633; x_wconf 96' lang='lat'><strong>,</strong></span> <span class='ocrx_word' id='word_1_604' title='bbox 3192 1573 3381 1621; x_wconf 89' lang='lat' dir='ltr'><strong>nactus</strong></span> <span class='ocrx_word' id='word_1_605' title='bbox 3409 1565 3527 1619; x_wconf 77' lang='lat' dir='ltr'><strong>exi-</strong></span> 
     </span>
    </p>
   </div>
   <div class='ocr_carea' id='block_1_73' title="bbox 1939 1660 3545 1731">
    <p class='ocr_par' dir='ltr' id='par_1_73' title="bbox 1939 1660 3545 1731">
     <span class='ocr_line' id='line_1_73' title="bbox 1939 1660 3545 1731; baseline -0.011 0"><span class='ocrx_word' id='word_1_606' title='bbox 1939 1673 2303 1731; x_wconf 83' lang='lat' dir='ltr'><strong>stimationem</strong></span> <span class='ocrx_word' id='word_1_607' title='bbox 2325 1668 2575 1727; x_wconf 82' lang='lat' dir='ltr'><strong>scelerati</strong></span> <span class='ocrx_word' id='word_1_608' title='bbox 2596 1677 2651 1724; x_wconf 92' lang='lat' dir='ltr'><strong>et</strong></span> <span class='ocrx_word' id='word_1_609' title='bbox 2674 1664 2989 1724; x_wconf 80' lang='lat' dir='ltr'><strong>exsecrandi</strong></span> <span class='ocrx_word' id='word_1_610' title='bbox 3020 1662 3275 1729; x_wconf 88' lang='lat' dir='ltr'><strong>hominis,</strong></span> <span class='ocrx_word' id='word_1_611' title='bbox 3300 1660 3545 1722; x_wconf 62' lang='lat' dir='ltr'><strong>illavero</strong></span> 
     </span>
    </p>
   </div>
   <div class='ocr_carea' id='block_1_74' title="bbox 1938 1755 3540 1838">
    <p class='ocr_par' dir='ltr' id='par_1_74' title="bbox 1938 1755 3540 1838">
     <span class='ocr_line' id='line_1_74' title="bbox 1938 1755 3540 1838; baseline -0.005 -17"><span class='ocrx_word' id='word_1_612' title='bbox 1938 1776 1996 1822; x_wconf 93' lang='lat' dir='ltr'><strong>ut</strong></span> <span class='ocrx_word' id='word_1_613' title='bbox 2015 1766 2192 1838; x_wconf 83' lang='lat' dir='ltr'><strong>magis</strong></span> <span class='ocrx_word' id='word_1_614' title='bbox 2212 1774 2423 1821; x_wconf 88' lang='lat' dir='ltr'><strong>ametur</strong></span> <span class='ocrx_word' id='word_1_615' title='bbox 2440 1759 2943 1830; x_wconf 73' lang='lat' dir='ltr'><strong>efﬁciens.thndo</strong></span> <span class='ocrx_word' id='word_1_616' title='bbox 2963 1759 3109 1816; x_wconf 86' lang='lat' dir='ltr'><strong>enim</strong></span> <span class='ocrx_word' id='word_1_617' title='bbox 3131 1757 3272 1813; x_wconf 87' lang='lat' dir='ltr'><strong>male</strong></span> <span class='ocrx_word' id='word_1_618' title='bbox 3290 1755 3540 1821; x_wconf 72' lang='lat' dir='ltr'><strong>audiens,</strong></span> 
     </span>
    </p>
   </div>
   <div class='ocr_carea' id='block_1_75' title="bbox 1934 1847 3544 1929">
    <p class='ocr_par' dir='ltr' id='par_1_75' title="bbox 1934 1847 3544 1929">
     <span class='ocr_line' id='line_1_75' title="bbox 1934 1847 3544 1929; baseline -0.006 -16"><span class='ocrx_word' id='word_1_619' title='bbox 1934 1876 2041 1913; x_wconf 88' lang='lat' dir='ltr'><strong>non</strong></span> <span class='ocrx_word' id='word_1_620' title='bbox 2070 1873 2165 1927; x_wconf 87' lang='lat' dir='ltr'><strong>par</strong></span> <span class='ocrx_word' id='word_1_621' title='bbox 2190 1857 2307 1929; x_wconf 89' lang='lat' dir='ltr'><strong>pari</strong></span> <span class='ocrx_word' id='word_1_622' title='bbox 2337 1854 2535 1918; x_wconf 85' lang='lat' dir='ltr'><strong>refert,</strong></span> <span class='ocrx_word' id='word_1_623' title='bbox 2567 1855 2662 1910; x_wconf 87' lang='lat' dir='ltr'><strong>sed</strong></span> <span class='ocrx_word' id='word_1_624' title='bbox 2694 1854 2881 1911; x_wconf 88' lang='lat' dir='ltr'><strong>laudat</strong></span> <span class='ocrx_word' id='word_1_625' title='bbox 2910 1861 2965 1909; x_wconf 91' lang='lat' dir='ltr'><strong>et</strong></span> <span class='ocrx_word' id='word_1_626' title='bbox 2988 1851 3310 1916; x_wconf 87' lang='lat' dir='ltr'><strong>admiratur,</strong></span> <span class='ocrx_word' id='word_1_627' title='bbox 3342 1865 3450 1905; x_wconf 89' lang='lat' dir='ltr'><strong>non</strong></span> <span class='ocrx_word' id='word_1_628' title='bbox 3472 1847 3544 1904; x_wconf 84' lang='lat' dir='ltr'><strong>ll-</strong></span> 
     </span>
    </p>
   </div>
   <div class='ocr_carea' id='block_1_76' title="bbox 1933 1939 3541 2017">
    <p class='ocr_par' dir='ltr' id='par_1_76' title="bbox 1933 1939 3541 2017">
     <span class='ocr_line' id='line_1_76' title="bbox 1933 1939 3541 2017; baseline -0.007 -12"><span class='ocrx_word' id='word_1_629' title='bbox 1933 1951 2045 2006; x_wconf 90' lang='lat' dir='ltr'><strong>lum</strong></span> <span class='ocrx_word' id='word_1_630' title='bbox 2076 1949 2289 2015; x_wconf 86' lang='lat' dir='ltr'><strong>laudat,</strong></span> <span class='ocrx_word' id='word_1_631' title='bbox 2323 1947 2419 2003; x_wconf 88' lang='lat' dir='ltr'><strong>sed</strong></span> <span class='ocrx_word' id='word_1_632' title='bbox 2446 1946 2708 2017; x_wconf 87' lang='lat' dir='ltr'><strong>seipsum.</strong></span> <span class='ocrx_word' id='word_1_633' title='bbox 2753 1943 2889 2001; x_wconf 84' lang='lat' dir='ltr'><strong>Nam</strong></span> <span class='ocrx_word' id='word_1_634' title='bbox 2914 1944 3057 1999; x_wconf 87' lang='lat' dir='ltr'><strong>sicut</strong></span> <span class='ocrx_word' id='word_1_635' title='bbox 3081 1986 3096 2009; x_wconf 95' lang='lat'><strong>,</strong></span> <span class='ocrx_word' id='word_1_636' title='bbox 3125 1951 3187 1998; x_wconf 92' lang='lat' dir='ltr'><strong>ut</strong></span> <span class='ocrx_word' id='word_1_637' title='bbox 3217 1942 3365 2013; x_wconf 88' lang='lat' dir='ltr'><strong>prius</strong></span> <span class='ocrx_word' id='word_1_638' title='bbox 3390 1939 3498 1995; x_wconf 79' lang='lat' dir='ltr'><strong>dixi</strong></span> <span class='ocrx_word' id='word_1_639' title='bbox 3523 1979 3541 2007; x_wconf 95' lang='lat'><strong>,</strong></span> 
     </span>
    </p>
   </div>
   <div class='ocr_carea' id='block_1_77' title="bbox 1934 2033 3543 2114">
    <p class='ocr_par' dir='ltr' id='par_1_77' title="bbox 1934 2033 3543 2114">
     <span class='ocr_line' id='line_1_77' title="bbox 1934 2033 3543 2114; baseline -0.007 -16"><span class='ocrx_word' id='word_1_640' title='bbox 1934 2057 2058 2114; x_wconf 76' lang='lat' dir='ltr'><strong>quae</strong></span> <span class='ocrx_word' id='word_1_641' title='bbox 2096 2042 2148 2096; x_wconf 92' lang='lat' dir='ltr'><strong>in</strong></span> <span class='ocrx_word' id='word_1_642' title='bbox 2178 2041 2453 2113; x_wconf 80' lang='lat' dir='ltr'><strong>proximos</strong></span> <span class='ocrx_word' id='word_1_643' title='bbox 2483 2048 2805 2110; x_wconf 86' lang='lat' dir='ltr'><strong>torquentur</strong></span> <span class='ocrx_word' id='word_1_644' title='bbox 2832 2035 3122 2092; x_wconf 83' lang='lat' dir='ltr'><strong>maledicta</strong></span> <span class='ocrx_word' id='word_1_645' title='bbox 3144 2076 3159 2099; x_wconf 93' lang='lat'><strong>,</strong></span> <span class='ocrx_word' id='word_1_646' title='bbox 3190 2048 3254 2090; x_wconf 89' lang='lat' dir='ltr'><strong>ea</strong></span> <span class='ocrx_word' id='word_1_647' title='bbox 3285 2033 3432 2103; x_wconf 91' lang='lat' dir='ltr'><strong>prius</strong></span> <span class='ocrx_word' id='word_1_648' title='bbox 3457 2040 3543 2088; x_wconf 85' lang='lat' dir='ltr'><strong>at-</strong></span> 
     </span>
    </p>
   </div>
   <div class='ocr_carea' id='block_1_78' title="bbox 1936 2127 3541 2205">
    <p class='ocr_par' dir='ltr' id='par_1_78' title="bbox 1936 2127 3541 2205">
     <span class='ocr_line' id='line_1_78' title="bbox 1936 2127 3541 2205; baseline -0.003 -18"><span class='ocrx_word' id='word_1_649' title='bbox 1936 2134 2152 2205; x_wconf 85' lang='lat' dir='ltr'><strong>tingunt</strong></span> <span class='ocrx_word' id='word_1_650' title='bbox 2197 2148 2293 2190; x_wconf 86' lang='lat' dir='ltr'><strong>eos</strong></span> <span class='ocrx_word' id='word_1_651' title='bbox 2337 2134 2427 2204; x_wconf 93' lang='lat' dir='ltr'><strong>qui</strong></span> <span class='ocrx_word' id='word_1_652' title='bbox 2473 2134 2840 2189; x_wconf 85' lang='lat' dir='ltr'><strong>insidiantur:</strong></span> <span class='ocrx_word' id='word_1_653' title='bbox 2876 2133 2949 2187; x_wconf 87' lang='lat' dir='ltr'><strong>ita</strong></span> <span class='ocrx_word' id='word_1_654' title='bbox 2976 2131 3142 2187; x_wconf 89' lang='lat' dir='ltr'><strong>etiam</strong></span> <span class='ocrx_word' id='word_1_655' title='bbox 3172 2145 3294 2201; x_wconf 71' lang='lat' dir='ltr'><strong>quae</strong></span> <span class='ocrx_word' id='word_1_656' title='bbox 3320 2127 3375 2184; x_wconf 91' lang='lat' dir='ltr'><strong>in</strong></span> <span class='ocrx_word' id='word_1_657' title='bbox 3405 2143 3541 2199; x_wconf 86' lang='lat' dir='ltr'><strong>pro-</strong></span> 
     </span>
    </p>
   </div>
   <div class='ocr_carea' id='block_1_79' title="bbox 1937 2220 3544 2297">
    <p class='ocr_par' dir='ltr' id='par_1_79' title="bbox 1937 2220 3544 2297">
     <span class='ocr_line' id='line_1_79' title="bbox 1937 2220 3544 2297; baseline -0.002 -18"><span class='ocrx_word' id='word_1_658' title='bbox 1937 2226 2167 2297; x_wconf 87' lang='lat' dir='ltr'><strong>pinquos</strong></span> <span class='ocrx_word' id='word_1_659' title='bbox 2203 2225 2557 2282; x_wconf 89' lang='lat' dir='ltr'><strong>conferuntur</strong></span> <span class='ocrx_word' id='word_1_660' title='bbox 2584 2224 2726 2282; x_wconf 87' lang='lat' dir='ltr'><strong>bona</strong></span> <span class='ocrx_word' id='word_1_661' title='bbox 2751 2266 2768 2291; x_wconf 93' lang='lat'><strong>,</strong></span> <span class='ocrx_word' id='word_1_662' title='bbox 2801 2240 2899 2281; x_wconf 88' lang='lat' dir='ltr'><strong>eos</strong></span> <span class='ocrx_word' id='word_1_663' title='bbox 2930 2223 3023 2295; x_wconf 86' lang='lat' dir='ltr'><strong>qui</strong></span> <span class='ocrx_word' id='word_1_664' title='bbox 3066 2230 3366 2294; x_wconf 89' lang='lat' dir='ltr'><strong>operantur</strong></span> <span class='ocrx_word' id='word_1_665' title='bbox 3392 2220 3544 2292; x_wconf 85' lang='lat' dir='ltr'><strong>prius</strong></span> 
     </span>
    </p>
   </div>
   <div class='ocr_carea' id='block_1_80' title="bbox 1937 2312 3545 2389">
    <p class='ocr_par' dir='ltr' id='par_1_80' title="bbox 1937 2312 3545 2389">
     <span class='ocr_line' id='line_1_80' title="bbox 1937 2312 3545 2389; baseline -0.004 -18"><span class='ocrx_word' id='word_1_666' title='bbox 1937 2316 2213 2373; x_wconf 87' lang='lat' dir='ltr'><strong>delectant</strong></span> <span class='ocrx_word' id='word_1_667' title='bbox 2263 2326 2317 2373; x_wconf 91' lang='lat' dir='ltr'><strong>et</strong></span> <span class='ocrx_word' id='word_1_668' title='bbox 2356 2317 2556 2389; x_wconf 81' lang='lat' dir='ltr'><strong>gaudio</strong></span> <span class='ocrx_word' id='word_1_669' title='bbox 2594 2316 2857 2372; x_wconf 84' lang='lat' dir='ltr'><strong>afficiunt.</strong></span> <span class='ocrx_word' id='word_1_670' title='bbox 2890 2315 3025 2371; x_wconf 79' lang='lat' dir='ltr'><strong>Nam</strong></span> <span class='ocrx_word' id='word_1_671' title='bbox 3057 2314 3146 2383; x_wconf 89' lang='lat' dir='ltr'><strong>qui</strong></span> <span class='ocrx_word' id='word_1_672' title='bbox 3176 2313 3374 2368; x_wconf 89' lang='lat' dir='ltr'><strong>bonum</strong></span> <span class='ocrx_word' id='word_1_673' title='bbox 3403 2312 3545 2383; x_wconf 82' lang='lat' dir='ltr'><strong>parit</strong></span> 
     </span>
    </p>
   </div>
   <div class='ocr_carea' id='block_1_81' title="bbox 1940 2399 3545 2479">
    <p class='ocr_par' dir='ltr' id='par_1_81' title="bbox 1940 2399 3545 2479">
     <span class='ocr_line' id='line_1_81' title="bbox 1940 2399 3545 2479; baseline -0.006 -14"><span class='ocrx_word' id='word_1_674' title='bbox 1940 2421 1990 2465; x_wconf 87' lang='lat' dir='ltr'><strong>et</strong></span> <span class='ocrx_word' id='word_1_675' title='bbox 2022 2410 2258 2473; x_wconf 87' lang='lat' dir='ltr'><strong>malum,</strong></span> <span class='ocrx_word' id='word_1_676' title='bbox 2292 2425 2357 2465; x_wconf 93' lang='lat' dir='ltr'><strong>eo</strong></span> <span class='ocrx_word' id='word_1_677' title='bbox 2405 2399 2601 2464; x_wconf 81' lang='lat' dir='ltr'><strong>merito</strong></span> <span class='ocrx_word' id='word_1_678' title='bbox 2657 2408 2809 2479; x_wconf 91' lang='lat' dir='ltr'><strong>prior</strong></span> <span class='ocrx_word' id='word_1_679' title='bbox 2852 2408 2967 2477; x_wconf 85' lang='lat' dir='ltr'><strong>ipse</strong></span> <span class='ocrx_word' id='word_1_680' title='bbox 3004 2404 3201 2461; x_wconf 89' lang='lat' dir='ltr'><strong>fruitur</strong></span> <span class='ocrx_word' id='word_1_681' title='bbox 3247 2422 3261 2457; x_wconf 91' lang='lat'><strong>:</strong></span> <span class='ocrx_word' id='word_1_682' title='bbox 3308 2412 3363 2459; x_wconf 88' lang='lat' dir='ltr'><strong>et</strong></span> <span class='ocrx_word' id='word_1_683' title='bbox 3405 2403 3545 2458; x_wconf 87' lang='lat' dir='ltr'><strong>sicut</strong></span> 
     </span>
    </p>
   </div>
   <div class='ocr_carea' id='block_1_82' title="bbox 1939 2493 3545 2572">
    <p class='ocr_par' dir='ltr' id='par_1_82' title="bbox 1939 2493 3545 2572">
     <span class='ocr_line' id='line_1_82' title="bbox 1939 2493 3545 2572; baseline -0.005 -17"><span class='ocrx_word' id='word_1_684' title='bbox 1939 2516 2077 2571; x_wconf 87' lang='lat' dir='ltr'><strong>aqua</strong></span> <span class='ocrx_word' id='word_1_685' title='bbox 2106 2511 2161 2557; x_wconf 87' lang='lat' dir='ltr'><strong>et</strong></span> <span class='ocrx_word' id='word_1_686' title='bbox 2203 2500 2344 2558; x_wconf 91' lang='lat' dir='ltr'><strong>salsa</strong></span> <span class='ocrx_word' id='word_1_687' title='bbox 2371 2510 2425 2557; x_wconf 92' lang='lat' dir='ltr'><strong>et</strong></span> <span class='ocrx_word' id='word_1_688' title='bbox 2455 2501 2710 2572; x_wconf 89' lang='lat' dir='ltr'><strong>potabilis</strong></span> <span class='ocrx_word' id='word_1_689' title='bbox 2742 2514 2872 2555; x_wconf 87' lang='lat' dir='ltr'><strong>vasa</strong></span> <span class='ocrx_word' id='word_1_690' title='bbox 2902 2497 3093 2571; x_wconf 90' lang='lat' dir='ltr'><strong>implet</strong></span> <span class='ocrx_word' id='word_1_691' title='bbox 3123 2511 3312 2553; x_wconf 89' lang='lat' dir='ltr'><strong>eorum</strong></span> <span class='ocrx_word' id='word_1_692' title='bbox 3344 2494 3433 2566; x_wconf 89' lang='lat' dir='ltr'><strong>qui</strong></span> <span class='ocrx_word' id='word_1_693' title='bbox 3465 2493 3545 2548; x_wconf 83' lang='lat' dir='ltr'><strong>af-</strong></span> 
     </span>
    </p>
   </div>
   <div class='ocr_carea' id='block_1_83' title="bbox 1938 2587 3544 2661">
    <p class='ocr_par' dir='ltr' id='par_1_83' title="bbox 1938 2587 3544 2661">
     <span class='ocr_line' id='line_1_83' title="bbox 1938 2587 3544 2661; baseline -0.003 -15"><span class='ocrx_word' id='word_1_694' title='bbox 1938 2590 2160 2661; x_wconf 91' lang='lat' dir='ltr'><strong>ferunt,</strong></span> <span class='ocrx_word' id='word_1_695' title='bbox 2195 2608 2257 2648; x_wconf 90' lang='lat' dir='ltr'><strong>ac</strong></span> <span class='ocrx_word' id='word_1_696' title='bbox 2300 2592 2517 2649; x_wconf 87' lang='lat' dir='ltr'><strong>fontem.</strong></span> <span class='ocrx_word' id='word_1_697' title='bbox 2544 2608 2651 2649; x_wconf 92' lang='lat' dir='ltr'><strong>non</strong></span> <span class='ocrx_word' id='word_1_698' title='bbox 2684 2592 2875 2648; x_wconf 89' lang='lat' dir='ltr'><strong>minuit</strong></span> <span class='ocrx_word' id='word_1_699' title='bbox 2902 2606 2968 2647; x_wconf 74' lang='lat' dir='ltr'><strong>ex</strong></span> <span class='ocrx_word' id='word_1_700' title='bbox 2999 2605 3109 2661; x_wconf 87' lang='lat' dir='ltr'><strong>quo</strong></span> <span class='ocrx_word' id='word_1_701' title='bbox 3153 2596 3369 2644; x_wconf 89' lang='lat' dir='ltr'><strong>emanat</strong></span> <span class='ocrx_word' id='word_1_702' title='bbox 3407 2604 3422 2641; x_wconf 85' lang='lat'><strong>:</strong></span> <span class='ocrx_word' id='word_1_703' title='bbox 3472 2587 3544 2641; x_wconf 86' lang='lat' dir='ltr'><strong>ita</strong></span> 
     </span>
    </p>
   </div>
   <div class='ocr_carea' id='block_1_84' title="bbox 1939 2680 3541 2745">
    <p class='ocr_par' dir='ltr' id='par_1_84' title="bbox 1939 2680 3541 2745">
     <span class='ocr_line' id='line_1_84' title="bbox 1939 2680 3541 2745; baseline -0.004 -3"><span class='ocrx_word' id='word_1_704' title='bbox 1939 2685 2102 2742; x_wconf 89' lang='lat' dir='ltr'><strong>etiam</strong></span> <span class='ocrx_word' id='word_1_705' title='bbox 2131 2692 2187 2741; x_wconf 94' lang='lat' dir='ltr'><strong>et</strong></span> <span class='ocrx_word' id='word_1_706' title='bbox 2213 2685 2401 2740; x_wconf 78' lang='lat' dir='ltr'><strong>vitium</strong></span> <span class='ocrx_word' id='word_1_707' title='bbox 2430 2694 2486 2741; x_wconf 90' lang='lat' dir='ltr'><strong>et</strong></span> <span class='ocrx_word' id='word_1_708' title='bbox 2517 2686 2687 2739; x_wconf 88' lang='lat' dir='ltr'><strong>virtus</strong></span> <span class='ocrx_word' id='word_1_709' title='bbox 2715 2684 2865 2740; x_wconf 89' lang='lat' dir='ltr'><strong>illum</strong></span> <span class='ocrx_word' id='word_1_710' title='bbox 2896 2682 3041 2739; x_wconf 89' lang='lat' dir='ltr'><strong>unde</strong></span> <span class='ocrx_word' id='word_1_711' title='bbox 3068 2681 3179 2738; x_wconf 78' lang='lat' dir='ltr'><strong>exit</strong></span> <span class='ocrx_word' id='word_1_712' title='bbox 3206 2691 3260 2737; x_wconf 94' lang='lat' dir='ltr'><strong>et</strong></span> <span class='ocrx_word' id='word_1_713' title='bbox 3288 2680 3541 2745; x_wconf 86' lang='lat' dir='ltr'><strong>delectat.</strong></span> 
     </span>
    </p>
   </div>
   <div class='ocr_carea' id='block_1_85' title="bbox 1939 2774 3182 2847">
    <p class='ocr_par' dir='ltr' id='par_1_85' title="bbox 1939 2774 3182 2847">
     <span class='ocr_line' id='line_1_85' title="bbox 1939 2774 3182 2847; baseline -0.002 -15"><span class='ocrx_word' id='word_1_714' title='bbox 1939 2787 1997 2833; x_wconf 91' lang='lat' dir='ltr'><strong>et</strong></span> <span class='ocrx_word' id='word_1_715' title='bbox 2024 2777 2219 2846; x_wconf 89' lang='lat' dir='ltr'><strong>perdit.</strong></span> <span class='ocrx_word' id='word_1_716' title='bbox 2253 2776 2323 2832; x_wconf 85' lang='lat' dir='ltr'><strong>Et</strong></span> <span class='ocrx_word' id='word_1_717' title='bbox 2348 2777 2467 2832; x_wconf 73' lang='lat' dir='ltr'><strong>hmc</strong></span> <span class='ocrx_word' id='word_1_718' title='bbox 2496 2777 2715 2847; x_wconf 90' lang='lat' dir='ltr'><strong>quidem</strong></span> <span class='ocrx_word' id='word_1_719' title='bbox 2741 2777 2828 2831; x_wconf 91' lang='lat' dir='ltr'><strong>hic</strong></span> <span class='ocrx_word' id='word_1_720' title='bbox 2854 2777 2928 2832; x_wconf 85' lang='lat' dir='ltr'><strong>ita</strong></span> <span class='ocrx_word' id='word_1_721' title='bbox 2957 2774 3182 2832; x_wconf 86' lang='lat' dir='ltr'><strong>habent.</strong></span> 
     </span>
    </p>
   </div>
   <div class='ocr_carea' id='block_1_86' title="bbox 2013 2866 3544 2938">
    <p class='ocr_par' dir='ltr' id='par_1_86' title="bbox 2013 2866 3544 2938">
     <span class='ocr_line' id='line_1_86' title="bbox 2013 2866 3544 2938; baseline -0.002 -17"><span class='ocrx_word' id='word_1_722' title='bbox 2013 2866 2310 2938; x_wconf 79' lang='lat' dir='ltr'><strong>Inferorum</strong></span> <span class='ocrx_word' id='word_1_723' title='bbox 2337 2883 2513 2938; x_wconf 63' lang='lat' dir='ltr'><strong>ptume.</strong></span> <span class='ocrx_word' id='word_1_724' title='bbox 2544 2898 2613 2908; x_wconf 91' lang='lat'><strong>—-</strong></span> <span class='ocrx_word' id='word_1_725' title='bbox 2634 2867 2766 2935; x_wconf 63' lang='lat' dir='ltr'><strong>Quae</strong></span> <span class='ocrx_word' id='word_1_726' title='bbox 2784 2882 2963 2922; x_wconf 78' lang='lat' dir='ltr'><strong>autem</strong></span> <span class='ocrx_word' id='word_1_727' title='bbox 2992 2867 3101 2922; x_wconf 87' lang='lat' dir='ltr'><strong>illic</strong></span> <span class='ocrx_word' id='word_1_728' title='bbox 3121 2874 3268 2933; x_wconf 81' lang='lat' dir='ltr'><strong>sunt,</strong></span> <span class='ocrx_word' id='word_1_729' title='bbox 3297 2880 3544 2937; x_wconf 80' lang='lat' dir='ltr'><strong>quamam</strong></span> 
     </span>
    </p>
   </div>
   <div class='ocr_carea' id='block_1_87' title="bbox 1941 2958 3546 3030">
    <p class='ocr_par' dir='ltr' id='par_1_87' title="bbox 1941 2958 3546 3030">
     <span class='ocr_line' id='line_1_87' title="bbox 1941 2958 3546 3030; baseline -0.001 -15"><span class='ocrx_word' id='word_1_730' title='bbox 1941 2960 2227 3030; x_wconf 80' lang='lat' dir='ltr'><strong>explicabit</strong></span> <span class='ocrx_word' id='word_1_731' title='bbox 2250 2959 2464 3015; x_wconf 86' lang='lat' dir='ltr'><strong>dicendi</strong></span> <span class='ocrx_word' id='word_1_732' title='bbox 2488 2960 2732 3025; x_wconf 88' lang='lat' dir='ltr'><strong>facultas,</strong></span> <span class='ocrx_word' id='word_1_733' title='bbox 2761 2959 2849 3015; x_wconf 91' lang='lat' dir='ltr'><strong>vel</strong></span> <span class='ocrx_word' id='word_1_734' title='bbox 2875 2958 3014 3015; x_wconf 86' lang='lat' dir='ltr'><strong>bona</strong></span> <span class='ocrx_word' id='word_1_735' title='bbox 3039 2959 3126 3015; x_wconf 84' lang='lat' dir='ltr'><strong>vel</strong></span> <span class='ocrx_word' id='word_1_736' title='bbox 3153 2958 3338 3014; x_wconf 78' lang='lat' dir='ltr'><strong>mala?</strong></span> <span class='ocrx_word' id='word_1_737' title='bbox 3368 2958 3546 3013; x_wconf 78' lang='lat' dir='ltr'><strong>Nulla.</strong></span> 
     </span>
    </p>
   </div>
   <div class='ocr_carea' id='block_1_88' title="bbox 1948 3050 3547 3123">
    <p class='ocr_par' dir='ltr' id='par_1_88' title="bbox 1948 3050 3547 3123">
     <span class='ocr_line' id='line_1_88' title="bbox 1948 3050 3547 3123; baseline -0.001 -17"><span class='ocrx_word' id='word_1_738' title='bbox 1948 3050 2080 3106; x_wconf 75' lang='lat' dir='ltr'><strong>Nam</strong></span> <span class='ocrx_word' id='word_1_739' title='bbox 2114 3052 2249 3106; x_wconf 84' lang='lat' dir='ltr'><strong>bona</strong></span> <span class='ocrx_word' id='word_1_740' title='bbox 2285 3052 2499 3123; x_wconf 89' lang='lat' dir='ltr'><strong>quidem</strong></span> <span class='ocrx_word' id='word_1_741' title='bbox 2530 3052 2611 3107; x_wconf 87' lang='lat' dir='ltr'><strong>vel</strong></span> <span class='ocrx_word' id='word_1_742' title='bbox 2637 3067 2853 3107; x_wconf 90' lang='lat' dir='ltr'><strong>omnem</strong></span> <span class='ocrx_word' id='word_1_743' title='bbox 2889 3059 3218 3123; x_wconf 81' lang='lat' dir='ltr'><strong>exsuperant</strong></span> <span class='ocrx_word' id='word_1_744' title='bbox 3248 3050 3547 3121; x_wconf 72' lang='lat' dir='ltr'><strong>intelligvn~</strong></span> 
     </span>
    </p>
   </div>
   <div class='ocr_carea' id='block_1_89' title="bbox 1944 3140 3543 3211">
    <p class='ocr_par' dir='ltr' id='par_1_89' title="bbox 1944 3140 3543 3211">
     <span class='ocr_line' id='line_1_89' title="bbox 1944 3140 3543 3211; baseline -0.001 -15"><span class='ocrx_word' id='word_1_745' title='bbox 1944 3144 2114 3210; x_wconf 90' lang='lat' dir='ltr'><strong>tiam,</strong></span> <span class='ocrx_word' id='word_1_746' title='bbox 2157 3140 2357 3200; x_wconf 86' lang='lat' dir='ltr'><strong>nedum</strong></span> <span class='ocrx_word' id='word_1_747' title='bbox 2396 3144 2735 3208; x_wconf 82' lang='lat' dir='ltr'><strong>orationem;</strong></span> <span class='ocrx_word' id='word_1_748' title='bbox 2784 3144 2924 3198; x_wconf 85' lang='lat' dir='ltr'><strong>mala</strong></span> <span class='ocrx_word' id='word_1_749' title='bbox 2988 3151 3168 3198; x_wconf 90' lang='lat' dir='ltr'><strong>autem</strong></span> <span class='ocrx_word' id='word_1_750' title='bbox 3221 3141 3366 3197; x_wconf 86' lang='lat' dir='ltr'><strong>dicta</strong></span> <span class='ocrx_word' id='word_1_751' title='bbox 3420 3142 3543 3211; x_wconf 81' lang='lat' dir='ltr'><strong>qni-</strong></span> 
     </span>
    </p>
   </div>
   <div class='ocr_carea' id='block_1_90' title="bbox 1942 3234 3550 3308">
    <p class='ocr_par' dir='ltr' id='par_1_90' title="bbox 1942 3234 3550 3308">
     <span class='ocr_line' id='line_1_90' title="bbox 1942 3234 3550 3308; baseline 0 -19"><span class='ocrx_word' id='word_1_752' title='bbox 1942 3234 2068 3291; x_wconf 87' lang='lat' dir='ltr'><strong>dem</strong></span> <span class='ocrx_word' id='word_1_753' title='bbox 2112 3244 2238 3290; x_wconf 88' lang='lat' dir='ltr'><strong>sunt</strong></span> <span class='ocrx_word' id='word_1_754' title='bbox 2277 3236 2585 3291; x_wconf 86' lang='lat' dir='ltr'><strong>nominibus</strong></span> <span class='ocrx_word' id='word_1_755' title='bbox 2612 3236 2807 3308; x_wconf 89' lang='lat' dir='ltr'><strong>quibus</strong></span> <span class='ocrx_word' id='word_1_756' title='bbox 2833 3236 3209 3292; x_wconf 82' lang='lat' dir='ltr'><strong>assuevimus:</strong></span> <span class='ocrx_word' id='word_1_757' title='bbox 3239 3250 3362 3290; x_wconf 89' lang='lat' dir='ltr'><strong>nam</strong></span> <span class='ocrx_word' id='word_1_758' title='bbox 3394 3235 3501 3290; x_wconf 83' lang='lat' dir='ltr'><strong>illic</strong></span> <span class='ocrx_word' id='word_1_759' title='bbox 3528 3273 3550 3299; x_wconf 64' lang='grc' dir='ltr'><strong>ι</strong></span> 
     </span>
    </p>
   </div>
   <div class='ocr_carea' id='block_1_91' title="bbox 1948 3328 3547 3401">
    <p class='ocr_par' dir='ltr' id='par_1_91' title="bbox 1948 3328 3547 3401">
     <span class='ocr_line' id='line_1_91' title="bbox 1948 3328 3547 3401; baseline -0.001 -17"><span class='ocrx_word' id='word_1_760' title='bbox 1948 3329 2120 3400; x_wconf 89' lang='lat' dir='ltr'><strong>inquit</strong></span> <span class='ocrx_word' id='word_1_761' title='bbox 2144 3369 2161 3396; x_wconf 89' lang='lat'><strong>,</strong></span> <span class='ocrx_word' id='word_1_762' title='bbox 2190 3339 2271 3385; x_wconf 89' lang='lat' dir='ltr'><strong>est</strong></span> <span class='ocrx_word' id='word_1_763' title='bbox 2302 3330 2438 3401; x_wconf 81' lang='lat' dir='ltr'><strong>ignis</strong></span> <span class='ocrx_word' id='word_1_764' title='bbox 2464 3339 2520 3385; x_wconf 89' lang='lat' dir='ltr'><strong>et</strong></span> <span class='ocrx_word' id='word_1_765' title='bbox 2552 3330 2789 3386; x_wconf 61' lang='lat' dir='ltr'><strong>tenebrae</strong></span> <span class='ocrx_word' id='word_1_766' title='bbox 2815 3340 2869 3385; x_wconf 89' lang='lat' dir='ltr'><strong>et</strong></span> <span class='ocrx_word' id='word_1_767' title='bbox 2894 3330 3108 3385; x_wconf 68' lang='lat' dir='ltr'><strong>vincula</strong></span> <span class='ocrx_word' id='word_1_768' title='bbox 3142 3339 3196 3384; x_wconf 92' lang='lat' dir='ltr'><strong>et</strong></span> <span class='ocrx_word' id='word_1_769' title='bbox 3230 3329 3428 3384; x_wconf 82' lang='lat' dir='ltr'><strong>vermis</strong></span> <span class='ocrx_word' id='word_1_770' title='bbox 3453 3328 3547 3399; x_wconf 90' lang='lat' dir='ltr'><strong>qui</strong></span> 
     </span>
    </p>
   </div>
   <div class='ocr_carea' id='block_1_92' title="bbox 1944 3420 3545 3493">
    <p class='ocr_par' dir='ltr' id='par_1_92' title="bbox 1944 3420 3545 3493">
     <span class='ocr_line' id='line_1_92' title="bbox 1944 3420 3545 3493; baseline -0.002 -16"><span class='ocrx_word' id='word_1_771' title='bbox 1944 3437 2051 3477; x_wconf 90' lang='lat' dir='ltr'><strong>non</strong></span> <span class='ocrx_word' id='word_1_772' title='bbox 2074 3421 2271 3476; x_wconf 87' lang='lat' dir='ltr'><strong>desiuit</strong></span> <span class='ocrx_word' id='word_1_773' title='bbox 2298 3437 2314 3488; x_wconf 90' lang='lat'><strong>;</strong></span> <span class='ocrx_word' id='word_1_774' title='bbox 2349 3437 2525 3493; x_wconf 89' lang='lat' dir='ltr'><strong>neque</strong></span> <span class='ocrx_word' id='word_1_775' title='bbox 2556 3423 2669 3477; x_wconf 74' lang='lat' dir='ltr'><strong>lizec</strong></span> <span class='ocrx_word' id='word_1_776' title='bbox 2717 3422 2889 3477; x_wconf 86' lang='lat' dir='ltr'><strong>solum</strong></span> <span class='ocrx_word' id='word_1_777' title='bbox 2938 3420 3231 3477; x_wconf 84' lang='lat' dir='ltr'><strong>ostendunt</strong></span> <span class='ocrx_word' id='word_1_778' title='bbox 3258 3436 3381 3491; x_wconf 71' lang='lat' dir='ltr'><strong>qum</strong></span> <span class='ocrx_word' id='word_1_779' title='bbox 3401 3420 3545 3474; x_wconf 85' lang='lat' dir='ltr'><strong>dicta</strong></span> 
     </span>
    </p>
   </div>
   <div class='ocr_carea' id='block_1_93' title="bbox 1950 3512 3542 3585">
    <p class='ocr_par' dir='ltr' id='par_1_93' title="bbox 1950 3512 3542 3585">
     <span class='ocr_line' id='line_1_93' title="bbox 1950 3512 3542 3585; baseline -0.002 -17"><span class='ocrx_word' id='word_1_780' title='bbox 1950 3523 2092 3578; x_wconf 87' lang='lat' dir='ltr'><strong>sunt,</strong></span> <span class='ocrx_word' id='word_1_781' title='bbox 2119 3513 2213 3569; x_wconf 89' lang='lat' dir='ltr'><strong>sed</strong></span> <span class='ocrx_word' id='word_1_782' title='bbox 2245 3514 2346 3569; x_wconf 86' lang='lat' dir='ltr'><strong>alia</strong></span> <span class='ocrx_word' id='word_1_783' title='bbox 2378 3515 2644 3585; x_wconf 81' lang='lat' dir='ltr'><strong>graviora.</strong></span> <span class='ocrx_word' id='word_1_784' title='bbox 2680 3513 2748 3569; x_wconf 87' lang='lat' dir='ltr'><strong>Et</strong></span> <span class='ocrx_word' id='word_1_785' title='bbox 2768 3525 2827 3569; x_wconf 92' lang='lat' dir='ltr'><strong>ut</strong></span> <span class='ocrx_word' id='word_1_786' title='bbox 2855 3514 3143 3585; x_wconf 88' lang='lat' dir='ltr'><strong>intelligas,</strong></span> <span class='ocrx_word' id='word_1_787' title='bbox 3174 3512 3279 3567; x_wconf 89' lang='lat' dir='ltr'><strong>hoc</strong></span> <span class='ocrx_word' id='word_1_788' title='bbox 3306 3514 3542 3583; x_wconf 85' lang='lat' dir='ltr'><strong>primum</strong></span> 
     </span>
    </p>
   </div>
   <div class='ocr_carea' id='block_1_94' title="bbox 1946 3604 3555 3677">
    <p class='ocr_par' dir='ltr' id='par_1_94' title="bbox 1946 3604 3555 3677">
     <span class='ocr_line' id='line_1_94' title="bbox 1946 3604 3555 3677; baseline -0.002 -15"><span class='ocrx_word' id='word_1_789' title='bbox 1946 3606 2127 3662; x_wconf 87' lang='lat' dir='ltr'><strong>statim</strong></span> <span class='ocrx_word' id='word_1_790' title='bbox 2149 3605 2457 3661; x_wconf 88' lang='lat' dir='ltr'><strong>considera.</strong></span> <span class='ocrx_word' id='word_1_791' title='bbox 2492 3606 2623 3660; x_wconf 85' lang='lat' dir='ltr'><strong>Nam</strong></span> <span class='ocrx_word' id='word_1_792' title='bbox 2651 3606 2695 3659; x_wconf 92' lang='lat' dir='ltr'><strong>si</strong></span> <span class='ocrx_word' id='word_1_793' title='bbox 2723 3616 2806 3661; x_wconf 84' lang='lat' dir='ltr'><strong>est</strong></span> <span class='ocrx_word' id='word_1_794' title='bbox 2832 3606 2991 3677; x_wconf 89' lang='lat' dir='ltr'><strong>ignis,</strong></span> <span class='ocrx_word' id='word_1_795' title='bbox 3017 3604 3289 3676; x_wconf 90' lang='lat' dir='ltr'><strong>quomodo</strong></span> <span class='ocrx_word' id='word_1_796' title='bbox 3320 3612 3447 3658; x_wconf 91' lang='lat' dir='ltr'><strong>sunt</strong></span> <span class='ocrx_word' id='word_1_797' title='bbox 3473 3613 3555 3658; x_wconf 73' lang='lat' dir='ltr'><strong>te~</strong></span> 
     </span>
    </p>
   </div>
   <div class='ocr_carea' id='block_1_95' title="bbox 1951 3696 3549 3768">
    <p class='ocr_par' dir='ltr' id='par_1_95' title="bbox 1951 3696 3549 3768">
     <span class='ocr_line' id='line_1_95' title="bbox 1951 3696 3549 3768; baseline -0.001 -17"><span class='ocrx_word' id='word_1_798' title='bbox 1951 3696 2175 3752; x_wconf 73' lang='lat' dir='ltr'><strong>nebrm?</strong></span> <span class='ocrx_word' id='word_1_799' title='bbox 2214 3696 2376 3753; x_wconf 74' lang='lat' dir='ltr'><strong>Vides</strong></span> <span class='ocrx_word' id='word_1_800' title='bbox 2417 3697 2560 3768; x_wconf 91' lang='lat' dir='ltr'><strong>quod</strong></span> <span class='ocrx_word' id='word_1_801' title='bbox 2612 3698 2699 3752; x_wconf 85' lang='lat' dir='ltr'><strong>ille</strong></span> <span class='ocrx_word' id='word_1_802' title='bbox 2731 3696 2870 3768; x_wconf 80' lang='lat' dir='ltr'><strong>ignis</strong></span> <span class='ocrx_word' id='word_1_803' title='bbox 2912 3697 2983 3752; x_wconf 87' lang='lat' dir='ltr'><strong>sit</strong></span> <span class='ocrx_word' id='word_1_804' title='bbox 3026 3697 3127 3752; x_wconf 90' lang='lat' dir='ltr'><strong>hoc</strong></span> <span class='ocrx_word' id='word_1_805' title='bbox 3154 3696 3413 3768; x_wconf 83' lang='lat' dir='ltr'><strong>gravior?</strong></span> <span class='ocrx_word' id='word_1_806' title='bbox 3441 3710 3549 3750; x_wconf 89' lang='lat' dir='ltr'><strong>non</strong></span> 
     </span>
    </p>
   </div>
   <div class='ocr_carea' id='block_1_96' title="bbox 1949 3785 3553 3863">
    <p class='ocr_par' dir='ltr' id='par_1_96' title="bbox 1949 3785 3553 3863">
     <span class='ocr_line' id='line_1_96' title="bbox 1949 3785 3553 3863; baseline -0.002 -21"><span class='ocrx_word' id='word_1_807' title='bbox 1949 3787 2113 3843; x_wconf 86' lang='lat' dir='ltr'><strong>habet</strong></span> <span class='ocrx_word' id='word_1_808' title='bbox 2131 3789 2273 3843; x_wconf 88' lang='lat' dir='ltr'><strong>enim</strong></span> <span class='ocrx_word' id='word_1_809' title='bbox 2298 3788 2495 3843; x_wconf 89' lang='lat' dir='ltr'><strong>lucem.</strong></span> <span class='ocrx_word' id='word_1_810' title='bbox 2522 3788 2577 3843; x_wconf 89' lang='lat' dir='ltr'><strong>Si</strong></span> <span class='ocrx_word' id='word_1_811' title='bbox 2600 3798 2682 3843; x_wconf 89' lang='lat' dir='ltr'><strong>est</strong></span> <span class='ocrx_word' id='word_1_812' title='bbox 2706 3788 2865 3859; x_wconf 87' lang='lat' dir='ltr'><strong>ignis,</strong></span> <span class='ocrx_word' id='word_1_813' title='bbox 2886 3787 3159 3863; x_wconf 87' lang='lat' dir='ltr'><strong>quomodo</strong></span> <span class='ocrx_word' id='word_1_814' title='bbox 3185 3802 3401 3856; x_wconf 86' lang='lat' dir='ltr'><strong>semper</strong></span> <span class='ocrx_word' id='word_1_815' title='bbox 3418 3785 3553 3840; x_wconf 81' lang='lat' dir='ltr'><strong>urit?</strong></span> 
     </span>
    </p>
   </div>
   <div class='ocr_carea' id='block_1_97' title="bbox 1950 3880 3551 3953">
    <p class='ocr_par' dir='ltr' id='par_1_97' title="bbox 1950 3880 3551 3953">
     <span class='ocr_line' id='line_1_97' title="bbox 1950 3880 3551 3953; baseline -0.001 -18"><span class='ocrx_word' id='word_1_816' title='bbox 1950 3880 2111 3937; x_wconf 86' lang='lat' dir='ltr'><strong>Vides</strong></span> <span class='ocrx_word' id='word_1_817' title='bbox 2143 3881 2285 3953; x_wconf 91' lang='lat' dir='ltr'><strong>quod</strong></span> <span class='ocrx_word' id='word_1_818' title='bbox 2316 3881 2419 3937; x_wconf 86' lang='lat' dir='ltr'><strong>hoc</strong></span> <span class='ocrx_word' id='word_1_819' title='bbox 2461 3882 2583 3952; x_wconf 81' lang='lat' dir='ltr'><strong>igne</strong></span> <span class='ocrx_word' id='word_1_820' title='bbox 2629 3881 2701 3937; x_wconf 80' lang='lat' dir='ltr'><strong>sit</strong></span> <span class='ocrx_word' id='word_1_821' title='bbox 2729 3881 2981 3951; x_wconf 70' lang='lat' dir='ltr'><strong>graviori</strong></span> <span class='ocrx_word' id='word_1_822' title='bbox 3028 3896 3134 3935; x_wconf 91' lang='lat' dir='ltr'><strong>non</strong></span> <span class='ocrx_word' id='word_1_823' title='bbox 3167 3881 3309 3935; x_wconf 89' lang='lat' dir='ltr'><strong>enim</strong></span> <span class='ocrx_word' id='word_1_824' title='bbox 3339 3881 3551 3935; x_wconf 80' lang='lat' dir='ltr'><strong>exstin-</strong></span> 
     </span>
    </p>
   </div>
   <div class='ocr_carea' id='block_1_98' title="bbox 1942 3974 3548 4046">
    <p class='ocr_par' dir='ltr' id='par_1_98' title="bbox 1942 3974 3548 4046">
     <span class='ocr_line' id='line_1_98' title="bbox 1942 3974 3548 4046; baseline -0.001 -17"><span class='ocrx_word' id='word_1_825' title='bbox 1942 3976 2126 4046; x_wconf 88' lang='lat' dir='ltr'><strong>guitur</strong></span> <span class='ocrx_word' id='word_1_826' title='bbox 2156 3994 2169 4029; x_wconf 87' lang='lat'><strong>:</strong></span> <span class='ocrx_word' id='word_1_827' title='bbox 2202 3992 2324 4030; x_wconf 84' lang='lat' dir='ltr'><strong>nam</strong></span> <span class='ocrx_word' id='word_1_828' title='bbox 2373 3986 2662 4046; x_wconf 87' lang='lat' dir='ltr'><strong>pr0pterea</strong></span> <span class='ocrx_word' id='word_1_829' title='bbox 2695 3976 2894 4030; x_wconf 81' lang='lat' dir='ltr'><strong>dicitur</strong></span> <span class='ocrx_word' id='word_1_830' title='bbox 2926 3974 3414 4044; x_wconf 76' lang='lat' dir='ltr'><strong>inexstinguibilis.</strong></span> <span class='ocrx_word' id='word_1_831' title='bbox 3442 3974 3548 4029; x_wconf 83' lang='lat' dir='ltr'><strong>Co-</strong></span> 
     </span>
    </p>
   </div>
   <div class='ocr_carea' id='block_1_99' title="bbox 1945 4069 3555 4141">
    <p class='ocr_par' dir='ltr' id='par_1_99' title="bbox 1945 4069 3555 4141">
     <span class='ocr_line' id='line_1_99' title="bbox 1945 4069 3555 4141; baseline -0.001 -17"><span class='ocrx_word' id='word_1_832' title='bbox 1945 4072 2178 4141; x_wconf 90' lang='lat' dir='ltr'><strong>gitemus</strong></span> <span class='ocrx_word' id='word_1_833' title='bbox 2220 4085 2349 4140; x_wconf 88' lang='lat' dir='ltr'><strong>ergo</strong></span> <span class='ocrx_word' id='word_1_834' title='bbox 2394 4079 2656 4141; x_wconf 87' lang='lat' dir='ltr'><strong>quantum</strong></span> <span class='ocrx_word' id='word_1_835' title='bbox 2686 4070 2755 4125; x_wconf 90' lang='lat' dir='ltr'><strong>sit</strong></span> <span class='ocrx_word' id='word_1_836' title='bbox 2782 4069 2984 4124; x_wconf 88' lang='lat' dir='ltr'><strong>malum</strong></span> <span class='ocrx_word' id='word_1_837' title='bbox 3033 4069 3113 4123; x_wconf 92' lang='lat' dir='ltr'><strong>uri</strong></span> <span class='ocrx_word' id='word_1_838' title='bbox 3161 4079 3426 4139; x_wconf 86' lang='lat' dir='ltr'><strong>perpetuo</strong></span> <span class='ocrx_word' id='word_1_839' title='bbox 3452 4111 3471 4135; x_wconf 84' lang='lat'><strong>,</strong></span> <span class='ocrx_word' id='word_1_840' title='bbox 3497 4076 3555 4123; x_wconf 91' lang='lat' dir='ltr'><strong>et</strong></span> 
     </span>
    </p>
   </div>
   <div class='ocr_carea' id='block_1_100' title="bbox 1947 4162 3551 4231">
    <p class='ocr_par' dir='ltr' id='par_1_100' title="bbox 1947 4162 3551 4231">
     <span class='ocr_line' id='line_1_100' title="bbox 1947 4162 3551 4231; baseline -0.002 -13"><span class='ocrx_word' id='word_1_841' title='bbox 1947 4177 2068 4219; x_wconf 89' lang='lat' dir='ltr'><strong>esse</strong></span> <span class='ocrx_word' id='word_1_842' title='bbox 2097 4164 2147 4217; x_wconf 92' lang='lat' dir='ltr'><strong>in</strong></span> <span class='ocrx_word' id='word_1_843' title='bbox 2180 4163 2439 4229; x_wconf 81' lang='lat' dir='ltr'><strong>tenebris,</strong></span> <span class='ocrx_word' id='word_1_844' title='bbox 2474 4171 2528 4218; x_wconf 90' lang='lat' dir='ltr'><strong>et</strong></span> <span class='ocrx_word' id='word_1_845' title='bbox 2554 4162 2977 4218; x_wconf 86' lang='lat' dir='ltr'><strong>innumerabiles</strong></span> <span class='ocrx_word' id='word_1_846' title='bbox 3004 4163 3252 4218; x_wconf 89' lang='lat' dir='ltr'><strong>emittere</strong></span> <span class='ocrx_word' id='word_1_847' title='bbox 3283 4162 3551 4231; x_wconf 84' lang='lat' dir='ltr'><strong>ejulatus,</strong></span> 
     </span>
    </p>
   </div>
   <div class='ocr_carea' id='block_1_101' title="bbox 1948 4254 3552 4325">
    <p class='ocr_par' dir='ltr' id='par_1_101' title="bbox 1948 4254 3552 4325">
     <span class='ocr_line' id='line_1_101' title="bbox 1948 4254 3552 4325; baseline -0.001 -16"><span class='ocrx_word' id='word_1_848' title='bbox 1948 4263 2002 4309; x_wconf 86' lang='lat' dir='ltr'><strong>et</strong></span> <span class='ocrx_word' id='word_1_849' title='bbox 2042 4255 2271 4311; x_wconf 84' lang='lat' dir='ltr'><strong>stridere</strong></span> <span class='ocrx_word' id='word_1_850' title='bbox 2299 4255 2551 4310; x_wconf 88' lang='lat' dir='ltr'><strong>dentibus</strong></span> <span class='ocrx_word' id='word_1_851' title='bbox 2575 4298 2587 4319; x_wconf 86' lang='lat'><strong>,</strong></span> <span class='ocrx_word' id='word_1_852' title='bbox 2614 4264 2669 4312; x_wconf 90' lang='lat' dir='ltr'><strong>et</strong></span> <span class='ocrx_word' id='word_1_853' title='bbox 2698 4271 2765 4311; x_wconf 90' lang='lat' dir='ltr'><strong>ne</strong></span> <span class='ocrx_word' id='word_1_854' title='bbox 2790 4255 2963 4309; x_wconf 83' lang='lat' dir='ltr'><strong>audiri</strong></span> <span class='ocrx_word' id='word_1_855' title='bbox 2996 4254 3235 4325; x_wconf 88' lang='lat' dir='ltr'><strong>quidem.</strong></span> <span class='ocrx_word' id='word_1_856' title='bbox 3270 4255 3324 4309; x_wconf 90' lang='lat' dir='ltr'><strong>Si</strong></span> <span class='ocrx_word' id='word_1_857' title='bbox 3371 4256 3552 4320; x_wconf 79' lang='lat' dir='ltr'><strong>enim,</strong></span> 
     </span>
    </p>
   </div>
   <div class='ocr_carea' id='block_1_102' title="bbox 1945 4344 3533 4415">
    <p class='ocr_par' dir='ltr' id='par_1_102' title="bbox 1945 4344 3533 4415">
     <span class='ocr_line' id='line_1_102' title="bbox 1945 4344 3533 4415; baseline 0 -17"><span class='ocrx_word' id='word_1_858' title='bbox 1945 4359 2067 4398; x_wconf 91' lang='lat' dir='ltr'><strong>eum</strong></span> <span class='ocrx_word' id='word_1_859' title='bbox 2098 4348 2218 4415; x_wconf 89' lang='lat' dir='ltr'><strong>quis</strong></span> <span class='ocrx_word' id='word_1_860' title='bbox 2244 4361 2306 4400; x_wconf 75' lang='lat' dir='ltr'><strong>ex</strong></span> <span class='ocrx_word' id='word_1_861' title='bbox 2342 4348 2408 4399; x_wconf 88' lang='lat' dir='ltr'><strong>iis</strong></span> <span class='ocrx_word' id='word_1_862' title='bbox 2439 4348 2529 4414; x_wconf 88' lang='lat' dir='ltr'><strong>qui</strong></span> <span class='ocrx_word' id='word_1_863' title='bbox 2575 4345 2871 4401; x_wconf 84' lang='lat' dir='ltr'><strong>liberaliter</strong></span> <span class='ocrx_word' id='word_1_864' title='bbox 2912 4357 3037 4400; x_wconf 88' lang='lat' dir='ltr'><strong>sunt</strong></span> <span class='ocrx_word' id='word_1_865' title='bbox 3079 4344 3327 4411; x_wconf 78' lang='lat' dir='ltr'><strong>educati,</strong></span> <span class='ocrx_word' id='word_1_866' title='bbox 3362 4344 3451 4399; x_wconf 88' lang='lat' dir='ltr'><strong>hic</strong></span> <span class='ocrx_word' id='word_1_867' title='bbox 3482 4344 3533 4398; x_wconf 91' lang='lat' dir='ltr'><strong>in</strong></span> 
     </span>
    </p>
   </div>
   <div class='ocr_carea' id='block_1_103' title="bbox 1942 4435 3543 4506">
    <p class='ocr_par' dir='ltr' id='par_1_103' title="bbox 1942 4435 3543 4506">
     <span class='ocr_line' id='line_1_103' title="bbox 1942 4435 3543 4506; baseline -0.001 -15"><span class='ocrx_word' id='word_1_868' title='bbox 1942 4440 2215 4491; x_wconf 82' lang='lat' dir='ltr'><strong>carcerem</strong></span> <span class='ocrx_word' id='word_1_869' title='bbox 2238 4438 2490 4505; x_wconf 90' lang='lat' dir='ltr'><strong>injectus,</strong></span> <span class='ocrx_word' id='word_1_870' title='bbox 2527 4435 2775 4493; x_wconf 61' lang='lat' dir='ltr'><strong>faetorem</strong></span> <span class='ocrx_word' id='word_1_871' title='bbox 2792 4436 2997 4501; x_wconf 84' lang='lat' dir='ltr'><strong>solum,</strong></span> <span class='ocrx_word' id='word_1_872' title='bbox 3025 4446 3076 4491; x_wconf 91' lang='lat' dir='ltr'><strong>et</strong></span> <span class='ocrx_word' id='word_1_873' title='bbox 3102 4438 3283 4506; x_wconf 85' lang='lat' dir='ltr'><strong>jacere</strong></span> <span class='ocrx_word' id='word_1_874' title='bbox 3316 4437 3366 4490; x_wconf 91' lang='lat' dir='ltr'><strong>in</strong></span> <span class='ocrx_word' id='word_1_875' title='bbox 3400 4444 3543 4490; x_wconf 83' lang='lat' dir='ltr'><strong>tene-</strong></span> 
     </span>
    </p>
   </div>
   <div class='ocr_carea' id='block_1_104' title="bbox 1941 4526 3542 4599">
    <p class='ocr_par' dir='ltr' id='par_1_104' title="bbox 1941 4526 3542 4599">
     <span class='ocr_line' id='line_1_104' title="bbox 1941 4526 3542 4599; baseline 0.001 -20"><span class='ocrx_word' id='word_1_876' title='bbox 1941 4526 2054 4581; x_wconf 87' lang='lat' dir='ltr'><strong>bris</strong></span> <span class='ocrx_word' id='word_1_877' title='bbox 2075 4539 2128 4582; x_wconf 90' lang='lat' dir='ltr'><strong>et</strong></span> <span class='ocrx_word' id='word_1_878' title='bbox 2155 4530 2205 4582; x_wconf 91' lang='lat' dir='ltr'><strong>iu</strong></span> <span class='ocrx_word' id='word_1_879' title='bbox 2235 4530 2408 4585; x_wconf 77' lang='lat' dir='ltr'><strong>vincul</strong></span> <span class='ocrx_word' id='word_1_880' title='bbox 2437 4544 2462 4583; x_wconf 94' lang='lat' dir='ltr'><strong>s</strong></span> <span class='ocrx_word' id='word_1_881' title='bbox 2493 4545 2611 4585; x_wconf 85' lang='lat' dir='ltr'><strong>esse</strong></span> <span class='ocrx_word' id='word_1_882' title='bbox 2646 4545 2770 4584; x_wconf 92' lang='lat' dir='ltr'><strong>cum</strong></span> <span class='ocrx_word' id='word_1_883' title='bbox 2798 4529 3086 4584; x_wconf 87' lang='lat' dir='ltr'><strong>homicidis</strong></span> <span class='ocrx_word' id='word_1_884' title='bbox 3106 4570 3120 4592; x_wconf 90' lang='lat'><strong>,</strong></span> <span class='ocrx_word' id='word_1_885' title='bbox 3151 4529 3337 4599; x_wconf 85' lang='lat' dir='ltr'><strong>quavis</strong></span> <span class='ocrx_word' id='word_1_886' title='bbox 3367 4537 3542 4582; x_wconf 80' lang='lat' dir='ltr'><strong>morte</strong></span> 
     </span>
    </p>
   </div>
   <div class='ocr_carea' id='block_1_105' title="bbox 1940 4617 3544 4691">
    <p class='ocr_par' dir='ltr' id='par_1_105' title="bbox 1940 4617 3544 4691">
     <span class='ocr_line' id='line_1_105' title="bbox 1940 4617 3544 4691; baseline 0.002 -20"><span class='ocrx_word' id='word_1_887' title='bbox 1940 4617 2067 4673; x_wconf 87' lang='lat' dir='ltr'><strong>dicit</strong></span> <span class='ocrx_word' id='word_1_888' title='bbox 2097 4636 2216 4675; x_wconf 84' lang='lat' dir='ltr'><strong>esse</strong></span> <span class='ocrx_word' id='word_1_889' title='bbox 2261 4620 2475 4690; x_wconf 82' lang='lat' dir='ltr'><strong>gravius</strong></span> <span class='ocrx_word' id='word_1_890' title='bbox 2517 4621 2738 4689; x_wconf 82' lang='lat' dir='ltr'><strong>:eogita</strong></span> <span class='ocrx_word' id='word_1_891' title='bbox 2785 4620 2912 4691; x_wconf 90' lang='lat' dir='ltr'><strong>quid</strong></span> <span class='ocrx_word' id='word_1_892' title='bbox 2961 4622 3030 4674; x_wconf 92' lang='lat' dir='ltr'><strong>sit</strong></span> <span class='ocrx_word' id='word_1_893' title='bbox 3078 4620 3295 4690; x_wconf 88' lang='lat' dir='ltr'><strong>quando</strong></span> <span class='ocrx_word' id='word_1_894' title='bbox 3334 4620 3544 4675; x_wconf 89' lang='lat' dir='ltr'><strong>urimur</strong></span> 
     </span>
    </p>
   </div>
   <div class='ocr_carea' id='block_1_106' title="bbox 1939 4713 3543 4786">
    <p class='ocr_par' dir='ltr' id='par_1_106' title="bbox 1939 4713 3543 4786">
     <span class='ocr_line' id='line_1_106' title="bbox 1939 4713 3543 4786; baseline 0.004 -21"><span class='ocrx_word' id='word_1_895' title='bbox 1939 4726 2060 4766; x_wconf 89' lang='lat' dir='ltr'><strong>eum</strong></span> <span class='ocrx_word' id='word_1_896' title='bbox 2102 4713 2261 4782; x_wconf 88' lang='lat' dir='ltr'><strong>hujus</strong></span> <span class='ocrx_word' id='word_1_897' title='bbox 2291 4714 2439 4768; x_wconf 91' lang='lat' dir='ltr'><strong>orbis</strong></span> <span class='ocrx_word' id='word_1_898' title='bbox 2471 4723 2628 4770; x_wconf 70' lang='lat' dir='ltr'><strong>terrre</strong></span> <span class='ocrx_word' id='word_1_899' title='bbox 2656 4714 2943 4770; x_wconf 91' lang='lat' dir='ltr'><strong>homicidis</strong></span> <span class='ocrx_word' id='word_1_900' title='bbox 2964 4758 2976 4777; x_wconf 92' lang='lat'><strong>,</strong></span> <span class='ocrx_word' id='word_1_901' title='bbox 3009 4726 3063 4771; x_wconf 91' lang='lat' dir='ltr'><strong>et</strong></span> <span class='ocrx_word' id='word_1_902' title='bbox 3091 4731 3267 4786; x_wconf 92' lang='lat' dir='ltr'><strong>neque</strong></span> <span class='ocrx_word' id='word_1_903' title='bbox 3294 4716 3543 4772; x_wconf 86' lang='lat' dir='ltr'><strong>videmus</strong></span> 
     </span>
    </p>
   </div>
   <div class='ocr_carea' id='block_1_107' title="bbox 1940 4806 3545 4869">
    <p class='ocr_par' dir='ltr' id='par_1_107' title="bbox 1940 4806 3545 4869">
     <span class='ocr_line' id='line_1_107' title="bbox 1940 4806 3545 4869; baseline 0.005 -12"><span class='ocrx_word' id='word_1_904' title='bbox 1940 4819 2040 4858; x_wconf 91' lang='lat' dir='ltr'><strong>nec</strong></span> <span class='ocrx_word' id='word_1_905' title='bbox 2089 4806 2335 4859; x_wconf 82' lang='lat' dir='ltr'><strong>videmur</strong></span> <span class='ocrx_word' id='word_1_906' title='bbox 2364 4847 2377 4869; x_wconf 92' lang='lat'><strong>,</strong></span> <span class='ocrx_word' id='word_1_907' title='bbox 2409 4806 2502 4861; x_wconf 90' lang='lat' dir='ltr'><strong>sed</strong></span> <span class='ocrx_word' id='word_1_908' title='bbox 2554 4806 2604 4859; x_wconf 89' lang='lat' dir='ltr'><strong>in</strong></span> <span class='ocrx_word' id='word_1_909' title='bbox 2659 4815 2804 4861; x_wconf 88' lang='lat' dir='ltr'><strong>tanta</strong></span> <span class='ocrx_word' id='word_1_910' title='bbox 2852 4808 3197 4863; x_wconf 89' lang='lat' dir='ltr'><strong>multitudine</strong></span> <span class='ocrx_word' id='word_1_911' title='bbox 3244 4808 3392 4864; x_wconf 57' lang='lat' dir='ltr'><strong>solos</strong></span> <span class='ocrx_word' id='word_1_912' title='bbox 3419 4823 3545 4864; x_wconf 86' lang='lat' dir='ltr'><strong>esse</strong></span> 
     </span>
    </p>
   </div>
   <div class='ocr_carea' id='block_1_108' title="bbox 1940 4896 3545 4972">
    <p class='ocr_par' dir='ltr' id='par_1_108' title="bbox 1940 4896 3545 4972">
     <span class='ocr_line' id='line_1_108' title="bbox 1940 4896 3545 4972; baseline 0.004 -21"><span class='ocrx_word' id='word_1_913' title='bbox 1940 4896 2332 4951; x_wconf 82' lang='lat' dir='ltr'><strong>existimamus.</strong></span> <span class='ocrx_word' id='word_1_914' title='bbox 2358 4899 2489 4953; x_wconf 82' lang='lat' dir='ltr'><strong>Nam</strong></span> <span class='ocrx_word' id='word_1_915' title='bbox 2514 4900 2754 4955; x_wconf 67' lang='lat' dir='ltr'><strong>tanebrre</strong></span> <span class='ocrx_word' id='word_1_916' title='bbox 2783 4911 2835 4954; x_wconf 83' lang='lat' dir='ltr'><strong>et</strong></span> <span class='ocrx_word' id='word_1_917' title='bbox 2864 4901 2997 4955; x_wconf 87' lang='lat' dir='ltr'><strong>lucis</strong></span> <span class='ocrx_word' id='word_1_918' title='bbox 3015 4900 3260 4956; x_wconf 85' lang='lat' dir='ltr'><strong>defectus</strong></span> <span class='ocrx_word' id='word_1_919' title='bbox 3288 4917 3400 4957; x_wconf 92' lang='lat' dir='ltr'><strong>non</strong></span> <span class='ocrx_word' id='word_1_920' title='bbox 3424 4918 3545 4972; x_wconf 89' lang='lat' dir='ltr'><strong>per-</strong></span> 
     </span>
    </p>
   </div>
   <div class='ocr_carea' id='block_1_109' title="bbox 1941 4990 3549 5063">
    <p class='ocr_par' dir='ltr' id='par_1_109' title="bbox 1941 4990 3549 5063">
     <span class='ocr_line' id='line_1_109' title="bbox 1941 4990 3549 5063; baseline 0.007 -22"><span class='ocrx_word' id='word_1_921' title='bbox 1941 4990 2102 5043; x_wconf 88' lang='lat' dir='ltr'><strong>mittit</strong></span> <span class='ocrx_word' id='word_1_922' title='bbox 2133 5000 2186 5045; x_wconf 88' lang='lat' dir='ltr'><strong>ut</strong></span> <span class='ocrx_word' id='word_1_923' title='bbox 2216 4993 2299 5047; x_wconf 90' lang='lat' dir='ltr'><strong>vel</strong></span> <span class='ocrx_word' id='word_1_924' title='bbox 2328 5007 2422 5048; x_wconf 73' lang='lat' dir='ltr'><strong>eos</strong></span> <span class='ocrx_word' id='word_1_925' title='bbox 2459 4995 2549 5062; x_wconf 91' lang='lat' dir='ltr'><strong>qui</strong></span> <span class='ocrx_word' id='word_1_926' title='bbox 2584 5009 2750 5063; x_wconf 87' lang='lat' dir='ltr'><strong>prope</strong></span> <span class='ocrx_word' id='word_1_927' title='bbox 2792 5002 2919 5048; x_wconf 91' lang='lat' dir='ltr'><strong>sunt</strong></span> <span class='ocrx_word' id='word_1_928' title='bbox 2974 4993 3389 5062; x_wconf 87' lang='lat' dir='ltr'><strong>discernamus;</strong></span> <span class='ocrx_word' id='word_1_929' title='bbox 3444 4997 3549 5053; x_wconf 74' lang='lat' dir='ltr'><strong>sed</strong></span> 
     </span>
    </p>
   </div>
   <div class='ocr_carea' id='block_1_110' title="bbox 1942 5087 3543 5160">
    <p class='ocr_par' dir='ltr' id='par_1_110' title="bbox 1942 5087 3543 5160">
     <span class='ocr_line' id='line_1_110' title="bbox 1942 5087 3543 5160; baseline 0.006 -24"><span class='ocrx_word' id='word_1_930' title='bbox 1942 5088 2309 5155; x_wconf 88' lang='lat' dir='ltr'><strong>unusquisque</strong></span> <span class='ocrx_word' id='word_1_931' title='bbox 2334 5088 2402 5141; x_wconf 89' lang='lat' dir='ltr'><strong>ita</strong></span> <span class='ocrx_word' id='word_1_932' title='bbox 2428 5088 2534 5143; x_wconf 85' lang='lat' dir='ltr'><strong>erit</strong></span> <span class='ocrx_word' id='word_1_933' title='bbox 2563 5087 2807 5153; x_wconf 85' lang='lat' dir='ltr'><strong>affectus,</strong></span> <span class='ocrx_word' id='word_1_934' title='bbox 2842 5098 3113 5158; x_wconf 71' lang='lat' dir='ltr'><strong>Lnnquam</strong></span> <span class='ocrx_word' id='word_1_935' title='bbox 3142 5089 3290 5143; x_wconf 88' lang='lat' dir='ltr'><strong>solus</strong></span> <span class='ocrx_word' id='word_1_936' title='bbox 3316 5089 3418 5145; x_wconf 89' lang='lat' dir='ltr'><strong>hoc</strong></span> <span class='ocrx_word' id='word_1_937' title='bbox 3448 5106 3543 5160; x_wconf 79' lang='lat' dir='ltr'><strong>pa-</strong></span> 
     </span>
    </p>
   </div>
   <div class='ocr_carea' id='block_1_111' title="bbox 1944 5180 3547 5253">
    <p class='ocr_par' dir='ltr' id='par_1_111' title="bbox 1944 5180 3547 5253">
     <span class='ocr_line' id='line_1_111' title="bbox 1944 5180 3547 5253; baseline 0.004 -22"><span class='ocrx_word' id='word_1_938' title='bbox 1944 5180 2104 5235; x_wconf 89' lang='lat' dir='ltr'><strong>tiens.</strong></span> <span class='ocrx_word' id='word_1_939' title='bbox 2139 5181 2193 5235; x_wconf 94' lang='lat' dir='ltr'><strong>Si</strong></span> <span class='ocrx_word' id='word_1_940' title='bbox 2247 5192 2425 5236; x_wconf 87' lang='lat' dir='ltr'><strong>autem</strong></span> <span class='ocrx_word' id='word_1_941' title='bbox 2469 5192 2687 5236; x_wconf 85' lang='lat' dir='ltr'><strong>nostros</strong></span> <span class='ocrx_word' id='word_1_942' title='bbox 2733 5183 2943 5236; x_wconf 85' lang='lat' dir='ltr'><strong>animus</strong></span> <span class='ocrx_word' id='word_1_943' title='bbox 2974 5199 3068 5251; x_wconf 85' lang='lat' dir='ltr'><strong>per</strong></span> <span class='ocrx_word' id='word_1_944' title='bbox 3098 5198 3157 5237; x_wconf 88' lang='lat' dir='ltr'><strong>se</strong></span> <span class='ocrx_word' id='word_1_945' title='bbox 3204 5192 3455 5253; x_wconf 87' lang='lat' dir='ltr'><strong>premunt</strong></span> <span class='ocrx_word' id='word_1_946' title='bbox 3492 5194 3547 5239; x_wconf 91' lang='lat' dir='ltr'><strong>et</strong></span> 
     </span>
    </p>
   </div>
   <div class='ocr_carea' id='block_1_112' title="bbox 1943 5272 3546 5343">
    <p class='ocr_par' dir='ltr' id='par_1_112' title="bbox 1943 5272 3546 5343">
     <span class='ocr_line' id='line_1_112' title="bbox 1943 5272 3546 5343; baseline 0.004 -19"><span class='ocrx_word' id='word_1_947' title='bbox 1943 5272 2268 5327; x_wconf 85' lang='lat' dir='ltr'><strong>conturbant</strong></span> <span class='ocrx_word' id='word_1_948' title='bbox 2293 5272 2529 5328; x_wconf 73' lang='lat' dir='ltr'><strong>tenebra:</strong></span> <span class='ocrx_word' id='word_1_949' title='bbox 2558 5292 2571 5327; x_wconf 88' lang='lat'><strong>:</strong></span> <span class='ocrx_word' id='word_1_950' title='bbox 2600 5273 2726 5343; x_wconf 87' lang='lat' dir='ltr'><strong>quid</strong></span> <span class='ocrx_word' id='word_1_951' title='bbox 2758 5273 2881 5335; x_wconf 85' lang='lat' dir='ltr'><strong>erit,</strong></span> <span class='ocrx_word' id='word_1_952' title='bbox 2914 5272 3130 5342; x_wconf 91' lang='lat' dir='ltr'><strong>quando</strong></span> <span class='ocrx_word' id='word_1_953' title='bbox 3160 5290 3280 5328; x_wconf 91' lang='lat' dir='ltr'><strong>cum</strong></span> <span class='ocrx_word' id='word_1_954' title='bbox 3307 5276 3546 5331; x_wconf 84' lang='lat' dir='ltr'><strong>tenebris</strong></span> 
     </span>
    </p>
   </div>
   <div class='ocr_carea' id='block_1_113' title="bbox 1945 5364 3545 5436">
    <p class='ocr_par' dir='ltr' id='par_1_113' title="bbox 1945 5364 3545 5436">
     <span class='ocr_line' id='line_1_113' title="bbox 1945 5364 3545 5436; baseline 0.002 -19"><span class='ocrx_word' id='word_1_955' title='bbox 1945 5372 2051 5418; x_wconf 89' lang='lat' dir='ltr'><strong>tam</strong></span> <span class='ocrx_word' id='word_1_956' title='bbox 2082 5365 2237 5419; x_wconf 84' lang='lat' dir='ltr'><strong>mulli</strong></span> <span class='ocrx_word' id='word_1_957' title='bbox 2266 5364 2464 5421; x_wconf 88' lang='lat' dir='ltr'><strong>fuerint</strong></span> <span class='ocrx_word' id='word_1_958' title='bbox 2498 5364 2718 5422; x_wconf 89' lang='lat' dir='ltr'><strong>dolores</strong></span> <span class='ocrx_word' id='word_1_959' title='bbox 2747 5375 2801 5421; x_wconf 91' lang='lat' dir='ltr'><strong>et</strong></span> <span class='ocrx_word' id='word_1_960' title='bbox 2825 5364 3315 5436; x_wconf 81' lang='lat' dir='ltr'><strong>conﬂagrationes&#39;t</strong></span> <span class='ocrx_word' id='word_1_961' title='bbox 3340 5366 3545 5435; x_wconf 87' lang='lat' dir='ltr'><strong>Quam-</strong></span> 
     </span>
    </p>
   </div>
   <div class='ocr_carea' id='block_1_114' title="bbox 1944 5459 3547 5530">
    <p class='ocr_par' dir='ltr' id='par_1_114' title="bbox 1944 5459 3547 5530">
     <span class='ocr_line' id='line_1_114' title="bbox 1944 5459 3547 5530; baseline 0.002 -17"><span class='ocrx_word' id='word_1_962' title='bbox 1944 5459 2130 5513; x_wconf 90' lang='lat' dir='ltr'><strong>obrem</strong></span> <span class='ocrx_word' id='word_1_963' title='bbox 2158 5474 2291 5529; x_wconf 73' lang='lat' dir='ltr'><strong>rogo</strong></span> <span class='ocrx_word' id='word_1_964' title='bbox 2318 5468 2374 5513; x_wconf 90' lang='lat' dir='ltr'><strong>ut</strong></span> <span class='ocrx_word' id='word_1_965' title='bbox 2399 5460 2517 5514; x_wconf 75' lang='lat' dir='ltr'><strong>hrcc</strong></span> <span class='ocrx_word' id='word_1_966' title='bbox 2541 5459 2683 5529; x_wconf 90' lang='lat' dir='ltr'><strong>apud</strong></span> <span class='ocrx_word' id='word_1_967' title='bbox 2726 5475 2825 5513; x_wconf 87' lang='lat' dir='ltr'><strong>nos</strong></span> <span class='ocrx_word' id='word_1_968' title='bbox 2856 5470 3118 5530; x_wconf 91' lang='lat' dir='ltr'><strong>perpetuo</strong></span> <span class='ocrx_word' id='word_1_969' title='bbox 3145 5476 3424 5515; x_wconf 89' lang='lat' dir='ltr'><strong>versemus</strong></span> <span class='ocrx_word' id='word_1_970' title='bbox 3445 5501 3463 5528; x_wconf 93' lang='lat'><strong>,</strong></span> <span class='ocrx_word' id='word_1_971' title='bbox 3493 5470 3547 5517; x_wconf 83' lang='lat' dir='ltr'><strong>et</strong></span> 
     </span>
    </p>
   </div>
   <div class='ocr_carea' id='block_1_115' title="bbox 1946 5552 3544 5624">
    <p class='ocr_par' dir='ltr' id='par_1_115' title="bbox 1946 5552 3544 5624">
     <span class='ocr_line' id='line_1_115' title="bbox 1946 5552 3544 5624; baseline 0.003 -21"><span class='ocrx_word' id='word_1_972' title='bbox 1946 5568 2064 5617; x_wconf 74' lang='lat' dir='ltr'><strong>quae</strong></span> <span class='ocrx_word' id='word_1_973' title='bbox 2094 5568 2122 5605; x_wconf 88' lang='lat' dir='ltr'><strong>a</strong></span> <span class='ocrx_word' id='word_1_974' title='bbox 2146 5554 2325 5607; x_wconf 90' lang='lat' dir='ltr'><strong>verbis</strong></span> <span class='ocrx_word' id='word_1_975' title='bbox 2371 5552 2592 5608; x_wconf 78' lang='lat' dir='ltr'><strong>affertur</strong></span> <span class='ocrx_word' id='word_1_976' title='bbox 2637 5553 2940 5608; x_wconf 89' lang='lat' dir='ltr'><strong>molestiam</strong></span> <span class='ocrx_word' id='word_1_977' title='bbox 2987 5553 3283 5609; x_wconf 90' lang='lat' dir='ltr'><strong>toleremus</strong></span> <span class='ocrx_word' id='word_1_978' title='bbox 3309 5596 3324 5620; x_wconf 97' lang='lat'><strong>,</strong></span> <span class='ocrx_word' id='word_1_979' title='bbox 3355 5568 3424 5610; x_wconf 90' lang='lat' dir='ltr'><strong>ne</strong></span> <span class='ocrx_word' id='word_1_980' title='bbox 3454 5556 3544 5624; x_wconf 88' lang='lat' dir='ltr'><strong>qui</strong></span> 
     </span>
    </p>
   </div>
   <div class='ocr_carea' id='block_1_116' title="bbox 1948 5645 3553 5716">
    <p class='ocr_par' dir='ltr' id='par_1_116' title="bbox 1948 5645 3553 5716">
     <span class='ocr_line' id='line_1_116' title="bbox 1948 5645 3553 5716; baseline 0.002 -19"><span class='ocrx_word' id='word_1_981' title='bbox 1948 5658 2043 5712; x_wconf 89' lang='lat' dir='ltr'><strong>per</strong></span> <span class='ocrx_word' id='word_1_982' title='bbox 2075 5660 2160 5699; x_wconf 90' lang='lat' dir='ltr'><strong>res</strong></span> <span class='ocrx_word' id='word_1_983' title='bbox 2184 5645 2328 5712; x_wconf 84' lang='lat' dir='ltr'><strong>ipsas</strong></span> <span class='ocrx_word' id='word_1_984' title='bbox 2360 5646 2652 5716; x_wconf 59' lang='lat' dir='ltr'><strong>suscipitur</strong></span> <span class='ocrx_word' id='word_1_985' title='bbox 2681 5647 2983 5701; x_wconf 88' lang='lat' dir='ltr'><strong>cruciatum</strong></span> <span class='ocrx_word' id='word_1_986' title='bbox 3009 5647 3291 5715; x_wconf 87' lang='lat' dir='ltr'><strong>patiamur.</strong></span> <span class='ocrx_word' id='word_1_987' title='bbox 3314 5645 3553 5701; x_wconf 81' lang='lat' dir='ltr'><strong>Omnino</strong></span> 
     </span>
    </p>
   </div>
   <div class='ocr_carea' id='block_1_117' title="bbox 1946 5738 3545 5809">
    <p class='ocr_par' dir='ltr' id='par_1_117' title="bbox 1946 5738 3545 5809">
     <span class='ocr_line' id='line_1_117' title="bbox 1946 5738 3545 5809; baseline 0 -18"><span class='ocrx_word' id='word_1_988' title='bbox 1946 5738 2087 5791; x_wconf 87' lang='lat' dir='ltr'><strong>enim</strong></span> <span class='ocrx_word' id='word_1_989' title='bbox 2116 5749 2275 5791; x_wconf 90' lang='lat' dir='ltr'><strong>erunt</strong></span> <span class='ocrx_word' id='word_1_990' title='bbox 2300 5739 2413 5792; x_wconf 76' lang='lat' dir='ltr'><strong>Iure</strong></span> <span class='ocrx_word' id='word_1_991' title='bbox 2440 5740 2642 5802; x_wconf 86' lang='lat' dir='ltr'><strong>omnia,</strong></span> <span class='ocrx_word' id='word_1_992' title='bbox 2666 5749 2717 5793; x_wconf 90' lang='lat' dir='ltr'><strong>et</strong></span> <span class='ocrx_word' id='word_1_993' title='bbox 2736 5754 2829 5793; x_wconf 90' lang='lat' dir='ltr'><strong>eos</strong></span> <span class='ocrx_word' id='word_1_994' title='bbox 2851 5739 2941 5809; x_wconf 90' lang='lat' dir='ltr'><strong>qui</strong></span> <span class='ocrx_word' id='word_1_995' title='bbox 2972 5738 3167 5809; x_wconf 81' lang='lat' dir='ltr'><strong>injusta</strong></span> <span class='ocrx_word' id='word_1_996' title='bbox 3191 5739 3545 5802; x_wconf 71' lang='lat' dir='ltr'><strong>admiSt-ruut,</strong></span> 
     </span>
    </p>
   </div>
   <div class='ocr_carea' id='block_1_118' title="bbox 1950 5831 3549 5906">
    <p class='ocr_par' dir='ltr' id='par_1_118' title="bbox 1950 5831 3549 5906">
     <span class='ocr_line' id='line_1_118' title="bbox 1950 5831 3549 5906; baseline 0.004 -22"><span class='ocrx_word' id='word_1_997' title='bbox 1950 5831 2124 5887; x_wconf 87' lang='lat' dir='ltr'><strong>nullus</strong></span> <span class='ocrx_word' id='word_1_998' title='bbox 2158 5832 2304 5888; x_wconf 91' lang='lat' dir='ltr'><strong>illinc</strong></span> <span class='ocrx_word' id='word_1_999' title='bbox 2330 5832 2553 5903; x_wconf 74' lang='lat' dir='ltr'><strong>eximet,</strong></span> <span class='ocrx_word' id='word_1_1000' title='bbox 2586 5848 2692 5889; x_wconf 91' lang='lat' dir='ltr'><strong>non</strong></span> <span class='ocrx_word' id='word_1_1001' title='bbox 2725 5842 2899 5906; x_wconf 87' lang='lat' dir='ltr'><strong>pater,</strong></span> <span class='ocrx_word' id='word_1_1002' title='bbox 2932 5849 3036 5888; x_wconf 89' lang='lat' dir='ltr'><strong>non</strong></span> <span class='ocrx_word' id='word_1_1003' title='bbox 3077 5843 3272 5902; x_wconf 84' lang='lat' dir='ltr'><strong>mater,</strong></span> <span class='ocrx_word' id='word_1_1004' title='bbox 3305 5849 3411 5890; x_wconf 86' lang='lat' dir='ltr'><strong>non</strong></span> <span class='ocrx_word' id='word_1_1005' title='bbox 3438 5832 3549 5890; x_wconf 73' lang='lat' dir='ltr'><strong>fra—</strong></span> 
     </span>
    </p>
   </div>
  </div>
