  <div class='ocr_page' id='page_1' title='image "/cluster/home/n/w/nwhite01/storage/ocr_20150623/63/pst.000004899563/027.png"; bbox 0 0 4112 6344; ppageno 0'>
   <div class='ocr_carea' id='block_1_1' title="bbox 602 353 666 405">
    <p class='ocr_par' dir='ltr' id='par_1_1' title="bbox 602 353 666 405">
     <span class='ocr_line' id='line_1_1' title="bbox 602 353 666 405; baseline 0.031 -2"><span class='ocrx_word' id='word_1_1' title='bbox 602 353 666 405; x_wconf 69' lang='grc'><strong>19</strong></span> 
     </span>
    </p>
   </div>
   <div class='ocr_carea' id='block_1_2' title="bbox 597 440 2169 524">
    <p class='ocr_par' dir='ltr' id='par_1_2' title="bbox 597 440 2169 524">
     <span class='ocr_line' id='line_1_2' title="bbox 597 440 2169 524; baseline -0.021 -12"><span class='ocrx_word' id='word_1_2' title='bbox 597 476 715 524; x_wconf 71' lang='lat' dir='ltr'><strong>tut‘;</strong></span> <span class='ocrx_word' id='word_1_3' title='bbox 743 455 948 513; x_wconf 79' lang='lat' dir='ltr'><strong>etiamsi</strong></span> <span class='ocrx_word' id='word_1_4' title='bbox 982 451 1200 507; x_wconf 87' lang='lat' dir='ltr'><strong>multam</strong></span> <span class='ocrx_word' id='word_1_5' title='bbox 1232 443 1476 500; x_wconf 85' lang='lat' dir='ltr'><strong>fiduciam</strong></span> <span class='ocrx_word' id='word_1_6' title='bbox 1506 440 1697 492; x_wconf 87' lang='lat' dir='ltr'><strong>habeat</strong></span> <span class='ocrx_word' id='word_1_7' title='bbox 1718 479 1732 500; x_wconf 86' lang='lat'><strong>,</strong></span> <span class='ocrx_word' id='word_1_8' title='bbox 1757 442 1809 490; x_wconf 90' lang='lat' dir='ltr'><strong>et</strong></span> <span class='ocrx_word' id='word_1_9' title='bbox 1834 444 2018 501; x_wconf 83' lang='lat' dir='ltr'><strong>magna</strong></span> <span class='ocrx_word' id='word_1_10' title='bbox 2045 440 2169 524; x_wconf 81' lang='lat' dir='ltr'><strong>pos-</strong></span> 
     </span>
    </p>
   </div>
   <div class='ocr_carea' id='block_1_3' title="bbox 602 521 2172 619">
    <p class='ocr_par' dir='ltr' id='par_1_3' title="bbox 602 521 2172 619">
     <span class='ocr_line' id='line_1_3' title="bbox 602 521 2172 619; baseline -0.022 -13"><span class='ocrx_word' id='word_1_11' title='bbox 602 557 669 606; x_wconf 77' lang='lat' dir='ltr'><strong>sit</strong></span> <span class='ocrx_word' id='word_1_12' title='bbox 704 521 853 619; x_wconf 78' lang='lat' dir='ltr'><strong>apud</strong></span> <span class='ocrx_word' id='word_1_13' title='bbox 889 547 1053 600; x_wconf 88' lang='lat' dir='ltr'><strong>Deum</strong></span> <span class='ocrx_word' id='word_1_14' title='bbox 1100 558 1113 595; x_wconf 94' lang='lat'><strong>:</strong></span> <span class='ocrx_word' id='word_1_15' title='bbox 1160 539 1342 593; x_wconf 77' lang='lat' dir='ltr'><strong>Frater</strong></span> <span class='ocrx_word' id='word_1_16' title='bbox 1368 534 1508 589; x_wconf 84' lang='lat' dir='ltr'><strong>enim</strong></span> <span class='ocrx_word' id='word_1_17' title='bbox 1538 547 1639 583; x_wconf 88' lang='lat' dir='ltr'><strong>non</strong></span> <span class='ocrx_word' id='word_1_18' title='bbox 1683 526 1883 585; x_wconf 79' lang='lat' dir='ltr'><strong>redimit</strong></span> <span class='ocrx_word' id='word_1_19' title='bbox 1918 566 1931 586; x_wconf 95' lang='lat'><strong>,</strong></span> <span class='ocrx_word' id='word_1_20' title='bbox 1964 521 2172 574; x_wconf 75' lang='lat' dir='ltr'><strong>redimet</strong></span> 
     </span>
    </p>
   </div>
   <div class='ocr_carea' id='block_1_4' title="bbox 605 612 2178 710">
    <p class='ocr_par' dir='ltr' id='par_1_4' title="bbox 605 612 2178 710">
     <span class='ocr_line' id='line_1_4' title="bbox 605 612 2178 710; baseline -0.022 -13"><span class='ocrx_word' id='word_1_21' title='bbox 605 612 957 710; x_wconf 46' lang='lat' dir='ltr'><strong>Itttttto&#39;(P8(tl.</strong></span> <span class='ocrx_word' id='word_1_22' title='bbox 993 635 1079 691; x_wconf 69' lang='grc'><strong>48.</strong></span> <span class='ocrx_word' id='word_1_23' title='bbox 1111 632 1210 702; x_wconf 87' lang='lat'><strong>8)?</strong></span> <span class='ocrx_word' id='word_1_24' title='bbox 1242 630 1357 697; x_wconf 88' lang='lat' dir='ltr'><strong>Ipse</strong></span> <span class='ocrx_word' id='word_1_25' title='bbox 1387 625 1531 681; x_wconf 90' lang='lat' dir='ltr'><strong>enim</strong></span> <span class='ocrx_word' id='word_1_26' title='bbox 1553 632 1635 677; x_wconf 88' lang='lat' dir='ltr'><strong>est</strong></span> <span class='ocrx_word' id='word_1_27' title='bbox 1661 619 1749 689; x_wconf 85' lang='lat' dir='ltr'><strong>qui</strong></span> <span class='ocrx_word' id='word_1_28' title='bbox 1776 615 1952 671; x_wconf 86' lang='lat' dir='ltr'><strong>reddit</strong></span> <span class='ocrx_word' id='word_1_29' title='bbox 1974 612 2178 710; x_wconf 39' lang='lat' dir='ltr'><strong>unicuif</strong></span> 
     </span>
    </p>
   </div>
   <div class='ocr_carea' id='block_1_5' title="bbox 606 708 2180 804">
    <p class='ocr_par' dir='ltr' id='par_1_5' title="bbox 606 708 2180 804">
     <span class='ocr_line' id='line_1_5' title="bbox 606 708 2180 804; baseline -0.022 -17"><span class='ocrx_word' id='word_1_30' title='bbox 606 753 707 804; x_wconf 80' lang='lat' dir='ltr'><strong>quo</strong></span> <span class='ocrx_word' id='word_1_31' title='bbox 734 708 1023 787; x_wconf 86' lang='lat' dir='ltr'><strong>secundum</strong></span> <span class='ocrx_word' id='word_1_32' title='bbox 1048 737 1209 795; x_wconf 85' lang='lat' dir='ltr'><strong>opera</strong></span> <span class='ocrx_word' id='word_1_33' title='bbox 1237 734 1332 775; x_wconf 90' lang='lat' dir='ltr'><strong>sua</strong></span> <span class='ocrx_word' id='word_1_34' title='bbox 1355 758 1370 785; x_wconf 95' lang='lat'><strong>,</strong></span> <span class='ocrx_word' id='word_1_35' title='bbox 1401 728 1456 772; x_wconf 90' lang='lat' dir='ltr'><strong>ct</strong></span> <span class='ocrx_word' id='word_1_36' title='bbox 1482 730 1548 771; x_wconf 87' lang='lat' dir='ltr'><strong>ex</strong></span> <span class='ocrx_word' id='word_1_37' title='bbox 1576 712 1643 768; x_wconf 88' lang='lat' dir='ltr'><strong>iis</strong></span> <span class='ocrx_word' id='word_1_38' title='bbox 1664 711 1789 765; x_wconf 90' lang='lat' dir='ltr'><strong>licet</strong></span> <span class='ocrx_word' id='word_1_39' title='bbox 1817 717 1866 763; x_wconf 93' lang='lat' dir='ltr'><strong>et</strong></span> <span class='ocrx_word' id='word_1_40' title='bbox 1896 708 2094 760; x_wconf 79' lang='lat' dir='ltr'><strong>servari</strong></span> <span class='ocrx_word' id='word_1_41' title='bbox 2125 708 2180 755; x_wconf 86' lang='lat' dir='ltr'><strong>ct</strong></span> 
     </span>
    </p>
   </div>
   <div class='ocr_carea' id='block_1_6' title="bbox 609 824 2097 895">
    <p class='ocr_par' dir='ltr' id='par_1_6' title="bbox 609 824 2097 895">
     <span class='ocr_line' id='line_1_6' title="bbox 609 824 2097 895; baseline -0.001 -19"><span class='ocrx_word' id='word_1_42' title='bbox 609 824 806 895; x_wconf 87' lang='lat' dir='ltr'><strong>puniri.</strong></span> <span class='ocrx_word' id='word_1_43' title='bbox 1608 893 1642 895; x_wconf 36' lang='lat' dir='ltr'><strong>ﬂ</strong></span> <span class='ocrx_word' id='word_1_44' title='bbox 1714 893 1724 895; x_wconf 69' lang='lat'><strong><em>_</em></strong></span> <span class='ocrx_word' id='word_1_45' title='bbox 1887 889 1925 895; x_wconf 90' lang='lat'><strong>__</strong></span> <span class='ocrx_word' id='word_1_46' title='bbox 2087 885 2097 895; x_wconf 87' lang='lat'><em>_</em></span> 
     </span>
    </p>
   </div>
   <div class='ocr_carea' id='block_1_7' title="bbox 686 889 2185 979">
    <p class='ocr_par' dir='ltr' id='par_1_7' title="bbox 686 889 2185 979">
     <span class='ocr_line' id='line_1_7' title="bbox 686 889 2185 979; baseline -0.021 -12"><span class='ocrx_word' id='word_1_47' title='bbox 686 913 1018 979; x_wconf 79' lang='lat' dir='ltr'><strong>Elccmosyna</strong></span> <span class='ocrx_word' id='word_1_48' title='bbox 1063 901 1463 959; x_wconf 77' lang='lat' dir='ltr'><strong>commendatur.</strong></span> <span class='ocrx_word' id='word_1_49' title='bbox 1499 925 1570 937; x_wconf 91' lang='grc'><strong><em>--</em></strong></span> <span class='ocrx_word' id='word_1_50' title='bbox 1600 893 1774 948; x_wconf 83' lang='lat' dir='ltr'><strong>Facite</strong></span> <span class='ocrx_word' id='word_1_51' title='bbox 1817 889 1953 943; x_wconf 80' lang='lat' dir='ltr'><strong>vobis</strong></span> <span class='ocrx_word' id='word_1_52' title='bbox 1999 889 2185 938; x_wconf 84' lang='lat' dir='ltr'><strong>amicos</strong></span> 
     </span>
    </p>
   </div>
   <div class='ocr_carea' id='block_1_8' title="bbox 614 980 2188 1067">
    <p class='ocr_par' dir='ltr' id='par_1_8' title="bbox 614 980 2188 1067">
     <span class='ocr_line' id='line_1_8' title="bbox 614 980 2188 1067; baseline -0.022 -5"><span class='ocrx_word' id='word_1_53' title='bbox 614 1025 674 1062; x_wconf 69' lang='lat' dir='ltr'><strong>ex</strong></span> <span class='ocrx_word' id='word_1_54' title='bbox 722 1018 954 1058; x_wconf 85' lang='lat' dir='ltr'><strong>mmnoua</strong></span> <span class='ocrx_word' id='word_1_55' title='bbox 995 995 1274 1067; x_wconf 84' lang='lat' dir='ltr'><strong>iniquitatis</strong></span> <span class='ocrx_word' id='word_1_56' title='bbox 1324 990 1501 1063; x_wconf 75' lang='lat' dir='ltr'><strong>(Luc.</strong></span> <span class='ocrx_word' id='word_1_57' title='bbox 1546 988 1630 1041; x_wconf 81' lang='grc'><strong>16.</strong></span> <span class='ocrx_word' id='word_1_58' title='bbox 1679 983 1781 1053; x_wconf 88' lang='lat'><strong>9).</strong></span> <span class='ocrx_word' id='word_1_59' title='bbox 1819 980 2188 1067; x_wconf 69' lang='lat' dir='ltr'><strong>Obsequarnar</strong></span> 
     </span>
    </p>
   </div>
   <div class='ocr_carea' id='block_1_9' title="bbox 617 1064 2192 1167">
    <p class='ocr_par' dir='ltr' id='par_1_9' title="bbox 617 1064 2192 1167">
     <span class='ocr_line' id='line_1_9' title="bbox 617 1064 2192 1167; baseline -0.021 -17"><span class='ocrx_word' id='word_1_60' title='bbox 617 1112 778 1167; x_wconf 78' lang='lat' dir='ltr'><strong>ergo;</strong></span> <span class='ocrx_word' id='word_1_61' title='bbox 813 1064 1145 1146; x_wconf 63' lang='lat' dir='ltr'><strong>Dou‘tinicum</strong></span> <span class='ocrx_word' id='word_1_62' title='bbox 1177 1084 1320 1140; x_wconf 85' lang='lat' dir='ltr'><strong>enim</strong></span> <span class='ocrx_word' id='word_1_63' title='bbox 1364 1089 1447 1135; x_wconf 90' lang='lat' dir='ltr'><strong>est</strong></span> <span class='ocrx_word' id='word_1_64' title='bbox 1490 1075 1798 1132; x_wconf 90' lang='lat' dir='ltr'><strong>mandatum</strong></span> <span class='ocrx_word' id='word_1_65' title='bbox 1839 1088 1852 1123; x_wconf 93' lang='lat'>:</span> <span class='ocrx_word' id='word_1_66' title='bbox 1896 1064 2192 1167; x_wconf 75' lang='lat' dir='ltr'><strong>superfluas</strong></span> 
     </span>
    </p>
   </div>
   <div class='ocr_carea' id='block_1_10' title="bbox 618 1160 2191 1259">
    <p class='ocr_par' dir='ltr' id='par_1_10' title="bbox 618 1160 2191 1259">
     <span class='ocr_line' id='line_1_10' title="bbox 618 1160 2191 1259; baseline -0.019 -22"><span class='ocrx_word' id='word_1_67' title='bbox 618 1160 872 1259; x_wconf 65' lang='lat' dir='ltr'><strong>pecunias</strong></span> <span class='ocrx_word' id='word_1_68' title='bbox 912 1183 961 1236; x_wconf 91' lang='lat' dir='ltr'><strong>in</strong></span> <span class='ocrx_word' id='word_1_69' title='bbox 995 1191 1194 1249; x_wconf 86' lang='lat' dir='ltr'><strong>egenos</strong></span> <span class='ocrx_word' id='word_1_70' title='bbox 1223 1183 1570 1244; x_wconf 88' lang='lat' dir='ltr'><strong>spargamus:</strong></span> <span class='ocrx_word' id='word_1_71' title='bbox 1604 1164 1859 1220; x_wconf 86' lang='lat' dir='ltr'><strong>faciamus</strong></span> <span class='ocrx_word' id='word_1_72' title='bbox 1886 1160 2191 1259; x_wconf 77' lang='lat' dir='ltr'><strong>clecmosy-</strong></span> 
     </span>
    </p>
   </div>
   <div class='ocr_carea' id='block_1_11' title="bbox 623 1248 2195 1339">
    <p class='ocr_par' dir='ltr' id='par_1_11' title="bbox 623 1248 2195 1339">
     <span class='ocr_line' id='line_1_11' title="bbox 623 1248 2195 1339; baseline -0.022 -6"><span class='ocrx_word' id='word_1_73' title='bbox 623 1248 743 1333; x_wconf 70' lang='lat' dir='ltr'><strong>nam</strong></span> <span class='ocrx_word' id='word_1_74' title='bbox 770 1317 783 1335; x_wconf 77' lang='lat'><strong>.</strong></span> <span class='ocrx_word' id='word_1_75' title='bbox 808 1275 979 1328; x_wconf 75' lang='lat' dir='ltr'><strong>donec</strong></span> <span class='ocrx_word' id='word_1_76' title='bbox 1006 1248 1323 1339; x_wconf 84' lang='lat' dir='ltr'><strong>possumus;</strong></span> <span class='ocrx_word' id='word_1_77' title='bbox 1359 1263 1459 1316; x_wconf 92' lang='lat' dir='ltr'><strong>hoc</strong></span> <span class='ocrx_word' id='word_1_78' title='bbox 1504 1267 1586 1315; x_wconf 89' lang='lat' dir='ltr'><strong>est</strong></span> <span class='ocrx_word' id='word_1_79' title='bbox 1624 1256 1765 1311; x_wconf 89' lang='lat' dir='ltr'><strong>enim</strong></span> <span class='ocrx_word' id='word_1_80' title='bbox 1795 1252 1995 1307; x_wconf 90' lang='lat' dir='ltr'><strong>amicos</strong></span> <span class='ocrx_word' id='word_1_81' title='bbox 2022 1248 2195 1339; x_wconf 81' lang='lat' dir='ltr'><strong>facere</strong></span> 
     </span>
    </p>
   </div>
   <div class='ocr_carea' id='block_1_12' title="bbox 625 1336 2198 1429">
    <p class='ocr_par' dir='ltr' id='par_1_12' title="bbox 625 1336 2198 1429">
     <span class='ocr_line' id='line_1_12' title="bbox 625 1336 2198 1429; baseline -0.023 -4"><span class='ocrx_word' id='word_1_82' title='bbox 625 1389 687 1425; x_wconf 73' lang='lat' dir='ltr'><strong>ex</strong></span> <span class='ocrx_word' id='word_1_83' title='bbox 734 1380 975 1422; x_wconf 87' lang='lat' dir='ltr'><strong>mamona</strong></span> <span class='ocrx_word' id='word_1_84' title='bbox 1018 1358 1340 1429; x_wconf 72' lang='lat' dir='ltr'><strong>iniquitatis:</strong></span> <span class='ocrx_word' id='word_1_85' title='bbox 1372 1350 1620 1423; x_wconf 90' lang='lat' dir='ltr'><strong>pecunias</strong></span> <span class='ocrx_word' id='word_1_86' title='bbox 1646 1350 1697 1401; x_wconf 91' lang='lat' dir='ltr'><strong>in</strong></span> <span class='ocrx_word' id='word_1_87' title='bbox 1720 1358 1916 1415; x_wconf 80' lang='lat' dir='ltr'><strong>egenos</strong></span> <span class='ocrx_word' id='word_1_88' title='bbox 1955 1336 2198 1395; x_wconf 85' lang='lat' dir='ltr'><strong>effunda-</strong></span> 
     </span>
    </p>
   </div>
   <div class='ocr_carea' id='block_1_13' title="bbox 627 1435 2202 1520">
    <p class='ocr_par' dir='ltr' id='par_1_13' title="bbox 627 1435 2202 1520">
     <span class='ocr_line' id='line_1_13' title="bbox 627 1435 2202 1520; baseline -0.011 -11"><span class='ocrx_word' id='word_1_89' title='bbox 627 1469 771 1520; x_wconf 87' lang='lat' dir='ltr'><strong>mus,</strong></span> <span class='ocrx_word' id='word_1_90' title='bbox 881 1466 934 1507; x_wconf 91' lang='lat' dir='ltr'><strong>ut</strong></span> <span class='ocrx_word' id='word_1_91' title='bbox 964 1453 1111 1507; x_wconf 90' lang='lat' dir='ltr'><strong>illmu</strong></span> <span class='ocrx_word' id='word_1_92' title='bbox 1146 1452 1320 1516; x_wconf 84' lang='lat' dir='ltr'><strong>ignem</strong></span> <span class='ocrx_word' id='word_1_93' title='bbox 1367 1442 1771 1520; x_wconf 81' lang='lat' dir='ltr'><strong>exinaniamus,</strong></span> <span class='ocrx_word' id='word_1_94' title='bbox 1803 1435 2073 1520; x_wconf 46' lang='lat' dir='ltr'><strong>&quot;Dp-&lt;1)!“</strong></span> 
     </span>
    </p>
   </div>
   <div class='ocr_carea' id='block_1_14' title="bbox 631 1504 2207 1608">
    <p class='ocr_par' dir='ltr' id='par_1_14' title="bbox 631 1504 2207 1608">
     <span class='ocr_line' id='line_1_14' title="bbox 631 1504 2207 1608; baseline -0.023 -15"><span class='ocrx_word' id='word_1_95' title='bbox 631 1504 994 1608; x_wconf 55' lang='lat' dir='ltr'><strong>stinéuamus,</strong></span> <span class='ocrx_word' id='word_1_96' title='bbox 1025 1543 1083 1587; x_wconf 90' lang='lat' dir='ltr'><strong>ut</strong></span> <span class='ocrx_word' id='word_1_97' title='bbox 1112 1504 1221 1585; x_wconf 72' lang='lat' dir='ltr'><strong>illic</strong></span> <span class='ocrx_word' id='word_1_98' title='bbox 1244 1529 1534 1583; x_wconf 82' lang='lat' dir='ltr'><strong>habeamus</strong></span> <span class='ocrx_word' id='word_1_99' title='bbox 1558 1517 1828 1573; x_wconf 86' lang='lat' dir='ltr'><strong>fiduciam.</strong></span> <span class='ocrx_word' id='word_1_100' title='bbox 1855 1509 2067 1565; x_wconf 82' lang='lat' dir='ltr'><strong>Etenim</strong></span> <span class='ocrx_word' id='word_1_101' title='bbox 2096 1504 2207 1559; x_wconf 88' lang='lat' dir='ltr'><strong>illic</strong></span> 
     </span>
    </p>
   </div>
   <div class='ocr_carea' id='block_1_15' title="bbox 634 1606 2204 1698">
    <p class='ocr_par' dir='ltr' id='par_1_15' title="bbox 634 1606 2204 1698">
     <span class='ocr_line' id='line_1_15' title="bbox 634 1606 2204 1698; baseline -0.025 -13"><span class='ocrx_word' id='word_1_102' title='bbox 634 1606 892 1685; x_wconf 37' lang='lat' dir='ltr'><strong>nou—sunt</strong></span> <span class='ocrx_word' id='word_1_103' title='bbox 918 1626 1004 1679; x_wconf 89' lang='lat' dir='ltr'><strong>isti</strong></span> <span class='ocrx_word' id='word_1_104' title='bbox 1033 1624 1122 1693; x_wconf 86' lang='lat' dir='ltr'><strong>qui</strong></span> <span class='ocrx_word' id='word_1_105' title='bbox 1153 1635 1251 1676; x_wconf 84' lang='lat' dir='ltr'><strong>nos</strong></span> <span class='ocrx_word' id='word_1_106' title='bbox 1286 1616 1586 1684; x_wconf 87' lang='lat' dir='ltr'><strong>suscipiunt</strong></span> <span class='ocrx_word' id='word_1_107' title='bbox 1613 1651 1626 1675; x_wconf 97' lang='lat'><strong>,</strong></span> <span class='ocrx_word' id='word_1_108' title='bbox 1655 1606 1747 1663; x_wconf 86' lang='lat' dir='ltr'><strong>sed</strong></span> <span class='ocrx_word' id='word_1_109' title='bbox 1780 1611 2204 1698; x_wconf 42' lang='lat' dir='ltr'><strong>nostrum-opus:</strong></span> 
     </span>
    </p>
   </div>
   <div class='ocr_carea' id='block_1_16' title="bbox 633 1685 2209 1788">
    <p class='ocr_par' dir='ltr' id='par_1_16' title="bbox 633 1685 2209 1788">
     <span class='ocr_line' id='line_1_16' title="bbox 633 1685 2209 1788; baseline -0.023 -12"><span class='ocrx_word' id='word_1_110' title='bbox 633 1720 784 1788; x_wconf 84' lang='lat' dir='ltr'><strong>Quod</strong></span> <span class='ocrx_word' id='word_1_111' title='bbox 828 1719 968 1773; x_wconf 87' lang='lat' dir='ltr'><strong>enim</strong></span> <span class='ocrx_word' id='word_1_112' title='bbox 998 1685 1100 1771; x_wconf 78' lang='lat' dir='ltr'><strong>non</strong></span> <span class='ocrx_word' id='word_1_113' title='bbox 1142 1710 1385 1765; x_wconf 81' lang='lat' dir='ltr'><strong>absolute</strong></span> <span class='ocrx_word' id='word_1_114' title='bbox 1432 1703 1571 1776; x_wconf 91' lang='lat' dir='ltr'><strong>quod</strong></span> <span class='ocrx_word' id='word_1_115' title='bbox 1613 1700 1767 1755; x_wconf 88' lang='lat' dir='ltr'><strong>nobis</strong></span> <span class='ocrx_word' id='word_1_116' title='bbox 1797 1696 1904 1749; x_wconf 90' lang='lat' dir='ltr'><strong>sint</strong></span> <span class='ocrx_word' id='word_1_117' title='bbox 1927 1685 2209 1788; x_wconf 52' lang='lat' dir='ltr'><strong>illitici,-itl</strong></span> 
     </span>
    </p>
   </div>
   <div class='ocr_carea' id='block_1_17' title="bbox 636 1777 2209 1883">
    <p class='ocr_par' dir='ltr' id='par_1_17' title="bbox 636 1777 2209 1883">
     <span class='ocr_line' id='line_1_17' title="bbox 636 1777 2209 1883; baseline -0.024 -16"><span class='ocrx_word' id='word_1_118' title='bbox 636 1777 733 1867; x_wconf 60' lang='lat' dir='ltr'><strong>nos</strong></span> <span class='ocrx_word' id='word_1_119' title='bbox 758 1811 925 1881; x_wconf 70' lang='lat' dir='ltr'><strong>possit</strong></span> <span class='ocrx_word' id='word_1_120' title='bbox 948 1818 1163 1861; x_wconf 79' lang='lat' dir='ltr'><strong>servare</strong></span> <span class='ocrx_word' id='word_1_121' title='bbox 1183 1844 1197 1867; x_wconf 94' lang='lat'><strong>,</strong></span> <span class='ocrx_word' id='word_1_122' title='bbox 1224 1801 1369 1855; x_wconf 84' lang='lat' dir='ltr'><strong>disce</strong></span> <span class='ocrx_word' id='word_1_123' title='bbox 1395 1813 1458 1853; x_wconf 83' lang='lat' dir='ltr'><strong>ex</strong></span> <span class='ocrx_word' id='word_1_124' title='bbox 1492 1792 1877 1849; x_wconf 90' lang='lat' dir='ltr'><strong>additamento.</strong></span> <span class='ocrx_word' id='word_1_125' title='bbox 1917 1783 2032 1883; x_wconf 38' lang='lat' dir='ltr'><strong>Cur.</strong></span> <span class='ocrx_word' id='word_1_126' title='bbox 2068 1777 2209 1879; x_wconf 80' lang='lat' dir='ltr'><strong>enim</strong></span> 
     </span>
    </p>
   </div>
   <div class='ocr_carea' id='block_1_18' title="bbox 640 1879 2212 1964">
    <p class='ocr_par' dir='ltr' id='par_1_18' title="bbox 640 1879 2212 1964">
     <span class='ocr_line' id='line_1_18' title="bbox 640 1879 2212 1964; baseline -0.025 -5"><span class='ocrx_word' id='word_1_127' title='bbox 640 1879 946 1964; x_wconf 64' lang='lat' dir='ltr'><strong>ttontlitit,</strong></span> <span class='ocrx_word' id='word_1_128' title='bbox 992 1896 1176 1952; x_wconf 86' lang='lat' dir='ltr'><strong>Facite</strong></span> <span class='ocrx_word' id='word_1_129' title='bbox 1204 1890 1353 1946; x_wconf 83' lang='lat' dir='ltr'><strong>vobis</strong></span> <span class='ocrx_word' id='word_1_130' title='bbox 1379 1889 1579 1941; x_wconf 87' lang='lat' dir='ltr'><strong>amicos</strong></span> <span class='ocrx_word' id='word_1_131' title='bbox 1623 1891 1683 1936; x_wconf 92' lang='lat' dir='ltr'><strong>ut</strong></span> <span class='ocrx_word' id='word_1_132' title='bbox 1728 1894 1823 1933; x_wconf 88' lang='lat' dir='ltr'><strong>vos</strong></span> <span class='ocrx_word' id='word_1_133' title='bbox 1866 1879 2212 1964; x_wconf 46' lang='lat' dir='ltr'><strong>excipiantur</strong></span> 
     </span>
    </p>
   </div>
   <div class='ocr_carea' id='block_1_19' title="bbox 639 1956 2211 2050">
    <p class='ocr_par' dir='ltr' id='par_1_19' title="bbox 639 1956 2211 2050">
     <span class='ocr_line' id='line_1_19' title="bbox 639 1956 2211 2050; baseline -0.024 -1"><span class='ocrx_word' id='word_1_134' title='bbox 639 1956 856 2050; x_wconf 70' lang='lat' dir='ltr'><strong>aeternis</strong></span> <span class='ocrx_word' id='word_1_135' title='bbox 884 1956 994 2042; x_wconf 79' lang='lat' dir='ltr'><strong>suis</strong></span> <span class='ocrx_word' id='word_1_136' title='bbox 1026 1982 1401 2045; x_wconf 88' lang='lat' dir='ltr'><strong>tabernaculis,</strong></span> <span class='ocrx_word' id='word_1_137' title='bbox 1430 1976 1523 2032; x_wconf 90' lang='lat' dir='ltr'><strong>scd</strong></span> <span class='ocrx_word' id='word_1_138' title='bbox 1554 1973 1769 2028; x_wconf 91' lang='lat' dir='ltr'><strong>modum</strong></span> <span class='ocrx_word' id='word_1_139' title='bbox 1789 1968 1947 2023; x_wconf 89' lang='lat' dir='ltr'><strong>etiam</strong></span> <span class='ocrx_word' id='word_1_140' title='bbox 1980 1956 2211 2030; x_wconf 75' lang='lat' dir='ltr'><strong>adjecit?</strong></span> 
     </span>
    </p>
   </div>
   <div class='ocr_carea' id='block_1_20' title="bbox 641 2059 2212 2142">
    <p class='ocr_par' dir='ltr' id='par_1_20' title="bbox 641 2059 2212 2142">
     <span class='ocr_line' id='line_1_20' title="bbox 641 2059 2212 2142; baseline -0.024 0"><span class='ocrx_word' id='word_1_141' title='bbox 641 2103 762 2142; x_wconf 83' lang='lat' dir='ltr'><strong>cum</strong></span> <span class='ocrx_word' id='word_1_142' title='bbox 792 2084 935 2139; x_wconf 89' lang='lat' dir='ltr'><strong>enim</strong></span> <span class='ocrx_word' id='word_1_143' title='bbox 962 2080 1222 2142; x_wconf 86' lang='lat' dir='ltr'><strong>dixisset,</strong></span> <span class='ocrx_word' id='word_1_144' title='bbox 1256 2073 1337 2126; x_wconf 75' lang='lat' dir='ltr'><strong>Ea:</strong></span> <span class='ocrx_word' id='word_1_145' title='bbox 1382 2083 1617 2123; x_wconf 88' lang='lat' dir='ltr'><strong>mamoua</strong></span> <span class='ocrx_word' id='word_1_146' title='bbox 1665 2059 1945 2130; x_wconf 76' lang='lat' dir='ltr'><strong>iniquitatis</strong></span> <span class='ocrx_word' id='word_1_147' title='bbox 1966 2098 1980 2122; x_wconf 95' lang='lat'><strong>,</strong></span> <span class='ocrx_word' id='word_1_148' title='bbox 2030 2062 2212 2108; x_wconf 88' lang='lat' dir='ltr'><strong>osten-</strong></span> 
     </span>
    </p>
   </div>
   <div class='ocr_carea' id='block_1_21' title="bbox 643 2146 2217 2245">
    <p class='ocr_par' dir='ltr' id='par_1_21' title="bbox 643 2146 2217 2245">
     <span class='ocr_line' id='line_1_21' title="bbox 643 2146 2217 2245; baseline -0.024 -12"><span class='ocrx_word' id='word_1_149' title='bbox 643 2178 721 2233; x_wconf 87' lang='lat' dir='ltr'><strong>dit</strong></span> <span class='ocrx_word' id='word_1_150' title='bbox 750 2174 889 2245; x_wconf 91' lang='lat' dir='ltr'><strong>quod</strong></span> <span class='ocrx_word' id='word_1_151' title='bbox 937 2188 1001 2227; x_wconf 83' lang='lat' dir='ltr'><strong>ex</strong></span> <span class='ocrx_word' id='word_1_152' title='bbox 1046 2161 1565 2240; x_wconf 85' lang='lat' dir='ltr'><strong>pecuniis-convenit</strong></span> <span class='ocrx_word' id='word_1_153' title='bbox 1611 2170 1704 2211; x_wconf 91' lang='lat' dir='ltr'><strong>eos</strong></span> <span class='ocrx_word' id='word_1_154' title='bbox 1752 2154 1936 2245; x_wconf 76' lang='lat' dir='ltr'><strong>facere</strong></span> <span class='ocrx_word' id='word_1_155' title='bbox 1976 2146 2217 2245; x_wconf 65' lang='lat' dir='ltr'><strong>amicos,</strong></span> 
     </span>
    </p>
   </div>
   <div class='ocr_carea' id='block_1_22' title="bbox 646 2238 2221 2339">
    <p class='ocr_par' dir='ltr' id='par_1_22' title="bbox 646 2238 2221 2339">
     <span class='ocr_line' id='line_1_22' title="bbox 646 2238 2221 2339; baseline -0.023 -16"><span class='ocrx_word' id='word_1_156' title='bbox 646 2238 951 2339; x_wconf 78' lang='lat' dir='ltr'><strong>signiﬁcans</strong></span> <span class='ocrx_word' id='word_1_157' title='bbox 978 2238 1119 2333; x_wconf 82' lang='lat' dir='ltr'><strong>quod</strong></span> <span class='ocrx_word' id='word_1_158' title='bbox 1151 2258 1263 2313; x_wconf 84' lang='lat' dir='ltr'><strong>sola</strong></span> <span class='ocrx_word' id='word_1_159' title='bbox 1291 2270 1387 2309; x_wconf 90' lang='lat' dir='ltr'><strong>nos</strong></span> <span class='ocrx_word' id='word_1_160' title='bbox 1423 2266 1531 2307; x_wconf 88' lang='lat' dir='ltr'><strong>non</strong></span> <span class='ocrx_word' id='word_1_161' title='bbox 1557 2245 1807 2303; x_wconf 86' lang='lat' dir='ltr'><strong>defendet</strong></span> <span class='ocrx_word' id='word_1_162' title='bbox 1835 2238 2088 2301; x_wconf 84' lang='lat' dir='ltr'><strong>amicitia,</strong></span> <span class='ocrx_word' id='word_1_163' title='bbox 2118 2238 2221 2289; x_wconf 84' lang='lat' dir='ltr'><strong>nisi</strong></span> 
     </span>
    </p>
   </div>
   <div class='ocr_carea' id='block_1_23' title="bbox 1297 315 3091 394">
    <p class='ocr_par' dir='ltr' id='par_1_23' title="bbox 1297 315 3091 394">
     <span class='ocr_line' id='line_1_23' title="bbox 1297 315 3091 394; baseline -0.011 0"><span class='ocrx_word' id='word_1_164' title='bbox 1297 340 1349 394; x_wconf 88' lang='lat' dir='ltr'><strong>S.</strong></span> <span class='ocrx_word' id='word_1_165' title='bbox 1384 334 1658 393; x_wconf 65' lang='lat' dir='ltr'><strong>JOANNIS</strong></span> <span class='ocrx_word' id='word_1_166' title='bbox 1693 317 2163 385; x_wconf 74' lang='lat' dir='ltr'><strong>CHRYSOSTOMI</strong></span> <span class='ocrx_word' id='word_1_167' title='bbox 2205 315 2519 377; x_wconf 77' lang='lat' dir='ltr'><strong>ARCHIEP.</strong></span> <span class='ocrx_word' id='word_1_168' title='bbox 2559 319 3091 377; x_wconf 72' lang='lat' dir='ltr'><strong>CONSTANTINOP.</strong></span> 
     </span>
    </p>
   </div>
   <div class='ocr_carea' id='block_1_24' title="bbox 3781 316 3857 377">
    <p class='ocr_par' dir='ltr' id='par_1_24' title="bbox 3781 316 3857 377">
     <span class='ocr_line' id='line_1_24' title="bbox 3781 316 3857 377; baseline -0.039 0"><span class='ocrx_word' id='word_1_169' title='bbox 3781 316 3857 377; x_wconf 72' lang='lat'><strong>‘2&#39;)</strong></span> 
     </span>
    </p>
   </div>
   <div class='ocr_carea' id='block_1_25' title="bbox 2293 420 3881 492">
    <p class='ocr_par' dir='ltr' id='par_1_25' title="bbox 2293 420 3881 492">
     <span class='ocr_line' id='line_1_25' title="bbox 2293 420 3881 492; baseline 0.001 -18"><span class='ocrx_word' id='word_1_170' title='bbox 2293 422 2582 476; x_wconf 82' lang='lat' dir='ltr'><strong>habeamus</strong></span> <span class='ocrx_word' id='word_1_171' title='bbox 2610 422 2747 476; x_wconf 86' lang='lat' dir='ltr'><strong>bona</strong></span> <span class='ocrx_word' id='word_1_172' title='bbox 2780 437 2939 491; x_wconf 92' lang='lat' dir='ltr'><strong>opera</strong></span> <span class='ocrx_word' id='word_1_173' title='bbox 2969 466 2981 486; x_wconf 91' lang='lat'><strong>,</strong></span> <span class='ocrx_word' id='word_1_174' title='bbox 3017 423 3117 477; x_wconf 80' lang='lat' dir='ltr'><strong>nisi</strong></span> <span class='ocrx_word' id='word_1_175' title='bbox 3145 423 3341 492; x_wconf 74' lang='lat' dir='ltr'><strong>injuste</strong></span> <span class='ocrx_word' id='word_1_176' title='bbox 3368 422 3629 477; x_wconf 78' lang='lat' dir='ltr'><strong>collectas</strong></span> <span class='ocrx_word' id='word_1_177' title='bbox 3657 420 3881 475; x_wconf 80' lang='lat' dir='ltr'><strong>divitias</strong></span> 
     </span>
    </p>
   </div>
   <div class='ocr_carea' id='block_1_26' title="bbox 2285 513 3881 586">
    <p class='ocr_par' dir='ltr' id='par_1_26' title="bbox 2285 513 3881 586">
     <span class='ocr_line' id='line_1_26' title="bbox 2285 513 3881 586; baseline 0 -19"><span class='ocrx_word' id='word_1_178' title='bbox 2285 516 2429 583; x_wconf 89' lang='lat' dir='ltr'><strong>juste</strong></span> <span class='ocrx_word' id='word_1_179' title='bbox 2458 513 2813 571; x_wconf 80' lang='lat' dir='ltr'><strong>eﬂ‘undamus.</strong></span> <span class='ocrx_word' id='word_1_180' title='bbox 2865 516 2975 569; x_wconf 90' lang='lat' dir='ltr'><strong>lloc</strong></span> <span class='ocrx_word' id='word_1_181' title='bbox 3021 526 3198 571; x_wconf 90' lang='lat' dir='ltr'><strong>autem</strong></span> <span class='ocrx_word' id='word_1_182' title='bbox 3243 518 3384 586; x_wconf 87' lang='lat' dir='ltr'><strong>quod</strong></span> <span class='ocrx_word' id='word_1_183' title='bbox 3416 516 3481 571; x_wconf 90' lang='lat' dir='ltr'><strong>dc</strong></span> <span class='ocrx_word' id='word_1_184' title='bbox 3528 517 3881 586; x_wconf 83' lang='lat' dir='ltr'><strong>cleemosyna</strong></span> 
     </span>
    </p>
   </div>
   <div class='ocr_carea' id='block_1_27' title="bbox 2290 606 3881 672">
    <p class='ocr_par' dir='ltr' id='par_1_27' title="bbox 2290 606 3881 672">
     <span class='ocr_line' id='line_1_27' title="bbox 2290 606 3881 672; baseline -0.001 -12"><span class='ocrx_word' id='word_1_185' title='bbox 2290 606 2550 672; x_wconf 88' lang='lat' dir='ltr'><strong>dicimus,</strong></span> <span class='ocrx_word' id='word_1_186' title='bbox 2604 622 2707 660; x_wconf 91' lang='lat' dir='ltr'><strong>non</strong></span> <span class='ocrx_word' id='word_1_187' title='bbox 2750 608 2921 661; x_wconf 89' lang='lat' dir='ltr'><strong>solum</strong></span> <span class='ocrx_word' id='word_1_188' title='bbox 2952 608 3237 663; x_wconf 76' lang='lat' dir='ltr'><strong>conveniet</strong></span> <span class='ocrx_word' id='word_1_189' title='bbox 3274 607 3524 662; x_wconf 80' lang='lat' dir='ltr'><strong>divitibus</strong></span> <span class='ocrx_word' id='word_1_190' title='bbox 3544 648 3558 672; x_wconf 94' lang='lat'><strong>,</strong></span> <span class='ocrx_word' id='word_1_191' title='bbox 3587 606 3682 661; x_wconf 85' lang='lat' dir='ltr'><strong>sed</strong></span> <span class='ocrx_word' id='word_1_192' title='bbox 3712 608 3881 662; x_wconf 90' lang='lat' dir='ltr'><strong>etiam</strong></span> 
     </span>
    </p>
   </div>
   <div class='ocr_carea' id='block_1_28' title="bbox 2292 696 3880 769">
    <p class='ocr_par' dir='ltr' id='par_1_28' title="bbox 2292 696 3880 769">
     <span class='ocr_line' id='line_1_28' title="bbox 2292 696 3880 769; baseline 0.001 -19"><span class='ocrx_word' id='word_1_193' title='bbox 2292 698 2633 767; x_wconf 85' lang='lat' dir='ltr'><strong>pauperibus.</strong></span> <span class='ocrx_word' id='word_1_194' title='bbox 2668 698 2733 752; x_wconf 90' lang='lat' dir='ltr'><strong>Et</strong></span> <span class='ocrx_word' id='word_1_195' title='bbox 2756 699 2799 752; x_wconf 90' lang='lat' dir='ltr'><strong>si</strong></span> <span class='ocrx_word' id='word_1_196' title='bbox 2832 701 2949 769; x_wconf 88' lang='lat' dir='ltr'><strong>quis</strong></span> <span class='ocrx_word' id='word_1_197' title='bbox 2976 700 3046 753; x_wconf 90' lang='lat' dir='ltr'><strong>sit</strong></span> <span class='ocrx_word' id='word_1_198' title='bbox 3072 700 3160 769; x_wconf 91' lang='lat' dir='ltr'><strong>qui</strong></span> <span class='ocrx_word' id='word_1_199' title='bbox 3187 700 3539 755; x_wconf 88' lang='lat' dir='ltr'><strong>mendicando</strong></span> <span class='ocrx_word' id='word_1_200' title='bbox 3567 699 3740 753; x_wconf 89' lang='lat' dir='ltr'><strong>alatur</strong></span> <span class='ocrx_word' id='word_1_201' title='bbox 3760 738 3776 761; x_wconf 87' lang='lat'><strong>,</strong></span> <span class='ocrx_word' id='word_1_202' title='bbox 3803 696 3880 753; x_wconf 87' lang='lat' dir='ltr'><strong>ad</strong></span> 
     </span>
    </p>
   </div>
   <div class='ocr_carea' id='block_1_29' title="bbox 2289 790 3879 861">
    <p class='ocr_par' dir='ltr' id='par_1_29' title="bbox 2289 790 3879 861">
     <span class='ocr_line' id='line_1_29' title="bbox 2289 790 3879 861; baseline -0.003 -15"><span class='ocrx_word' id='word_1_203' title='bbox 2289 806 2411 846; x_wconf 89' lang='lat' dir='ltr'><strong>eum</strong></span> <span class='ocrx_word' id='word_1_204' title='bbox 2464 804 2676 861; x_wconf 90' lang='lat' dir='ltr'><strong>quoque</strong></span> <span class='ocrx_word' id='word_1_205' title='bbox 2725 791 2839 845; x_wconf 58' lang='lat' dir='ltr'><strong>haec</strong></span> <span class='ocrx_word' id='word_1_206' title='bbox 2888 790 3135 860; x_wconf 84' lang='lat' dir='ltr'><strong>dirigitur</strong></span> <span class='ocrx_word' id='word_1_207' title='bbox 3164 792 3374 845; x_wconf 84' lang='lat' dir='ltr'><strong>oratio:</strong></span> <span class='ocrx_word' id='word_1_208' title='bbox 3410 806 3566 846; x_wconf 88' lang='lat' dir='ltr'><strong>nemo</strong></span> <span class='ocrx_word' id='word_1_209' title='bbox 3607 799 3689 845; x_wconf 89' lang='lat' dir='ltr'><strong>est</strong></span> <span class='ocrx_word' id='word_1_210' title='bbox 3730 790 3879 844; x_wconf 90' lang='lat' dir='ltr'><strong>enim</strong></span> 
     </span>
    </p>
   </div>
   <div class='ocr_carea' id='block_1_30' title="bbox 2287 881 3879 953">
    <p class='ocr_par' dir='ltr' id='par_1_30' title="bbox 2287 881 3879 953">
     <span class='ocr_line' id='line_1_30' title="bbox 2287 881 3879 953; baseline -0.001 -16"><span class='ocrx_word' id='word_1_211' title='bbox 2287 882 2422 937; x_wconf 87' lang='lat' dir='ltr'><strong>adeo</strong></span> <span class='ocrx_word' id='word_1_212' title='bbox 2454 897 2656 953; x_wconf 87' lang='lat' dir='ltr'><strong>pauper</strong></span> <span class='ocrx_word' id='word_1_213' title='bbox 2676 924 2689 950; x_wconf 92' lang='lat'><strong>,</strong></span> <span class='ocrx_word' id='word_1_214' title='bbox 2730 883 2830 937; x_wconf 84' lang='lat' dir='ltr'><strong>etsi</strong></span> <span class='ocrx_word' id='word_1_215' title='bbox 2859 882 2929 936; x_wconf 90' lang='lat' dir='ltr'><strong>sit</strong></span> <span class='ocrx_word' id='word_1_216' title='bbox 2954 882 3107 937; x_wconf 88' lang='lat' dir='ltr'><strong>valde</strong></span> <span class='ocrx_word' id='word_1_217' title='bbox 3144 898 3348 953; x_wconf 89' lang='lat' dir='ltr'><strong>pauper</strong></span> <span class='ocrx_word' id='word_1_218' title='bbox 3372 925 3386 949; x_wconf 90' lang='lat'><strong>,</strong></span> <span class='ocrx_word' id='word_1_219' title='bbox 3411 884 3499 953; x_wconf 90' lang='lat' dir='ltr'><strong>qui</strong></span> <span class='ocrx_word' id='word_1_220' title='bbox 3542 898 3645 937; x_wconf 89' lang='lat' dir='ltr'><strong>non</strong></span> <span class='ocrx_word' id='word_1_221' title='bbox 3677 881 3879 936; x_wconf 89' lang='lat' dir='ltr'><strong>habeat</strong></span> 
     </span>
    </p>
   </div>
   <div class='ocr_carea' id='block_1_31' title="bbox 2303 967 3893 1038">
    <p class='ocr_par' dir='ltr' id='par_1_31' title="bbox 2303 967 3893 1038">
     <span class='ocr_line' id='line_1_31' title="bbox 2303 967 3893 1038; baseline -0.001 -12"><span class='ocrx_word' id='word_1_222' title='bbox 2303 974 2408 1027; x_wconf 92' lang='lat' dir='ltr'><strong>duo</strong></span> <span class='ocrx_word' id='word_1_223' title='bbox 2438 973 2661 1026; x_wconf 88' lang='lat' dir='ltr'><strong>minuta.</strong></span> <span class='ocrx_word' id='word_1_224' title='bbox 2702 970 2849 1024; x_wconf 86' lang='lat' dir='ltr'><strong>Licet</strong></span> <span class='ocrx_word' id='word_1_225' title='bbox 2880 983 3007 1038; x_wconf 87' lang='lat' dir='ltr'><strong>ergo</strong></span> <span class='ocrx_word' id='word_1_226' title='bbox 3058 967 3138 1020; x_wconf 87' lang='lat' dir='ltr'><strong>vel</strong></span> <span class='ocrx_word' id='word_1_227' title='bbox 3168 982 3233 1021; x_wconf 79' lang='lat' dir='ltr'><strong>ex</strong></span> <span class='ocrx_word' id='word_1_228' title='bbox 3279 970 3459 1033; x_wconf 82' lang='lat' dir='ltr'><strong>paucis</strong></span> <span class='ocrx_word' id='word_1_229' title='bbox 3501 982 3667 1037; x_wconf 87' lang='lat' dir='ltr'><strong>pauca</strong></span> <span class='ocrx_word' id='word_1_230' title='bbox 3692 968 3841 1024; x_wconf 77' lang='lat' dir='ltr'><strong>danti</strong></span> <span class='ocrx_word' id='word_1_231' title='bbox 3872 1011 3893 1038; x_wconf 83' lang='lat'><strong>,</strong></span> 
     </span>
    </p>
   </div>
   <div class='ocr_carea' id='block_1_32' title="bbox 2301 1056 3894 1135">
    <p class='ocr_par' dir='ltr' id='par_1_32' title="bbox 2301 1056 3894 1135">
     <span class='ocr_line' id='line_1_32' title="bbox 2301 1056 3894 1135; baseline -0.003 -18"><span class='ocrx_word' id='word_1_232' title='bbox 2301 1078 2558 1133; x_wconf 85' lang='lat' dir='ltr'><strong>superare</strong></span> <span class='ocrx_word' id='word_1_233' title='bbox 2633 1076 2726 1116; x_wconf 87' lang='lat' dir='ltr'><strong>eos</strong></span> <span class='ocrx_word' id='word_1_234' title='bbox 2775 1060 2863 1130; x_wconf 83' lang='lat' dir='ltr'><strong>qui</strong></span> <span class='ocrx_word' id='word_1_235' title='bbox 2918 1060 3067 1129; x_wconf 89' lang='lat' dir='ltr'><strong>plura</strong></span> <span class='ocrx_word' id='word_1_236' title='bbox 3122 1056 3460 1135; x_wconf 84' lang='lat' dir='ltr'><strong>possidentes</strong></span> <span class='ocrx_word' id='word_1_237' title='bbox 3518 1059 3666 1128; x_wconf 89' lang='lat' dir='ltr'><strong>plura</strong></span> <span class='ocrx_word' id='word_1_238' title='bbox 3721 1058 3894 1127; x_wconf 87' lang='lat' dir='ltr'><strong>dant,</strong></span> 
     </span>
    </p>
   </div>
   <div class='ocr_carea' id='block_1_33' title="bbox 2303 1150 3893 1221">
    <p class='ocr_par' dir='ltr' id='par_1_33' title="bbox 2303 1150 3893 1221">
     <span class='ocr_line' id='line_1_33' title="bbox 2303 1150 3893 1221; baseline -0.003 -11"><span class='ocrx_word' id='word_1_239' title='bbox 2303 1159 2442 1210; x_wconf 90' lang='lat' dir='ltr'><strong>sicut</strong></span> <span class='ocrx_word' id='word_1_240' title='bbox 2492 1156 2583 1210; x_wconf 90' lang='lat' dir='ltr'><strong>illa</strong></span> <span class='ocrx_word' id='word_1_241' title='bbox 2632 1154 2811 1208; x_wconf 88' lang='lat' dir='ltr'><strong>vidua.</strong></span> <span class='ocrx_word' id='word_1_242' title='bbox 2854 1152 2967 1206; x_wconf 81' lang='lat' dir='ltr'><strong>Non</strong></span> <span class='ocrx_word' id='word_1_243' title='bbox 2998 1150 3142 1206; x_wconf 87' lang='lat' dir='ltr'><strong>enim</strong></span> <span class='ocrx_word' id='word_1_244' title='bbox 3187 1165 3255 1204; x_wconf 85' lang='lat' dir='ltr'><strong>ex</strong></span> <span class='ocrx_word' id='word_1_245' title='bbox 3284 1164 3471 1205; x_wconf 87' lang='lat' dir='ltr'><strong>eorum</strong></span> <span class='ocrx_word' id='word_1_246' title='bbox 3519 1165 3637 1221; x_wconf 70' lang='lat' dir='ltr'><strong>qua:</strong></span> <span class='ocrx_word' id='word_1_247' title='bbox 3690 1150 3893 1206; x_wconf 88' lang='lat' dir='ltr'><strong>dantur</strong></span> 
     </span>
    </p>
   </div>
   <div class='ocr_carea' id='block_1_34' title="bbox 2304 1242 3896 1313">
    <p class='ocr_par' dir='ltr' id='par_1_34' title="bbox 2304 1242 3896 1313">
     <span class='ocr_line' id='line_1_34' title="bbox 2304 1242 3896 1313; baseline -0.005 -9"><span class='ocrx_word' id='word_1_248' title='bbox 2304 1262 2553 1304; x_wconf 85' lang='lat' dir='ltr'><strong>mensura</strong></span> <span class='ocrx_word' id='word_1_249' title='bbox 2576 1289 2591 1313; x_wconf 92' lang='lat'><strong>,</strong></span> <span class='ocrx_word' id='word_1_250' title='bbox 2622 1244 2717 1301; x_wconf 88' lang='lat' dir='ltr'><strong>sed</strong></span> <span class='ocrx_word' id='word_1_251' title='bbox 2748 1259 2813 1299; x_wconf 89' lang='lat' dir='ltr'><strong>ex</strong></span> <span class='ocrx_word' id='word_1_252' title='bbox 2842 1244 2893 1298; x_wconf 91' lang='lat' dir='ltr'><strong>vi</strong></span> <span class='ocrx_word' id='word_1_253' title='bbox 2935 1252 2990 1298; x_wconf 90' lang='lat' dir='ltr'><strong>et</strong></span> <span class='ocrx_word' id='word_1_254' title='bbox 3028 1251 3291 1311; x_wconf 86' lang='lat' dir='ltr'><strong>potestate</strong></span> <span class='ocrx_word' id='word_1_255' title='bbox 3334 1252 3387 1296; x_wconf 88' lang='lat' dir='ltr'><strong>et</strong></span> <span class='ocrx_word' id='word_1_256' title='bbox 3429 1256 3616 1297; x_wconf 89' lang='lat' dir='ltr'><strong>eorum</strong></span> <span class='ocrx_word' id='word_1_257' title='bbox 3641 1243 3729 1312; x_wconf 91' lang='lat' dir='ltr'><strong>qui</strong></span> <span class='ocrx_word' id='word_1_258' title='bbox 3760 1242 3896 1297; x_wconf 84' lang='lat' dir='ltr'><strong>dant</strong></span> 
     </span>
    </p>
   </div>
   <div class='ocr_carea' id='block_1_35' title="bbox 2304 1331 3897 1406">
    <p class='ocr_par' dir='ltr' id='par_1_35' title="bbox 2304 1331 3897 1406">
     <span class='ocr_line' id='line_1_35' title="bbox 2304 1331 3897 1406; baseline -0.004 -12"><span class='ocrx_word' id='word_1_259' title='bbox 2304 1340 2549 1395; x_wconf 90' lang='lat' dir='ltr'><strong>instituto</strong></span> <span class='ocrx_word' id='word_1_260' title='bbox 2578 1346 2633 1392; x_wconf 86' lang='lat' dir='ltr'><strong>et</strong></span> <span class='ocrx_word' id='word_1_261' title='bbox 2672 1342 2919 1406; x_wconf 87' lang='lat' dir='ltr'><strong>prompta</strong></span> <span class='ocrx_word' id='word_1_262' title='bbox 2961 1332 3236 1387; x_wconf 88' lang='lat' dir='ltr'><strong>voluntate</strong></span> <span class='ocrx_word' id='word_1_263' title='bbox 3272 1331 3542 1402; x_wconf 87' lang='lat' dir='ltr'><strong>judicatur</strong></span> <span class='ocrx_word' id='word_1_264' title='bbox 3581 1332 3897 1403; x_wconf 74' lang='lat' dir='ltr'><strong>magnitudo</strong></span> 
     </span>
    </p>
   </div>
   <div class='ocr_carea' id='block_1_36' title="bbox 2304 1425 3897 1501">
    <p class='ocr_par' dir='ltr' id='par_1_36' title="bbox 2304 1425 3897 1501">
     <span class='ocr_line' id='line_1_36' title="bbox 2304 1425 3897 1501; baseline -0.004 -15"><span class='ocrx_word' id='word_1_265' title='bbox 2304 1432 2686 1501; x_wconf 83' lang='lat' dir='ltr'><strong>cleemosynae.</strong></span> <span class='ocrx_word' id='word_1_266' title='bbox 2723 1428 2905 1495; x_wconf 83' lang='lat' dir='ltr'><strong>Itaque</strong></span> <span class='ocrx_word' id='word_1_267' title='bbox 2947 1426 3143 1493; x_wconf 89' lang='lat' dir='ltr'><strong>ubique</strong></span> <span class='ocrx_word' id='word_1_268' title='bbox 3172 1425 3416 1479; x_wconf 87' lang='lat' dir='ltr'><strong>instituto</strong></span> <span class='ocrx_word' id='word_1_269' title='bbox 3446 1438 3580 1494; x_wconf 88' lang='lat' dir='ltr'><strong>opus</strong></span> <span class='ocrx_word' id='word_1_270' title='bbox 3606 1432 3691 1480; x_wconf 91' lang='lat' dir='ltr'><strong>est</strong></span> <span class='ocrx_word' id='word_1_271' title='bbox 3719 1434 3775 1480; x_wconf 88' lang='lat' dir='ltr'><strong>et</strong></span> <span class='ocrx_word' id='word_1_272' title='bbox 3820 1425 3897 1479; x_wconf 62' lang='lat' dir='ltr'><strong>li.-</strong></span> 
     </span>
    </p>
   </div>
   <div class='ocr_carea' id='block_1_37' title="bbox 2306 1516 3894 1591">
    <p class='ocr_par' dir='ltr' id='par_1_37' title="bbox 2306 1516 3894 1591">
     <span class='ocr_line' id='line_1_37' title="bbox 2306 1516 3894 1591; baseline -0.002 -17"><span class='ocrx_word' id='word_1_273' title='bbox 2306 1522 2430 1577; x_wconf 88' lang='lat' dir='ltr'><strong>bera</strong></span> <span class='ocrx_word' id='word_1_274' title='bbox 2464 1529 2815 1591; x_wconf 87' lang='lat' dir='ltr'><strong>promptaque</strong></span> <span class='ocrx_word' id='word_1_275' title='bbox 2836 1516 3135 1582; x_wconf 86' lang='lat' dir='ltr'><strong>voluntate;</strong></span> <span class='ocrx_word' id='word_1_276' title='bbox 3160 1516 3358 1587; x_wconf 89' lang='lat' dir='ltr'><strong>ubique</strong></span> <span class='ocrx_word' id='word_1_277' title='bbox 3379 1516 3430 1569; x_wconf 91' lang='lat' dir='ltr'><strong>in</strong></span> <span class='ocrx_word' id='word_1_278' title='bbox 3450 1516 3616 1570; x_wconf 91' lang='lat' dir='ltr'><strong>Deum</strong></span> <span class='ocrx_word' id='word_1_279' title='bbox 3643 1516 3894 1572; x_wconf 86' lang='lat' dir='ltr'><strong>caritate.</strong></span> 
     </span>
    </p>
   </div>
   <div class='ocr_carea' id='block_1_38' title="bbox 2304 1607 3898 1677">
    <p class='ocr_par' dir='ltr' id='par_1_38' title="bbox 2304 1607 3898 1677">
     <span class='ocr_line' id='line_1_38' title="bbox 2304 1607 3898 1677; baseline -0.004 -9"><span class='ocrx_word' id='word_1_280' title='bbox 2304 1612 2359 1668; x_wconf 89' lang='lat' dir='ltr'><strong>Si</strong></span> <span class='ocrx_word' id='word_1_281' title='bbox 2392 1627 2513 1667; x_wconf 90' lang='lat' dir='ltr'><strong>cum</strong></span> <span class='ocrx_word' id='word_1_282' title='bbox 2546 1626 2608 1667; x_wconf 88' lang='lat' dir='ltr'><strong>ea</strong></span> <span class='ocrx_word' id='word_1_283' title='bbox 2654 1609 2832 1665; x_wconf 89' lang='lat' dir='ltr'><strong>omnia</strong></span> <span class='ocrx_word' id='word_1_284' title='bbox 2863 1622 3083 1677; x_wconf 81' lang='lat' dir='ltr'><strong>agamus</strong></span> <span class='ocrx_word' id='word_1_285' title='bbox 3109 1650 3122 1673; x_wconf 92' lang='lat'><strong>,</strong></span> <span class='ocrx_word' id='word_1_286' title='bbox 3157 1608 3365 1662; x_wconf 88' lang='lat' dir='ltr'><strong>etiamsi</strong></span> <span class='ocrx_word' id='word_1_287' title='bbox 3412 1623 3582 1677; x_wconf 90' lang='lat' dir='ltr'><strong>pauca</strong></span> <span class='ocrx_word' id='word_1_288' title='bbox 3630 1607 3898 1663; x_wconf 85' lang='lat' dir='ltr'><strong>habentes</strong></span> 
     </span>
    </p>
   </div>
   <div class='ocr_carea' id='block_1_39' title="bbox 2308 1698 3895 1772">
    <p class='ocr_par' dir='ltr' id='par_1_39' title="bbox 2308 1698 3895 1772">
     <span class='ocr_line' id='line_1_39' title="bbox 2308 1698 3895 1772; baseline -0.004 -15"><span class='ocrx_word' id='word_1_289' title='bbox 2308 1718 2475 1772; x_wconf 87' lang='lat' dir='ltr'><strong>pauca</strong></span> <span class='ocrx_word' id='word_1_290' title='bbox 2504 1702 2860 1764; x_wconf 74' lang='lat' dir='ltr'><strong>dederimus,</strong></span> <span class='ocrx_word' id='word_1_291' title='bbox 2895 1698 3082 1753; x_wconf 81' lang='lat' dir='ltr'><strong>faciem</strong></span> <span class='ocrx_word' id='word_1_292' title='bbox 3128 1713 3279 1753; x_wconf 88' lang='lat' dir='ltr'><strong>suam</strong></span> <span class='ocrx_word' id='word_1_293' title='bbox 3313 1698 3457 1753; x_wconf 91' lang='lat' dir='ltr'><strong>Deus</strong></span> <span class='ocrx_word' id='word_1_294' title='bbox 3501 1713 3609 1753; x_wconf 90' lang='lat' dir='ltr'><strong>non</strong></span> <span class='ocrx_word' id='word_1_295' title='bbox 3642 1708 3845 1753; x_wconf 84' lang='lat' dir='ltr'><strong>avertet</strong></span> <span class='ocrx_word' id='word_1_296' title='bbox 3876 1739 3895 1763; x_wconf 90' lang='lat'><strong>,</strong></span> 
     </span>
    </p>
   </div>
   <div class='ocr_carea' id='block_1_40' title="bbox 2307 1788 3898 1862">
    <p class='ocr_par' dir='ltr' id='par_1_40' title="bbox 2307 1788 3898 1862">
     <span class='ocr_line' id='line_1_40' title="bbox 2307 1788 3898 1862; baseline -0.003 -15"><span class='ocrx_word' id='word_1_297' title='bbox 2307 1794 2403 1848; x_wconf 86' lang='lat' dir='ltr'><strong>sed</strong></span> <span class='ocrx_word' id='word_1_298' title='bbox 2435 1794 2659 1862; x_wconf 85' lang='lat' dir='ltr'><strong>accipiet</strong></span> <span class='ocrx_word' id='word_1_299' title='bbox 2690 1802 2955 1859; x_wconf 88' lang='lat' dir='ltr'><strong>tamquam</strong></span> <span class='ocrx_word' id='word_1_300' title='bbox 2986 1804 3177 1859; x_wconf 87' lang='lat' dir='ltr'><strong>magna</strong></span> <span class='ocrx_word' id='word_1_301' title='bbox 3202 1801 3256 1843; x_wconf 88' lang='lat' dir='ltr'><strong>et</strong></span> <span class='ocrx_word' id='word_1_302' title='bbox 3285 1788 3619 1843; x_wconf 88' lang='lat' dir='ltr'><strong>admiranda.</strong></span> <span class='ocrx_word' id='word_1_303' title='bbox 3650 1789 3898 1846; x_wconf 85' lang='lat' dir='ltr'><strong>Attendit</strong></span> 
     </span>
    </p>
   </div>
   <div class='ocr_carea' id='block_1_41' title="bbox 2307 1882 3896 1953">
    <p class='ocr_par' dir='ltr' id='par_1_41' title="bbox 2307 1882 3896 1953">
     <span class='ocr_line' id='line_1_41' title="bbox 2307 1882 3896 1953; baseline -0.004 -11"><span class='ocrx_word' id='word_1_304' title='bbox 2307 1901 2453 1942; x_wconf 79' lang='lat' dir='ltr'><strong>enim</strong></span> <span class='ocrx_word' id='word_1_305' title='bbox 2485 1886 2707 1940; x_wconf 86' lang='lat' dir='ltr'><strong>liberam</strong></span> <span class='ocrx_word' id='word_1_306' title='bbox 2739 1895 2793 1939; x_wconf 90' lang='lat' dir='ltr'><strong>et</strong></span> <span class='ocrx_word' id='word_1_307' title='bbox 2838 1894 3137 1953; x_wconf 90' lang='lat' dir='ltr'><strong>promptam</strong></span> <span class='ocrx_word' id='word_1_308' title='bbox 3172 1882 3335 1936; x_wconf 90' lang='lat' dir='ltr'><strong>animi</strong></span> <span class='ocrx_word' id='word_1_309' title='bbox 3384 1882 3713 1937; x_wconf 82' lang='lat' dir='ltr'><strong>voluntatem</strong></span> <span class='ocrx_word' id='word_1_310' title='bbox 3740 1924 3755 1946; x_wconf 94' lang='lat'><strong>,</strong></span> <span class='ocrx_word' id='word_1_311' title='bbox 3786 1898 3896 1936; x_wconf 80' lang='lat' dir='ltr'><strong>non</strong></span> 
     </span>
    </p>
   </div>
   <div class='ocr_carea' id='block_1_42' title="bbox 2309 1974 3897 2049">
    <p class='ocr_par' dir='ltr' id='par_1_42' title="bbox 2309 1974 3897 2049">
     <span class='ocr_line' id='line_1_42' title="bbox 2309 1974 3897 2049; baseline -0.003 -14"><span class='ocrx_word' id='word_1_312' title='bbox 2309 1995 2369 2036; x_wconf 88' lang='lat' dir='ltr'><strong>ea</strong></span> <span class='ocrx_word' id='word_1_313' title='bbox 2404 1994 2521 2049; x_wconf 75' lang='lat' dir='ltr'><strong>qua:</strong></span> <span class='ocrx_word' id='word_1_314' title='bbox 2549 1977 2780 2032; x_wconf 90' lang='lat' dir='ltr'><strong>dantur:</strong></span> <span class='ocrx_word' id='word_1_315' title='bbox 2809 1985 2865 2030; x_wconf 90' lang='lat' dir='ltr'><strong>et</strong></span> <span class='ocrx_word' id='word_1_316' title='bbox 2890 1975 2934 2029; x_wconf 92' lang='lat' dir='ltr'><strong>si</strong></span> <span class='ocrx_word' id='word_1_317' title='bbox 2965 1976 3109 2030; x_wconf 86' lang='lat' dir='ltr'><strong>illam</strong></span> <span class='ocrx_word' id='word_1_318' title='bbox 3138 1974 3331 2029; x_wconf 86' lang='lat' dir='ltr'><strong>viderit</strong></span> <span class='ocrx_word' id='word_1_319' title='bbox 3368 1988 3489 2030; x_wconf 86' lang='lat' dir='ltr'><strong>esse</strong></span> <span class='ocrx_word' id='word_1_320' title='bbox 3525 1989 3769 2044; x_wconf 88' lang='lat' dir='ltr'><strong>magnam</strong></span> <span class='ocrx_word' id='word_1_321' title='bbox 3795 2017 3809 2040; x_wconf 93' lang='lat'><strong>,</strong></span> <span class='ocrx_word' id='word_1_322' title='bbox 3842 1975 3897 2030; x_wconf 88' lang='lat' dir='ltr'><strong>ei</strong></span> 
     </span>
    </p>
   </div>
   <div class='ocr_carea' id='block_1_43' title="bbox 2311 2064 3899 2137">
    <p class='ocr_par' dir='ltr' id='par_1_43' title="bbox 2311 2064 3899 2137">
     <span class='ocr_line' id='line_1_43' title="bbox 2311 2064 3899 2137; baseline -0.004 -12"><span class='ocrx_word' id='word_1_323' title='bbox 2311 2085 2465 2125; x_wconf 84' lang='lat' dir='ltr'><strong>suum</strong></span> <span class='ocrx_word' id='word_1_324' title='bbox 2497 2068 2598 2123; x_wconf 85' lang='lat' dir='ltr'><strong>fert</strong></span> <span class='ocrx_word' id='word_1_325' title='bbox 2624 2067 2929 2137; x_wconf 69' lang='lat' dir='ltr'><strong>suffragium</strong></span> <span class='ocrx_word' id='word_1_326' title='bbox 2967 2076 3021 2120; x_wconf 90' lang='lat' dir='ltr'><strong>et</strong></span> <span class='ocrx_word' id='word_1_327' title='bbox 3042 2064 3299 2133; x_wconf 82' lang='lat' dir='ltr'><strong>judicium</strong></span> <span class='ocrx_word' id='word_1_328' title='bbox 3320 2105 3335 2131; x_wconf 90' lang='lat'><strong>,</strong></span> <span class='ocrx_word' id='word_1_329' title='bbox 3367 2075 3419 2118; x_wconf 91' lang='lat' dir='ltr'><strong>et</strong></span> <span class='ocrx_word' id='word_1_330' title='bbox 3446 2074 3769 2125; x_wconf 62' lang='lat' dir='ltr'><strong>aeternorum</strong></span> <span class='ocrx_word' id='word_1_331' title='bbox 3799 2066 3899 2120; x_wconf 84' lang='lat' dir='ltr'><strong>bo-</strong></span> 
     </span>
    </p>
   </div>
   <div class='ocr_carea' id='block_1_44' title="bbox 2313 2156 3896 2229">
    <p class='ocr_par' dir='ltr' id='par_1_44' title="bbox 2313 2156 3896 2229">
     <span class='ocr_line' id='line_1_44' title="bbox 2313 2156 3896 2229; baseline -0.003 -12"><span class='ocrx_word' id='word_1_332' title='bbox 2313 2176 2503 2217; x_wconf 88' lang='lat' dir='ltr'><strong>norum</strong></span> <span class='ocrx_word' id='word_1_333' title='bbox 2556 2159 2683 2213; x_wconf 82' lang='lat' dir='ltr'><strong>facit</strong></span> <span class='ocrx_word' id='word_1_334' title='bbox 2728 2158 3053 2229; x_wconf 87' lang='lat' dir='ltr'><strong>participes:</strong></span> <span class='ocrx_word' id='word_1_335' title='bbox 3083 2172 3201 2226; x_wconf 78' lang='lat' dir='ltr'><strong>qua:</strong></span> <span class='ocrx_word' id='word_1_336' title='bbox 3248 2156 3407 2212; x_wconf 88' lang='lat' dir='ltr'><strong>detur</strong></span> <span class='ocrx_word' id='word_1_337' title='bbox 3446 2157 3695 2212; x_wconf 87' lang='lat' dir='ltr'><strong>omnibus</strong></span> <span class='ocrx_word' id='word_1_338' title='bbox 3738 2158 3896 2213; x_wconf 90' lang='lat' dir='ltr'><strong>nobis</strong></span> 
     </span>
    </p>
   </div>
   <div class='ocr_carea' id='block_1_45' title="bbox 2313 2247 3219 2321">
    <p class='ocr_par' dir='ltr' id='par_1_45' title="bbox 2313 2247 3219 2321">
     <span class='ocr_line' id='line_1_45' title="bbox 2313 2247 3219 2321; baseline -0.009 -13"><span class='ocrx_word' id='word_1_339' title='bbox 2313 2252 2559 2321; x_wconf 81' lang='lat' dir='ltr'><strong>assequi,</strong></span> <span class='ocrx_word' id='word_1_340' title='bbox 2597 2250 2763 2320; x_wconf 89' lang='lat' dir='ltr'><strong>gratia</strong></span> <span class='ocrx_word' id='word_1_341' title='bbox 2793 2258 2847 2303; x_wconf 91' lang='lat' dir='ltr'><strong>et</strong></span> <span class='ocrx_word' id='word_1_342' title='bbox 2874 2247 3219 2316; x_wconf 78' lang='lat' dir='ltr'><strong>benignitate.</strong></span> 
     </span>
    </p>
   </div>
   <div class='ocr_carea' id='block_1_46' title="bbox 2077 2588 2542 2653">
    <p class='ocr_par' dir='ltr' id='par_1_46' title="bbox 2077 2588 2542 2653">
     <span class='ocr_line' id='line_1_46' title="bbox 2077 2588 2542 2653; baseline -0.017 1"><span class='ocrx_word' id='word_1_343' title='bbox 2077 2589 2421 2653; x_wconf 81' lang='lat' dir='ltr'><strong>HOMILIA</strong></span> <span class='ocrx_word' id='word_1_344' title='bbox 2462 2588 2542 2648; x_wconf 87' lang='lat' dir='ltr'><strong>ll.</strong></span> 
     </span>
    </p>
   </div>
   <div class='ocr_carea' id='block_1_47' title="bbox 634 2737 2211 2810">
    <p class='ocr_par' dir='ltr' id='par_1_47' title="bbox 634 2737 2211 2810">
     <span class='ocr_line' id='line_1_47' title="bbox 634 2737 2211 2810; baseline -0.01 -7"><span class='ocrx_word' id='word_1_345' title='bbox 634 2749 758 2803; x_wconf 67' lang='lat' dir='ltr'><strong>Car.</strong></span> <span class='ocrx_word' id='word_1_346' title='bbox 807 2748 856 2800; x_wconf 79' lang='grc' dir='ltr'><strong>ί.</strong></span> <span class='ocrx_word' id='word_1_347' title='bbox 902 2762 953 2798; x_wconf 86' lang='lat' dir='ltr'><strong>v.</strong></span> <span class='ocrx_word' id='word_1_348' title='bbox 1003 2746 1055 2798; x_wconf 82' lang='grc'><strong>5.</strong></span> <span class='ocrx_word' id='word_1_349' title='bbox 1104 2743 1205 2810; x_wconf 85' lang='lat' dir='ltr'><strong>Qui</strong></span> <span class='ocrx_word' id='word_1_350' title='bbox 1237 2759 1351 2797; x_wconf 61' lang='lat' dir='ltr'><strong>cum</strong></span> <span class='ocrx_word' id='word_1_351' title='bbox 1375 2750 1439 2794; x_wconf 83' lang='lat' dir='ltr'><strong>stt</strong></span> <span class='ocrx_word' id='word_1_352' title='bbox 1466 2740 1707 2809; x_wconf 79' lang='lat' dir='ltr'><strong>splendor</strong></span> <span class='ocrx_word' id='word_1_353' title='bbox 1737 2739 1931 2809; x_wconf 67' lang='lat' dir='ltr'><strong>glorior,</strong></span> <span class='ocrx_word' id='word_1_354' title='bbox 1972 2747 2017 2792; x_wconf 89' lang='lat' dir='ltr'><strong>et</strong></span> <span class='ocrx_word' id='word_1_355' title='bbox 2045 2737 2211 2807; x_wconf 80' lang='lat' dir='ltr'><strong>ﬁgura</strong></span> 
     </span>
    </p>
   </div>
   <div class='ocr_carea' id='block_1_48' title="bbox 704 2833 2208 2909">
    <p class='ocr_par' dir='ltr' id='par_1_48' title="bbox 704 2833 2208 2909">
     <span class='ocr_line' id='line_1_48' title="bbox 704 2833 2208 2909; baseline -0.007 -14"><span class='ocrx_word' id='word_1_356' title='bbox 704 2840 995 2895; x_wconf 76' lang='lat' dir='ltr'><strong>substantia:</strong></span> <span class='ocrx_word' id='word_1_357' title='bbox 1016 2840 1147 2909; x_wconf 83' lang='lat' dir='ltr'><strong>ejus,</strong></span> <span class='ocrx_word' id='word_1_358' title='bbox 1169 2848 1484 2906; x_wconf 86' lang='lat' dir='ltr'><strong>portansque</strong></span> <span class='ocrx_word' id='word_1_359' title='bbox 1503 2836 1671 2889; x_wconf 85' lang='lat' dir='ltr'><strong>omnia</strong></span> <span class='ocrx_word' id='word_1_360' title='bbox 1690 2834 1835 2887; x_wconf 82' lang='lat' dir='ltr'><strong>verba</strong></span> <span class='ocrx_word' id='word_1_361' title='bbox 1863 2833 2061 2887; x_wconf 86' lang='lat' dir='ltr'><strong>virtutis</strong></span> <span class='ocrx_word' id='word_1_362' title='bbox 2082 2846 2208 2896; x_wconf 66' lang='lat' dir='ltr'><strong>suae,</strong></span> 
     </span>
    </p>
   </div>
   <div class='ocr_carea' id='block_1_49' title="bbox 710 2931 2212 3002">
    <p class='ocr_par' dir='ltr' id='par_1_49' title="bbox 710 2931 2212 3002">
     <span class='ocr_line' id='line_1_49' title="bbox 710 2931 2212 3002; baseline -0.007 -16"><span class='ocrx_word' id='word_1_363' title='bbox 710 2949 798 3002; x_wconf 79' lang='lat' dir='ltr'><strong>per</strong></span> <span class='ocrx_word' id='word_1_364' title='bbox 828 2933 1147 3001; x_wconf 80' lang='lat' dir='ltr'><strong>semetipsum</strong></span> <span class='ocrx_word' id='word_1_365' title='bbox 1172 2931 1521 3000; x_wconf 85' lang='lat' dir='ltr'><strong>purgationem</strong></span> <span class='ocrx_word' id='word_1_366' title='bbox 1560 2936 1884 2998; x_wconf 82' lang='lat' dir='ltr'><strong>peccatorum</strong></span> <span class='ocrx_word' id='word_1_367' title='bbox 1926 2936 2212 2979; x_wconf 85' lang='lat' dir='ltr'><strong>nostrorum</strong></span> 
     </span>
    </p>
   </div>
   <div class='ocr_carea' id='block_1_50' title="bbox 708 3026 918 3096">
    <p class='ocr_par' dir='ltr' id='par_1_50' title="bbox 708 3026 918 3096">
     <span class='ocr_line' id='line_1_50' title="bbox 708 3026 918 3096; baseline -0.005 -20"><span class='ocrx_word' id='word_1_368' title='bbox 708 3026 918 3096; x_wconf 79' lang='lat' dir='ltr'><strong>faciens.</strong></span> 
     </span>
    </p>
   </div>
   <div class='ocr_carea' id='block_1_51' title="bbox 707 3108 2212 3184">
    <p class='ocr_par' dir='ltr' id='par_1_51' title="bbox 707 3108 2212 3184">
     <span class='ocr_line' id='line_1_51' title="bbox 707 3108 2212 3184; baseline -0.005 -14"><span class='ocrx_word' id='word_1_369' title='bbox 707 3119 759 3171; x_wconf 81' lang='grc'><strong>1.</strong></span> <span class='ocrx_word' id='word_1_370' title='bbox 804 3115 880 3169; x_wconf 86' lang='lat' dir='ltr'><strong>De</strong></span> <span class='ocrx_word' id='word_1_371' title='bbox 916 3113 1023 3168; x_wconf 82' lang='lat' dir='ltr'><strong>Deo</strong></span> <span class='ocrx_word' id='word_1_372' title='bbox 1064 3130 1215 3184; x_wconf 84' lang='lat' dir='ltr'><strong>quam</strong></span> <span class='ocrx_word' id='word_1_373' title='bbox 1244 3122 1521 3167; x_wconf 82' lang='lat' dir='ltr'><strong>reverenter</strong></span> <span class='ocrx_word' id='word_1_374' title='bbox 1561 3112 1662 3165; x_wconf 77' lang='lat' dir='ltr'><strong>sive</strong></span> <span class='ocrx_word' id='word_1_375' title='bbox 1704 3110 1842 3179; x_wconf 84' lang='lat' dir='ltr'><strong>loqui</strong></span> <span class='ocrx_word' id='word_1_376' title='bbox 1886 3110 1987 3163; x_wconf 77' lang='lat' dir='ltr'><strong>sive</strong></span> <span class='ocrx_word' id='word_1_377' title='bbox 2033 3108 2212 3162; x_wconf 83' lang='lat' dir='ltr'><strong>audire</strong></span> 
     </span>
    </p>
   </div>
   <div class='ocr_carea' id='block_1_52' title="bbox 636 3201 2211 3274">
    <p class='ocr_par' dir='ltr' id='par_1_52' title="bbox 636 3201 2211 3274">
     <span class='ocr_line' id='line_1_52' title="bbox 636 3201 2211 3274; baseline -0.006 -12"><span class='ocrx_word' id='word_1_378' title='bbox 636 3208 925 3262; x_wconf 77' lang='lat' dir='ltr'><strong>debeamus.</strong></span> <span class='ocrx_word' id='word_1_379' title='bbox 954 3236 1024 3246; x_wconf 97' lang='lat'><strong>—</strong></span> <span class='ocrx_word' id='word_1_380' title='bbox 1058 3205 1260 3274; x_wconf 87' lang='lat' dir='ltr'><strong>Ubique</strong></span> <span class='ocrx_word' id='word_1_381' title='bbox 1290 3204 1505 3274; x_wconf 83' lang='lat' dir='ltr'><strong>quidem</strong></span> <span class='ocrx_word' id='word_1_382' title='bbox 1542 3204 1621 3272; x_wconf 88' lang='lat' dir='ltr'><strong>pia</strong></span> <span class='ocrx_word' id='word_1_383' title='bbox 1661 3213 1712 3255; x_wconf 91' lang='lat' dir='ltr'><strong>et</strong></span> <span class='ocrx_word' id='word_1_384' title='bbox 1750 3201 1999 3270; x_wconf 85' lang='lat' dir='ltr'><strong>religiosa</strong></span> <span class='ocrx_word' id='word_1_385' title='bbox 2034 3207 2211 3253; x_wconf 87' lang='lat' dir='ltr'><strong>mente</strong></span> 
     </span>
    </p>
   </div>
   <div class='ocr_carea' id='block_1_53' title="bbox 635 3289 2213 3370">
    <p class='ocr_par' dir='ltr' id='par_1_53' title="bbox 635 3289 2213 3370">
     <span class='ocr_line' id='line_1_53' title="bbox 635 3289 2213 3370; baseline -0.008 -15"><span class='ocrx_word' id='word_1_386' title='bbox 635 3310 718 3355; x_wconf 88' lang='lat' dir='ltr'><strong>est</strong></span> <span class='ocrx_word' id='word_1_387' title='bbox 742 3314 893 3370; x_wconf 84' lang='lat' dir='ltr'><strong>opus.</strong></span> <span class='ocrx_word' id='word_1_388' title='bbox 924 3298 1163 3352; x_wconf 81' lang='lat' dir='ltr'><strong>maxime</strong></span> <span class='ocrx_word' id='word_1_389' title='bbox 1192 3305 1366 3350; x_wconf 88' lang='lat' dir='ltr'><strong>autem</strong></span> <span class='ocrx_word' id='word_1_390' title='bbox 1396 3295 1608 3364; x_wconf 90' lang='lat' dir='ltr'><strong>quando</strong></span> <span class='ocrx_word' id='word_1_391' title='bbox 1630 3294 1696 3347; x_wconf 91' lang='lat' dir='ltr'><strong>de</strong></span> <span class='ocrx_word' id='word_1_392' title='bbox 1728 3294 1835 3346; x_wconf 92' lang='lat' dir='ltr'><strong>Deo</strong></span> <span class='ocrx_word' id='word_1_393' title='bbox 1856 3290 2051 3361; x_wconf 90' lang='lat' dir='ltr'><strong>aliquid</strong></span> <span class='ocrx_word' id='word_1_394' title='bbox 2080 3289 2213 3343; x_wconf 70' lang='lat' dir='ltr'><strong>dicio</strong></span> 
     </span>
    </p>
   </div>
   <div class='ocr_carea' id='block_1_54' title="bbox 636 3384 2211 3455">
    <p class='ocr_par' dir='ltr' id='par_1_54' title="bbox 636 3384 2211 3455">
     <span class='ocr_line' id='line_1_54' title="bbox 636 3384 2211 3455; baseline -0.007 -10"><span class='ocrx_word' id='word_1_395' title='bbox 636 3406 755 3445; x_wconf 89' lang='lat' dir='ltr'><strong>mus</strong></span> <span class='ocrx_word' id='word_1_396' title='bbox 781 3399 835 3445; x_wconf 89' lang='lat' dir='ltr'><strong>et</strong></span> <span class='ocrx_word' id='word_1_397' title='bbox 860 3388 1103 3443; x_wconf 88' lang='lat' dir='ltr'><strong>audimus</strong></span> <span class='ocrx_word' id='word_1_398' title='bbox 1138 3405 1150 3440; x_wconf 92' lang='lat'><strong>:</strong></span> <span class='ocrx_word' id='word_1_399' title='bbox 1183 3402 1301 3441; x_wconf 92' lang='lat' dir='ltr'><strong>nam</strong></span> <span class='ocrx_word' id='word_1_400' title='bbox 1333 3401 1503 3455; x_wconf 88' lang='lat' dir='ltr'><strong>neque</strong></span> <span class='ocrx_word' id='word_1_401' title='bbox 1531 3386 1707 3453; x_wconf 81' lang='lat' dir='ltr'><strong>lingua</strong></span> <span class='ocrx_word' id='word_1_402' title='bbox 1731 3384 1893 3452; x_wconf 90' lang='lat' dir='ltr'><strong>loqui,</strong></span> <span class='ocrx_word' id='word_1_403' title='bbox 1924 3396 2095 3451; x_wconf 84' lang='lat' dir='ltr'><strong>neque</strong></span> <span class='ocrx_word' id='word_1_404' title='bbox 2117 3396 2211 3435; x_wconf 89' lang='lat' dir='ltr'><strong>au-</strong></span> 
     </span>
    </p>
   </div>
   <div class='ocr_carea' id='block_1_55' title="bbox 634 3474 2212 3549">
    <p class='ocr_par' dir='ltr' id='par_1_55' title="bbox 634 3474 2212 3549">
     <span class='ocr_line' id='line_1_55' title="bbox 634 3474 2212 3549; baseline -0.004 -15"><span class='ocrx_word' id='word_1_405' title='bbox 634 3483 708 3534; x_wconf 88' lang='lat' dir='ltr'><strong>ris</strong></span> <span class='ocrx_word' id='word_1_406' title='bbox 747 3480 941 3549; x_wconf 80' lang='lat' dir='ltr'><strong>aliquid</strong></span> <span class='ocrx_word' id='word_1_407' title='bbox 992 3479 1177 3532; x_wconf 87' lang='lat' dir='ltr'><strong>audire</strong></span> <span class='ocrx_word' id='word_1_408' title='bbox 1221 3478 1289 3532; x_wconf 86' lang='lat' dir='ltr'><strong>de</strong></span> <span class='ocrx_word' id='word_1_409' title='bbox 1338 3478 1444 3531; x_wconf 87' lang='lat' dir='ltr'><strong>Deo</strong></span> <span class='ocrx_word' id='word_1_410' title='bbox 1487 3485 1659 3545; x_wconf 86' lang='lat' dir='ltr'><strong>potest</strong></span> <span class='ocrx_word' id='word_1_411' title='bbox 1700 3491 1797 3543; x_wconf 90' lang='lat' dir='ltr'><strong>pro</strong></span> <span class='ocrx_word' id='word_1_412' title='bbox 1826 3474 2123 3544; x_wconf 86' lang='lat' dir='ltr'><strong>dignitate:</strong></span> <span class='ocrx_word' id='word_1_413' title='bbox 2157 3481 2212 3527; x_wconf 89' lang='lat' dir='ltr'><strong>et</strong></span> 
     </span>
    </p>
   </div>
   <div class='ocr_carea' id='block_1_56' title="bbox 636 3571 2211 3642">
    <p class='ocr_par' dir='ltr' id='par_1_56' title="bbox 636 3571 2211 3642">
     <span class='ocr_line' id='line_1_56' title="bbox 636 3571 2211 3642; baseline -0.003 -18"><span class='ocrx_word' id='word_1_414' title='bbox 636 3574 758 3642; x_wconf 90' lang='lat' dir='ltr'><strong>quid</strong></span> <span class='ocrx_word' id='word_1_415' title='bbox 787 3574 905 3627; x_wconf 90' lang='lat' dir='ltr'><strong>dico</strong></span> <span class='ocrx_word' id='word_1_416' title='bbox 946 3574 1177 3641; x_wconf 84' lang='lat' dir='ltr'><strong>linguam</strong></span> <span class='ocrx_word' id='word_1_417' title='bbox 1204 3582 1258 3627; x_wconf 90' lang='lat' dir='ltr'><strong>et</strong></span> <span class='ocrx_word' id='word_1_418' title='bbox 1285 3571 1508 3626; x_wconf 86' lang='lat' dir='ltr'><strong>aurem?</strong></span> <span class='ocrx_word' id='word_1_419' title='bbox 1539 3586 1707 3640; x_wconf 90' lang='lat' dir='ltr'><strong>neque</strong></span> <span class='ocrx_word' id='word_1_420' title='bbox 1739 3571 1880 3624; x_wconf 73' lang='lat' dir='ltr'><strong>etaim</strong></span> <span class='ocrx_word' id='word_1_421' title='bbox 1912 3585 2062 3623; x_wconf 90' lang='lat' dir='ltr'><strong>mens</strong></span> <span class='ocrx_word' id='word_1_422' title='bbox 2091 3583 2211 3637; x_wconf 69' lang='lat' dir='ltr'><strong>qua:</strong></span> 
     </span>
    </p>
   </div>
   <div class='ocr_carea' id='block_1_57' title="bbox 636 3658 2210 3735">
    <p class='ocr_par' dir='ltr' id='par_1_57' title="bbox 636 3658 2210 3735">
     <span class='ocr_line' id='line_1_57' title="bbox 636 3658 2210 3735; baseline -0.004 -16"><span class='ocrx_word' id='word_1_423' title='bbox 636 3666 750 3719; x_wconf 75' lang='lat' dir='ltr'><strong>lucc</strong></span> <span class='ocrx_word' id='word_1_424' title='bbox 779 3667 932 3735; x_wconf 89' lang='lat' dir='ltr'><strong>longe</strong></span> <span class='ocrx_word' id='word_1_425' title='bbox 953 3673 1191 3734; x_wconf 83' lang='lat' dir='ltr'><strong>superat,</strong></span> <span class='ocrx_word' id='word_1_426' title='bbox 1230 3675 1402 3733; x_wconf 87' lang='lat' dir='ltr'><strong>potest</strong></span> <span class='ocrx_word' id='word_1_427' title='bbox 1430 3662 1625 3731; x_wconf 88' lang='lat' dir='ltr'><strong>aliquid</strong></span> <span class='ocrx_word' id='word_1_428' title='bbox 1654 3672 1838 3716; x_wconf 84' lang='lat' dir='ltr'><strong>exacte</strong></span> <span class='ocrx_word' id='word_1_429' title='bbox 1860 3658 2210 3730; x_wconf 86' lang='lat' dir='ltr'><strong>comprehcn-</strong></span> 
     </span>
    </p>
   </div>
   <div class='ocr_carea' id='block_1_58' title="bbox 635 3750 2208 3827">
    <p class='ocr_par' dir='ltr' id='par_1_58' title="bbox 635 3750 2208 3827">
     <span class='ocr_line' id='line_1_58' title="bbox 635 3750 2208 3827; baseline -0.003 -19"><span class='ocrx_word' id='word_1_430' title='bbox 635 3757 786 3821; x_wconf 86' lang='lat' dir='ltr'><strong>dere,</strong></span> <span class='ocrx_word' id='word_1_431' title='bbox 818 3758 1029 3827; x_wconf 90' lang='lat' dir='ltr'><strong>quando</strong></span> <span class='ocrx_word' id='word_1_432' title='bbox 1060 3756 1125 3810; x_wconf 88' lang='lat' dir='ltr'><strong>de</strong></span> <span class='ocrx_word' id='word_1_433' title='bbox 1153 3756 1264 3809; x_wconf 88' lang='lat' dir='ltr'><strong>Deo</strong></span> <span class='ocrx_word' id='word_1_434' title='bbox 1295 3756 1541 3809; x_wconf 90' lang='lat' dir='ltr'><strong>volumus</strong></span> <span class='ocrx_word' id='word_1_435' title='bbox 1563 3753 1760 3823; x_wconf 90' lang='lat' dir='ltr'><strong>aliquid</strong></span> <span class='ocrx_word' id='word_1_436' title='bbox 1789 3753 1983 3822; x_wconf 89' lang='lat' dir='ltr'><strong>eloqui.</strong></span> <span class='ocrx_word' id='word_1_437' title='bbox 2013 3751 2145 3805; x_wconf 88' lang='lat' dir='ltr'><strong>Nam</strong></span> <span class='ocrx_word' id='word_1_438' title='bbox 2165 3750 2208 3804; x_wconf 89' lang='lat' dir='ltr'><strong>si</strong></span> 
     </span>
    </p>
   </div>
   <div class='ocr_carea' id='block_1_59' title="bbox 636 3848 2211 3915">
    <p class='ocr_par' dir='ltr' id='par_1_59' title="bbox 636 3848 2211 3915">
     <span class='ocr_line' id='line_1_59' title="bbox 636 3848 2211 3915; baseline -0.003 -17"><span class='ocrx_word' id='word_1_439' title='bbox 636 3861 736 3915; x_wconf 81' lang='lat' dir='ltr'><strong>pax</strong></span> <span class='ocrx_word' id='word_1_440' title='bbox 768 3848 857 3902; x_wconf 82' lang='lat' dir='ltr'><strong>Dei</strong></span> <span class='ocrx_word' id='word_1_441' title='bbox 886 3856 1171 3915; x_wconf 78' lang='lat' dir='ltr'><strong>exsuperat</strong></span> <span class='ocrx_word' id='word_1_442' title='bbox 1204 3860 1417 3899; x_wconf 88' lang='lat' dir='ltr'><strong>onmem</strong></span> <span class='ocrx_word' id='word_1_443' title='bbox 1452 3852 1704 3908; x_wconf 85' lang='lat' dir='ltr'><strong>tuentem,</strong></span> <span class='ocrx_word' id='word_1_444' title='bbox 1735 3852 1789 3897; x_wconf 92' lang='lat' dir='ltr'><strong>et</strong></span> <span class='ocrx_word' id='word_1_445' title='bbox 1817 3858 1936 3911; x_wconf 72' lang='lat' dir='ltr'><strong>qua:</strong></span> <span class='ocrx_word' id='word_1_446' title='bbox 1968 3851 2090 3895; x_wconf 90' lang='lat' dir='ltr'><strong>sunt</strong></span> <span class='ocrx_word' id='word_1_447' title='bbox 2119 3856 2211 3906; x_wconf 80' lang='lat' dir='ltr'><strong>pa-</strong></span> 
     </span>
    </p>
   </div>
   <div class='ocr_carea' id='block_1_60' title="bbox 635 3928 2204 4006">
    <p class='ocr_par' dir='ltr' id='par_1_60' title="bbox 635 3928 2204 4006">
     <span class='ocr_line' id='line_1_60' title="bbox 635 3928 2204 4006; baseline -0.009 -13"><span class='ocrx_word' id='word_1_448' title='bbox 635 3947 747 3993; x_wconf 81' lang='lat' dir='ltr'><strong>rata</strong></span> <span class='ocrx_word' id='word_1_449' title='bbox 779 3938 841 3991; x_wconf 91' lang='lat' dir='ltr'><strong>iis</strong></span> <span class='ocrx_word' id='word_1_450' title='bbox 870 3938 958 4006; x_wconf 91' lang='lat' dir='ltr'><strong>qui</strong></span> <span class='ocrx_word' id='word_1_451' title='bbox 988 3936 1156 4003; x_wconf 80' lang='lat' dir='ltr'><strong>ipsum</strong></span> <span class='ocrx_word' id='word_1_452' title='bbox 1179 3933 1424 4002; x_wconf 86' lang='lat' dir='ltr'><strong>diligunt,</strong></span> <span class='ocrx_word' id='word_1_453' title='bbox 1451 3931 1500 3983; x_wconf 91' lang='lat' dir='ltr'><strong>in</strong></span> <span class='ocrx_word' id='word_1_454' title='bbox 1524 3946 1616 3984; x_wconf 91' lang='lat' dir='ltr'><strong>cor</strong></span> <span class='ocrx_word' id='word_1_455' title='bbox 1634 3928 1862 3983; x_wconf 89' lang='lat' dir='ltr'><strong>hominis</strong></span> <span class='ocrx_word' id='word_1_456' title='bbox 1886 3943 1989 3982; x_wconf 92' lang='lat' dir='ltr'><strong>non</strong></span> <span class='ocrx_word' id='word_1_457' title='bbox 2016 3943 2204 3983; x_wconf 89' lang='lat' dir='ltr'><strong>ascen-</strong></span> 
     </span>
    </p>
   </div>
   <div class='ocr_carea' id='block_1_61' title="bbox 636 4021 2204 4094">
    <p class='ocr_par' dir='ltr' id='par_1_61' title="bbox 636 4021 2204 4094">
     <span class='ocr_line' id='line_1_61' title="bbox 636 4021 2204 4094; baseline -0.008 -11"><span class='ocrx_word' id='word_1_458' title='bbox 636 4032 863 4083; x_wconf 88' lang='lat' dir='ltr'><strong>derunt:</strong></span> <span class='ocrx_word' id='word_1_459' title='bbox 897 4027 1061 4081; x_wconf 89' lang='lat' dir='ltr'><strong>multo</strong></span> <span class='ocrx_word' id='word_1_460' title='bbox 1093 4026 1261 4094; x_wconf 83' lang='lat' dir='ltr'><strong>magis</strong></span> <span class='ocrx_word' id='word_1_461' title='bbox 1293 4025 1404 4093; x_wconf 85' lang='lat' dir='ltr'><strong>ipse</strong></span> <span class='ocrx_word' id='word_1_462' title='bbox 1441 4023 1581 4076; x_wconf 91' lang='lat' dir='ltr'><strong>Deus</strong></span> <span class='ocrx_word' id='word_1_463' title='bbox 1626 4022 1769 4091; x_wconf 90' lang='lat' dir='ltr'><strong>pacis</strong></span> <span class='ocrx_word' id='word_1_464' title='bbox 1790 4062 1803 4088; x_wconf 90' lang='lat'><strong>,</strong></span> <span class='ocrx_word' id='word_1_465' title='bbox 1835 4021 2204 4074; x_wconf 88' lang='lat' dir='ltr'><strong>universorum</strong></span> 
     </span>
    </p>
   </div>
   <div class='ocr_carea' id='block_1_62' title="bbox 636 4115 2213 4191">
    <p class='ocr_par' dir='ltr' id='par_1_62' title="bbox 636 4115 2213 4191">
     <span class='ocr_line' id='line_1_62' title="bbox 636 4115 2213 4191; baseline -0.006 -13"><span class='ocrx_word' id='word_1_466' title='bbox 636 4123 819 4191; x_wconf 82' lang='lat' dir='ltr'><strong>Opifex</strong></span> <span class='ocrx_word' id='word_1_467' title='bbox 844 4164 858 4187; x_wconf 92' lang='lat'><strong>,</strong></span> <span class='ocrx_word' id='word_1_468' title='bbox 890 4133 1125 4174; x_wconf 88' lang='lat' dir='ltr'><strong>nostram</strong></span> <span class='ocrx_word' id='word_1_469' title='bbox 1158 4127 1445 4187; x_wconf 83' lang='lat' dir='ltr'><strong>exsuperat</strong></span> <span class='ocrx_word' id='word_1_470' title='bbox 1486 4118 1766 4170; x_wconf 89' lang='lat' dir='ltr'><strong>rationem.</strong></span> <span class='ocrx_word' id='word_1_471' title='bbox 1814 4115 2039 4185; x_wconf 83' lang='lat' dir='ltr'><strong>Oportet</strong></span> <span class='ocrx_word' id='word_1_472' title='bbox 2086 4130 2213 4184; x_wconf 88' lang='lat' dir='ltr'><strong>ergo</strong></span> 
     </span>
    </p>
   </div>
   <div class='ocr_carea' id='block_1_63' title="bbox 638 4207 2213 4279">
    <p class='ocr_par' dir='ltr' id='par_1_63' title="bbox 638 4207 2213 4279">
     <span class='ocr_line' id='line_1_63' title="bbox 638 4207 2213 4279; baseline -0.006 -10"><span class='ocrx_word' id='word_1_473' title='bbox 638 4217 813 4270; x_wconf 89' lang='lat' dir='ltr'><strong>omnia</strong></span> <span class='ocrx_word' id='word_1_474' title='bbox 845 4214 1121 4279; x_wconf 88' lang='lat' dir='ltr'><strong>suscipere</strong></span> <span class='ocrx_word' id='word_1_475' title='bbox 1152 4228 1271 4266; x_wconf 92' lang='lat' dir='ltr'><strong>cum</strong></span> <span class='ocrx_word' id='word_1_476' title='bbox 1301 4210 1402 4264; x_wconf 85' lang='lat' dir='ltr'><strong>fide</strong></span> <span class='ocrx_word' id='word_1_477' title='bbox 1438 4218 1491 4264; x_wconf 88' lang='lat' dir='ltr'><strong>et</strong></span> <span class='ocrx_word' id='word_1_478' title='bbox 1518 4211 1752 4279; x_wconf 88' lang='lat' dir='ltr'><strong>pietate;</strong></span> <span class='ocrx_word' id='word_1_479' title='bbox 1785 4217 1838 4262; x_wconf 88' lang='lat' dir='ltr'><strong>et</strong></span> <span class='ocrx_word' id='word_1_480' title='bbox 1864 4207 2075 4276; x_wconf 90' lang='lat' dir='ltr'><strong>quando</strong></span> <span class='ocrx_word' id='word_1_481' title='bbox 2111 4208 2213 4260; x_wconf 88' lang='lat' dir='ltr'><strong>im-</strong></span> 
     </span>
    </p>
   </div>
   <div class='ocr_carea' id='block_1_64' title="bbox 637 4301 2217 4369">
    <p class='ocr_par' dir='ltr' id='par_1_64' title="bbox 637 4301 2217 4369">
     <span class='ocr_line' id='line_1_64' title="bbox 637 4301 2217 4369; baseline -0.008 -6"><span class='ocrx_word' id='word_1_482' title='bbox 637 4307 830 4363; x_wconf 86' lang='lat' dir='ltr'><strong>becilla</strong></span> <span class='ocrx_word' id='word_1_483' title='bbox 858 4305 1015 4359; x_wconf 88' lang='lat' dir='ltr'><strong>fuerit</strong></span> <span class='ocrx_word' id='word_1_484' title='bbox 1043 4305 1201 4368; x_wconf 84' lang='lat' dir='ltr'><strong>ratio,</strong></span> <span class='ocrx_word' id='word_1_485' title='bbox 1236 4312 1293 4355; x_wconf 92' lang='lat' dir='ltr'><strong>ut</strong></span> <span class='ocrx_word' id='word_1_486' title='bbox 1322 4316 1430 4355; x_wconf 90' lang='lat' dir='ltr'><strong>non</strong></span> <span class='ocrx_word' id='word_1_487' title='bbox 1462 4301 1629 4369; x_wconf 87' lang='lat' dir='ltr'><strong>possit</strong></span> <span class='ocrx_word' id='word_1_488' title='bbox 1660 4307 1847 4354; x_wconf 80' lang='lat' dir='ltr'><strong>exacte</strong></span> <span class='ocrx_word' id='word_1_489' title='bbox 1876 4307 1926 4353; x_wconf 89' lang='lat' dir='ltr'><strong>et</strong></span> <span class='ocrx_word' id='word_1_490' title='bbox 1969 4309 2217 4353; x_wconf 88' lang='lat' dir='ltr'><strong>accurate</strong></span> 
     </span>
    </p>
   </div>
   <div class='ocr_carea' id='block_1_65' title="bbox 638 4390 2217 4466">
    <p class='ocr_par' dir='ltr' id='par_1_65' title="bbox 638 4390 2217 4466">
     <span class='ocr_line' id='line_1_65' title="bbox 638 4390 2217 4466; baseline -0.004 -15"><span class='ocrx_word' id='word_1_491' title='bbox 638 4399 912 4466; x_wconf 80' lang='lat' dir='ltr'><strong>explicare</strong></span> <span class='ocrx_word' id='word_1_492' title='bbox 959 4404 1014 4449; x_wconf 92' lang='lat' dir='ltr'><strong>et</strong></span> <span class='ocrx_word' id='word_1_493' title='bbox 1066 4392 1352 4449; x_wconf 90' lang='lat' dir='ltr'><strong>ostendere</strong></span> <span class='ocrx_word' id='word_1_494' title='bbox 1392 4406 1511 4459; x_wconf 75' lang='lat' dir='ltr'><strong>qua:</strong></span> <span class='ocrx_word' id='word_1_495' title='bbox 1562 4391 1828 4455; x_wconf 91' lang='lat' dir='ltr'><strong>dicuntur,</strong></span> <span class='ocrx_word' id='word_1_496' title='bbox 1881 4400 2006 4444; x_wconf 91' lang='lat' dir='ltr'><strong>tunc</strong></span> <span class='ocrx_word' id='word_1_497' title='bbox 2050 4390 2217 4459; x_wconf 86' lang='lat' dir='ltr'><strong>magis</strong></span> 
     </span>
    </p>
   </div>
   <div class='ocr_carea' id='block_1_66' title="bbox 643 4480 2215 4555">
    <p class='ocr_par' dir='ltr' id='par_1_66' title="bbox 643 4480 2215 4555">
     <span class='ocr_line' id='line_1_66' title="bbox 643 4480 2215 4555; baseline -0.006 -12"><span class='ocrx_word' id='word_1_498' title='bbox 643 4492 806 4543; x_wconf 89' lang='lat' dir='ltr'><strong>Deum</strong></span> <span class='ocrx_word' id='word_1_499' title='bbox 837 4488 1135 4555; x_wconf 81' lang='lat' dir='ltr'><strong>glorificare</strong></span> <span class='ocrx_word' id='word_1_500' title='bbox 1156 4527 1170 4551; x_wconf 95' lang='lat'><strong>,</strong></span> <span class='ocrx_word' id='word_1_501' title='bbox 1201 4484 1340 4554; x_wconf 91' lang='lat' dir='ltr'><strong>quod</strong></span> <span class='ocrx_word' id='word_1_502' title='bbox 1373 4483 1530 4536; x_wconf 84' lang='lat' dir='ltr'><strong>talem</strong></span> <span class='ocrx_word' id='word_1_503' title='bbox 1573 4482 1863 4536; x_wconf 84' lang='lat' dir='ltr'><strong>habeamus</strong></span> <span class='ocrx_word' id='word_1_504' title='bbox 1893 4480 2059 4534; x_wconf 91' lang='lat' dir='ltr'><strong>Deum</strong></span> <span class='ocrx_word' id='word_1_505' title='bbox 2082 4522 2096 4546; x_wconf 89' lang='lat'><strong>,</strong></span> <span class='ocrx_word' id='word_1_506' title='bbox 2126 4480 2215 4550; x_wconf 88' lang='lat' dir='ltr'><strong>qui</strong></span> 
     </span>
    </p>
   </div>
   <div class='ocr_carea' id='block_1_67' title="bbox 641 4570 2207 4642">
    <p class='ocr_par' dir='ltr' id='par_1_67' title="bbox 641 4570 2207 4642">
     <span class='ocr_line' id='line_1_67' title="bbox 641 4570 2207 4642; baseline -0.005 -10"><span class='ocrx_word' id='word_1_507' title='bbox 641 4588 877 4632; x_wconf 85' lang='lat' dir='ltr'><strong>mentem</strong></span> <span class='ocrx_word' id='word_1_508' title='bbox 921 4585 1156 4629; x_wconf 88' lang='lat' dir='ltr'><strong>nostram</strong></span> <span class='ocrx_word' id='word_1_509' title='bbox 1198 4580 1415 4642; x_wconf 89' lang='lat' dir='ltr'><strong>supcrat</strong></span> <span class='ocrx_word' id='word_1_510' title='bbox 1457 4582 1512 4626; x_wconf 91' lang='lat' dir='ltr'><strong>et</strong></span> <span class='ocrx_word' id='word_1_511' title='bbox 1560 4570 1994 4639; x_wconf 83' lang='lat' dir='ltr'><strong>intelligentiam.</strong></span> <span class='ocrx_word' id='word_1_512' title='bbox 2021 4576 2207 4632; x_wconf 73' lang='lat' dir='ltr'><strong>ltiqu</strong></span> 
     </span>
    </p>
   </div>
   <div class='ocr_carea' id='block_1_68' title="bbox 642 4665 2218 4736">
    <p class='ocr_par' dir='ltr' id='par_1_68' title="bbox 642 4665 2218 4736">
     <span class='ocr_line' id='line_1_68' title="bbox 642 4665 2218 4736; baseline -0.008 -12"><span class='ocrx_word' id='word_1_513' title='bbox 642 4672 782 4724; x_wconf 89' lang='lat' dir='ltr'><strong>enim</strong></span> <span class='ocrx_word' id='word_1_514' title='bbox 812 4686 876 4723; x_wconf 87' lang='lat' dir='ltr'><strong>ex</strong></span> <span class='ocrx_word' id='word_1_515' title='bbox 908 4668 993 4730; x_wconf 89' lang='lat' dir='ltr'><strong>iis,</strong></span> <span class='ocrx_word' id='word_1_516' title='bbox 1026 4682 1145 4736; x_wconf 69' lang='lat' dir='ltr'><strong>qua:</strong></span> <span class='ocrx_word' id='word_1_517' title='bbox 1171 4665 1237 4719; x_wconf 91' lang='lat' dir='ltr'><strong>de</strong></span> <span class='ocrx_word' id='word_1_518' title='bbox 1266 4666 1373 4718; x_wconf 90' lang='lat' dir='ltr'><strong>Deo</strong></span> <span class='ocrx_word' id='word_1_519' title='bbox 1400 4674 1578 4717; x_wconf 89' lang='lat' dir='ltr'><strong>mente</strong></span> <span class='ocrx_word' id='word_1_520' title='bbox 1610 4676 1903 4725; x_wconf 89' lang='lat' dir='ltr'><strong>versamus,</strong></span> <span class='ocrx_word' id='word_1_521' title='bbox 1934 4675 2001 4715; x_wconf 89' lang='lat' dir='ltr'><strong>ne</strong></span> <span class='ocrx_word' id='word_1_522' title='bbox 2030 4675 2218 4730; x_wconf 86' lang='lat' dir='ltr'><strong>possu-</strong></span> 
     </span>
    </p>
   </div>
   <div class='ocr_carea' id='block_1_69' title="bbox 644 4752 2220 4828">
    <p class='ocr_par' dir='ltr' id='par_1_69' title="bbox 644 4752 2220 4828">
     <span class='ocr_line' id='line_1_69' title="bbox 644 4752 2220 4828; baseline -0.007 -13"><span class='ocrx_word' id='word_1_523' title='bbox 644 4777 761 4815; x_wconf 87' lang='lat' dir='ltr'><strong>mus</strong></span> <span class='ocrx_word' id='word_1_524' title='bbox 802 4758 1018 4828; x_wconf 89' lang='lat' dir='ltr'><strong>quidem</strong></span> <span class='ocrx_word' id='word_1_525' title='bbox 1042 4758 1218 4826; x_wconf 90' lang='lat' dir='ltr'><strong>eloqui</strong></span> <span class='ocrx_word' id='word_1_526' title='bbox 1250 4774 1262 4808; x_wconf 88' lang='lat'><strong>:</strong></span> <span class='ocrx_word' id='word_1_527' title='bbox 1292 4765 1383 4809; x_wconf 89' lang='lat' dir='ltr'><strong>aut</strong></span> <span class='ocrx_word' id='word_1_528' title='bbox 1409 4754 1575 4809; x_wconf 91' lang='lat' dir='ltr'><strong>multa</strong></span> <span class='ocrx_word' id='word_1_529' title='bbox 1605 4752 1923 4822; x_wconf 88' lang='lat' dir='ltr'><strong>eloquimur,</strong></span> <span class='ocrx_word' id='word_1_530' title='bbox 1964 4766 2068 4805; x_wconf 89' lang='lat' dir='ltr'><strong>nou</strong></span> <span class='ocrx_word' id='word_1_531' title='bbox 2098 4766 2220 4819; x_wconf 86' lang='lat' dir='ltr'><strong>pos-</strong></span> 
     </span>
    </p>
   </div>
   <div class='ocr_carea' id='block_1_70' title="bbox 651 4836 2217 4914">
    <p class='ocr_par' dir='ltr' id='par_1_70' title="bbox 651 4836 2217 4914">
     <span class='ocr_line' id='line_1_70' title="bbox 651 4836 2217 4914; baseline -0.007 -13"><span class='ocrx_word' id='word_1_532' title='bbox 651 4862 836 4901; x_wconf 89' lang='lat' dir='ltr'><strong>sumus</strong></span> <span class='ocrx_word' id='word_1_533' title='bbox 874 4857 1049 4901; x_wconf 87' lang='lat' dir='ltr'><strong>autem</strong></span> <span class='ocrx_word' id='word_1_534' title='bbox 1098 4846 1394 4914; x_wconf 75' lang='lat' dir='ltr'><strong>intelligere</strong></span> <span class='ocrx_word' id='word_1_535' title='bbox 1428 4841 1615 4897; x_wconf 85' lang='lat' dir='ltr'><strong>:verhi</strong></span> <span class='ocrx_word' id='word_1_536' title='bbox 1647 4842 1851 4908; x_wconf 87' lang='lat' dir='ltr'><strong>gratia,</strong></span> <span class='ocrx_word' id='word_1_537' title='bbox 1896 4836 2036 4908; x_wconf 89' lang='lat' dir='ltr'><strong>quod</strong></span> <span class='ocrx_word' id='word_1_538' title='bbox 2080 4837 2217 4891; x_wconf 91' lang='lat' dir='ltr'><strong>Deus</strong></span> 
     </span>
    </p>
   </div>
   <div class='ocr_carea' id='block_1_71' title="bbox 652 4928 2220 5010">
    <p class='ocr_par' dir='ltr' id='par_1_71' title="bbox 652 4928 2220 5010">
     <span class='ocr_line' id='line_1_71' title="bbox 652 4928 2220 5010; baseline -0.008 -17"><span class='ocrx_word' id='word_1_539' title='bbox 652 4941 847 5010; x_wconf 88' lang='lat' dir='ltr'><strong>ubique</strong></span> <span class='ocrx_word' id='word_1_540' title='bbox 883 4941 953 4991; x_wconf 90' lang='lat' dir='ltr'><strong>sit</strong></span> <span class='ocrx_word' id='word_1_541' title='bbox 976 4939 1172 4991; x_wconf 90' lang='lat' dir='ltr'><strong>scimus</strong></span> <span class='ocrx_word' id='word_1_542' title='bbox 1198 4954 1211 5000; x_wconf 91' lang='lat'><strong>;</strong></span> <span class='ocrx_word' id='word_1_543' title='bbox 1240 4933 1506 5003; x_wconf 91' lang='lat' dir='ltr'><strong>quomodo</strong></span> <span class='ocrx_word' id='word_1_544' title='bbox 1536 4943 1713 4986; x_wconf 89' lang='lat' dir='ltr'><strong>autem</strong></span> <span class='ocrx_word' id='word_1_545' title='bbox 1737 4972 1750 4994; x_wconf 94' lang='lat'><strong>,</strong></span> <span class='ocrx_word' id='word_1_546' title='bbox 1782 4947 1886 4984; x_wconf 90' lang='lat' dir='ltr'><strong>non</strong></span> <span class='ocrx_word' id='word_1_547' title='bbox 1918 4930 2100 4998; x_wconf 88' lang='lat' dir='ltr'><strong>utique</strong></span> <span class='ocrx_word' id='word_1_548' title='bbox 2139 4928 2220 4981; x_wconf 91' lang='lat' dir='ltr'><strong>in-</strong></span> 
     </span>
    </p>
   </div>
   <div class='ocr_carea' id='block_1_72' title="bbox 659 5025 2225 5101">
    <p class='ocr_par' dir='ltr' id='par_1_72' title="bbox 659 5025 2225 5101">
     <span class='ocr_line' id='line_1_72' title="bbox 659 5025 2225 5101; baseline -0.007 -16"><span class='ocrx_word' id='word_1_549' title='bbox 659 5032 945 5101; x_wconf 83' lang='lat' dir='ltr'><strong>telligimus</strong></span> <span class='ocrx_word' id='word_1_550' title='bbox 979 5048 992 5083; x_wconf 88' lang='lat'><strong>:</strong></span> <span class='ocrx_word' id='word_1_551' title='bbox 1025 5029 1167 5100; x_wconf 89' lang='lat' dir='ltr'><strong>qttod</strong></span> <span class='ocrx_word' id='word_1_552' title='bbox 1212 5029 1283 5082; x_wconf 89' lang='lat' dir='ltr'><strong>sit</strong></span> <span class='ocrx_word' id='word_1_553' title='bbox 1317 5027 1398 5081; x_wconf 87' lang='lat' dir='ltr'><strong>vis</strong></span> <span class='ocrx_word' id='word_1_554' title='bbox 1439 5026 1679 5095; x_wconf 55' lang='lat' dir='ltr'><strong>quaedam</strong></span> <span class='ocrx_word' id='word_1_555' title='bbox 1724 5025 2031 5093; x_wconf 89' lang='lat' dir='ltr'><strong>incorporea</strong></span> <span class='ocrx_word' id='word_1_556' title='bbox 2054 5061 2069 5089; x_wconf 89' lang='lat'><strong>,</strong></span> <span class='ocrx_word' id='word_1_557' title='bbox 2113 5035 2225 5076; x_wconf 95' lang='lat' dir='ltr'><strong>om-</strong></span> 
     </span>
    </p>
   </div>
   <div class='ocr_carea' id='block_1_73' title="bbox 657 5112 2223 5185">
    <p class='ocr_par' dir='ltr' id='par_1_73' title="bbox 657 5112 2223 5185">
     <span class='ocr_line' id='line_1_73' title="bbox 657 5112 2223 5185; baseline -0.006 -11"><span class='ocrx_word' id='word_1_558' title='bbox 657 5122 799 5174; x_wconf 90' lang='lat' dir='ltr'><strong>nium</strong></span> <span class='ocrx_word' id='word_1_559' title='bbox 840 5120 1099 5174; x_wconf 90' lang='lat' dir='ltr'><strong>bonorum</strong></span> <span class='ocrx_word' id='word_1_560' title='bbox 1142 5133 1320 5184; x_wconf 88' lang='lat' dir='ltr'><strong>causa,</strong></span> <span class='ocrx_word' id='word_1_561' title='bbox 1368 5117 1597 5182; x_wconf 90' lang='lat' dir='ltr'><strong>scimus;</strong></span> <span class='ocrx_word' id='word_1_562' title='bbox 1636 5115 1904 5185; x_wconf 89' lang='lat' dir='ltr'><strong>quomodo</strong></span> <span class='ocrx_word' id='word_1_563' title='bbox 1931 5123 2108 5168; x_wconf 91' lang='lat' dir='ltr'><strong>autem</strong></span> <span class='ocrx_word' id='word_1_564' title='bbox 2136 5112 2223 5178; x_wconf 88' lang='lat' dir='ltr'><strong>sit,</strong></span> 
     </span>
    </p>
   </div>
   <div class='ocr_carea' id='block_1_74' title="bbox 656 5203 2229 5279">
    <p class='ocr_par' dir='ltr' id='par_1_74' title="bbox 656 5203 2229 5279">
     <span class='ocr_line' id='line_1_74' title="bbox 656 5203 2229 5279; baseline -0.006 -14"><span class='ocrx_word' id='word_1_565' title='bbox 656 5221 744 5265; x_wconf 84' lang='lat' dir='ltr'><strong>aut</strong></span> <span class='ocrx_word' id='word_1_566' title='bbox 783 5225 1025 5279; x_wconf 67' lang='lat' dir='ltr'><strong>quasnam</strong></span> <span class='ocrx_word' id='word_1_567' title='bbox 1058 5209 1125 5262; x_wconf 87' lang='lat' dir='ltr'><strong>sit</strong></span> <span class='ocrx_word' id='word_1_568' title='bbox 1154 5210 1439 5263; x_wconf 90' lang='lat' dir='ltr'><strong>nescimus.</strong></span> <span class='ocrx_word' id='word_1_569' title='bbox 1475 5206 1612 5261; x_wconf 86' lang='lat' dir='ltr'><strong>Ecce</strong></span> <span class='ocrx_word' id='word_1_570' title='bbox 1638 5206 1863 5260; x_wconf 87' lang='lat' dir='ltr'><strong>dicimus</strong></span> <span class='ocrx_word' id='word_1_571' title='bbox 1883 5246 1897 5270; x_wconf 93' lang='lat'><strong>,</strong></span> <span class='ocrx_word' id='word_1_572' title='bbox 1934 5214 1987 5259; x_wconf 90' lang='lat' dir='ltr'><strong>et</strong></span> <span class='ocrx_word' id='word_1_573' title='bbox 2017 5219 2120 5257; x_wconf 90' lang='lat' dir='ltr'><strong>non</strong></span> <span class='ocrx_word' id='word_1_574' title='bbox 2151 5203 2229 5256; x_wconf 88' lang='lat' dir='ltr'><strong>in-</strong></span> 
     </span>
    </p>
   </div>
   <div class='ocr_carea' id='block_1_75' title="bbox 655 5295 2227 5369">
    <p class='ocr_par' dir='ltr' id='par_1_75' title="bbox 655 5295 2227 5369">
     <span class='ocr_line' id='line_1_75' title="bbox 655 5295 2227 5369; baseline -0.002 -17"><span class='ocrx_word' id='word_1_575' title='bbox 655 5301 965 5368; x_wconf 82' lang='lat' dir='ltr'><strong>telligimus.</strong></span> <span class='ocrx_word' id='word_1_576' title='bbox 998 5299 1111 5353; x_wconf 82' lang='lat' dir='ltr'><strong>Dixi</strong></span> <span class='ocrx_word' id='word_1_577' title='bbox 1151 5313 1269 5354; x_wconf 82' lang='lat' dir='ltr'><strong>esse</strong></span> <span class='ocrx_word' id='word_1_578' title='bbox 1300 5299 1491 5369; x_wconf 88' lang='lat' dir='ltr'><strong>ubique</strong></span> <span class='ocrx_word' id='word_1_579' title='bbox 1513 5341 1525 5363; x_wconf 92' lang='lat'><strong>,</strong></span> <span class='ocrx_word' id='word_1_580' title='bbox 1559 5297 1651 5353; x_wconf 91' lang='lat' dir='ltr'><strong>sed</strong></span> <span class='ocrx_word' id='word_1_581' title='bbox 1680 5312 1784 5351; x_wconf 92' lang='lat' dir='ltr'><strong>non</strong></span> <span class='ocrx_word' id='word_1_582' title='bbox 1824 5296 2091 5365; x_wconf 75' lang='lat' dir='ltr'><strong>intelligo;</strong></span> <span class='ocrx_word' id='word_1_583' title='bbox 2120 5295 2227 5350; x_wconf 77' lang='lat' dir='ltr'><strong>dixi</strong></span> 
     </span>
    </p>
   </div>
   <div class='ocr_carea' id='block_1_76' title="bbox 659 5386 2231 5459">
    <p class='ocr_par' dir='ltr' id='par_1_76' title="bbox 659 5386 2231 5459">
     <span class='ocr_line' id='line_1_76' title="bbox 659 5386 2231 5459; baseline -0.004 -14"><span class='ocrx_word' id='word_1_584' title='bbox 659 5401 778 5445; x_wconf 82' lang='lat' dir='ltr'><strong>esse</strong></span> <span class='ocrx_word' id='word_1_585' title='bbox 808 5392 922 5445; x_wconf 90' lang='lat' dir='ltr'><strong>sine</strong></span> <span class='ocrx_word' id='word_1_586' title='bbox 955 5390 1214 5459; x_wconf 90' lang='lat' dir='ltr'><strong>principio</strong></span> <span class='ocrx_word' id='word_1_587' title='bbox 1238 5431 1251 5456; x_wconf 93' lang='lat'><strong>,</strong></span> <span class='ocrx_word' id='word_1_588' title='bbox 1298 5399 1349 5444; x_wconf 93' lang='lat' dir='ltr'><strong>et</strong></span> <span class='ocrx_word' id='word_1_589' title='bbox 1390 5405 1491 5442; x_wconf 92' lang='lat' dir='ltr'><strong>non</strong></span> <span class='ocrx_word' id='word_1_590' title='bbox 1527 5387 1789 5457; x_wconf 81' lang='lat' dir='ltr'><strong>intelligo;</strong></span> <span class='ocrx_word' id='word_1_591' title='bbox 1833 5386 1937 5440; x_wconf 83' lang='lat' dir='ltr'><strong>dixi</strong></span> <span class='ocrx_word' id='word_1_592' title='bbox 1980 5386 2231 5457; x_wconf 79' lang='lat' dir='ltr'><strong>genuisse</strong></span> 
     </span>
    </p>
   </div>
   <div class='ocr_carea' id='block_1_77' title="bbox 668 5477 2229 5551">
    <p class='ocr_par' dir='ltr' id='par_1_77' title="bbox 668 5477 2229 5551">
     <span class='ocr_line' id='line_1_77' title="bbox 668 5477 2229 5551; baseline -0.003 -15"><span class='ocrx_word' id='word_1_593' title='bbox 668 5498 721 5536; x_wconf 72' lang='lat' dir='ltr'><strong>ex</strong></span> <span class='ocrx_word' id='word_1_594' title='bbox 750 5483 944 5551; x_wconf 87' lang='lat' dir='ltr'><strong>soipso,</strong></span> <span class='ocrx_word' id='word_1_595' title='bbox 975 5492 1028 5536; x_wconf 91' lang='lat' dir='ltr'><strong>et</strong></span> <span class='ocrx_word' id='word_1_596' title='bbox 1054 5482 1232 5536; x_wconf 81' lang='lat' dir='ltr'><strong>nescio</strong></span> <span class='ocrx_word' id='word_1_597' title='bbox 1254 5480 1517 5550; x_wconf 90' lang='lat' dir='ltr'><strong>quomodo</strong></span> <span class='ocrx_word' id='word_1_598' title='bbox 1544 5494 1723 5533; x_wconf 90' lang='lat' dir='ltr'><strong>rursus</strong></span> <span class='ocrx_word' id='word_1_599' title='bbox 1747 5478 2057 5547; x_wconf 78' lang='lat' dir='ltr'><strong>intelligant.</strong></span> <span class='ocrx_word' id='word_1_600' title='bbox 2094 5477 2229 5531; x_wconf 87' lang='lat' dir='ltr'><strong>Sunt</strong></span> 
     </span>
    </p>
   </div>
   <div class='ocr_carea' id='block_1_78' title="bbox 664 5570 2229 5645">
    <p class='ocr_par' dir='ltr' id='par_1_78' title="bbox 664 5570 2229 5645">
     <span class='ocr_line' id='line_1_78' title="bbox 664 5570 2229 5645; baseline -0.004 -16"><span class='ocrx_word' id='word_1_601' title='bbox 664 5591 787 5644; x_wconf 72' lang='lat' dir='ltr'><strong>ergo</strong></span> <span class='ocrx_word' id='word_1_602' title='bbox 840 5575 1079 5643; x_wconf 74' lang='lat' dir='ltr'><strong>quaedam</strong></span> <span class='ocrx_word' id='word_1_603' title='bbox 1132 5592 1249 5645; x_wconf 71' lang='lat' dir='ltr'><strong>quae</strong></span> <span class='ocrx_word' id='word_1_604' title='bbox 1300 5589 1399 5629; x_wconf 88' lang='lat' dir='ltr'><strong>nec</strong></span> <span class='ocrx_word' id='word_1_605' title='bbox 1448 5573 1551 5628; x_wconf 89' lang='lat' dir='ltr'><strong>dici</strong></span> <span class='ocrx_word' id='word_1_606' title='bbox 1595 5581 1817 5644; x_wconf 89' lang='lat' dir='ltr'><strong>possunt</strong></span> <span class='ocrx_word' id='word_1_607' title='bbox 1852 5590 1864 5626; x_wconf 92' lang='lat'>:</span> <span class='ocrx_word' id='word_1_608' title='bbox 1899 5580 1956 5626; x_wconf 91' lang='lat' dir='ltr'><strong>ut</strong></span> <span class='ocrx_word' id='word_1_609' title='bbox 2002 5570 2229 5635; x_wconf 78' lang='lat' dir='ltr'><strong>cxcnqli</strong></span> 
     </span>
    </p>
   </div>
   <div class='ocr_carea' id='block_1_79' title="bbox 720 5727 2236 5793">
    <p class='ocr_par' dir='ltr' id='par_1_79' title="bbox 720 5727 2236 5793">
     <span class='ocr_line' id='line_1_79' title="bbox 720 5727 2236 5793; baseline -0.007 -10"><span class='ocrx_word' id='word_1_610' title='bbox 720 5736 736 5767; x_wconf 75' lang='grc' dir='ltr'><strong>ι</strong></span> <span class='ocrx_word' id='word_1_611' title='bbox 763 5731 818 5783; x_wconf 84' lang='lat' dir='ltr'><strong>In</strong></span> <span class='ocrx_word' id='word_1_612' title='bbox 841 5729 1117 5783; x_wconf 65' lang='lat' dir='ltr'><strong>(iolbertino</strong></span> <span class='ocrx_word' id='word_1_613' title='bbox 1140 5736 1246 5793; x_wconf 87' lang='lat' dir='ltr'><strong>post</strong></span> <span class='ocrx_word' id='word_1_614' title='bbox 1271 5730 1466 5781; x_wconf 89' lang='lat' dir='ltr'><strong>allatum</strong></span> <span class='ocrx_word' id='word_1_615' title='bbox 1492 5730 1757 5792; x_wconf 74' lang='lat' dir='ltr'><strong>Scriptura:</strong></span> <span class='ocrx_word' id='word_1_616' title='bbox 1781 5743 1929 5779; x_wconf 77' lang='lat' dir='ltr'><strong>sacra:</strong></span> <span class='ocrx_word' id='word_1_617' title='bbox 1955 5728 2112 5778; x_wconf 85' lang='lat' dir='ltr'><strong>locum</strong></span> <span class='ocrx_word' id='word_1_618' title='bbox 2151 5727 2236 5793; x_wconf 82' lang='lat' dir='ltr'><strong>ho-</strong></span> 
     </span>
    </p>
   </div>
   <div class='ocr_carea' id='block_1_80' title="bbox 659 5790 2236 5853">
    <p class='ocr_par' dir='ltr' id='par_1_80' title="bbox 659 5790 2236 5853">
     <span class='ocr_line' id='line_1_80' title="bbox 659 5790 2236 5853; baseline -0.006 -10"><span class='ocrx_word' id='word_1_619' title='bbox 659 5796 786 5843; x_wconf 87' lang='lat' dir='ltr'><strong>milia</strong></span> <span class='ocrx_word' id='word_1_620' title='bbox 821 5793 1029 5843; x_wconf 86' lang='lat' dir='ltr'><strong>secunda</strong></span> <span class='ocrx_word' id='word_1_621' title='bbox 1066 5790 1154 5841; x_wconf 57' lang='lat' dir='ltr'><strong>hie&#39;</strong></span> <span class='ocrx_word' id='word_1_622' title='bbox 1185 5795 1375 5853; x_wconf 85' lang='lat' dir='ltr'><strong>incinit,</strong></span> <span class='ocrx_word' id='word_1_623' title='bbox 1412 5790 1730 5843; x_wconf 64' lang='lat' dir='ltr'><strong>omissisaliis</strong></span> <span class='ocrx_word' id='word_1_624' title='bbox 1763 5794 2001 5850; x_wconf 82' lang='lat' dir='ltr'><strong>omnibus,</strong></span> <span class='ocrx_word' id='word_1_625' title='bbox 2041 5802 2149 5851; x_wconf 72' lang='lat' dir='ltr'><strong>«pne</strong></span> <span class='ocrx_word' id='word_1_626' title='bbox 2193 5790 2236 5835; x_wconf 91' lang='lat' dir='ltr'><strong>in</strong></span> 
     </span>
    </p>
   </div>
   <div class='ocr_carea' id='block_1_81' title="bbox 662 5857 1194 5919">
    <p class='ocr_par' dir='ltr' id='par_1_81' title="bbox 662 5857 1194 5919">
     <span class='ocr_line' id='line_1_81' title="bbox 662 5857 1194 5919; baseline -0.009 -13"><span class='ocrx_word' id='word_1_627' title='bbox 662 5858 802 5906; x_wconf 69' lang='lat' dir='ltr'><strong>litlito</strong></span> <span class='ocrx_word' id='word_1_628' title='bbox 829 5857 1194 5919; x_wconf 70' lang='lat' dir='ltr'><strong>prtmnittuntur.</strong></span> 
     </span>
    </p>
   </div>
   <div class='ocr_carea' id='block_1_82' title="bbox 2328 2744 3901 2817">
    <p class='ocr_par' dir='ltr' id='par_1_82' title="bbox 2328 2744 3901 2817">
     <span class='ocr_line' id='line_1_82' title="bbox 2328 2744 3901 2817; baseline 0.009 -26"><span class='ocrx_word' id='word_1_629' title='bbox 2328 2752 2499 2803; x_wconf 72' lang='lat' dir='ltr'><strong>causa,</strong></span> <span class='ocrx_word' id='word_1_630' title='bbox 2536 2744 2781 2814; x_wconf 77' lang='lat' dir='ltr'><strong>intelligit</strong></span> <span class='ocrx_word' id='word_1_631' title='bbox 2821 2747 3102 2815; x_wconf 80' lang='lat' dir='ltr'><strong>cegitatio,</strong></span> <span class='ocrx_word' id='word_1_632' title='bbox 3147 2748 3238 2802; x_wconf 91' lang='lat' dir='ltr'><strong>sed</strong></span> <span class='ocrx_word' id='word_1_633' title='bbox 3267 2765 3369 2801; x_wconf 88' lang='lat' dir='ltr'><strong>non</strong></span> <span class='ocrx_word' id='word_1_634' title='bbox 3401 2758 3574 2817; x_wconf 90' lang='lat' dir='ltr'><strong>potest</strong></span> <span class='ocrx_word' id='word_1_635' title='bbox 3598 2749 3796 2805; x_wconf 88' lang='lat' dir='ltr'><strong>dicere.</strong></span> <span class='ocrx_word' id='word_1_636' title='bbox 3829 2751 3901 2805; x_wconf 86' lang='lat' dir='ltr'><strong>Et</strong></span> 
     </span>
    </p>
   </div>
   <div class='ocr_carea' id='block_1_83' title="bbox 2320 2831 3899 2905">
    <p class='ocr_par' dir='ltr' id='par_1_83' title="bbox 2320 2831 3899 2905">
     <span class='ocr_line' id='line_1_83' title="bbox 2320 2831 3899 2905; baseline 0.008 -25"><span class='ocrx_word' id='word_1_637' title='bbox 2320 2838 2378 2881; x_wconf 89' lang='lat' dir='ltr'><strong>ut</strong></span> <span class='ocrx_word' id='word_1_638' title='bbox 2408 2831 2546 2885; x_wconf 87' lang='lat' dir='ltr'><strong>scias</strong></span> <span class='ocrx_word' id='word_1_639' title='bbox 2579 2832 2795 2888; x_wconf 77' lang='lat' dir='ltr'><strong>Paulum</strong></span> <span class='ocrx_word' id='word_1_640' title='bbox 2824 2851 3034 2905; x_wconf 89' lang='lat' dir='ltr'><strong>quoque</strong></span> <span class='ocrx_word' id='word_1_641' title='bbox 3072 2851 3191 2891; x_wconf 87' lang='lat' dir='ltr'><strong>esse</strong></span> <span class='ocrx_word' id='word_1_642' title='bbox 3235 2838 3581 2905; x_wconf 88' lang='lat' dir='ltr'><strong>imbecillum,</strong></span> <span class='ocrx_word' id='word_1_643' title='bbox 3613 2848 3669 2895; x_wconf 89' lang='lat' dir='ltr'><strong>et</strong></span> <span class='ocrx_word' id='word_1_644' title='bbox 3710 2855 3899 2895; x_wconf 82' lang='lat' dir='ltr'><strong>exem-</strong></span> 
     </span>
    </p>
   </div>
   <div class='ocr_carea' id='block_1_84' title="bbox 2324 2920 3899 3004">
    <p class='ocr_par' dir='ltr' id='par_1_84' title="bbox 2324 2920 3899 3004">
     <span class='ocr_line' id='line_1_84' title="bbox 2324 2920 3899 3004; baseline 0.008 -33"><span class='ocrx_word' id='word_1_645' title='bbox 2324 2920 2407 2988; x_wconf 86' lang='lat' dir='ltr'><strong>pla</strong></span> <span class='ocrx_word' id='word_1_646' title='bbox 2442 2938 2544 2976; x_wconf 89' lang='lat' dir='ltr'><strong>non</strong></span> <span class='ocrx_word' id='word_1_647' title='bbox 2577 2935 2762 2979; x_wconf 81' lang='lat' dir='ltr'><strong>exacte</strong></span> <span class='ocrx_word' id='word_1_648' title='bbox 2795 2926 2997 2991; x_wconf 89' lang='lat' dir='ltr'><strong>dicere,</strong></span> <span class='ocrx_word' id='word_1_649' title='bbox 3035 2935 3093 2980; x_wconf 91' lang='lat' dir='ltr'><strong>et</strong></span> <span class='ocrx_word' id='word_1_650' title='bbox 3113 2930 3525 3004; x_wconf 67' lang='lat' dir='ltr'><strong>coutremiscas,</strong></span> <span class='ocrx_word' id='word_1_651' title='bbox 3553 2944 3726 2998; x_wconf 90' lang='lat' dir='ltr'><strong>neque</strong></span> <span class='ocrx_word' id='word_1_652' title='bbox 3757 2929 3899 2984; x_wconf 85' lang='lat' dir='ltr'><strong>ulte-</strong></span> 
     </span>
    </p>
   </div>
   <div class='ocr_carea' id='block_1_85' title="bbox 2320 3012 3893 3086">
    <p class='ocr_par' dir='ltr' id='par_1_85' title="bbox 2320 3012 3893 3086">
     <span class='ocr_line' id='line_1_85' title="bbox 2320 3012 3893 3086; baseline 0.007 -22"><span class='ocrx_word' id='word_1_653' title='bbox 2320 3012 2430 3064; x_wconf 86' lang='lat' dir='ltr'><strong>rius</strong></span> <span class='ocrx_word' id='word_1_654' title='bbox 2462 3014 2657 3082; x_wconf 86' lang='lat' dir='ltr'><strong>aliquid</strong></span> <span class='ocrx_word' id='word_1_655' title='bbox 2691 3032 2921 3085; x_wconf 69' lang='lat' dir='ltr'><strong>quarras,</strong></span> <span class='ocrx_word' id='word_1_656' title='bbox 2951 3018 3073 3071; x_wconf 88' lang='lat' dir='ltr'><strong>audi</strong></span> <span class='ocrx_word' id='word_1_657' title='bbox 3105 3037 3116 3070; x_wconf 92' lang='lat'><strong>:</strong></span> <span class='ocrx_word' id='word_1_658' title='bbox 3149 3036 3267 3072; x_wconf 88' lang='lat' dir='ltr'><strong>nam</strong></span> <span class='ocrx_word' id='word_1_659' title='bbox 3290 3036 3410 3073; x_wconf 87' lang='lat' dir='ltr'><strong>cum</strong></span> <span class='ocrx_word' id='word_1_660' title='bbox 3434 3020 3656 3076; x_wconf 80' lang='lat' dir='ltr'><strong>dixisset</strong></span> <span class='ocrx_word' id='word_1_661' title='bbox 3678 3022 3893 3086; x_wconf 82' lang='lat' dir='ltr'><strong>Filium,</strong></span> 
     </span>
    </p>
   </div>
   <div class='ocr_carea' id='block_1_86' title="bbox 2318 3104 3977 3182">
    <p class='ocr_par' dir='ltr' id='par_1_86' title="bbox 2318 3104 3977 3182">
     <span class='ocr_line' id='line_1_86' title="bbox 2318 3104 3977 3182; baseline 0.004 -24"><span class='ocrx_word' id='word_1_662' title='bbox 2318 3104 2668 3175; x_wconf 84' lang='lat' dir='ltr'><strong>Opificemque</strong></span> <span class='ocrx_word' id='word_1_663' title='bbox 2694 3109 2981 3175; x_wconf 85' lang='lat' dir='ltr'><strong>posuisset,</strong></span> <span class='ocrx_word' id='word_1_664' title='bbox 3013 3109 3136 3176; x_wconf 91' lang='lat' dir='ltr'><strong>quid</strong></span> <span class='ocrx_word' id='word_1_665' title='bbox 3167 3109 3337 3164; x_wconf 88' lang='lat' dir='ltr'><strong>dicit?</strong></span> <span class='ocrx_word' id='word_1_666' title='bbox 3366 3111 3462 3176; x_wconf 84' lang='lat' dir='ltr'><strong>Qui</strong></span> <span class='ocrx_word' id='word_1_667' title='bbox 3496 3128 3610 3165; x_wconf 85' lang='lat' dir='ltr'><strong>cum</strong></span> <span class='ocrx_word' id='word_1_668' title='bbox 3634 3113 3697 3166; x_wconf 83' lang='lat' dir='ltr'><strong>sit</strong></span> <span class='ocrx_word' id='word_1_669' title='bbox 3724 3115 3900 3182; x_wconf 81' lang='lat' dir='ltr'><strong>spten-</strong></span> <span class='ocrx_word' id='word_1_670' title='bbox 3970 3160 3977 3165; x_wconf 90' lang='lat'><strong>.</strong></span> 
     </span>
    </p>
   </div>
   <div class='ocr_carea' id='block_1_87' title="bbox 2317 3195 3899 3273">
    <p class='ocr_par' dir='ltr' id='par_1_87' title="bbox 2317 3195 3899 3273">
     <span class='ocr_line' id='line_1_87' title="bbox 2317 3195 3899 3273; baseline 0.006 -24"><span class='ocrx_word' id='word_1_671' title='bbox 2317 3195 2412 3249; x_wconf 81' lang='lat' dir='ltr'><strong>dor</strong></span> <span class='ocrx_word' id='word_1_672' title='bbox 2438 3198 2635 3267; x_wconf 69' lang='lat' dir='ltr'><strong>glorise,</strong></span> <span class='ocrx_word' id='word_1_673' title='bbox 2666 3210 2711 3252; x_wconf 89' lang='lat' dir='ltr'><strong>et</strong></span> <span class='ocrx_word' id='word_1_674' title='bbox 2738 3201 2899 3268; x_wconf 82' lang='lat' dir='ltr'><strong>ﬁgura</strong></span> <span class='ocrx_word' id='word_1_675' title='bbox 2922 3201 3215 3257; x_wconf 79' lang='lat' dir='ltr'><strong>substantia:</strong></span> <span class='ocrx_word' id='word_1_676' title='bbox 3242 3206 3371 3271; x_wconf 82' lang='lat' dir='ltr'><strong>ejus.</strong></span> <span class='ocrx_word' id='word_1_677' title='bbox 3404 3204 3518 3259; x_wconf 83' lang='lat' dir='ltr'><strong>Hoc</strong></span> <span class='ocrx_word' id='word_1_678' title='bbox 3550 3207 3635 3273; x_wconf 85' lang='lat' dir='ltr'><strong>pic</strong></span> <span class='ocrx_word' id='word_1_679' title='bbox 3655 3214 3735 3261; x_wconf 92' lang='lat' dir='ltr'><strong>est</strong></span> <span class='ocrx_word' id='word_1_680' title='bbox 3756 3207 3899 3259; x_wconf 85' lang='lat' dir='ltr'><strong>acci-</strong></span> 
     </span>
    </p>
   </div>
   <div class='ocr_carea' id='block_1_88' title="bbox 2320 3287 3899 3368">
    <p class='ocr_par' dir='ltr' id='par_1_88' title="bbox 2320 3287 3899 3368">
     <span class='ocr_line' id='line_1_88' title="bbox 2320 3287 3899 3368; baseline 0.008 -28"><span class='ocrx_word' id='word_1_681' title='bbox 2320 3287 2571 3355; x_wconf 88' lang='lat' dir='ltr'><strong>piendum</strong></span> <span class='ocrx_word' id='word_1_682' title='bbox 2596 3330 2609 3352; x_wconf 93' lang='lat'><strong>,</strong></span> <span class='ocrx_word' id='word_1_683' title='bbox 2639 3302 2693 3344; x_wconf 90' lang='lat' dir='ltr'><strong>et</strong></span> <span class='ocrx_word' id='word_1_684' title='bbox 2721 3292 3077 3347; x_wconf 84' lang='lat' dir='ltr'><strong>abscindenda</strong></span> <span class='ocrx_word' id='word_1_685' title='bbox 3109 3310 3228 3363; x_wconf 70' lang='lat' dir='ltr'><strong>qua:</strong></span> <span class='ocrx_word' id='word_1_686' title='bbox 3258 3304 3383 3349; x_wconf 87' lang='lat' dir='ltr'><strong>sunt</strong></span> <span class='ocrx_word' id='word_1_687' title='bbox 3420 3297 3671 3353; x_wconf 91' lang='lat' dir='ltr'><strong>absurda.</strong></span> <span class='ocrx_word' id='word_1_688' title='bbox 3703 3299 3899 3368; x_wconf 80' lang='lat' dir='ltr'><strong>Splen-</strong></span> 
     </span>
    </p>
   </div>
   <div class='ocr_carea' id='block_1_89' title="bbox 2316 3379 3898 3457">
    <p class='ocr_par' dir='ltr' id='par_1_89' title="bbox 2316 3379 3898 3457">
     <span class='ocr_line' id='line_1_89' title="bbox 2316 3379 3898 3457; baseline 0.009 -27"><span class='ocrx_word' id='word_1_689' title='bbox 2316 3380 2411 3431; x_wconf 80' lang='lat' dir='ltr'><strong>dor</strong></span> <span class='ocrx_word' id='word_1_690' title='bbox 2436 3379 2631 3449; x_wconf 67' lang='lat' dir='ltr'><strong>glorior,</strong></span> <span class='ocrx_word' id='word_1_691' title='bbox 2663 3381 2854 3451; x_wconf 92' lang='lat' dir='ltr'><strong>inquit.</strong></span> <span class='ocrx_word' id='word_1_692' title='bbox 2891 3383 2997 3439; x_wconf 86' lang='lat' dir='ltr'><strong>Sed</strong></span> <span class='ocrx_word' id='word_1_693' title='bbox 3028 3384 3148 3438; x_wconf 90' lang='lat' dir='ltr'><strong>vide</strong></span> <span class='ocrx_word' id='word_1_694' title='bbox 3177 3385 3241 3438; x_wconf 87' lang='lat' dir='ltr'><strong>ad</strong></span> <span class='ocrx_word' id='word_1_695' title='bbox 3268 3386 3396 3455; x_wconf 91' lang='lat' dir='ltr'><strong>quid</strong></span> <span class='ocrx_word' id='word_1_696' title='bbox 3429 3386 3531 3441; x_wconf 92' lang='lat' dir='ltr'><strong>hoc</strong></span> <span class='ocrx_word' id='word_1_697' title='bbox 3558 3388 3805 3457; x_wconf 89' lang='lat' dir='ltr'><strong>accipiat,</strong></span> <span class='ocrx_word' id='word_1_698' title='bbox 3839 3400 3898 3444; x_wconf 89' lang='lat' dir='ltr'><strong>et</strong></span> 
     </span>
    </p>
   </div>
   <div class='ocr_carea' id='block_1_90' title="bbox 2316 3469 3901 3546">
    <p class='ocr_par' dir='ltr' id='par_1_90' title="bbox 2316 3469 3901 3546">
     <span class='ocr_line' id='line_1_90' title="bbox 2316 3469 3901 3546; baseline 0.008 -25"><span class='ocrx_word' id='word_1_699' title='bbox 2316 3469 2386 3522; x_wconf 88' lang='lat' dir='ltr'><strong>ita</strong></span> <span class='ocrx_word' id='word_1_700' title='bbox 2413 3470 2593 3540; x_wconf 89' lang='lat' dir='ltr'><strong>accipe</strong></span> <span class='ocrx_word' id='word_1_701' title='bbox 2619 3490 2629 3523; x_wconf 94' lang='lat'>:</span> <span class='ocrx_word' id='word_1_702' title='bbox 2659 3471 2798 3541; x_wconf 91' lang='lat' dir='ltr'><strong>quod</strong></span> <span class='ocrx_word' id='word_1_703' title='bbox 2828 3488 2891 3526; x_wconf 84' lang='lat' dir='ltr'><strong>ex</strong></span> <span class='ocrx_word' id='word_1_704' title='bbox 2916 3474 3049 3541; x_wconf 89' lang='lat' dir='ltr'><strong>ipso,</strong></span> <span class='ocrx_word' id='word_1_705' title='bbox 3076 3474 3215 3543; x_wconf 89' lang='lat' dir='ltr'><strong>quod</strong></span> <span class='ocrx_word' id='word_1_706' title='bbox 3245 3475 3628 3543; x_wconf 86' lang='lat' dir='ltr'><strong>impatibiliter,</strong></span> <span class='ocrx_word' id='word_1_707' title='bbox 3658 3477 3800 3546; x_wconf 90' lang='lat' dir='ltr'><strong>quod</strong></span> <span class='ocrx_word' id='word_1_708' title='bbox 3832 3493 3901 3533; x_wconf 91' lang='lat' dir='ltr'><strong>co</strong></span> 
     </span>
    </p>
   </div>
   <div class='ocr_carea' id='block_1_91' title="bbox 2316 3561 3902 3639">
    <p class='ocr_par' dir='ltr' id='par_1_91' title="bbox 2316 3561 3902 3639">
     <span class='ocr_line' id='line_1_91' title="bbox 2316 3561 3902 3639; baseline 0.007 -27"><span class='ocrx_word' id='word_1_709' title='bbox 2316 3576 2421 3614; x_wconf 91' lang='lat' dir='ltr'><strong>non</strong></span> <span class='ocrx_word' id='word_1_710' title='bbox 2448 3561 2707 3616; x_wconf 89' lang='lat' dir='ltr'><strong>diminuto</strong></span> <span class='ocrx_word' id='word_1_711' title='bbox 2738 3579 2837 3617; x_wconf 89' lang='lat' dir='ltr'><strong>nec</strong></span> <span class='ocrx_word' id='word_1_712' title='bbox 2867 3564 3060 3619; x_wconf 74' lang='lat' dir='ltr'><strong>elfccto</strong></span> <span class='ocrx_word' id='word_1_713' title='bbox 3092 3567 3283 3619; x_wconf 90' lang='lat' dir='ltr'><strong>minori</strong></span> <span class='ocrx_word' id='word_1_714' title='bbox 3312 3584 3325 3619; x_wconf 86' lang='lat'><strong>:</strong></span> <span class='ocrx_word' id='word_1_715' title='bbox 3354 3568 3603 3635; x_wconf 79' lang='lat' dir='ltr'><strong>quoniam</strong></span> <span class='ocrx_word' id='word_1_716' title='bbox 3633 3578 3757 3623; x_wconf 91' lang='lat' dir='ltr'><strong>sunt</strong></span> <span class='ocrx_word' id='word_1_717' title='bbox 3786 3570 3902 3639; x_wconf 88' lang='lat' dir='ltr'><strong>qui-</strong></span> 
     </span>
    </p>
   </div>
   <div class='ocr_carea' id='block_1_92' title="bbox 2317 3651 3897 3727">
    <p class='ocr_par' dir='ltr' id='par_1_92' title="bbox 2317 3651 3897 3727">
     <span class='ocr_line' id='line_1_92' title="bbox 2317 3651 3897 3727; baseline 0.004 -23"><span class='ocrx_word' id='word_1_718' title='bbox 2317 3651 2437 3706; x_wconf 89' lang='lat' dir='ltr'><strong>dam</strong></span> <span class='ocrx_word' id='word_1_719' title='bbox 2486 3654 2575 3722; x_wconf 92' lang='lat' dir='ltr'><strong>qui</strong></span> <span class='ocrx_word' id='word_1_720' title='bbox 2629 3654 2870 3723; x_wconf 72' lang='lat' dir='ltr'><strong>qumdam</strong></span> <span class='ocrx_word' id='word_1_721' title='bbox 2927 3656 3152 3709; x_wconf 88' lang='lat' dir='ltr'><strong>absurda</strong></span> <span class='ocrx_word' id='word_1_722' title='bbox 3199 3656 3265 3709; x_wconf 91' lang='lat' dir='ltr'><strong>ab</strong></span> <span class='ocrx_word' id='word_1_723' title='bbox 3318 3658 3564 3726; x_wconf 84' lang='lat' dir='ltr'><strong>exemplo</strong></span> <span class='ocrx_word' id='word_1_724' title='bbox 3606 3658 3897 3727; x_wconf 91' lang='lat' dir='ltr'><strong>accipiunt.</strong></span> 
     </span>
    </p>
   </div>
   <div class='ocr_carea' id='block_1_93' title="bbox 2318 3744 3896 3815">
    <p class='ocr_par' dir='ltr' id='par_1_93' title="bbox 2318 3744 3896 3815">
     <span class='ocr_line' id='line_1_93' title="bbox 2318 3744 3896 3815; baseline 0.003 -17"><span class='ocrx_word' id='word_1_725' title='bbox 2318 3744 2580 3813; x_wconf 85' lang='lat' dir='ltr'><strong>Splendor</strong></span> <span class='ocrx_word' id='word_1_726' title='bbox 2608 3745 2747 3799; x_wconf 86' lang='lat' dir='ltr'><strong>enim</strong></span> <span class='ocrx_word' id='word_1_727' title='bbox 2770 3788 2785 3812; x_wconf 89' lang='lat'><strong>,</strong></span> <span class='ocrx_word' id='word_1_728' title='bbox 2819 3746 3095 3815; x_wconf 89' lang='lat' dir='ltr'><strong>inquiunt,</strong></span> <span class='ocrx_word' id='word_1_729' title='bbox 3139 3762 3242 3801; x_wconf 90' lang='lat' dir='ltr'><strong>non</strong></span> <span class='ocrx_word' id='word_1_730' title='bbox 3284 3757 3366 3802; x_wconf 84' lang='lat' dir='ltr'><strong>est</strong></span> <span class='ocrx_word' id='word_1_731' title='bbox 3393 3750 3443 3801; x_wconf 90' lang='lat' dir='ltr'><strong>in</strong></span> <span class='ocrx_word' id='word_1_732' title='bbox 3472 3764 3530 3803; x_wconf 88' lang='lat' dir='ltr'><strong>se</strong></span> <span class='ocrx_word' id='word_1_733' title='bbox 3556 3749 3857 3803; x_wconf 86' lang='lat' dir='ltr'><strong>consistens</strong></span> <span class='ocrx_word' id='word_1_734' title='bbox 3882 3790 3896 3815; x_wconf 89' lang='lat'><strong>,</strong></span> 
     </span>
    </p>
   </div>
   <div class='ocr_carea' id='block_1_94' title="bbox 2318 3835 3100 3903">
    <p class='ocr_par' dir='ltr' id='par_1_94' title="bbox 2318 3835 3100 3903">
     <span class='ocr_line' id='line_1_94' title="bbox 2318 3835 3100 3903; baseline 0 -16"><span class='ocrx_word' id='word_1_735' title='bbox 2318 3835 2409 3888; x_wconf 86' lang='lat' dir='ltr'><strong>sed</strong></span> <span class='ocrx_word' id='word_1_736' title='bbox 2442 3835 2580 3903; x_wconf 82' lang='lat' dir='ltr'><strong>quod</strong></span> <span class='ocrx_word' id='word_1_737' title='bbox 2612 3835 2679 3888; x_wconf 88' lang='lat' dir='ltr'><strong>sit</strong></span> <span class='ocrx_word' id='word_1_738' title='bbox 2708 3835 2866 3890; x_wconf 86' lang='lat' dir='ltr'><strong>habet</strong></span> <span class='ocrx_word' id='word_1_739' title='bbox 2894 3837 2943 3889; x_wconf 92' lang='lat' dir='ltr'><strong>in</strong></span> <span class='ocrx_word' id='word_1_740' title='bbox 2975 3837 3100 3890; x_wconf 89' lang='lat' dir='ltr'><strong>alio.</strong></span> 
     </span>
    </p>
   </div>
   <div class='ocr_carea' id='block_1_95' title="bbox 2391 3926 3898 3986">
    <p class='ocr_par' dir='ltr' id='par_1_95' title="bbox 2391 3926 3898 3986">
     <span class='ocr_line' id='line_1_95' title="bbox 2391 3926 3898 3986; baseline 0.005 -8"><span class='ocrx_word' id='word_1_741' title='bbox 2391 3926 2622 3979; x_wconf 81' lang='lat' dir='ltr'><strong>Marcelli</strong></span> <span class='ocrx_word' id='word_1_742' title='bbox 2675 3936 2722 3979; x_wconf 82' lang='lat' dir='ltr'><strong>et</strong></span> <span class='ocrx_word' id='word_1_743' title='bbox 2778 3926 2989 3980; x_wconf 80' lang='lat' dir='ltr'><strong>Photiui</strong></span> <span class='ocrx_word' id='word_1_744' title='bbox 3019 3929 3241 3982; x_wconf 69' lang='lat' dir='ltr'><strong>haeresis.</strong></span> <span class='ocrx_word' id='word_1_745' title='bbox 3286 3928 3475 3982; x_wconf 85' lang='lat' dir='ltr'><strong>Contra</strong></span> <span class='ocrx_word' id='word_1_746' title='bbox 3524 3930 3807 3985; x_wconf 83' lang='lat' dir='ltr'><strong>Sabellium</strong></span> <span class='ocrx_word' id='word_1_747' title='bbox 3849 3943 3898 3986; x_wconf 87' lang='lat' dir='ltr'><strong>et</strong></span> 
     </span>
    </p>
   </div>
   <div class='ocr_carea' id='block_1_96' title="bbox 2318 4016 3896 4091">
    <p class='ocr_par' dir='ltr' id='par_1_96' title="bbox 2318 4016 3896 4091">
     <span class='ocr_line' id='line_1_96' title="bbox 2318 4016 3896 4091; baseline 0.006 -23"><span class='ocrx_word' id='word_1_748' title='bbox 2318 4016 2515 4071; x_wconf 82' lang='lat' dir='ltr'><strong>Arium.</strong></span> <span class='ocrx_word' id='word_1_749' title='bbox 2547 4046 2615 4056; x_wconf 87' lang='lat'><strong>—-</strong></span> <span class='ocrx_word' id='word_1_750' title='bbox 2642 4017 2719 4071; x_wconf 86' lang='lat' dir='ltr'><strong>Ne</strong></span> <span class='ocrx_word' id='word_1_751' title='bbox 2756 4017 2855 4071; x_wconf 92' lang='lat' dir='ltr'><strong>hoc</strong></span> <span class='ocrx_word' id='word_1_752' title='bbox 2885 4033 3009 4087; x_wconf 87' lang='lat' dir='ltr'><strong>ergo</strong></span> <span class='ocrx_word' id='word_1_753' title='bbox 3036 4019 3285 4087; x_wconf 87' lang='lat' dir='ltr'><strong>accipias,</strong></span> <span class='ocrx_word' id='word_1_754' title='bbox 3329 4034 3362 4073; x_wconf 90' lang='grc' dir='ltr'>ο</span> <span class='ocrx_word' id='word_1_755' title='bbox 3404 4020 3583 4085; x_wconf 87' lang='lat' dir='ltr'><strong>homo,</strong></span> <span class='ocrx_word' id='word_1_756' title='bbox 3613 4036 3788 4091; x_wconf 89' lang='lat' dir='ltr'><strong>neque</strong></span> <span class='ocrx_word' id='word_1_757' title='bbox 3814 4023 3896 4077; x_wconf 90' lang='lat' dir='ltr'><strong>la-</strong></span> 
     </span>
    </p>
   </div>
   <div class='ocr_carea' id='block_1_97' title="bbox 2316 4107 3896 4183">
    <p class='ocr_par' dir='ltr' id='par_1_97' title="bbox 2316 4107 3896 4183">
     <span class='ocr_line' id='line_1_97' title="bbox 2316 4107 3896 4183; baseline 0.006 -24"><span class='ocrx_word' id='word_1_758' title='bbox 2316 4107 2473 4162; x_wconf 89' lang='lat' dir='ltr'><strong>bores</strong></span> <span class='ocrx_word' id='word_1_759' title='bbox 2502 4111 2689 4163; x_wconf 87' lang='lat' dir='ltr'><strong>morho</strong></span> <span class='ocrx_word' id='word_1_760' title='bbox 2716 4110 2947 4164; x_wconf 86' lang='lat' dir='ltr'><strong>Marcelli</strong></span> <span class='ocrx_word' id='word_1_761' title='bbox 2988 4122 3041 4163; x_wconf 91' lang='lat' dir='ltr'><strong>et</strong></span> <span class='ocrx_word' id='word_1_762' title='bbox 3080 4110 3311 4165; x_wconf 85' lang='lat' dir='ltr'><strong>Photini.</strong></span> <span class='ocrx_word' id='word_1_763' title='bbox 3346 4113 3387 4167; x_wconf 86' lang='lat' dir='ltr'><strong>E</strong></span> <span class='ocrx_word' id='word_1_764' title='bbox 3428 4113 3727 4183; x_wconf 86' lang='lat' dir='ltr'><strong>pr0pinquo</strong></span> <span class='ocrx_word' id='word_1_765' title='bbox 3751 4116 3896 4170; x_wconf 89' lang='lat' dir='ltr'><strong>enim</strong></span> 
     </span>
    </p>
   </div>
   <div class='ocr_carea' id='block_1_98' title="bbox 2317 4200 3898 4273">
    <p class='ocr_par' dir='ltr' id='par_1_98' title="bbox 2317 4200 3898 4273">
     <span class='ocr_line' id='line_1_98' title="bbox 2317 4200 3898 4273; baseline 0.006 -22"><span class='ocrx_word' id='word_1_766' title='bbox 2317 4200 2409 4251; x_wconf 88' lang='lat' dir='ltr'><strong>tibi</strong></span> <span class='ocrx_word' id='word_1_767' title='bbox 2445 4200 2709 4267; x_wconf 87' lang='lat' dir='ltr'><strong>medetur,</strong></span> <span class='ocrx_word' id='word_1_768' title='bbox 2762 4217 2827 4254; x_wconf 89' lang='lat' dir='ltr'><strong>ne</strong></span> <span class='ocrx_word' id='word_1_769' title='bbox 2874 4203 2926 4253; x_wconf 91' lang='lat' dir='ltr'><strong>in</strong></span> <span class='ocrx_word' id='word_1_770' title='bbox 2978 4202 3127 4255; x_wconf 91' lang='lat' dir='ltr'><strong>illum</strong></span> <span class='ocrx_word' id='word_1_771' title='bbox 3172 4204 3459 4273; x_wconf 79' lang='lat' dir='ltr'><strong>Cogitatum</strong></span> <span class='ocrx_word' id='word_1_772' title='bbox 3510 4205 3749 4271; x_wconf 88' lang='lat' dir='ltr'><strong>incidas;</strong></span> <span class='ocrx_word' id='word_1_773' title='bbox 3796 4222 3898 4261; x_wconf 90' lang='lat' dir='ltr'><strong>nec</strong></span> 
     </span>
    </p>
   </div>
   <div class='ocr_carea' id='block_1_99' title="bbox 2319 4292 3896 4364">
    <p class='ocr_par' dir='ltr' id='par_1_99' title="bbox 2319 4292 3896 4364">
     <span class='ocr_line' id='line_1_99' title="bbox 2319 4292 3896 4364; baseline 0.006 -20"><span class='ocrx_word' id='word_1_774' title='bbox 2319 4292 2579 4359; x_wconf 89' lang='lat' dir='ltr'><strong>permittit</strong></span> <span class='ocrx_word' id='word_1_775' title='bbox 2624 4302 2682 4345; x_wconf 91' lang='lat' dir='ltr'><strong>ut</strong></span> <span class='ocrx_word' id='word_1_776' title='bbox 2729 4292 3027 4347; x_wconf 88' lang='lat' dir='ltr'><strong>deturberis</strong></span> <span class='ocrx_word' id='word_1_777' title='bbox 3073 4295 3124 4347; x_wconf 90' lang='lat' dir='ltr'><strong>in</strong></span> <span class='ocrx_word' id='word_1_778' title='bbox 3157 4297 3512 4364; x_wconf 86' lang='lat' dir='ltr'><strong>perniciosum</strong></span> <span class='ocrx_word' id='word_1_779' title='bbox 3560 4298 3708 4353; x_wconf 92' lang='lat' dir='ltr'><strong>illum</strong></span> <span class='ocrx_word' id='word_1_780' title='bbox 3748 4315 3896 4354; x_wconf 89' lang='lat' dir='ltr'><strong>mor-</strong></span> 
     </span>
    </p>
   </div>
   <div class='ocr_carea' id='block_1_100' title="bbox 2318 4382 3897 4460">
    <p class='ocr_par' dir='ltr' id='par_1_100' title="bbox 2318 4382 3897 4460">
     <span class='ocr_line' id='line_1_100' title="bbox 2318 4382 3897 4460; baseline 0.004 -25"><span class='ocrx_word' id='word_1_781' title='bbox 2318 4382 2464 4435; x_wconf 89' lang='lat' dir='ltr'><strong>bu:n.</strong></span> <span class='ocrx_word' id='word_1_782' title='bbox 2509 4382 2645 4447; x_wconf 84' lang='lat' dir='ltr'><strong>Quid</strong></span> <span class='ocrx_word' id='word_1_783' title='bbox 2691 4394 2866 4436; x_wconf 88' lang='lat' dir='ltr'><strong>autem</strong></span> <span class='ocrx_word' id='word_1_784' title='bbox 2899 4384 3063 4437; x_wconf 89' lang='lat' dir='ltr'><strong>dicit?</strong></span> <span class='ocrx_word' id='word_1_785' title='bbox 3094 4384 3162 4438; x_wconf 86' lang='lat' dir='ltr'><strong>Et</strong></span> <span class='ocrx_word' id='word_1_786' title='bbox 3205 4388 3368 4457; x_wconf 80' lang='lat' dir='ltr'><strong>ﬁgura</strong></span> <span class='ocrx_word' id='word_1_787' title='bbox 3410 4388 3703 4442; x_wconf 76' lang='lat' dir='ltr'><strong>substantia:</strong></span> <span class='ocrx_word' id='word_1_788' title='bbox 3750 4392 3897 4460; x_wconf 79' lang='lat' dir='ltr'><strong>ejus;</strong></span> 
     </span>
    </p>
   </div>
   <div class='ocr_carea' id='block_1_101' title="bbox 2316 4460 3893 4550">
    <p class='ocr_par' dir='ltr' id='par_1_101' title="bbox 2316 4460 3893 4550">
     <span class='ocr_line' id='line_1_101' title="bbox 2316 4460 3893 4550; baseline 0.004 -24"><span class='ocrx_word' id='word_1_789' title='bbox 2316 4460 2590 4547; x_wconf 71' lang='lat' dir='ltr'><strong>declarans</strong></span> <span class='ocrx_word' id='word_1_790' title='bbox 2646 4474 2807 4542; x_wconf 91' lang='lat' dir='ltr'><strong>quod,</strong></span> <span class='ocrx_word' id='word_1_791' title='bbox 2862 4476 2999 4529; x_wconf 89' lang='lat' dir='ltr'><strong>sicut</strong></span> <span class='ocrx_word' id='word_1_792' title='bbox 3051 4477 3164 4544; x_wconf 87' lang='lat' dir='ltr'><strong>ipse</strong></span> <span class='ocrx_word' id='word_1_793' title='bbox 3211 4480 3280 4531; x_wconf 87' lang='lat' dir='ltr'><strong>sit</strong></span> <span class='ocrx_word' id='word_1_794' title='bbox 3330 4480 3380 4532; x_wconf 93' lang='lat' dir='ltr'><strong>in</strong></span> <span class='ocrx_word' id='word_1_795' title='bbox 3433 4479 3707 4550; x_wconf 87' lang='lat' dir='ltr'><strong>hypostasi</strong></span> <span class='ocrx_word' id='word_1_796' title='bbox 3762 4496 3893 4547; x_wconf 88' lang='lat' dir='ltr'><strong>sua,</strong></span> 
     </span>
    </p>
   </div>
   <div class='ocr_carea' id='block_1_102' title="bbox 2320 4564 3898 4647">
    <p class='ocr_par' dir='ltr' id='par_1_102' title="bbox 2320 4564 3898 4647">
     <span class='ocr_line' id='line_1_102' title="bbox 2320 4564 3898 4647; baseline 0.008 -32"><span class='ocrx_word' id='word_1_797' title='bbox 2320 4564 2513 4647; x_wconf 64' lang='lat' dir='ltr'><strong>nullius</strong></span> <span class='ocrx_word' id='word_1_798' title='bbox 2557 4564 2798 4635; x_wconf 88' lang='lat' dir='ltr'><strong>indigens</strong></span> <span class='ocrx_word' id='word_1_799' title='bbox 2832 4583 2843 4617; x_wconf 90' lang='lat'><strong>:</strong></span> <span class='ocrx_word' id='word_1_800' title='bbox 2876 4568 2945 4619; x_wconf 89' lang='lat' dir='ltr'><strong>ita</strong></span> <span class='ocrx_word' id='word_1_801' title='bbox 2976 4567 3133 4621; x_wconf 88' lang='lat' dir='ltr'><strong>etiam</strong></span> <span class='ocrx_word' id='word_1_802' title='bbox 3166 4568 3349 4623; x_wconf 85' lang='lat' dir='ltr'><strong>Filius.</strong></span> <span class='ocrx_word' id='word_1_803' title='bbox 3382 4570 3477 4625; x_wconf 84' lang='lat' dir='ltr'><strong>llic</strong></span> <span class='ocrx_word' id='word_1_804' title='bbox 3508 4573 3650 4626; x_wconf 86' lang='lat' dir='ltr'><strong>enim</strong></span> <span class='ocrx_word' id='word_1_805' title='bbox 3684 4572 3788 4626; x_wconf 82' lang='lat' dir='ltr'><strong>hoc</strong></span> <span class='ocrx_word' id='word_1_806' title='bbox 3816 4573 3898 4627; x_wconf 87' lang='lat' dir='ltr'><strong>di-</strong></span> 
     </span>
    </p>
   </div>
   <div class='ocr_carea' id='block_1_103' title="bbox 2317 4654 3898 4717">
    <p class='ocr_par' dir='ltr' id='par_1_103' title="bbox 2317 4654 3898 4717">
     <span class='ocr_line' id='line_1_103' title="bbox 2317 4654 3898 4717; baseline 0.006 -10"><span class='ocrx_word' id='word_1_807' title='bbox 2317 4654 2407 4714; x_wconf 86' lang='lat' dir='ltr'><strong>cit,</strong></span> <span class='ocrx_word' id='word_1_808' title='bbox 2434 4655 2719 4709; x_wconf 89' lang='lat' dir='ltr'><strong>ostendens</strong></span> <span class='ocrx_word' id='word_1_809' title='bbox 2747 4672 2851 4709; x_wconf 90' lang='lat' dir='ltr'><strong>non</strong></span> <span class='ocrx_word' id='word_1_810' title='bbox 2881 4672 3001 4712; x_wconf 75' lang='lat' dir='ltr'><strong>esse</strong></span> <span class='ocrx_word' id='word_1_811' title='bbox 3030 4658 3390 4713; x_wconf 81' lang='lat' dir='ltr'><strong>diversitatem</strong></span> <span class='ocrx_word' id='word_1_812' title='bbox 3422 4677 3518 4717; x_wconf 92' lang='lat' dir='ltr'><strong>nec</strong></span> <span class='ocrx_word' id='word_1_813' title='bbox 3540 4663 3706 4716; x_wconf 89' lang='lat' dir='ltr'><strong>ullam</strong></span> <span class='ocrx_word' id='word_1_814' title='bbox 3733 4663 3898 4717; x_wconf 87' lang='lat' dir='ltr'><strong>dissi-</strong></span> 
     </span>
    </p>
   </div>
   <div class='ocr_carea' id='block_1_104' title="bbox 2321 4740 3895 4812">
    <p class='ocr_par' dir='ltr' id='par_1_104' title="bbox 2321 4740 3895 4812">
     <span class='ocr_line' id='line_1_104' title="bbox 2321 4740 3895 4812; baseline 0.004 -19"><span class='ocrx_word' id='word_1_815' title='bbox 2321 4740 2695 4806; x_wconf 86' lang='lat' dir='ltr'><strong>militudinem,</strong></span> <span class='ocrx_word' id='word_1_816' title='bbox 2742 4751 2797 4795; x_wconf 90' lang='lat' dir='ltr'><strong>et</strong></span> <span class='ocrx_word' id='word_1_817' title='bbox 2833 4742 3097 4810; x_wconf 86' lang='lat' dir='ltr'><strong>propriam</strong></span> <span class='ocrx_word' id='word_1_818' title='bbox 3129 4756 3248 4797; x_wconf 86' lang='lat' dir='ltr'><strong>esse</strong></span> <span class='ocrx_word' id='word_1_819' title='bbox 3285 4742 3505 4812; x_wconf 82' lang='lat' dir='ltr'><strong>ﬁguram</strong></span> <span class='ocrx_word' id='word_1_820' title='bbox 3533 4754 3589 4798; x_wconf 81' lang='lat' dir='ltr'><strong>et</strong></span> <span class='ocrx_word' id='word_1_821' title='bbox 3611 4744 3895 4800; x_wconf 84' lang='lat' dir='ltr'><strong>characte-</strong></span> 
     </span>
    </p>
   </div>
   <div class='ocr_carea' id='block_1_105' title="bbox 2321 4832 3896 4903">
    <p class='ocr_par' dir='ltr' id='par_1_105' title="bbox 2321 4832 3896 4903">
     <span class='ocr_line' id='line_1_105' title="bbox 2321 4832 3896 4903; baseline 0.004 -20"><span class='ocrx_word' id='word_1_822' title='bbox 2321 4845 2433 4883; x_wconf 88' lang='lat' dir='ltr'><strong>rem</strong></span> <span class='ocrx_word' id='word_1_823' title='bbox 2460 4832 2728 4899; x_wconf 87' lang='lat' dir='ltr'><strong>prototypi</strong></span> <span class='ocrx_word' id='word_1_824' title='bbox 2758 4846 2849 4885; x_wconf 85' lang='lat' dir='ltr'><strong>seu</strong></span> <span class='ocrx_word' id='word_1_825' title='bbox 2881 4832 3216 4900; x_wconf 84' lang='lat' dir='ltr'><strong>exemplaris,</strong></span> <span class='ocrx_word' id='word_1_826' title='bbox 3251 4843 3303 4887; x_wconf 91' lang='lat' dir='ltr'><strong>et</strong></span> <span class='ocrx_word' id='word_1_827' title='bbox 3334 4834 3473 4903; x_wconf 90' lang='lat' dir='ltr'><strong>quod</strong></span> <span class='ocrx_word' id='word_1_828' title='bbox 3504 4850 3599 4903; x_wconf 91' lang='lat' dir='ltr'><strong>per</strong></span> <span class='ocrx_word' id='word_1_829' title='bbox 3623 4850 3681 4890; x_wconf 88' lang='lat' dir='ltr'><strong>se</strong></span> <span class='ocrx_word' id='word_1_830' title='bbox 3712 4837 3896 4890; x_wconf 82' lang='lat' dir='ltr'><strong>consi-</strong></span> 
     </span>
    </p>
   </div>
   <div class='ocr_carea' id='block_1_106' title="bbox 2322 4920 3899 4997">
    <p class='ocr_par' dir='ltr' id='par_1_106' title="bbox 2322 4920 3899 4997">
     <span class='ocr_line' id='line_1_106' title="bbox 2322 4920 3899 4997; baseline 0.006 -24"><span class='ocrx_word' id='word_1_831' title='bbox 2322 4930 2445 4974; x_wconf 84' lang='lat' dir='ltr'><strong>stat.</strong></span> <span class='ocrx_word' id='word_1_832' title='bbox 2488 4920 2619 4976; x_wconf 84' lang='lat' dir='ltr'><strong>Nam</strong></span> <span class='ocrx_word' id='word_1_833' title='bbox 2654 4923 2743 4992; x_wconf 90' lang='lat' dir='ltr'><strong>qui</strong></span> <span class='ocrx_word' id='word_1_834' title='bbox 2774 4923 2908 4977; x_wconf 86' lang='lat' dir='ltr'><strong>dixit</strong></span> <span class='ocrx_word' id='word_1_835' title='bbox 2937 4925 3181 4993; x_wconf 78' lang='lat' dir='ltr'><strong>superius</strong></span> <span class='ocrx_word' id='word_1_836' title='bbox 3204 4966 3219 4990; x_wconf 94' lang='lat'><strong>,</strong></span> <span class='ocrx_word' id='word_1_837' title='bbox 3262 4926 3403 4994; x_wconf 91' lang='lat' dir='ltr'><strong>quod</strong></span> <span class='ocrx_word' id='word_1_838' title='bbox 3435 4941 3527 4994; x_wconf 91' lang='lat' dir='ltr'><strong>per</strong></span> <span class='ocrx_word' id='word_1_839' title='bbox 3552 4927 3726 4997; x_wconf 89' lang='lat' dir='ltr'><strong>ipsum</strong></span> <span class='ocrx_word' id='word_1_840' title='bbox 3758 4930 3899 4983; x_wconf 83' lang='lat' dir='ltr'><strong>Deus</strong></span> 
     </span>
    </p>
   </div>
   <div class='ocr_carea' id='block_1_107' title="bbox 2324 5011 3899 5083">
    <p class='ocr_par' dir='ltr' id='par_1_107' title="bbox 2324 5011 3899 5083">
     <span class='ocr_line' id='line_1_107' title="bbox 2324 5011 3899 5083; baseline 0.006 -19"><span class='ocrx_word' id='word_1_841' title='bbox 2324 5011 2448 5065; x_wconf 89' lang='lat' dir='ltr'><strong>fecit</strong></span> <span class='ocrx_word' id='word_1_842' title='bbox 2474 5014 2674 5075; x_wconf 88' lang='lat' dir='ltr'><strong>omnia,</strong></span> <span class='ocrx_word' id='word_1_843' title='bbox 2701 5013 2786 5067; x_wconf 88' lang='lat' dir='ltr'><strong>hic</strong></span> <span class='ocrx_word' id='word_1_844' title='bbox 2818 5013 2906 5067; x_wconf 87' lang='lat' dir='ltr'><strong>dat</strong></span> <span class='ocrx_word' id='word_1_845' title='bbox 2932 5014 2979 5068; x_wconf 92' lang='lat' dir='ltr'><strong>ei</strong></span> <span class='ocrx_word' id='word_1_846' title='bbox 3010 5017 3400 5069; x_wconf 86' lang='lat' dir='ltr'><strong>auctoritatem.</strong></span> <span class='ocrx_word' id='word_1_847' title='bbox 3432 5016 3567 5083; x_wconf 87' lang='lat' dir='ltr'><strong>Quid</strong></span> <span class='ocrx_word' id='word_1_848' title='bbox 3595 5018 3738 5072; x_wconf 89' lang='lat' dir='ltr'><strong>enim</strong></span> <span class='ocrx_word' id='word_1_849' title='bbox 3772 5019 3899 5073; x_wconf 89' lang='lat' dir='ltr'><strong>sub-</strong></span> 
     </span>
    </p>
   </div>
   <div class='ocr_carea' id='block_1_108' title="bbox 2320 5104 3901 5177">
    <p class='ocr_par' dir='ltr' id='par_1_108' title="bbox 2320 5104 3901 5177">
     <span class='ocr_line' id='line_1_108' title="bbox 2320 5104 3901 5177; baseline 0.007 -22"><span class='ocrx_word' id='word_1_850' title='bbox 2320 5104 2527 5173; x_wconf 85' lang='lat' dir='ltr'><strong>jungit?</strong></span> <span class='ocrx_word' id='word_1_851' title='bbox 2556 5104 2872 5177; x_wconf 82' lang='lat' dir='ltr'><strong>Portausque</strong></span> <span class='ocrx_word' id='word_1_852' title='bbox 2899 5107 3068 5160; x_wconf 88' lang='lat' dir='ltr'><strong>omnia</strong></span> <span class='ocrx_word' id='word_1_853' title='bbox 3097 5108 3241 5161; x_wconf 69' lang='lat' dir='ltr'><strong>verba</strong></span> <span class='ocrx_word' id='word_1_854' title='bbox 3269 5109 3464 5162; x_wconf 86' lang='lat' dir='ltr'><strong>virtutis</strong></span> <span class='ocrx_word' id='word_1_855' title='bbox 3487 5126 3621 5175; x_wconf 76' lang='lat' dir='ltr'><strong>siue;</strong></span> <span class='ocrx_word' id='word_1_856' title='bbox 3650 5119 3708 5164; x_wconf 89' lang='lat' dir='ltr'><strong>ul</strong></span> <span class='ocrx_word' id='word_1_857' title='bbox 3734 5125 3800 5165; x_wconf 79' lang='lat' dir='ltr'><strong>ex</strong></span> <span class='ocrx_word' id='word_1_858' title='bbox 3834 5126 3901 5166; x_wconf 81' lang='lat' dir='ltr'><strong>eo</strong></span> 
     </span>
    </p>
   </div>
   <div class='ocr_carea' id='block_1_109' title="bbox 2324 5195 3899 5266">
    <p class='ocr_par' dir='ltr' id='par_1_109' title="bbox 2324 5195 3899 5266">
     <span class='ocr_line' id='line_1_109' title="bbox 2324 5195 3899 5266; baseline 0.005 -20"><span class='ocrx_word' id='word_1_859' title='bbox 2324 5195 2643 5263; x_wconf 78' lang='lat' dir='ltr'><strong>accipiamus</strong></span> <span class='ocrx_word' id='word_1_860' title='bbox 2666 5210 2771 5249; x_wconf 88' lang='lat' dir='ltr'><strong>non</strong></span> <span class='ocrx_word' id='word_1_861' title='bbox 2799 5196 2969 5250; x_wconf 86' lang='lat' dir='ltr'><strong>soium</strong></span> <span class='ocrx_word' id='word_1_862' title='bbox 3003 5196 3223 5266; x_wconf 84' lang='lat' dir='ltr'><strong>figuram</strong></span> <span class='ocrx_word' id='word_1_863' title='bbox 3256 5197 3587 5264; x_wconf 65' lang='lat' dir='ltr'><strong>substantiae,</strong></span> <span class='ocrx_word' id='word_1_864' title='bbox 3620 5198 3711 5254; x_wconf 88' lang='lat' dir='ltr'><strong>sed</strong></span> <span class='ocrx_word' id='word_1_865' title='bbox 3734 5199 3899 5255; x_wconf 84' lang='lat' dir='ltr'><strong>etiam</strong></span> 
     </span>
    </p>
   </div>
   <div class='ocr_carea' id='block_1_110' title="bbox 2324 5284 3902 5363">
    <p class='ocr_par' dir='ltr' id='par_1_110' title="bbox 2324 5284 3902 5363">
     <span class='ocr_line' id='line_1_110' title="bbox 2324 5284 3902 5363; baseline 0.007 -26"><span class='ocrx_word' id='word_1_866' title='bbox 2324 5284 2465 5355; x_wconf 91' lang='lat' dir='ltr'><strong>quod</strong></span> <span class='ocrx_word' id='word_1_867' title='bbox 2513 5287 2687 5339; x_wconf 91' lang='lat' dir='ltr'><strong>omnia</strong></span> <span class='ocrx_word' id='word_1_868' title='bbox 2730 5288 2993 5356; x_wconf 86' lang='lat' dir='ltr'><strong>gubernet</strong></span> <span class='ocrx_word' id='word_1_869' title='bbox 3035 5303 3155 5342; x_wconf 86' lang='lat' dir='ltr'><strong>cum</strong></span> <span class='ocrx_word' id='word_1_870' title='bbox 3206 5289 3543 5346; x_wconf 87' lang='lat' dir='ltr'><strong>auctoritate.</strong></span> <span class='ocrx_word' id='word_1_871' title='bbox 3590 5289 3725 5345; x_wconf 78' lang='lat' dir='ltr'><strong>Vide</strong></span> <span class='ocrx_word' id='word_1_872' title='bbox 3769 5306 3902 5363; x_wconf 87' lang='lat' dir='ltr'><strong>ergo</strong></span> 
     </span>
    </p>
   </div>
   <div class='ocr_carea' id='block_1_111' title="bbox 2325 5375 3901 5448">
    <p class='ocr_par' dir='ltr' id='par_1_111' title="bbox 2325 5375 3901 5448">
     <span class='ocr_line' id='line_1_111' title="bbox 2325 5375 3901 5448; baseline 0.005 -21"><span class='ocrx_word' id='word_1_873' title='bbox 2325 5375 2589 5445; x_wconf 88' lang='lat' dir='ltr'><strong>quomodo</strong></span> <span class='ocrx_word' id='word_1_874' title='bbox 2610 5378 2750 5447; x_wconf 92' lang='lat' dir='ltr'><strong>quod</strong></span> <span class='ocrx_word' id='word_1_875' title='bbox 2778 5388 2858 5431; x_wconf 92' lang='lat' dir='ltr'><strong>cst</strong></span> <span class='ocrx_word' id='word_1_876' title='bbox 2886 5380 3157 5448; x_wconf 88' lang='lat' dir='ltr'><strong>proprium</strong></span> <span class='ocrx_word' id='word_1_877' title='bbox 3181 5379 3373 5443; x_wconf 87' lang='lat' dir='ltr'><strong>Patris,</strong></span> <span class='ocrx_word' id='word_1_878' title='bbox 3405 5380 3505 5433; x_wconf 91' lang='lat' dir='ltr'><strong>hoc</strong></span> <span class='ocrx_word' id='word_1_879' title='bbox 3533 5380 3715 5435; x_wconf 90' lang='lat' dir='ltr'><strong>tribuit</strong></span> <span class='ocrx_word' id='word_1_880' title='bbox 3739 5379 3901 5438; x_wconf 87' lang='lat' dir='ltr'><strong>Filio.</strong></span> 
     </span>
    </p>
   </div>
   <div class='ocr_carea' id='block_1_112' title="bbox 2324 5466 3900 5540">
    <p class='ocr_par' dir='ltr' id='par_1_112' title="bbox 2324 5466 3900 5540">
     <span class='ocr_line' id='line_1_112' title="bbox 2324 5466 3900 5540; baseline 0.003 -20"><span class='ocrx_word' id='word_1_881' title='bbox 2324 5466 2453 5520; x_wconf 72' lang='lat' dir='ltr'><strong>Nam</strong></span> <span class='ocrx_word' id='word_1_882' title='bbox 2483 5478 2760 5536; x_wconf 89' lang='lat' dir='ltr'><strong>propterea</strong></span> <span class='ocrx_word' id='word_1_883' title='bbox 2787 5484 2890 5523; x_wconf 90' lang='lat' dir='ltr'><strong>non</strong></span> <span class='ocrx_word' id='word_1_884' title='bbox 2918 5470 3052 5523; x_wconf 82' lang='lat' dir='ltr'><strong>dixit</strong></span> <span class='ocrx_word' id='word_1_885' title='bbox 3076 5470 3335 5533; x_wconf 91' lang='lat' dir='ltr'><strong>absolute,</strong></span> <span class='ocrx_word' id='word_1_886' title='bbox 3370 5470 3687 5539; x_wconf 85' lang='lat' dir='ltr'><strong>Portausque</strong></span> <span class='ocrx_word' id='word_1_887' title='bbox 3706 5474 3900 5540; x_wconf 81' lang='lat' dir='ltr'><strong>omnia,</strong></span> 
     </span>
    </p>
   </div>
   <div class='ocr_carea' id='block_1_113' title="bbox 2328 5558 3903 5627">
    <p class='ocr_par' dir='ltr' id='par_1_113' title="bbox 2328 5558 3903 5627">
     <span class='ocr_line' id='line_1_113' title="bbox 2328 5558 3903 5627; baseline 0.006 -18"><span class='ocrx_word' id='word_1_888' title='bbox 2328 5573 2497 5627; x_wconf 88' lang='lat' dir='ltr'><strong>neque</strong></span> <span class='ocrx_word' id='word_1_889' title='bbox 2518 5558 2669 5621; x_wconf 79' lang='lat' dir='ltr'><strong>dixit,</strong></span> <span class='ocrx_word' id='word_1_890' title='bbox 2700 5560 2905 5615; x_wconf 86' lang='lat' dir='ltr'><strong>Virtute</strong></span> <span class='ocrx_word' id='word_1_891' title='bbox 2930 5576 3045 5623; x_wconf 88' lang='lat' dir='ltr'><strong>sua,</strong></span> <span class='ocrx_word' id='word_1_892' title='bbox 3074 5561 3187 5627; x_wconf 88' lang='lat' dir='ltr'><strong>scd,</strong></span> <span class='ocrx_word' id='word_1_893' title='bbox 3232 5560 3387 5614; x_wconf 84' lang='lat' dir='ltr'><strong>Verbo</strong></span> <span class='ocrx_word' id='word_1_894' title='bbox 3415 5563 3607 5617; x_wconf 75' lang='lat' dir='ltr'><strong>virtutis</strong></span> <span class='ocrx_word' id='word_1_895' title='bbox 3632 5579 3757 5617; x_wconf 67' lang='lat' dir='ltr'><strong>sum.</strong></span> <span class='ocrx_word' id='word_1_896' title='bbox 3780 5562 3903 5619; x_wconf 49' lang='lat' dir='ltr'><strong>Sic’</strong></span> 
     </span>
    </p>
   </div>
   <div class='ocr_carea' id='block_1_114' title="bbox 2329 5649 3899 5721">
    <p class='ocr_par' dir='ltr' id='par_1_114' title="bbox 2329 5649 3899 5721">
     <span class='ocr_line' id='line_1_114' title="bbox 2329 5649 3899 5721; baseline 0.007 -22"><span class='ocrx_word' id='word_1_897' title='bbox 2329 5658 2385 5700; x_wconf 90' lang='lat' dir='ltr'><strong>ut</strong></span> <span class='ocrx_word' id='word_1_898' title='bbox 2410 5649 2548 5705; x_wconf 78' lang='lat' dir='ltr'><strong>cnim</strong></span> <span class='ocrx_word' id='word_1_899' title='bbox 2581 5650 2733 5704; x_wconf 83' lang='lat' dir='ltr'><strong>nobis</strong></span> <span class='ocrx_word' id='word_1_900' title='bbox 2762 5667 2929 5720; x_wconf 89' lang='lat' dir='ltr'><strong>nuper</strong></span> <span class='ocrx_word' id='word_1_901' title='bbox 2974 5653 3222 5721; x_wconf 74' lang='lat' dir='ltr'><strong>paulatim</strong></span> <span class='ocrx_word' id='word_1_902' title='bbox 3260 5653 3579 5709; x_wconf 86' lang='lat' dir='ltr'><strong>ascendebat</strong></span> <span class='ocrx_word' id='word_1_903' title='bbox 3601 5664 3653 5709; x_wconf 89' lang='lat' dir='ltr'><strong>et</strong></span> <span class='ocrx_word' id='word_1_904' title='bbox 3675 5654 3899 5711; x_wconf 80' lang='lat' dir='ltr'><strong>descen-</strong></span> 
     </span>
    </p>
   </div>
   <div class='ocr_carea' id='block_1_115' title="bbox 2328 5740 3902 5814">
    <p class='ocr_par' dir='ltr' id='par_1_115' title="bbox 2328 5740 3902 5814">
     <span class='ocr_line' id='line_1_115' title="bbox 2328 5740 3902 5814; baseline 0.004 -20"><span class='ocrx_word' id='word_1_905' title='bbox 2328 5740 2488 5794; x_wconf 86' lang='lat' dir='ltr'><strong>debat</strong></span> <span class='ocrx_word' id='word_1_906' title='bbox 2522 5761 2533 5795; x_wconf 89' lang='lat'><strong>:</strong></span> <span class='ocrx_word' id='word_1_907' title='bbox 2566 5742 2631 5795; x_wconf 90' lang='lat' dir='ltr'><strong>ita</strong></span> <span class='ocrx_word' id='word_1_908' title='bbox 2680 5759 2819 5797; x_wconf 91' lang='lat' dir='ltr'><strong>nunc</strong></span> <span class='ocrx_word' id='word_1_909' title='bbox 2846 5760 3056 5814; x_wconf 85' lang='lat' dir='ltr'><strong>quoque</strong></span> <span class='ocrx_word' id='word_1_910' title='bbox 3088 5756 3352 5814; x_wconf 87' lang='lat' dir='ltr'><strong>tamquam</strong></span> <span class='ocrx_word' id='word_1_911' title='bbox 3383 5746 3635 5814; x_wconf 82' lang='lat' dir='ltr'><strong>gradibus</strong></span> <span class='ocrx_word' id='word_1_912' title='bbox 3664 5748 3902 5803; x_wconf 90' lang='lat' dir='ltr'><strong>ascendit</strong></span> 
     </span>
    </p>
   </div>
   <div class='ocr_carea' id='block_1_116' title="bbox 2330 5835 3900 5910">
    <p class='ocr_par' dir='ltr' id='par_1_116' title="bbox 2330 5835 3900 5910">
     <span class='ocr_line' id='line_1_116' title="bbox 2330 5835 3900 5910; baseline 0.004 -23"><span class='ocrx_word' id='word_1_913' title='bbox 2330 5835 2380 5887; x_wconf 89' lang='lat' dir='ltr'><strong>in</strong></span> <span class='ocrx_word' id='word_1_914' title='bbox 2425 5835 2585 5888; x_wconf 85' lang='lat' dir='ltr'><strong>altum</strong></span> <span class='ocrx_word' id='word_1_915' title='bbox 2608 5878 2621 5904; x_wconf 73' lang='lat'><strong>,</strong></span> <span class='ocrx_word' id='word_1_916' title='bbox 2657 5836 2847 5891; x_wconf 80' lang='lat' dir='ltr'><strong>deinde</strong></span> <span class='ocrx_word' id='word_1_917' title='bbox 2879 5852 3063 5893; x_wconf 68' lang='lat' dir='ltr'><strong>rursus</strong></span> <span class='ocrx_word' id='word_1_918' title='bbox 3092 5837 3339 5893; x_wconf 76' lang='lat' dir='ltr'><strong>deorsum</strong></span> <span class='ocrx_word' id='word_1_919' title='bbox 3367 5838 3543 5909; x_wconf 86' lang='lat' dir='ltr'><strong>ducit,</strong></span> <span class='ocrx_word' id='word_1_920' title='bbox 3576 5850 3629 5895; x_wconf 85' lang='lat' dir='ltr'><strong>et</strong></span> <span class='ocrx_word' id='word_1_921' title='bbox 3654 5842 3761 5910; x_wconf 88' lang='lat' dir='ltr'><strong>ait,</strong></span> <span class='ocrx_word' id='word_1_922' title='bbox 3799 5839 3900 5894; x_wconf 74' lang='lat' dir='ltr'><strong>Per</strong></span> 
     </span>
    </p>
   </div>
  </div>
