4112 6344
313 398 370 451 It!
1195 387 1256 442 ΙΝ
1317 385 1533 441 ιςιιιδτ.
1577 385 1664 444 AD
1705 383 1911 438 IIEBR;

2019 383 2066 435 5.
2111 377 2260 433 CAP.
2304 375 2343 432 Ι.
2390 373 2626 430 IIOMIL.
2669 372 2736 427 ll.
3528 372 3600 428 20

381 508 684 578 Ποιήσατε
717 509 859 576 ὑμῖν
888 506 1102 575 φίλους
1135 505 1201 557 ἐκ
1233 505 1336 556 τοῦ
1353 499 1605 571 μαμωνᾶ
1639 499 1744 570 τῆς
1772 499 1900 553 ἀδι-

312 597 468 660 κίας.
504 591 715 645 υύκοῦν
766 589 1192 657 ὑπακούσωμεν,
1243 586 1548 652 Δεσποτικὴ
1593 585 1703 654 γάρ
1751 585 1902 634 ἐστιν

311 675 524 746 ἐντολὴ,
558 678 652 730 καὶ
677 676 746 726 τά
786 671 1018 742 περιττά
1049 672 1140 725 τοῦ
1182 669 1415 723 πλούτου
1447 673 1526 731 εἰς
1551 671 1678 730 τοὺς
1711 667 1902 734 δεομέ-

311 777 436 821 νους
481 759 866 829 σκορπίσωμεν
901 771 914 784 ·
961 753 1328 824 ὲργασώμεθα
1373 750 1762 819 ἐλεημοσύνην,
1797 749 1902 811 ἕως

311 840 480 909 ἐσμὲν
512 842 692 912 κύριοι
719 856 731 868 ’
758 838 917 892 τοῦτο
961 839 1069 908 γάρ
1113 839 1229 889 ἐστι
1258 836 1318 888 τὸ
1343 876 1356 899 ,
1396 835 1582 904 φίλους
1613 835 1794 886 ποιεῖν
1838 835 1904 884 ὲκ

312 924 408 976 τοῦ
438 923 676 994 μαμωνᾶ
700 938 711 950 ’
745 921 1078 991 κενώσωμεν
1103 919 1170 973 τά
1192 920 1449 989 χρήματα
1473 919 1552 981 είς
1582 918 1708 979 τοὺς
1737 915 1902 984 πένη-

313 1026 412 1070 τας
437 1047 450 1068 ,
491 1009 576 1060 ἴνα
619 1003 950 1075 κενώσωμεν
991 1007 1166 1056 ἐκεῖνο
1209 1003 1270 1056 τὸ
1319 1003 1428 1073 πῦρ
1454 1043 1468 1066 ,
1499 1002 1585 1055 ἵνα
1619 1000 1902 1069 σϐέσωμεν

313 1091 470 1156 αὐτὸ,
499 1091 584 1144 ῖ-ια
610 1090 824 1161 ἔχωμεν
863 1088 1178 1161 παρρησίαν
1222 1088 1360 1142 ἐκεῖ.
1391 1088 1500 1140 Καὶ
1525 1086 1634 1156 γὰρ
1664 1086 1781 1138 ἐκεῖ
1803 1085 1902 1153 οὐχ

315 1168 461 1226 οὗτοί
489 1173 625 1224 εἰσιν
652 1173 702 1224 οἰ
730 1172 1007 1241 δεχόμενοι
1039 1171 1208 1240 ἡμᾶς.
1245 1170 1380 1223 ἀλλά
1406 1169 1467 1221 τὸ
1499 1168 1658 1239 ἔργον
1679 1167 1739 1220 τὸ
1762 1165 1902 1238 ήμέ-

312 1272 494 1323 τερον.
534 1255 656 1307 Ὅτι
687 1256 795 1324 γὰρ
838 1254 936 1324 οὐχ
972 1251 1158 1316 ἁπλῶς
1200 1255 1261 1306 τὸ
1306 1254 1492 1322 φίλους
1521 1253 1652 1321 ἡμῖν
1681 1250 1903 1312 τούτους

313 1334 457 1390 εἶναι
490 1337 660 1391 σῶσαι
687 1337 929 1398 δύναται,
959 1336 1038 1388 ἔνι
1067 1336 1224 1389 τοῦτο
1256 1336 1446 1405 μαθεῖν
1477 1334 1586 1387 ἀπὸ
1611 1334 1710 1404 τῆς
1739 1349 1903 1400 προσ-

315 1420 506 1490 θήκης.
547 1419 644 1473 Διά
671 1419 724 1472 τί
763 1419 870 1490 γὰρ
900 1419 1000 1472 οὐκ
1027 1414 1179 1484 εἷπε,
1214 1420 1480 1488 Ποιήσατε
1522 1417 1650 1487 ὑμῖν
1690 1417 1900 1485 φίλους.

317 1503 407 1555 ἵνα
435 1503 693 1569 δέξωνται
721 1503 867 1572 ὑμᾶς
908 1505 985 1566 εἰς
1023 1503 1122 1565 τὰς
1156 1503 1410 1564 αἰωνίους
1450 1502 1631 1556 αὐτῶν
1674 1501 1902 1572 σκηνάς,

314 1583 452 1637 ἀλλά
477 1585 784 1656 προσέθηκε
815 1585 1016 1638 καὶτὸν
1037 1587 1239 1656 τρόπον
1264 1602 1277 1650 ;
1309 1585 1478 1639 εἰπὼν
1500 1583 1630 1655 γάρ,
1674 1584 1768 1638 Ἐκ
1796 1584 1904 1638 τοῦ

310 1666 566 1736 μαμωνᾶ
603 1667 714 1737 τῆς
745 1669 984 1734 ἀδικίας
1007 1709 1021 1733 ,
1053 1668 1256 1735 ἔδειξεν
1281 1670 1362 1722 ὅτι
1401 1668 1510 1722 ἀπὸ
1549 1666 1658 1720 τῶν
1688 1666 1905 1738 χρημά-

314 1766 425 1801 των
459 1752 727 1820 προσήκει
761 1751 1229 1822 ποιῆσαιτούτους
1255 1751 1462 1820 φίλους,
1491 1749 1669 1819 δηλῶν
1701 1752 1783 1803 ὅτι
1806 1750 1907 1820 οὐχ

316 1834 505 1897 ἁπλῶς
538 1837 907 1906 προστήσεται
935 1835 1090 1906 ήμῶν
1138 1837 1310 1904 φιλία,
1355 1836 1452 1888 ὲάν
1493 1835 1567 1906 μὴ
1598 1834 1734 1906 ἔργα
1767 1833 1906 1903 ἔχω-

320 1934 422 1987 μεν
465 1917 669 1986 ἀγαθὰ,
697 1919 793 1973 ἐὰν
826 1918 900 1990 μὴ
943 1920 1038 1972 τὸν
1080 1919 1281 1982 ἀδίκως
1313 1919 1642 1988 συλλεγέντα
1676 1916 1911 1971 πλοῦτον

316 2001 542 2068 δικαίως
575 2002 926 2074 κενὼτωμεν.
966 1997 1138 2068 Οὗτος
1185 2003 1243 2056 δὲ
1285 2005 1314 2058 6
1363 2003 1520 2073 λόγος
1565 2003 1697 2073 ἡμῖν
1737 2003 1766 2055 ὁ
1807 2000 1910 2070 τῆς

2005 494 2378 567 ἐλεημοσύνης
2407 495 2468 546 οὐ
2501 492 2640 562 πρὸς
2667 489 2796 551 τοὺς
2821 487 3115 551 πλουσίους
3151 487 3312 559 μόνον
3346 487 3604 560 ἁρμόσει,

2003 581 2138 633 ἀλλὰ
2165 582 2260 633 καὶ
2292 579 2430 650 πρὸς
2446 579 2572 638 τοὺς
2609 575 2870 643 πένητας.
2897 572 3018 625 Κᾶν
3107 589 3192 635 τις
3220 574 3284 625 ὲκ
3306 572 3403 626 τοῦ
3425 588 3606 644 προσι-

2003 665 2178 716 αιτεῖν
2209 661 2581 733 τρεφόμενος,
2629 660 2724 712 καὶ
2773 657 2907 728 πρὸς
2957 655 3120 708 αὐτόν
3171 657 3322 708 ἐστιν
3374 658 3403 710 6
3447 655 3608 724 λόγος

2002 742 2158 810 οὗτος
2182 764 2196 778 ο
2229 747 2289 800 οὐ
2325 746 2435 816 γάρ
2482 745 2652 808 ἐστιν,
2684 742 2781 794 οὐκ
2818 740 2966 793 ἔστιν
2998 738 3173 801 οὑτως
3204 738 3378 802 οὐδεὶς
3412 741 3604 808 πένης,

2004 831 2107 886 κᾶν
2137 831 2343 900 σφόδρα
2391 822 2623 898 πένης
2655 865 2668 885 ,
2714 824 2790 888 ὡς
2830 822 2924 876 δύο
2967 820 3182 874 λεπτῶν
3220 821 3294 893 μὴ
3325 823 3607 893 εὐπορεῖν.

2008 917 2226 968 Ἕνεστι
2255 913 2390 982 γοῦν
2420 912 2516 965 καὶ
2545 912 2604 975 ἐξ
2640 910 2838 978 ὀλίγων
2871 908 3030 976 όλίγα
3061 907 3246 970 δόντα,
3275 908 3403 970 τοὺς
3439 906 3609 960 πολλὰ

2005 999 2386 1068 κεκτημένους
2437 994 2848 1066 ὑπερϐαλέσθαι
2901 993 3127 1046 πλείονα
3172 991 3419 1055 διδόντας
3449 1007 3462 1022 ·
3512 1008 3612 1044 κα·

2005 1083 2185 1152 θάπερ
2211 1080 2438 1150 κάκείνη
2467 1082 2498 1148 ἡ
2529 1080 2696 1149 χήρα.
2743 1076 2819 1130 Οὐ
2853 1079 2962 1146 γάρ
2990 1074 3079 1156 τῷ.
3099 1075 3285 1146 μέτρῳ
3329 1075 3440 1128 τῶν
3469 1073 3612 1128 6:80-

2008 1165 2207 1236 μένων,
2239 1164 2378 1217 ἀλλὰ
2407 1166 2473 1233 τῇ
2513 1161 2744 1231 δυνάμει
2783 1161 2878 1215 καὶ
2911 1163 2976 1231 τῇ
3020 1159 3343 1231 προαιρέσει
3377 1158 3489 1210 τῶν
3532 1156 3613 1211 δι-

2004 1249 2205 1302 δόντων
2235 1247 2482 1316 κρίνεται
2515 1245 2612 1315 τῆς
2646 1243 3027 1314 ὲλεημοσύνης
3055 1243 3116 1296 τὸ
3149 1241 3403 1314 μέγεθος.
3446 1241 3610 1293 ’Ὥστε

2005 1331 2283 1401 πανταχοῦ
2316 1328 2695 1400 προαιρέσεως
2728 1329 2861 1398 ἡμῖν
2903 1327 3004 1393 δεῖ,
3038 1323 3317 1396 πανταχοῦ
3345 1323 3446 1394 τῆς
3475 1323 3616 1394 πρὸς

2005 1416 2096 1470 τὸν
2120 1414 2254 1469 Θεὸν
2281 1415 2526 1482 ἀγάπης.
2575 1411 2704 1465 Ἐὰν
2750 1409 2892 1481 μετὰ
2934 1409 3143 1481 ταύτης
3186 1409 3414 1466 ἅπαντα
3439 1408 3615 1484 πρόιτ-

2005 1515 2208 1569 τωμεν,
2251 1497 2355 1551 κᾶν
2388 1495 2562 1567 μικρά
2614 1494 2830 1566 ἔχοντες
2881 1495 3058 1565 μικρὰ
3100 1493 3317 1563 δῶμεν,
3345 1492 3446 1546 οὐκ
3474 1493 3614 1545 ἀπο-

2008 1583 2233 1654 στρέψει
2265 1582 2294 1634 6
2321 1580 2454 1644 Θεὸς
2486 1580 2548 1634 τὸ
2581 1579 2876 1651 πρόσωπον
2907 1575 3094 1642 αὑτοῦ,
3128 1577 3270 1632 ἀλλὰ
3295 1576 3510 1643 δέξεται
3537 1574 3617 1638 ὡς

2011 1666 2223 1736 μεγάλα
2255 1665 2351 1718 καὶ
2398 1662 2711 1735 θαυμαστά.
2750 1661 2829 1733 Τῇ
2859 1661 2970 1733 γὰρ
3014 1659 3377 1732 προαιρέσει,
3406 1659 3468 1713 οὐ
3498 1661 3619 1720 τοῖς

2006 1748 2308 1820 διδομένοις
2336 1746 2598 1819 προσέχει
2625 1763 2638 1777 ·
2665 1744 2767 1800 κᾶν
2790 1745 3009 1822 ἐκείνην
3033 1744 3117 1816 ἴδῃ
3148 1743 3394 1815 μεγάλην
3421 1739 3614 1805 οὖσαν,

2006 1831 2185 1903 ταύτῃ
2213 1832 2423 1886 τίθεται
2454 1831 2552 1893 τὰς
2577 1832 2793 1902 ψήφους
2820 1829 2915 1883 καὶ
2946 1829 3182 1900 κρίσεις,
3216 1829 3312 1882 καὶ
3335 1826 3444 1880 τῶν
3483 1827 3617 1879 αἰω-

2010 1916 2140 1972 νίων
2160 1915 2384 1985 ἀγαθῶν
2413 1917 2558 1969 ποιεῖ
2577 1914 2840 1985 μετόχους
2862 1928 2877 1943 ⁸
2901 1904 2977 1968 ὧν
3001 1911 3217 1982 γένοιτο
3232 1912 3442 1975 πάντας
3466 1909 3617 1982 ἡμᾶς

2012 2001 2312 2071 ἐπιτυχεῖν,
2339 1998 2527 2070 χάριτι
2559 2000 2656 2052 καὶ
2685 1995 3098 2069 φιλανθρωπίᾳ.

1781 2545 2033 2604 OMIAIA
2093 2542 2176 2600 B'.

322 2659 374 2737 [1
449 2682 650 2768 Ὂςγῶγ
663 2681 1031 2768 ἀπαύυασμέι
1046 2683 1156 2768 τῆς
1169 2683 1355 2751 δόξης
1368 2687 1464 2768 καὶ
1481 2684 1791 2768 χαρακτὴρ
1800 2684 1878 2768 ζῆ
1881 2707 1912 2752 ς

391 2750 790 2825 ὑποστάσεως
823 2750 1033 2825 αὐτοῦ,
1063 2750 1261 2822 φέρων
1291 2750 1356 2825 τε
1389 2757 1461 2809 τὰ
1481 2750 1681 2811 πάντα
1707 2750 1786 2824 τῷ
1801 2750 1914 2825 pif-

392 2841 528 2898 μαζι
559 2821 668 2890 τῆς
695 2822 1008 2898 δυκάμεως
1044 2821 1252 2898 αὑτοῦ,
1285 2824 1358 2878 δι’
1399 2825 1632 2898 ἑαυτοῦ
1661 2821 1906 2898 καθάρι-

391 2892 554 2964 σμόν
583 2892 993 2963 ποιησάμενος
1021 2893 1142 2950 τῶν
1168 2893 1473 2966 ἁμαρτιῶν
1508 2895 1700 2967 ἡμῶν.

395 3027 467 3082 α’.
493 3027 780 3100 Πανταχοῦ
810 3028 910 3100 μὲν
931 3029 1196 3095 εὐλαϐοῦς
1211 3031 1456 3094 διανοίας
1475 3033 1577 3098 δεῖ,
1608 3034 1843 3105 μάλιστα
1857 3036 1912 3090 δὲ

323 3112 453 3166 ὅταν
483 3111 611 3183 περὶ
642 3111 778 3165 Θεοῦ
816 3111 1067 3192 λέγωμέν
1091 3131 1146 3166 τι
1173 3115 1270 3168 καὶ
1292 3115 1582 3188 ἀκούωμεν
1602 3133 1618 3149 ⁶
1641 3117 1773 3173 οὐτε
1805 3119 1914 3192 γὰρ

325 3193 548 3262 γλῶσσα
587 3195 781 3260 εἰπεῖν,
824 3195 949 3248 οὐτε
992 3191 1082 3260 οὖς
1129 3197 1365 3252 ἀκοῦσαι
1404 3199 1589 3270 πρὸςα
1636 3200 1792 3268 ἀξίαν
1820 3191 1915 3256 τοῦ

324 3275 462 3331 Θεοῦ
489 3293 541 3330 τι
567 3276 789 3330 δύναται
817 3292 830 3307 °
863 3277 958 3332 καὶ
987 3278 1037 3332 τί
1069 3277 1212 3348 λέγω
1245 3280 1492 3349 γλῶτταν
1522 3283 1616 3336 καὶ
1643 3281 1735 3348 οῦς
1757 3302 1771 3350 ;
1796 3285 1917 3339 οὐδὲ

326 3360 437 3429 γὰρ
467 3360 496 3412 6
538 3359 664 3421 νοῦς
693 3361 721 3412 6
751 3360 887 3413 πολύ
926 3361 1133 3414 τούτων
1174 3363 1459 3435 ὑπερέχων
1485 3404 1501 3432 ,
1536 3367 1827 3438 δυνήσεταί
1857 3387 1909 3422 τι

328 3442 644 3514 περιλαϐεῖν
689 3443 964 3514 ἀκριϐῶς,
996 3445 1124 3499 ὅταν
1163 3448 1292 3518 περὶ
1335 3448 1470 3503 Θεοῦ
1500 3467 1554 3504 τι
1584 3450 1918 3519 φθέγγεσθαι

331 3524 669 3596 βουλώμεθα.
692 3526 755 3580 Ei
777 3527 884 3598 γάρ
906 3529 937 3599 ή
963 3529 1155 3602 εἰρήνη
1181 3531 1276 3584 τοῦ
1296 3531 1431 3585 Θεοῦ
1455 3533 1712 3605 ὑπερέχει
1742 3536 1920 3589 πάντα

327 3608 476 3672 νοῦν,
508 3611 602 3664 καὶ
627 3610 696 3663 τὰ
728 3613 1108 3682 ήτοιμασμένα
1154 3617 1266 3678 τοῖς
1306 3617 1597 3683 ἀγαπῶσιν
1631 3618 1792 3672 αὐτὸν
1828 3622 1921 3674 ἐπὶ

331 3691 560 3762 καρδίαν
588 3693 878 3764 ἀνθρώπου
909 3696 1011 3749 οὐκ
1052 3697 1220 3768 ἀνέϐη
1254 3714 1266 3727 ·
1301 3699 1480 3771 πολλῷ
1513 3701 1714 3770 μᾶλλον
1759 3697 1920 3767 αὐτὸς

326 3775 357 3826 6
377 3774 477 3844 τῆς
498 3774 721 3844 εἰρήνης
741 3775 895 3839 Θεὸς,
917 3777 946 3828 6
971 3778 1081 3832 τῶν
1101 3781 1355 3833 ἁπάντων
1373 3784 1738 3854 Δημιουργὸς,
1763 3786 1921 3854 ὑπερ·

330 3857 504 3910 ϐαίνει
533 3857 710 3928 πολλῷ
740 3859 819 3928 τῷ
865 3860 1049 3932 μέτρῳ
1079 3861 1167 3916 τὸν
1198 3865 1468 3935 ἡμέτερον
1516 3867 1795 3939 λογισμόν.
1830 3872 1922 3923 Δεῖ

329 3940 510 3992 τοίνυν
533 3941 670 4009 μετά
701 3941 939 4006 πίστεως
968 3944 1062 3997 καὶ
1083 3946 1367 4024 εὐλαϐείας
1393 3948 1612 4024 ἅπαντα
1636 3951 1882 4022 δέχεσθαι
1903 3971 1917 3984 ·

331 4025 428 4108 καί
461 4025 591 4078 ὅταν
620 4027 648 4078 ὁ
673 4025 833 4094 λόγος
861 4027 1222 4102 ἐξασθενήσῃ,
1255 4020 1351 4085 καὶ
1379 4034 1454 4104 μὴ
1482 4020 1920 4108 δύνηταιίπαρα-

333 4106 533 4174 στῆσαι
564 4107 633 4161 τὰ
660 4108 933 4178 λεγόμενα
975 4113 1111 4181 μετά
1152 4114 1442 4184 ἀκριϐείας
1467 4156 1482 4180 ,
1519 4120 1644 4171 τότε
1688 4106 1922 4189 μάλιστα

330 4190 577 4256 δοξάζειν
607 4193 698 4246 τὸν
729 4193 883 4258 Θεὸν,
916 4194 996 4248 δτι
1025 4195 1157 4250 Θεὸν
1179 4199 1421 4254 τοιοῦτον
1459 4202 1674 4272 ἔχομεν,
1703 4205 1796 4258 καὶ
1824 4204 1923 4275 τὴν

331 4274 573 4355 διάνοιαν
610 4277 766 4345 ἡμῶν
797 4280 889 4332 καὶ
924 4280 1014 4332 τὸν
1062 4279 1219 4349 λόγον
1261 4284 1666 4355 ὑπερϐαίνοντα
1692 4304 1705 4318 ⁸
1752 4274 1925 4343 πολλά

333 4356 446 4440 γὰρ
483 4353 558 4411 ὧν
588 4361 715 4430 περί
744 4360 880 4414 Θεοῦ
912 4362 1138 4433 νοοῦμεν
1165 4364 1193 4403 ιτ
1213 4405 1227 4425 .
1267 4367 1328 4418 οὑ
1369 4353 1576 4440 φράσαι
1606 4371 1884 4440 δυνάμεθα
1904 4387 1922 4406 ο

333 4438 369 4509 ἢ
400 4441 570 4524 πολλά
599 4443 698 4508 μὲν
734 4445 1038 4515 φράζομεν,
1069 4448 1260 4516 νοῆσαι
1286 4449 1342 4503 δὲ
1369 4438 1468 4504 οὐκ
1498 4438 1756 4524 ἰσχύομεν
1775 4472 1789 4486 ’
1815 4450 1935 4509 οἷόν·

331 4539 387 4577 τι
413 4523 578 4595 λέγω,
601 4527 683 4581 δτι
709 4529 988 4600 πανταχοῦ
1024 4531 1123 4600 μὲν
1147 4533 1325 4598 δΘεὸς
1353 4534 1533 4604 ἴσμεν,
1559 4523 1676 4602 πῶς
1693 4540 1769 4604 δὲ,
1798 4542 1926 4593 οὐκ·

338 4609 420 4660 έτι
484 4608 718 4679 νοοῦμεν
745 4626 759 4640 ·
795 4613 879 4666 ὅτι
913 4614 1032 4666 ἐστί
1076 4632 1162 4680 τις
1205 4615 1498 4688 ἀσώματος
1525 4619 1760 4692 δύναμις
1789 4624 1926 4677 πάν-

336 4706 445 4743 των
481 4692 632 4744 αἰτία
673 4691 782 4746 τῶν
817 4695 1063 4763 ἀγαθῶν,
1108 4697 1268 4768 ῐσμεν
1296 4740 1309 4764 ,
1346 4701 1462 4764 πῶς
1507 4703 1564 4757 δέ
1605 4691 1774 4771 ἐστιν,
1827 4709 1925 4760 οὑκ

339 4772 516 4845 ἴσμεν.
566 4776 696 4830 ’1δοὺ
733 4779 1051 4850 φράζομεν.
1093 4783 1187 4837 καὶ
1230 4785 1289 4837 οὐ
1332 4787 1582 4857 νοοῦμεν.
1633 4785 1802 4844 Εἶπον
1845 4793 1926 4846 ὅτι

338 4859 614 4929 πανταχοῦ
638 4862 806 4928 ἐστιν,
835 4863 949 4917 ἀλλ’
965 4867 1023 4919 οὐ
1045 4867 1152 4921 νοῶ
1171 4885 1182 4898 ·
1208 4864 1362 4922 εἶπον
1385 4872 1466 4924 ὅτι
1493 4871 1728 4944 ἄναρχός
1753 4876 1924 4939 ἐστιν,

339 4942 519 5022 ἀλλὀὐ
551 4944 657 4998 νοῶ
679 4961 692 4974 ·
723 4944 876 5001 εἷπον
906 4949 986 5002 ὃτι
1017 4950 1306 5022 ἐγέννησεν
1340 4953 1398 5020 ἐξ
1444 4942 1667 5020 ἑαυτοῦ,
1703 4958 1798 5010 καὶ
1828 4961 1927 5012 οὐκ

339 5021 450 5078 οἶδα
487 5027 605 5091 πῶς
630 5028 793 5082 πάλιν
822 5031 1021 5102 νοήσω.
1054 5021 1242 5087 Ἔστιν
1268 5031 1360 5089 οῦν
1385 5054 1524 5101 τινα,
1555 5038 1591 5092 ἀ
1623 5040 1758 5109 μηδὲ
1786 5043 1927 5112 φρά-

343 5125 431 5161 σαι
461 5109 544 5163 ἔνι
570 5125 584 5141 ⁸
617 5105 729 5166 οἷόν
757 5131 810 5166 τι
839 5114 1003 5182 λέγω,
1032 5120 1145 5170 νοεῖ
1170 5119 1202 5188 ή
1233 5119 1440 5175 διάνοια
1461 5162 1475 5186 ,
1507 5105 1839 5178 ἀλλ”εἰπεῖν
1865 5128 1924 5178 οὐ

339 5190 586 5246 δύναται.
626 5194 735 5249 Καὶ
773 5197 860 5250 ἵνα
895 5198 1044 5271 εἰδῇς
1069 5201 1164 5254 καὶ
1201 5201 1413 5257 Παῦλον
1448 5204 1803 5274 ἀσθενοῦντα,
1832 5211 1926 5263 καὶ

348 5274 421 5364 μὴ
446 5275 582 5364 1:96;
604 5277 892 5364 ἀκρίϐειαν
918 5282 986 5334 τά
1016 5282 1391 5355 ὑποδείγματα
1417 5288 1667 5356 λέγοντα,
1695 5292 1789 5344 καὶ
1807 5294 1929 5364 φρί-

349 5357 442 5431 ξῃς
476 5362 568 5444 ξεᾳί
606 5361 774 5432 μηδὲν
819 5367 1132 5437 περαιτέρω
1181 5368 1459 5444 ζητήσῃς,
1502 5373 1666 5428 ἄκουε
1695 5393 1708 5404 ·
1758 5357 1928 5431 εἰπὼν

347 5447 452 5508 γαρ
482 5441 632 5507 Υἱὸν,
666 5446 759 5496 καὶ
794 5445 907 5510 θεὶς
947 5449 1303 5521 δημιουργὸν,
1345 5441 1399 5506 τί
1445 5457 1682 5524 ἐπάγεις
1721 5461 1816 5525 Ὃς
1846 5459 1930 5513 ὢν

348 5525 714 5598 ἀπαύγασμα
740 5529 848 5599 τῆς
870 5532 1056 5601 δόξης
1074 5536 1170 5590 καὶ
1201 5540 1507 5610 χαρακτὴρ
1535 5542 1644 5610 τῆς
1662 5544 1928 5598 ὑποστά-

411 5720 634 5796 EReggq.
677 5724 910 5796 Ceryel.
934 5731 987 5796 εί
1015 5742 1179 5796 Δῐῐιειῐᾘ.
1216 5730 1388 5790 Savil.,
1437 5733 1537 5782 ἐπεὶ
1562 5735 1679 5796 μήτε
1727 5736 1871 5784 εἰπεῖν
1899 5739 1929 5794 ἡ

352 5779 694 5856 γλῶτταξιιήτε
717 5786 922 5856 ἀκοῦσαι
1011 5787 1190 5856 διάνοια
1223 5795 1336 5856 πρὸς

354 5903 384 5952 il
415 5844 445 5953 bl
469 5843 521 5955 Ιιῖ
541 5847 660 5895 Call)
706 5847 763 5896 ah
790 5851 864 5898 his
886 5843 1065 5913 verbis,
1095 5843 1270 5903 Πολλῖ
1295 5843 1441 5919 γάρ...
1469 5858 1684 5922 νοοῦμεν,
1733 5859 1930 5908 lmmilia

389 5918 429 5950 ac
453 5921 498 5955 υι
528 5941 539 5955 .

389 5919 539 5969 ιειριῐ.

2018 2700 2177 2755 σεως
2208 2688 2419 2744 αὑτοῦ.
2471 2687 2643 2742 Τοῦτο
2671 2687 2727 2742 δὲ
2780 2687 2901 2759 μετ’
2929 2686 3220 2753 εὐλαϐείας
3251 2688 3620 2761 ἐκλαμϐάνειν

2013 2766 2113 2836 δεῖ,
2147 2772 2243 2825 καὶ
2268 2772 2336 2825 τὰ
2371 2771 2550 2826 άτοπα
2582 2772 2903 2844 περικόψαι.
2944 2773 3333 2843 Ἀπαύγασμα
3363 2774 3475 2842 τῆς
3517 2775 3621 2829 δό-

2016 2854 2148 2922 ξης,
2178 2856 2362 2924 φησίν.
2406 2857 2668 2930 ’Δλλ’δρα
2703 2857 2840 2928 πρὸς
2877 2858 2930 2911 τί
2967 2857 3100 2911 αὐτὸ
3128 2858 3492 2928 ἐκλαμϐάνει,
3523 2861 3623 2914 καὶ

2017 2937 2135 3011 [14]
2155 2939 2298 2994 οὕτω
2324 2941 2419 2994 καὶ
2451 2941 2614 3006 αὐτὸς
2640 2941 2798 3011 δέχου
2817 2959 2832 2972 ο
2853 2942 2937 2995 δτι
2967 2939 3026 3006 ἐξ
3050 2942 3241 3010 αὐτοῦ,
3264 2945 3346 2997 ὅτι
3371 2944 3621 3008 ἀπαθῶς,

2016 3023 2099 3075 ὅτι
2141 3022 2202 3075 οὐ
2256 3024 2585 3092 μειωθέντος
2624 3024 2748 3078 οὐδὲ
2794 3024 3224 3090 ἐλαττωθέντοςο
3279 3027 3470 3098 ἐπειδή
3517 3027 3624 3081 εἰσί

2017 3122 2163 3168 τινες
2180 3106 2362 3160 ἄτοπά
2385 3124 2510 3160 τινα
2531 3108 2596 3162 ὲκ
2612 3107 2705 3161 τοῦ
2732 3108 3135 3179 ὐποδείγματος
3158 3110 3622 3182 ἐκλαμϐάνοντες.

2018 3189 2093 3242 Τὸ
2121 3190 2231 3260 γὰρ
2261 3190 2606 3260 ἀπαύγασμα
2626 3231 2641 3255 ,
2676 3194 2865 3261 φασὶν,
2902 3194 3274 3249 ὲνυπόστατον
3316 3195 3418 3248 οὐκ
3451 3195 3626 3265 ἐστιν,

2018 3272 2135 3326 ἀλλ’
2169 3274 2226 3325 έν
2252 3273 2425 3344 ἑτέρῳ
2465 3274 2579 3344 ἔχει
2614 3275 2675 3329 τὸ
2704 3274 2866 3333 εἶναι.

2091 3355 2184 3428 Μὴ
2212 3357 2372 3410 τοῦτο
2396 3359 2576 3412 τοίνυν
2604 3360 2864 3431 έκλάϐῃς,
2897 3360 3179 3433 ἄνθρωπε,
3206 3361 3343 3431 μηδὲ
3363 3361 3628 3434 Μαρκέλε-

2020 3439 2114 3492 λου
2150 3441 2242 3493 καὶ
2270 3440 2541 3494 Φωτεινοῦ
2569 3444 2804 3516 νοσήσῃς
2845 3444 2943 3513 τὴν
2973 3443 3151 3498 νόσον.
3204 3444 3468 3513 Ἐγγύθεν
3515 3447 3629 3518 γάρ

2022 3539 2079 3575 σε
2103 3523 2125 3552 °
2157 3523 2472 3592 θεραπεύει,
2508 3524 2652 3579 ὥστε
2681 3526 2757 3597 μὴ
2789 3527 2869 3589 εἰς
2894 3526 3114 3598 ἐκείνην
3138 3529 3404 3598 ἐμπεσεῖν
3435 3546 3495 3581 σε
3526 3530 3626 3593 τὴν

2019 3605 2282 3671 διάνοιαν,
2317 3608 2439 3661 οὐδὲ
2479 3608 2674 3679 ἀφίησί
2710 3626 2771 3662 σε
2804 3611 2885 3673 εἰς
2926 3609 2986 3663 τὸ
3026 3611 3273 3680 ὀλέθριον
3318 3613 3498 3664 ἐκεῖνο
3536 3613 3627 3665 νό-

2024 3707 2178 3761 σημα
2207 3693 2605 3764 κατενεχθῆναι
2625 3708 2638 3722 ⁸
2673 3694 2726 3747 τί
2750 3693 2807 3747 δέ
2833 3709 3002 3764 φησι;
3034 3695 3139 3748 Καὶ
3171 3694 3484 3765 χαρακτὴρ
3516 3695 3630 3763 τῆς

2022 3774 2418 3841 ὑποστάσεως
2450 3776 2637 3830 αὐτοῦ
2656 3794 2669 3808 ’
2700 3776 2876 3847 δηλῶν
2916 3777 3006 3830 διά
3036 3777 3139 3847 τῆς
3179 3779 3503 3849 ἐπαγωγῆς,
3536 3781 3620 3834 ὅτι

2023 3856 2212 3928 ὥσπερ
2243 3858 2391 3912 ἐστὶν
2413 3859 2441 3912 6
2468 3859 2659 3929 Πατὴρ
2681 3860 3074 3922 ὲνυπόστατος,
3103 3860 3198 3912 καὶ
3228 3860 3365 3930 πρὸς
3391 3862 3630 3914 ὑπόστα-

2027 3958 2109 3994 σιν
2141 3941 2355 4006 οὑδενὸς
2373 3943 2648 4012 δεόμενος
2683 3943 2828 3996 οὕτω
2858 3947 2955 3998 καὶ
2981 3945 3008 3996 6
3035 3943 3184 4008 Υίός.
3226 3944 3494 3999 Ἐνταῦθα
3517 3945 3629 4017 γὰρ

2023 4025 2081 4077 τὸ
2110 4025 2529 4094 ἀπαράλλακτον
2564 4026 2780 4089 δεικνὺς
2816 4027 2983 4080 τοῦτό
3028 4036 3184 4096 φησι,
3234 4028 3331 4081 καὶ
3362 4030 3499 4098 πρὸς
3535 4030 3630 4082 τὸν

2029 4107 2296 4173 ἰδιάζοντα
2341 4112 2669 4181 χαρακτῆρα
2699 4109 2794 4163 τοῦ
2834 4109 3198 4180 πρωτοτύπου
3235 4112 3630 4182 παραπέμπων

2027 4207 2107 4254 σε,
2138 4192 2233 4244 καὶ
2260 4192 2531 4246 διδάσκων
2564 4194 2639 4256 ὡς
2674 4194 2732 4246 ὲν
2765 4194 3072 4248 ὑποστάσει
3110 4195 3228 4247 ἐστὶ
3259 4193 3381 4248 καθ’
3411 4196 3627 4251 ἑαυτόν.

2027 4273 2210 4326 Εἰπὼν
2239 4275 2294 4328 δὲ
2324 4276 2605 4346 ἀνωτέρω,
2637 4278 2720 4329 ὅτι
2755 4277 2828 4328 δι’
2854 4275 3020 4330 αὐτοῦ
3050 4277 3307 4347 ἐποίησεν
3337 4280 3364 4333 ὀ
3394 4278 3528 4342 Θεὸς
3559 4281 3632 4333 τὰ

2026 4357 2227 4421 πάντα,
2257 4357 2492 4412 ἐνταῦθα
2515 4358 2733 4412 δίδωσιν
2768 4359 2918 4428 αὐτῷ
2943 4360 3044 4428 τὴν
3079 4359 3392 4414 αὑθεντίαν.
3422 4362 3486 4414 Τί
3516 4362 3627 4431 γὰρ

2027 4440 2260 4509 ἐπάγεις
2289 4441 2492 4509 ἀέρων
2521 4459 2585 4495 τε
2619 4443 2691 4497 τὰ
2719 4442 2918 4496 πάντα
2959 4441 3039 4508 τῷ
3055 4442 3279 4511 ῥήματι
3308 4443 3420 4512 τῆς
3448 4444 3630 4499 δυνά-

2024 4541 2181 4592 μεως
2205 4524 2392 4578 αὐτοῦ
2414 4541 2426 4554 ⁶
2449 4526 2537 4577 ἵνα
2567 4527 2632 4578 ἐκ
2658 4525 2957 4597 τούτουιμὴ
2990 4527 3153 4596 μόνον
3183 4527 3273 4580 τὸν
3304 4531 3625 4600 χαρακτῆρα

2027 4608 2128 4676 τῆς
2160 4607 2513 4671 ὑποστάσεως
2540 4608 2885 4678 ἐκλάϐωμεν,
2911 4609 3048 4662 ἀλλὰ
3069 4610 3165 4664 καὶ
3185 4611 3245 4662 τὸ
3275 4611 3412 4679 μετά
3440 4612 3639 4665 αὐθεν-

2029 4691 2149 4755 τίας
2176 4692 2394 4746 ἅπαντα
2416 4691 2710 4762 κυϐερνᾷν.
2748 4692 2891 4763 Ὅρα
2918 4692 3099 4745 τοίνυν
3123 4693 3263 4758 πῶς.
3308 4694 3446 4766 ὅπερ
3476 4698 3627 4751 ἐστὶν

2031 4773 2162 4827 ἴδιον
2192 4774 2285 4828 τοῦ
2317 4774 2554 4844 Πατρὸς,
2582 4773 2742 4828 τοῦτο
2775 4775 3088 4846 προσάπτει
3115 4777 3193 4848 τῷ
3222 4777 3358 4849 Υἰῷ.
3390 4778 3491 4832 Διά
3519 4783 3631 4849 γαρ

2028 4858 2187 4911 τοῦτο
2231 4859 2328 4928 οὐχ
2359 4858 2549 4921 ἁπλῶς
2596 4854 2716 4910 εἷπε
2739 4875 2752 4886 '
2787 4859 2990 4927 φέρων
3023 4878 3086 4914 τε
3123 4861 3196 4916 τὰ
3227 4861 3460 4927 πάντα,
3507 4864 3628 4924 οὐδὲ

2029 4938 2177 4994 εἷπε·
2196 4943 2274 5014 Τῇ
2305 4943 2533 5012 δυνάμει
2567 4942 2756 5007 αὐτοῦ,
2789 4943 2959 5009 ἀλλὰ,
3000 4945 3086 5010 Τῷ
3108 4945 3336 5014 ῥήματι
3385 4946 3496 5014 τῆς
3524 4949 3632 5002 δυ.-

2028 5024 2258 5091 νάμεως
2287 5025 2494 5079 αὑτοῦ.
2527 5027 2739 5096 Ὥσπερ
2769 5026 2878 5099 γὰρ
2907 5027 3100 5100 πρώην
3135 5031 3269 5100 ἡμῖν
3302 5029 3457 5101 ἀνῄει
3489 5034 3632 5085 κατὰ

2035 5109 2229 5178 μικρὸν
2265 5111 2358 5162 καὶ
2397 5109 2610 5180 κατῄειο
2643 5110 2785 5164 οὖτω
2825 5113 2917 5165 καὶ
2951 5111 3070 5175 νῦν,
3110 5113 3366 5184 καθάπερ
3405 5115 3516 5169 ἀπό
3550 5135 3632 5168 τι-

2036 5210 2142 5243 νων
2179 5191 2439 5261 βαθμῶν,
2477 5191 2760 5247 ἀναϐαίνει
2796 5197 2875 5258 εἰς
2917 5193 3070 5263 ὕψος,
3101 5191 3221 5249 εἶτα
3257 5197 3418 5250 πάλιν
3462 5215 3632 5252 καιτα-

2036 5273 2232 5341 ϐαίνει,
2260 5275 2350 5328 καί
2380 5291 2532 5346 φησι·
2559 5278 2638 5329 Δι’
2665 5272 2737 5332 οὗ
2773 5276 2872 5330 καὶ
2901 5277 3043 5343 τοὺς
3072 5278 3292 5346 αἰῶνας
3313 5281 3628 5349 ἐποίησεν.

2038 5356 2182 5427 Ὅρα
2210 5358 2329 5421 πῶς
2355 5359 2450 5416 καὶ
2479 5359 2712 5414 ἐνταῦθα
2738 5359 2833 5414 δύο
2859 5360 3047 5431 τέμνει
3073 5361 3248 5426 ὁδούς.
3291 5363 3630 5434 Βουλόμενος

2036 5441 2144 5512 γάρ
2172 5443 2320 5513 ἡμᾶς
2344 5444 2652 5512 ἀπαγαγεῖν
2687 5443 2787 5513 τῆς
2814 5444 3108 5498 Σαϐελλίου
3142 5449 3237 5499 καὶ
3276 5447 3487 5518 Ἀρείου
3515 5466 3638 5503 και-

2036 5529 2319 5596 νοτομίας,
2348 5526 2444 5580 τοῦ
2480 5528 2579 5597 μὲν
2608 5527 2669 5580 τὸ
2697 5529 2955 5599 περιττὸν
2977 5529 3080 5597 τῆς
3106 5530 3462 5595 ὑποστάσεως
3479 5533 3634 5585 ἀναι-

2042 5609 2281 5679 ροῦντος,
2314 5610 2409 5663 τοῦ
2436 5610 2492 5664 δὲ
2523 5611 2621 5682 τὴν
2652 5613 2783 5682 μίαν
2816 5612 2979 5682 φύσιν
3015 5615 3096 5678 εἰς
3123 5613 3420 5684 ἀνισότητα
3455 5633 3632 5670 κατα-

2037 5693 2359 5764 τέμνοντος,
2391 5697 2454 5748 ἐκ
2499 5697 2820 5767 περιουσίας
2868 5698 3154 5768 ἀμφότερα
3188 5698 3463 5769 καθαιρεῖ.
3509 5703 3635 5765 Πῶς

2159 5859 2273 5931 Ροςί
2297 5861 2401 5931 ὴαο
2427 5862 2593 5931 verba,
2623 5864 2808 5925 ἐγγύθεν
2833 5864 2921 5926 γάρ
2948 5882 3020 5923 σε,
3069 5867 3116 5914 in
3139 5867 3431 5918 Colbertino
3459 5871 3632 5920 codice

2042 5921 2212 5969 folium
2236 5923 2568 5974 desideratur.
