4112 6344
227 364 288 420 21
1116 371 1181 428 IN
1221 365 1437 426 EPIST.
1477 365 1569 420 AD
1607 363 1809 419 11111311.

1911 362 1969 417 5.
2011 364 2161 419 CAP.
2206 365 2245 420 Ι.
2288 364 2517 421 1101111..
2558 363 2624 419 ll.
3431 365 3501 422 2?.

220 477 366 531 quem
392 467 517 528 [cett
548 472 594 516 et
623 464 828 518 secula.
867 463 997 520 Vide
1023 470 1293 535 quomodo
1326 470 1411 523 hic
1440 483 1655 539 quoque
1679 471 1816 526 duas

219 555 458 625 capessit
484 556 620 611 vias.
654 554 850 611 Volens
888 557 1028 612 enim
1072 572 1171 613 nos
1213 558 1479 616 abducere
1525 576 1556 617 a
1596 561 1845 620 Sabeliii.

222 653 280 699 et
323 646 435 699 Arii
477 646 958 713 innovationibus;
1002 654 1229 718 quarum
1274 650 1410 707 alter
1448 652 1503 706 in
1542 654 1814 724 hypostasi

224 738 496 807 superﬂua
540 739 713 804 tollit,
755 738 893 795 alter
933 755 1062 796 vero
1108 756 1268 796 unam
1301 753 1545 800 naturam
1588 760 1686 816 per
1728 748 1814 802 in—

223 830 586 900 aequalitatem
616 831 836 898 dividit;
869 847 938 888 ex
966 832 1257 888 abundanti
1281 834 1371 890 ille
1401 844 1687 908 utrumque
1715 837 1814 893 de-

219 920 360 987 jicit.
410 920 693 989 Quomodo
737 922 899 992 igitur
948 924 1049 979 hoc
1092 923 1259 980 iacit?
1311 926 1579 997 Perpetuo
1626 929 1813 984 eadem

224 1019 407 1065 versat
434 1020 490 1066 et
515 1011 785 1081 loquitur,
812 1020 871 1067 ut
894 1027 963 1068 ne
992 1021 1206 1083 putetur
1233 1029 1355 1071 esse
1386 1017 1502 1072 sine
1528 1017 1813 1089 principio,

222 1103 309 1157 vel
333 1117 364 1157 a
399 1103 508 1158 Deo
537 1104 766 1160 alienus.
796 1104 865 1159 Et
889 1120 956 1160 ne
984 1114 1201 1176 stupeas
1228 1106 1311 1163 his
1336 1107 1553 1177 auditis,
1580 1109 1773 1167 dilecte
1799 1131 1813 1168 :

224 1210 347 1250 nam
374 1195 419 1249 si
444 1197 604 1251 etiam
633 1206 756 1268 post
780 1206 886 1253 tam
913 1200 1080 1254 multa
1110 1199 1431 1257 documenta
1455 1212 1579 1259 sunt
1598 1205 1814 1274 quidam

222 1285 313 1355 qui
342 1284 595 1341 dixerunt
622 1303 743 1343 eum
769 1303 893 1343 esse
918 1290 1172 1357 alienum,
1212 1302 1265 1346 et
1302 1293 1530 1349 alterum
1570 1297 1619 1350 ei
1649 1296 1817 1353 dede-

222 1386 351 1432 runt
376 1388 581 1447 patrem
604 1420 621 1445 ,
655 1380 828 1449 ipsum
860 1396 1073 1451 quoque
1100 1383 1341 1439 dicentes
1365 1400 1487 1440 cum
1518 1402 1585 1443 eo
1616 1388 1815 1444 bellum

221 1484 450 1541 gerere:
474 1471 520 1525 si
538 1486 644 1527 non
665 1473 780 1528 haec
811 1473 1056 1541 dixisset,
1084 1475 1207 1546 quid
1232 1492 1338 1532 non
1364 1488 1550 1535 essent
1570 1480 1818 1551 loquuti?

223 1562 453 1629 Quando
481 1563 644 1635 igitur
672 1581 893 1621 necesse
934 1566 1095 1622 habet
1130 1568 1213 1623 his
1250 1570 1476 1639 mederi,
1504 1582 1631 1627 tunc
1654 1573 1818 1628 etiam

224 1672 450 1713 necesse
477 1657 636 1713 habet
665 1658 807 1730 loqui
841 1659 1097 1726 humilia;
1124 1670 1180 1714 ut
1201 1661 1353 1729 illud,
1382 1663 1673 1720 Constituit
1694 1682 1816 1724 eum

225 1745 484 1803 heredem
512 1749 885 1804 universorum
912 1791 926 1815 ,
958 1758 1047 1817 et,
1076 1751 1179 1806 Per
1205 1751 1382 1822 ipsum
1426 1754 1550 1809 fecit
1599 1756 1814 1811 saecula.

225 1841 431 1898 Deinde
456 1857 524 1896 ne
563 1851 739 1897 autem
769 1843 930 1898 aliam
968 1853 1171 1915 partem
1203 1844 1359 1900 ltedat
1382 1887 1397 1911 ,
1433 1862 1499 1902 ex
1532 1846 1819 1905 humilibus

225 1930 384 1987 dictis
423 1948 546 1988 eum
574 1948 759 1989 rursus
784 1934 965 1990 evehit
989 1934 1055 1990 ad
1088 1936 1502 2005 auctoritatem;
1542 1948 1597 1993 et
1632 1950 1818 1996 osten-

225 2021 307 2078 dit
332 2038 455 2079 eum
484 2039 605 2080 esse
631 2024 685 2079 in
715 2026 905 2081 eodem
937 2026 1142 2082 honore
1166 2042 1274 2098 quo
1301 2028 1461 2084 Pater
1485 2070 1500 2097 ,
1530 2039 1586 2085 et
1608 2029 1744 2086 adeo
1767 2033 1820 2086 in

226 2123 418 2180 eodem
450 2124 694 2190 honore,
741 2134 798 2179 ut
844 2125 999 2180 multi
1045 2126 1352 2181 existiment
1398 2127 1647 2183 eumdem
1694 2142 1817 2183 esse

230 2215 466 2272 Patrem.
500 2216 635 2272 Vide
662 2227 840 2272 autem
869 2232 1114 2288 magnam
1141 2220 1256 2287 ejus
1282 2220 1618 2289 prudentiam
1644 2238 1658 2275 :
1684 2220 1815 2275 illud

228 2309 378 2377 prius
422 2310 592 2375 ponit,
633 2319 929 2379 exacteque
958 2320 1011 2365 et
1047 2322 1300 2367 accurate
1328 2312 1380 2367 id
1407 2313 1731 2379 conﬂrmat;
1762 2321 1817 2369 et

225 2413 348 2453 cum
381 2397 484 2453 hoc
513 2398 613 2453 fuit
636 2411 933 2467 ostensum,
963 2402 1106 2471 quod
1134 2402 1207 2458 sit
1234 2402 1329 2458 Dei
1354 2402 1525 2459 Filius
1546 2444 1561 2469 ,
1590 2413 1646 2459 et
1670 2403 1815 2476 quod

224 2490 294 2545 ab
324 2491 441 2561 ipso
472 2507 578 2546 non
622 2492 693 2545 sit
732 2491 973 2558 alienus,
1012 2502 1129 2548 tuto
1171 2494 1427 2563 deinceps
1464 2510 1815 2567 quaecumque

224 2579 339 2635 vult
376 2581 483 2636 alta
512 2581 765 2651 loquitur.
794 2581 926 2637 Nam
958 2584 1210 2653 quoniam
1251 2584 1391 2655 quod
1436 2601 1689 2657 magnum
1715 2587 1815 2641 ali-

222 2671 352 2743 quid
384 2671 452 2727 de
490 2688 557 2727 eo
583 2672 800 2738 dixerit,
840 2675 1040 2729 multos
1063 2674 1133 2729 ad
1174 2673 1314 2732 hanc
1342 2676 1563 2733 deduxit
1591 2686 1814 2733 senten-

226 2764 375 2828 tiam,
399 2762 468 2817 de
492 2762 779 2820 humilibus
800 2765 946 2835 prius
966 2766 1239 2838 loquutus.
1269 2776 1395 2823 tunc
1413 2776 1526 2824 tuto
1552 2779 1811 2841 quantum

224 2852 340 2907 vult
368 2853 424 2907 in
460 2854 624 2909 altum
656 2855 897 2926 procedit
923 2874 937 2912 :
963 2866 1018 2913 et
1052 2873 1175 2913 cum
1206 2858 1450 2928 dixisset,
1492 2860 1653 2929 Quem
1683 2880 1809 2917 con-

221 2946 385 3001 stituit
427 2947 658 3003 heredem
699 2949 1068 3017 universorum,
1104 2958 1159 3007 et
1184 2952 1326 3022 quod
1356 2968 1454 3023 per
1480 2954 1655 3023 ipsum
1688 2956 1812 3013 fecit

219 3038 439 3101 saecula,
480 3048 607 3095 tunc
637 3040 942 3112 subjungit:
976 3041 1301 3115 Portansque
1326 3048 1499 3101 omnia
1527 3048 1676 3103 verba
1702 3050 1808 3104 vir-

221 3128 343 3183 tutis
367 3146 491 3185 sua.
522 3130 656 3186 Nam
686 3133 778 3202 qui
810 3132 976 3188 verbo
1006 3134 1125 3189 solo
1152 3134 1418 3205 gubernat
1444 3139 1624 3193 omnia
1649 3179 1665 3205 ,
1698 3156 1808 3196 non

221 3234 354 3289 opus
384 3220 627 3277 habuerit
656 3223 836 3293 aliquo
864 3223 932 3278 ad
961 3225 1143 3280 omnia
1172 3225 1538 3297 producenda.

288 3310 349 3367 2.
386 3311 538 3380 Quod
582 3312 681 3368 hoc
716 3323 894 3369 autem
924 3315 997 3371 ita
1035 3318 1141 3383 sit,
1168 3318 1291 3373 vide
1319 3320 1592 3389 quomodo
1622 3338 1807 3381 rursus

218 3405 518 3474 procedens
537 3406 629 3461 dat
650 3407 699 3463 ei
722 3410 1113 3478 auctoritatem,
1145 3410 1305 3466 etiam
1334 3413 1486 3480 illud,
1514 3413 1618 3469 Per
1634 3433 1803 3488 quem,

214 3500 481 3556 eximens.
511 3498 647 3556 Nam
676 3502 927 3572 quoniam
974 3518 1072 3573 per
1110 3504 1285 3573 ipsum
1328 3505 1472 3576 quod
1512 3507 1686 3565 voluit
1722 3520 1806 3567 est

214 3601 492 3660 operatus,
539 3592 609 3647 ab
651 3608 719 3648 eo
765 3593 832 3650 de
872 3604 1072 3651 cetero
1114 3596 1421 3667 discedens,
1466 3601 1593 3670 quid
1632 3601 1806 3659 dicit?

211 3680 375 3739 Initio
406 3692 461 3738 tu
484 3725 499 3751 ,
535 3684 773 3754 Domine,
808 3698 993 3743 terram
1023 3690 1269 3761 fundasti,
1300 3700 1349 3747 et
1374 3708 1531 3764 Opera
1560 3712 1805 3753 manuum

212 3784 417 3829 uarum
441 3784 557 3830 sunt
584 3777 699 3831 ειειί
722 3776 924 3851 ,(Ηών.
962 3780 1016 3834 1.
1051 3780 1165 3851 10).
1194 3779 1467 3852 Nusquam
1500 3784 1652 3852 illud,
1699 3786 1805 3843 Per

208 3881 355 3935 quem
382 3906 398 3929 ,
447 3882 623 3939 neque
664 3870 809 3940 quod
850 3888 945 3943 per
994 3872 1170 3945 ipsum
1218 3873 1346 3931 fecit
1391 3879 1610 3934 szecula.
1659 3880 1801 3948 Quid

206 3957 384 4013 vero?
412 3972 590 4014 annon
620 3960 689 4017 ab
712 3961 831 4033 ipso
860 3963 996 4019 facta
1027 3966 1192 4021 sunt?
1235 3966 1501 4037 Maxime;
1544 3973 1641 4027 sed
1691 3988 1799 4030 non

204 4047 347 4103 sicut
390 4058 447 4103 tu
474 4048 639 4118 dicis,
673 4068 847 4122 neque
876 4064 933 4109 ut
976 4064 1029 4110 tu
1062 4059 1376 4129 suspicaris,
1406 4063 1559 4131 quasi
1585 4079 1685 4135 per
1712 4066 1797 4121 in-

205 4150 569 4199 strumentum
594 4185 610 4211 ,
652 4160 826 4216 neque
868 4155 1137 4219 tamquam
1178 4165 1285 4206 non
1322 4152 1509 4209 luisset
1538 4154 1794 4227 facturus,

204 4233 312 4290 nisi
341 4249 562 4290 manum
590 4236 691 4306 ipsi
721 4237 1041 4308 praebuisset
1064 4239 1242 4298 Pater.
1270 4242 1421 4300 Sicut
1444 4244 1592 4301 enim
1618 4249 1795 4304 nemi-

205 4340 326 4381 nem
348 4325 580 4396 judicat,
603 4336 658 4383 et
684 4328 881 4384 dicitur
901 4329 1150 4401 judicare
1175 4348 1272 4403 per
1302 4331 1491 4401 ﬁlium,
1525 4345 1795 4406 quatenus

198 4414 437 4484 judicent
487 4416 637 4473 illum
686 4420 929 4489 genuit:
968 4421 1042 4477 ita
1089 4423 1250 4478 etiam
1298 4424 1499 4480 dicitur
1545 4431 1792 4497 operari,

199 4518 470 4578 quatenus
499 4510 687 4580 genuit
730 4511 996 4582 opiﬁcem.
1046 4512 1101 4570 Si
1150 4516 1294 4570 enim
1341 4516 1502 4574 Pater
1547 4520 1665 4589 ejus
1709 4534 1794 4579 est

201 4614 364 4656 causa
391 4610 445 4656 et
483 4612 692 4669 auctor,
724 4605 895 4661 multo
922 4607 1094 4679 magis
1122 4623 1307 4664 eorum
1339 4626 1460 4682 qua:
1492 4628 1586 4682 per
1615 4615 1789 4685 ipsum

201 4692 340 4747 facta
369 4704 515 4749 sunt.

273 4782 783 4889 Paulisamosateni
804 4802 1029 4862 lucresis.
1055 4807 1229 4878 Arius,
1257 4813 1533 4889 Sabellius,
1565 4822 1791 4884 Marcel-

194 4875 279 4931 lus
302 4918 318 4945 ,
366 4878 622 4941 Photinus
665 4900 715 4945 et
764 4892 999 4953 Marcion

1921 478 1980 526 ct
2005 484 2191 525 rursus
2216 469 2452 524 ostendit
2481 482 2728 539 magnam
2758 466 2875 534 ejus
2908 465 3360 537 propinquitatem
3385 509 3400 532 ,
3444 486 3513 524 ιω

1918 578 2107 620 rursus
2130 563 2329 620 insiliat
2354 562 2644 619 Sabellius.
2670 560 2815 615 Dixit
2836 560 3053 626 Filium,
3076 572 3131 617 et
3150 562 3329 618 statim
3358 577 3516 635 urget

1921 655 2117 711 Paulus
2142 655 2546 720 Samosatenus,
2580 653 2763 709 dicens
2791 652 2965 723 ipsum
2996 667 3119 710 esse
3147 654 3345 710 Filium
3373 657 3515 711 sicut

1918 751 2135 807 multos.
2163 749 2269 807 Sed
2295 748 2457 805 letale
2486 749 2535 803 ei
2566 748 2763 802 vulnus
2786 745 2995 812 inﬂixit,
3017 745 3203 803 dicens
3232 748 3513 805 heredem.

1918 840 2025 898 Sed
2051 841 2226 898 adhuc
2252 840 2592 913 impudenter
2618 852 2677 894 se
2696 838 2837 909 gerit
2865 852 2989 893 cum
3016 840 3146 894 Ario
3174 859 3185 895 :
3214 855 3335 895 nam
3359 841 3511 906 illud,

1917 932 2191 989 Constituit
2218 932 2387 1001 ipsum
2423 928 2691 995 heredem,
2722 928 2882 984 ambo
2909 936 3095 984 tenent
3125 947 3139 983 :
3171 927 3261 985 ille
3291 931 3509 1001 quidem

1917 1024 2102 1079 dicens
2128 1038 2248 1078 esse
2288 1020 2713 1085 imbecillitatis;
2760 1020 2847 1076 hic
2889 1031 3072 1076 antem
3113 1037 3317 1078 conans
3346 1038 3519 1094 Oppii-

1921 1130 2090 1186 gnare
2134 1116 2295 1169 etiam
2349 1114 2491 1179 quod
2530 1112 2787 1179 deinceps
2818 1114 3080 1182 sequitur.
3112 1113 3245 1168 Nam
3282 1130 3403 1169 cum
3432 1116 3515 1169 di-

1918 1210 2085 1265 xisset
2100 1208 2314 1275 Paulus,
2326 1206 2425 1261 Per
2442 1223 2589 1277 quem
2599 1206 2715 1277 fecit
2735 1214 2784 1259 et
2807 1206 3015 1269 uacula.
3034 1207 3281 1277 supinum
3301 1208 3520 1276 quidem

1920 1301 2205 1370 prostravit
2233 1298 2601 1369 impudentem
2648 1288 3101 1364 Samosatenum;
3144 1297 3303 1353 Arius
3334 1308 3516 1356 autem

1919 1392 2097 1447 adhuc
2126 1389 2336 1444 videtur
2364 1404 2487 1445 esse
2518 1389 2689 1443 fortis.
2732 1388 2837 1443 Sed
2883 1389 3005 1443 vide
3049 1389 3323 1461 quomodo
3374 1394 3517 1447 hnnc

1918 1498 2130 1555 quoque
2175 1482 2546 1552 prostraverit,
2594 1480 2818 1544 dicens.
2870 1481 2973 1549 Qui
3005 1499 3120 1537 cum
3162 1484 3228 1537 sit
3270 1485 3518 1554 splendor

1919 1579 2096 1649 gloria:
2116 1579 2245 1649 ejus.
2273 1576 2379 1633 Sed
2410 1590 2539 1633 ecce
2565 1591 2753 1631 rursus
2783 1576 3027 1632 insiliunt
3057 1576 3347 1645 Sabellius,
3378 1579 3517 1635 Mar-
3620 1644 3623 1647 _

1919 1670 2088 1725 cellus
2118 1680 2173 1725 et
2209 1668 2493 1723 Photinus.
2536 1667 2642 1724 Sed
2691 1668 2795 1722 illis
2833 1682 3049 1738 quoque
3078 1670 3331 1726 omnibus
3357 1688 3516 1727 unam

1921 1764 2114 1834 inﬂigit
2142 1763 2372 1833 plagam,
2400 1762 2588 1817 dicens
2622 1780 2635 1815 :
2668 1759 2738 1815 Et
2764 1762 3029 1815 character
3058 1762 3355 1819 substantia
3380 1767 3516 1837 ejus,

1922 1866 2229 1928 portamque
2257 1856 2431 1909 omnia
2457 1855 2605 1908 verbo
2632 1854 2833 1909 virtutis
2857 1870 2984 1909 sua.
3018 1854 3117 1911 Hic
3148 1871 3337 1912 rursus
3376 1858 3517 1913 Mar-

1916 1950 2129 2005 cionein
2160 1964 2377 2020 quoque
2407 1948 2553 2013 ferit,
2586 1964 2692 2001 non
2722 1946 3015 2002 admodum
3042 1945 3259 2016 quidem
3287 1947 3521 2009 fortiter,

1917 2042 2042 2100 (erit
2061 2051 2240 2097 tamen
2263 2055 2417 2096 :nam
2436 2055 2533 2109 per
2555 2048 2723 2095 totam
2743 2037 3027 2109 epistolam
3049 2053 3172 2092 cum
3197 2038 3275 2092 eis
3299 2048 3521 2107 pugnat.

1913 2133 2046 2200 Sed,
2073 2134 2210 2189 sicut
2235 2134 2382 2200 dixi,
2412 2131 2755 2203 splendorem
2795 2130 2985 2201 gloria:
3028 2127 3226 2183 Filium
3254 2127 3390 2183 dixit
3419 2143 3433 2180 :
3466 2135 3526 2181 et.

1914 2215 2059 2297 quod
2108 2224 2210 2280 hoc
2238 2234 2385 2280 recte
2425 2224 2499 2279 sit
2537 2222 2764 2290 dictum,
2791 2220 2916 2276 audi
2940 2220 3217 2277 Christum
3249 2219 3316 2275 de
3351 2234 3412 2276 se
3436 2218 3522 2273 lo-

1914 2325 2193 2388 quentem,
2210 2314 2325 2387 Ego
2348 2331 2462 2371 sum
2483 2314 2575 2369 tua:
2600 2314 2779 2368 mundi
2797 2312 2981 2384 (Joan.
3012 2313 3064 2370 8.
3092 2310 3208 2384 12).
3230 2311 3520 2381 Propterea

1912 2421 2093 2467 autem
2115 2408 2246 2466 dicit
2274 2405 2644 2479 splendorem,
2664 2421 2860 2478 nempe
2879 2409 3202 2475 ἀπαύγασμα,
3225 2404 3521 2461 Ostendens

1912 2502 2059 2576 quod
2090 2502 2200 2557 illic
2220 2514 2435 2572 quoque
2463 2501 2535 2554 ita
2561 2499 2739 2555 dictus
2760 2500 2851 2565 sit,
2873 2508 3145 2569 tamquam
3168 2497 3349 2553 lumen
3372 2510 3402 2549 a
3430 2497 3518 2551 lu-

1915 2593 2203 2651 mine.Non
2228 2593 2331 2647 hoc
2346 2600 2526 2647 autem
2543 2590 2717 2646 solum
2734 2589 3063 2657 ostenditur,
3081 2588 3178 2645 sed
3198 2590 3359 2645 etiam
3372 2587 3519 2659 quod

1912 2694 2126 2742 nostras
2146 2683 2472 2740 illuminavit
2497 2682 2728 2737 animas.
2755 2682 2857 2737 l’er
2884 2680 3231 2751 splendorem
3277 2696 3409 2735 vero
3429 2694 3518 2735 es-

1913 2778 2102 2834 sentia:
2137 2775 2499 2847 aequalitatem
2528 2773 2786 2838 ostendit,
2815 2780 2870 2828 et
2899 2771 3016 2843 ejus
3042 2787 3166 2829 cum
3197 2771 3359 2827 Patre
3386 2788 3513 2842 pro-

1911 2869 2284 2942 pinquitatem.
2327 2865 2514 2938 Cogita
2571 2864 2926 2921 subtilitatem
2972 2878 3164 2921 eorum
3205 2879 3325 2935 qua:
3371 2863 3517 2920 dicta

1909 2970 2062 3019 sunt:
2078 2976 2239 3017 unam
2262 2960 2472 3030 accepit
2494 2957 2810 3023 essentiam,
2830 2966 2886 3013 et
2913 2957 3271 3030 hypostasim,
3287 2956 3353 3011 ad
3378 2956 3513 3012 duas

1907 3053 2270 3111 ostendendas
2298 3052 2649 3123 hypostases:
2681 3049 2821 3120 quod
2850 3050 3015 3105 etiam
3045 3048 3173 3106 facit
3202 3050 3255 3105 in
3288 3051 3512 3107 scientia

1907 3146 2161 3217 Spiritus.
2191 3143 2258 3202 Ut
2282 3144 2425 3201 enim
2454 3142 2585 3198 dicit
2610 3156 2771 3196 unam
2804 3156 2926 3197 esse
2953 3141 3236 3197 scientiam
3260 3141 3435 3197 Patris
3458 3152 3514 3198 et

1909 3238 2164 3309 Spiritus,
2196 3245 2255 3291 ut
2294 3249 2416 3306 quae
2445 3249 2506 3291 re
2535 3249 2662 3291 vera
2714 3234 2784 3288 sit
2812 3248 2948 3304 una,
2968 3242 3024 3290 et
3048 3249 3079 3289 a
3110 3248 3171 3290 se
3196 3234 3330 3289 nihil
3358 3234 3514 3291 dilic-

1907 3339 1992 3387 rat
2021 3349 2036 3389 :
2066 3332 2140 3386 ita
2173 3330 2260 3386 hic
2289 3330 2452 3386 etiam
2483 3344 2648 3385 unum
2680 3326 2954 3399 quidpiam
2983 3326 3342 3398 apprehendit
3382 3344 3510 3384 ver-

1905 3424 2033 3479 bum
2050 3423 2115 3478 ad
2142 3422 2371 3479 duorum
2391 3422 2732 3496 hypostases.
2752 3420 2953 3477 Deinde
2972 3421 3269 3492 subjunxit,
3293 3421 3357 3477 Et
3388 3422 3511 3476 clm-

1902 3526 2067 3572 racter
2092 3534 2181 3572 seu
2209 3518 2401 3589 figura.
2431 3516 2627 3588 Figura
2652 3517 2796 3571 enim
2829 3530 2925 3571 seu
2953 3515 3236 3572 character
3263 3526 3347 3572 est
3372 3517 3511 3574 alius

1901 3610 1971 3666 ab
2001 3609 2297 3680 exemplari
2331 3618 2647 3682 protOtypo;
2692 3610 2833 3665 alius
2862 3618 3041 3665 autem
3088 3624 3198 3666 non
3244 3612 3466 3668 omnino
3489 3656 3505 3680 ,

1902 3701 2000 3757 sed
2024 3702 2078 3757 in
2106 3715 2173 3758 eo
2192 3701 2336 3772 quod
2363 3699 2553 3757 attinet
2569 3700 2634 3756 ad
2661 3700 2995 3773 hypostasin.
3026 3700 3158 3756 Nam
3180 3701 3269 3759 hic
3294 3719 3508 3775 quoque

1899 3795 2183 3852 character
2225 3794 2462 3851 ostendit
2523 3795 2727 3851 nullam
2773 3810 2898 3852 esse
2943 3796 3319 3854 diversitatem
3345 3839 3359 3864 ,
3409 3800 3507 3855 scd

1902 3886 2060 3957 plane
2085 3887 2139 3943 in
2171 3887 2422 3943 omnibus
2452 3886 2747 3959 perfectam
2777 3888 3194 3946 similitudinem
3220 3892 3336 3962 ejus
3356 3932 3373 3958 ,
3405 3906 3503 3947 cu-

1892 3977 1982 4049 jus
2021 3988 2105 4035 est
2138 3979 2421 4036 character
2450 3988 2504 4036 et
2531 3979 2722 4051 ﬁgura.
2769 3980 2907 4037 Cum
2950 3997 3085 4054 ergo
3129 3984 3304 4054 ipsum
3350 3997 3506 4041 vocet

1896 4072 2124 4128 formam
2150 4083 2205 4128 et
2229 4074 2600 4130 characterem
2622 4115 2635 4138 ,
2671 4076 2802 4145 quid
2845 4075 3063 4132 dicent?
3088 4080 3162 4132 At
3190 4079 3386 4144 homo,
3418 4080 3471 4134 in

1897 4166 2033 4238 quit,
2060 4167 2239 4222 dictus
2263 4174 2347 4223 est
2372 4168 2538 4223 etiam
2576 4166 2756 4239 imago
2785 4167 2939 4240 (Gen.
2972 4170 3025 4226 1.
3054 4168 3153 4241 26)
3223 4170 3499 4243 imaginis.

1896 4261 2034 4330 Quid
2064 4266 2233 4321 vero?
2260 4281 2387 4322 num
2415 4269 2489 4324 ita
2522 4282 2579 4326 ut
2606 4271 2821 4328 Filius?
2848 4268 2987 4342 Non,
3012 4274 3211 4347 inquit,
3231 4274 3327 4332 sed
3346 4280 3500 4350 quod

1896 4352 2073 4427 imago
2110 4372 2218 4413 non
2260 4360 2515 4417 ostendat
2542 4364 2979 4421 similitudinem.
3026 4368 3188 4439 Atqui
3236 4378 3500 4440 quatenus

1893 4444 2058 4504 homo
2088 4449 2263 4508 dictus
2290 4463 2376 4509 est
2400 4455 2611 4528 imago,
2641 4460 2882 4515 ostendit
2909 4460 3324 4519 similitudinem
3355 4477 3414 4521 ut
3440 4465 3496 4521 in

1892 4535 2131 4597 homine.
2165 4542 2298 4599 Nam
2320 4546 2465 4617 quod
2490 4548 2633 4604 Deus
2654 4560 2737 4606 est
2763 4551 2816 4606 in
2840 4552 2995 4619 caelo,
3026 4551 3131 4611 hoc
3153 4564 3238 4611 est
3258 4555 3422 4614 homo
3442 4559 3495 4614 in

1892 4639 2058 4699 terra,
2083 4634 2250 4705 quod,
2279 4637 2521 4709 inquam,
2549 4641 2745 4699 attinet
2765 4644 2833 4699 ad
2854 4645 3217 4718 principatum
3245 4667 3258 4702 :
3283 4659 3335 4705 et
3356 4651 3498 4706 sicut

1890 4720 2053 4779 homo
2094 4724 2431 4786 dominatum
2475 4732 2686 4791 obtinet
2724 4736 2779 4791 in
2810 4737 3063 4794 omnibus
3110 4756 3231 4812 qua:
3274 4752 3401 4799 sunt
3443 4745 3497 4800 in

1888 4823 2054 4884 terra,
2086 4817 2159 4873 ita
2206 4819 2350 4877 Deus
2387 4822 2726 4882 dominatum
2770 4829 2980 4886 obtinet
3014 4833 3067 4886 in
3096 4832 3349 4889 omnibus
3375 4850 3497 4906 quae

1044 4902 1393 4972 confutantur,
1441 4942 1513 4955 _..
1554 4915 1782 4984 Qumdo
1885 4915 2012 4962 sunt
2040 4908 2093 4965 in
2135 4910 2270 4968 caelo
2308 4921 2364 4969 et
2393 4912 2448 4970 in
2482 4924 2646 4973 terra.
2672 4917 2949 4977 Caeterum
2975 4921 3141 4980 homo
3168 4939 3278 4981 non
3319 4902 3496 4984 dictus

193 4973 802 5086 ergoLvult'_osteiidere,
840 4988 982 5057 quod
1010 5006 1079 5046 ex
1105 4991 1241 5086 ipso,
1274 4973 1781 5083 necessaridioqﬁu—i:
1886 4998 1987 5055 fuit
2011 5002 2293 5062 character
2315 5046 2331 5071 ,
2378 5022 2485 5063 non
2514 5009 2695 5067 dictus
2731 5011 2834 5069 fuit
2862 5015 3143 5086 splendor,
3179 5033 3287 5076 non
3318 5019 3496 5077 dictus

194 5062 532 5181 turbum‘ilia
566 5075 824 5181 :qusndo
862 5090 1045 5136 autem
1086 5085 1200 5140 vult
1237 5087 1344 5146 alta
1378 5092 1558 5165 loqui,
1589 5062 1778 5158 ansam

1907 5095 1985 5149 “uit
2010 5094 2182 5153 forma
2216 5116 2231 5154 :
2262 5100 2407 5171 quod
2432 5102 2653 5173 quidem
2682 5062 3211 5169 indicatressentiam
3230 5153 3249 5181 ,
3295 5124 3389 5170 aut
3415 5116 3495 5171 si-

188 5157 1558 5296 mi):itasabeiiius;gﬁﬁmbo§mﬁ
1584 5209 1771 5296 in“.
1883 5187 2245 5296 militudinem
2270 5157 2395 5296 qua:
3295 5157 3490 5265 Et;

1108 5593 1449 5715 mea.
1463 5608 1773 5715 mea

1878 5471 1978 5568 mit
2006 5488 2169 5568 quam
2203 5475 2397 5534 Deum.
2441 5480 2685 5550 Quicum
2716 5486 2804 5551 sit,
2839 5487 3035 5561 inquit,
3080 5493 3328 5564 splendor
3368 5496 3486 5568 glo-

1874 5562 1987 5618 rias.
2015 5565 2152 5624 Vide
2179 5570 2306 5640 quid
2338 5570 2501 5630 faciat
2528 5575 2747 5634 Paulus.
2774 5577 2908 5637 Cum
2935 5562 3195 5654 dixisset,
3241 5588 3345 5656 Qui
3368 5562 3485 5644 eum

1290 5674 1369 5742 gs:
1400 5669 1449 5721 in
1480 5659 1773 5734 ιὶι-ἷιξαῖηζ
1874 5659 1939 5713 sit
1966 5661 2211 5729 splendor
2233 5665 2443 5736 gloria,
2473 5670 2753 5742 subjnnxit
2776 5691 2962 5733 rursus
2992 5697 3005 5733 :
3036 5678 3196 5736 Sedet
3220 5683 3291 5737 ad
3311 5682 3484 5740 deamo

179 5694 244 5745 ω
262 5694 425 5748 omnia
562 5694 576 5702 _
680 5743 691 5754 .
786 5694 1267 5771 s_--ﬁ;-_.i,n.;lw...
1290 5694 1369 5717 ωε,
1400 5694 1449 5721 ,υ
1480 5694 1771 5734 ,ιι-ωυοηε
1874 5694 1939 5713 συ
1966 5694 2203 5766 cpias-Ill"
2233 5694 2443 5769 g'wn-e,
2473 5694 2753 5742 sumunxu
2776 5694 2962 5733 rursus
2992 5697 3005 5733 :
3036 5694 3196 5736 διατι
3220 5694 3290 5737 ad
3311 5694 3480 5740 dexte-

178 5698 1022 5847 ΞὶιεεἮθῗιιΞ-ξξῗίιωᾝθὲέρῳξ
1876 5766 1986 5803 ram
2015 5765 2298 5847 majestatis
2330 5774 2351 5814 :
2380 5758 2435 5816 in
2465 5762 2665 5833 quibus
2694 5780 2825 5824 usus
2848 5777 2934 5825 est
2970 5774 3282 5831 nominibus
3303 5817 3319 5845 ,
3352 5792 3480 5833 nus-

3134 5966 3174 6033 2
