4112 6344
680 363 751 416 ‘33
1413 357 1471 414 S.
1498 356 1771 414 JOANNlS
1808 350 2275 411 CIIRYSOSTOMI
2313 350 2623 407 ARClllEP.
2666 352 3189 411 (ZONSTANTINOP.
3862 355 3928 410 24

670 473 802 523 suis,
829 471 1001 525 neque
1026 466 1245 509 dextera
1268 451 1501 509 ostendit
1526 470 1718 508 nomen
1746 454 1886 523 quod
1910 452 2021 508 vult
2043 452 2245 520 dicere,

671 546 764 602 sed
794 560 986 601 nomen
1016 561 1121 599 non
1151 554 1326 614 potest
1368 544 1627 599 invenire.
1673 544 1785 598 lloc
1818 553 1901 599 est
1936 543 2077 597 enim
2107 544 2246 613 quod

670 638 912 692 dicebam
944 637 1010 690 ab
1038 636 1211 701 initio,
1246 634 1435 705 Aliqua
1468 648 1612 703 saepe
1646 634 1943 704 cogitamus
1968 640 2023 687 et
2050 632 2246 687 intellio

672 733 868 799 cintus,
919 740 973 784 et
1018 746 1121 784 non
1162 744 1448 799 possumus
1494 728 1693 798 eloqui.
1726 728 1858 783 Nam
1903 740 2075 796 neque
2110 726 2249 781 Deus

671 840 864 901 nomen
912 830 993 876 est
1038 820 1309 884 essentize.
1362 835 1534 889 nequc
1581 820 1724 874 illius
1772 816 2020 873 essentia:
2072 826 2243 885 potest

673 929 863 968 nomen
907 911 1126 967 omnino
1157 910 1407 966 inveniri.
1437 911 1503 965 Et
1531 910 1654 980 quid
1686 909 1879 963 mirum
1920 908 1963 960 si
2007 909 2058 960 in
2092 907 2201 961 Deo
2231 950 2244 973 ,

670 1020 789 1060 Clllll
820 1017 919 1057 nec
949 1001 1001 1056 in
1030 1001 1224 1073 angelo
1254 1002 1521 1056 inveneris
1558 1016 1749 1055 nomen
1775 1042 1790 1067 ,
1822 998 1960 1071 quod
1989 998 2248 1069 signillt-ct

630 1164 635 1169 ,
674 1101 1003 1158 essentiam?
1040 1102 1267 1155 fortasse
1308 1109 1482 1154 autem
1511 1114 1609 1153 nec
1639 1099 1689 1152 in
1722 1099 1896 1152 anima
1927 1115 1939 1151 :
1970 1113 2072 1153 nou
2106 1099 2245 1153 enim

676 1196 803 1249 mihi
835 1194 1043 1248 videtur
1095 1193 1195 1246 hoc
1239 1207 1431 1247 nomen
1465 1192 1581 1261 ejus
1620 1189 1906 1246 ostendere
1936 1190 2246 1257 essentiam,

675 1286 766 1341 sed
790 1286 896 1339 vim
929 1283 1186 1355 spirandi.
1215 1282 1473 1338 Eamdem
1499 1282 1640 1337 enim
1667 1290 1722 1335 et
1750 1280 2005 1346 animam,
2035 1289 2088 1335 et
2111 1296 2205 1335 cor
2226 1321 2243 1347 ,

672 1384 726 1429 et
752 1384 982 1431 mentem
1012 1374 1187 1427 vocari
1217 1372 1413 1427 videris
1444 1390 1458 1425 :
1491 1372 1589 1426 Cor
1613 1370 1756 1426 enim
1784 1371 1973 1442 inquit,
2000 1371 2246 1425 mundum

671 1482 786 1519 creo
815 1468 864 1519 in
896 1482 971 1520 me
1004 1464 1137 1518 Deus
1166 1462 1336 1536 (Psal.
1369 1463 1457 1518 50.
1492 1461 1606 1532 12).
1628 1461 1743 1516 Non
1770 1461 1939 1516 solum
1971 1477 2097 1517 vero
2121 1462 2241 1529 ista,

670 1560 763 1614 sed
790 1568 845 1614 et
869 1559 1112 1629 spiritum
1147 1556 1323 1610 multis
1352 1555 1404 1609 iu
1430 1555 1561 1623 locis
1591 1553 1785 1609 videris
1813 1568 1931 1610 eam
1954 1554 2239 1623 appellari.

675 1650 987 1719 Portansque
1013 1648 1181 1701 omnia
1203 1647 1348 1701 verba
1372 1646 1569 1702 virtutis
1594 1662 1718 1700 suta.
1743 1643 1901 1701 Vides
1917 1645 2042 1716 quid
2073 1645 2242 1701 dicit?

741 1745 792 1796 5.
838 1742 1010 1796 Minus
1033 1750 1103 1795 est
1129 1739 1370 1793 mundum
1396 1742 1590 1803 creare,
1620 1753 1771 1807 quam
1792 1737 1960 1804 ipsum
1991 1739 2245 1791 continere

667 1846 712 1889 et
737 1851 951 1889 servare.
974 1862 1046 1874 —
1063 1830 1340 1899 Quomodo
1366 1846 1513 1900 ergo,
1544 1844 1727 1899 quaeso
1759 1838 1809 1882 te
1832 1870 1847 1894 ,
1875 1828 2176 1891 contendis,
2209 1843 2242 1882 ο

668 1928 936 1992 haeretica,
962 1940 1080 1980 cum
1109 1924 1364 1993 scriptum
1394 1926 1465 1976 sit
1492 1940 1504 1971 :
1538 1920 1700 1985 Dixit,
1735 1919 1924 1989 inquit,
1948 1919 2100 1985 Deus,
2126 1917 2243 1973 Fiat

668 2020 756 2071 tua:
784 2016 935 2084 (Gen.
977 2016 1020 2069 l.
1049 2015 1125 2084 5),
1156 2013 1367 2069 Patrem
1405 2012 1649 2082 jussisse,
1682 2009 2080 2066 Filium‘autem
2116 2011 2245 2068 obc-

665 2109 866 2163 diisse?
903 2106 1008 2163 Sed
1048 2121 1173 2160 ecce
1203 2105 1289 2160 hic
1316 2119 1526 2175 quoque
1556 2103 1669 2174 ipse
1691 2103 1857 2158 verbo
1893 2102 2015 2157 facit
2046 2122 2060 2158 :
2093 2121 2237 2173 nam,

666 2198 1001 2265 Portansque,
1045 2198 1233 2266 inquit,
1266 2196 1473 2259 omnia;
1513 2194 1615 2249 hoc
1643 2205 1746 2260 est,
1772 2194 2093 2262 gubernans,
2123 2212 2241 2265 qua:

664 2293 860 2349 eadunt
904 2291 1167 2347 continet.
1207 2288 1323 2343 Non
1370 2298 1449 2342 est
1502 2285 1644 2341 enim
1696 2287 1872 2342 minus
1923 2287 2236 2355 continere,

663 2401 819 2453 quam
848 2384 1101 2439 mundum
1132 2374 1362 2444 fecisse;
1394 2379 1486 2435 sed
1519 2380 1561 2433 si
1593 2379 1837 2434 mirabile
1857 2379 2056 2448 aliquid
2081 2394 2240 2449 opor-

666 2485 736 2531 tet
764 2476 962 2540 dicere,
990 2482 1074 2529 est
1097 2474 1257 2527 etiam
1286 2471 1475 2540 majus.
1506 2470 1636 2524 Nam
1669 2469 1800 2525 illud
1821 2470 2035 2541 quidem
2062 2478 2143 2525 est
2170 2487 2234 2527 es

662 2567 827 2622 nihilo
866 2564 1065 2635 aliquid
1120 2561 1460 2632 producere:
1497 2576 1616 2632 quae
1667 2561 1803 2615 facta
1856 2570 1982 2616 sunt
2023 2572 2231 2629 autem,

659 2660 931 2729 reiapsnra
963 2657 1030 2711 ad
1061 2655 1286 2711 nihilum
1314 2655 1593 2711 continere
1622 2662 1676 2709 et
1716 2656 1853 2709 inter
1882 2669 1941 2710 se
1968 2654 2233 2710 dissiden-

659 2752 728 2805 tia
758 2749 1106 2819 conjungere,
1148 2746 1252 2803 hoc
1287 2754 1372 2803 est
1416 2761 1663 2817 magnum
1711 2754 1766 2801 et
1811 2745 2145 2813 admirabile,
2184 2759 2235 2803 et

656 2841 905 2897 indicium
943 2855 1150 2911 magna;
1177 2839 1411 2895 virtutis.
1455 2837 1658 2893 Deinde
1688 2838 1982 2893 ostendens
2008 2836 2233 2893 facilita-

656 2944 785 2999 tem,
817 2932 968 2999 dixit,
994 2931 1215 2985 Portans
1242 2945 1335 2987 seu
1364 2929 1562 2986 ferens.
1581 2929 1695 2984 Non
1715 2929 1865 2994 dixit,
1891 2928 2228 2998 Gubernans,

652 3040 683 3079 a
726 3024 1035 3094 metaphora
1079 3038 1263 3079 eorum
1305 3022 1395 3093 qui
1438 3021 1603 3092 digito
1650 3020 1987 3077 solummodo
2031 3022 2227 3092 aliquid

652 3124 887 3182 movent,
919 3125 973 3171 et
997 3113 1239 3170 efﬁciunt
1268 3124 1327 3170 ut
1355 3113 1762 3181 circumferatur
1788 3113 1885 3185 (η).
1921 3114 2017 3170 llic
2050 3125 2228 3171 osten-

649 3212 727 3265 dit
768 3224 1011 3281 magnam
1057 3208 1217 3264 etiam
1261 3208 1456 3264 molem
1502 3222 1624 3263 esse
1660 3216 1941 3274 creaturae,
1990 3206 2041 3262 id
2084 3208 2227 3278 quod

648 3315 896 3371 magnum
936 3308 1022 3355 est
1069 3298 1119 3355 ei
1167 3298 1301 3354 nihil
1338 3313 1479 3353 esse.
1526 3296 1727 3353 Deinde
1775 3312 1960 3353 rursus
1996 3300 2227 3354 ostendit

646 3391 789 3463 quod
817 3391 869 3447 id
899 3391 1058 3448 faciat
1095 3389 1231 3446 citra
1273 3388 1533 3455 laborem,
1578 3388 1787 3453 dicens,
1838 3387 1999 3443 Vettio
2027 3388 2225 3443 virtutis

647 3497 771 3536 sua.
798 3482 963 3537 Recte
992 3482 1146 3548 dixit,
1188 3479 1346 3534 Verbo
1375 3495 1393 3533 :
1419 3494 1539 3533 nam
1569 3479 1819 3549 quoniam
1846 3480 2063 3535 verbum
2085 3482 2223 3550 apud

648 3589 746 3629 nos
773 3573 980 3629 videtur
1008 3588 1128 3630 esse
1154 3571 1292 3628 exile
1318 3579 1371 3626 ct
1396 3581 1574 3635 tenue,
1618 3570 1850 3625 ostendit
1884 3571 1935 3625 id
1967 3587 2071 3625 non
2106 3586 2225 3627 esse

650 3668 788 3719 exile
817 3676 871 3721 et
900 3676 1060 3721 tenue
1098 3671 1151 3720 in
1189 3665 1318 3720 Deo.
1349 3664 1453 3721 Sed
1493 3664 1634 3736 quod
1661 3663 1872 3735 quidem
1905 3664 2067 3718 verbo
2092 3676 2216 3732 por-

648 3765 742 3819 tet,
774 3755 940 3821 dixit;
971 3754 1240 3828 quomodo
1262 3763 1439 3811 autem
1466 3753 1631 3811 verbo
1653 3762 1849 3826 portet,
1879 3766 2212 3823 nequaquam

647 3845 841 3916 adjecit
871 3863 885 3902 :
917 3861 1089 3914 neque
1130 3846 1275 3902 enim
1315 3845 1442 3901 sciri
1470 3852 1672 3914 potest.
1716 3843 1915 3900 Deinde
1947 3842 2221 3912 subjunxit

646 3940 713 3992 de
756 3938 871 4008 ejus
914 3938 1214 4009 majestate.
1255 3935 1346 3993 Sic
1390 3936 1532 3992 enim
1574 3936 1701 3993 fecit
1740 3936 1900 3993 etiam
1939 3934 2217 3991 Joannes:

649 4047 772 4087 nam
801 4046 922 4087 cum
941 4030 1166 4088 dixisset
1193 4029 1333 4100 quod
1361 4032 1431 4085 sit
1462 4029 1624 4095 Deus,
1656 4027 1929 4099 subjunxit
1949 4026 2218 4099 opiﬁcium

648 4130 931 4177 creature.
963 4120 1115 4188 Quod
1159 4118 1301 4175 enim
1345 4119 1435 4175 ille
1471 4120 1629 4174 tacite
1668 4119 1857 4185 innuit,
1907 4117 2113 4183 dicens,
2154 4113 2223 4170 In

650 4211 900 4281 principio
945 4220 1053 4266 erat
1103 4209 1334 4274 Verbum,
1387 4218 1463 4274 el,
1515 4208 1699 4263 Omnia
1748 4224 1835 4279 per
1878 4208 2043 4279 ipsum
2089 4209 2225 4279 facta

652 4313 765 4358 sunt
794 4303 973 4373 (Joan.
1000 4304 1056 4358 4.
1092 4304 1114 4358 l
1140 4313 1186 4356 et
1203 4304 1280 4371 3),
1308 4303 1409 4359 hoc
1432 4301 1626 4357 Paulus
1655 4316 1864 4372 quoque
1885 4316 1979 4371 per
2002 4300 2222 4356 verbum

652 4396 884 4451 ostendit
920 4405 974 4451 et
1000 4395 1250 4461 dicendo,
1299 4393 1399 4448 I'er
1436 4409 1581 4463 quent
1612 4392 1728 4462 fecit
1768 4402 1814 4447 et
1849 4392 2036 4448 secula
2062 4406 2083 4447 :
2112 4401 2225 4448 ete-

654 4486 761 4539 nim
802 4501 922 4540 emn
967 4485 1201 4541 ostendit
1235 4495 1293 4539 et
1323 4483 1569 4553 opiﬁcem
1607 4491 1663 4539 et
1707 4496 1827 4538 esse
1873 4490 1998 4538 ante
2044 4484 2223 4538 omnia

652 4575 866 4631 smcuia.
892 4574 1029 4642 Quid
1060 4589 1210 4639 vero,
1250 4588 1370 4628 cum
1409 4572 1477 4628 de
1505 4572 1663 4629 Patre
1684 4572 1901 4644 quidem
1927 4573 2069 4630 dicat
2099 4589 2225 4645 pro—

654 4668 837 4737 pheta,
877 4668 921 4722 A
951 4669 1134 4723 seculo
1160 4677 1207 4721 et
1233 4682 1389 4736 usque
1416 4667 1469 4720 in
1499 4666 1743 4720 sarculum
1773 4675 1826 4720 tu
1853 4682 1904 4721 es
1930 4665 2102 4739 (Psal.
2134 4668 2225 4725 89.

653 4760 730 4828 2)
765 4778 777 4813 :
812 4760 878 4814 de
918 4759 1054 4814 Filio
1085 4768 1283 4824 autem,
1323 4757 1463 4829 quod
1507 4757 1577 4811 sit
1619 4765 1744 4813 ante
1791 4757 1969 4813 omnia
2012 4760 2225 4827 saecula,

656 4862 709 4907 et
735 4853 972 4908 omnium
998 4851 1196 4921 opifex,
1226 4848 1353 4919 quid
1392 4848 1665 4905 dixerint?
1696 4848 1805 4904 imo
1831 4863 1960 4905 vero
1993 4849 2227 4921 quando,

656 4945 797 5015 quod
826 4944 894 5000 de
930 4944 1088 5000 Patre
1122 4940 1422 5008 dicebatur,
1452 4941 1551 5008 Qui
1578 4950 1662 4996 est
1706 4950 1832 4997 ante
1871 4940 2086 5009 stecula,
2132 4941 2232 4997 hoc

658 5037 855 5093 videris
882 5036 1041 5092 etiam
1072 5035 1273 5091 dictum
1301 5032 1369 5088 de
1401 5032 1574 5088 Filio?
1616 5032 1683 5088 Et
1728 5032 1867 5089 sicut
1905 5031 2038 5088 dicit
2064 5030 2229 5088 Joan-

660 5145 776 5194 nes,
819 5127 932 5182 Vita
960 5138 1087 5193 erat,
1117 5124 1424 5197 signiﬁcans
1472 5126 1578 5179 vim
1603 5140 1667 5180 ac
1710 5132 2026 5194 potestatem
2058 5125 2233 5181 conti-

662 5222 822 5279 nendi
855 5231 1174 5286 creaturam,
1222 5218 1471 5291 quoniam
1521 5218 1632 5289 ipse
1674 5228 1758 5273 est
1798 5219 1907 5273 vita
1944 5218 2182 5273 omnium
2218 5236 2231 5273 :

660 5317 730 5370 ita
764 5313 959 5369 Paulus
996 5328 1232 5382 quoque,
1284 5309 1601 5378 Portansque
1635 5310 1806 5364 omnia
1847 5309 1992 5364 verba
2038 5310 2236 5364 virtutis

662 5423 768 5461 sum
796 5422 813 5459 :
844 5421 948 5460 non
975 5404 1112 5459 sicut
1136 5402 1331 5469 Graeci,
1364 5410 1418 5456 et
1447 5401 1557 5471 ipsa
1583 5400 1855 5455 creatione
1876 5410 1928 5455 et
1950 5398 2235 5470 providen-

666 5504 755 5563 tia,
780 5508 1032 5569 quantum
1054 5496 1117 5551 ad
1150 5496 1294 5565 ipsos
1320 5492 1526 5558 attinet,
1550 5492 1719 5562 ipsum
1748 5492 2035 5561 privantes,
2068 5491 2132 5546 ad
2157 5493 2237 5548 lu-

668 5610 787 5647 nam
806 5606 971 5660 usque
984 5590 1098 5657 ejus
1115 5584 1492 5643 concludentes
1510 5584 1818 5653 potentiam.
1838 5581 2020 5648 Perse,
2042 5582 2235 5654 inquit,

732 5716 803 5775 (ri)
828 5714 933 5765 Huc
954 5712 1135 5763 desinit
1156 5707 1361 5763 Homilia
1384 5706 1428 5758 ll
1454 5707 1501 5758 in
1524 5703 1822 5767 Colbertino,
1847 5704 1928 5755 ubi
1949 5709 2127 5755 caetera
2150 5714 2246 5751 om-

670 5783 747 5827 nia
770 5777 1119 5826 desiderantur.

2362 451 2497 519 facta
2521 446 2816 516 purgatione
2846 456 3165 515 peccatorum
3204 456 3503 505 nostrorum.
3549 449 3681 508 Cum
3719 454 3941 515 dixisses

2362 537 2429 593 de
2452 538 2557 592 illis
2586 535 2913 591 admirandis
2941 547 2995 591 et
3025 538 3230 609 magnis
3274 555 3392 609 quze
3418 551 3544 597 sunt
3569 557 3840 616 suprema,
3872 550 3938 605 de

2358 643 2554 689 cancro
2571 630 2698 685 dicit
2714 630 2873 684 etiam
2897 629 2965 685 de
2990 644 3116 684 cura
3136 631 3253 701 ejus
3274 631 3327 686 in
3345 632 3606 691 homines.
3627 637 3692 692 Et
3707 642 3938 699 maxime

2357 722 2571 795 quidem
2600 730 2717 777 erat
2755 721 2883 776 illud
2907 722 3155 790 generale
3185 733 3241 777 et
3279 724 3523 781 universa
3550 730 3931 800 complectens,

2356 814 2678 883 Pariumque
2702 812 2907 878 omnia;
2929 827 3111 866 verum
3140 811 3242 867 hoc
3280 823 3363 867 est
3388 816 3556 871 multo
3577 821 3769 888 majus.
3800 821 3934 878 Nam

2355 906 2514 962 etiam
2532 902 2878 973 estgenerale
2894 914 2944 958 et
2960 904 3209 959 universa
3230 905 3612 973 complectens:
3633 926 3777 979 nam,
3791 916 3934 985 quod

2354 1000 2526 1069 ipsum
2562 1006 2791 1068 spectat,
2823 1012 3013 1052 omnes
3052 997 3228 1050 salvos
3272 994 3415 1051 fecit.
3462 998 3670 1056 Etenim
3699 1003 3936 1063 Joannes

2350 1104 2560 1161 quoque
2586 1103 2706 1142 cum
2733 1089 2981 1142 dixisset:
3020 1082 3131 1135 Vita
3162 1095 3289 1153 erat,
3318 1095 3373 1141 et
3397 1089 3787 1155 providentiam
3813 1096 3933 1163 ejus

2366 1193 2735 1263 signiﬁcasset,
2764 1207 2948 1247 rursus
2984 1192 3130 1261 dicit,
3160 1191 3227 1245 Et
3256 1192 3344 1246 lus:
3369 1202 3495 1259 erat,
3540 1192 3590 1246 id
3635 1193 3809 1261 ipsum
3839 1192 3940 1248 de-

2366 1285 2595 1341 clarans.
2644 1283 2746 1340 Per
2784 1301 2855 1350 se,
2888 1283 3079 1354 inquit,
3126 1287 3260 1355 facta
3292 1286 3591 1355 purgatione
3621 1296 3943 1355 peccatorum

2366 1390 2649 1428 nostrorum
2670 1390 2690 1439 ,'
2732 1376 2867 1430 sedet
2906 1376 2973 1427 ad
3012 1375 3271 1429 dexteram
3308 1377 3584 1445 majestatis
3628 1377 3679 1429 in
3708 1376 3941 1431 excelsis.

2368 1465 2480 1518 lino
2509 1464 2593 1519 hic
2628 1465 2778 1535 ponit
2817 1466 3043 1518 maxima
3072 1466 3186 1534 ejus
3217 1481 3359 1520 cura:
3388 1466 3579 1520 indicia
3610 1484 3623 1521 :
3656 1475 3710 1521 et
3737 1465 3882 1534 quod
3913 1482 3941 1519 a

2365 1556 2596 1623 peccatis
2621 1569 2718 1608 nos
2756 1557 3079 1625 purgaverit,
3113 1567 3167 1610 et
3211 1556 3351 1627 quod
3400 1572 3496 1627 per
3533 1572 3593 1611 se
3636 1555 3687 1611 id
3725 1555 3941 1611 fecerit.

2365 1649 2429 1701 Et
2455 1648 2633 1703 multis
2662 1649 2712 1702 in
2736 1649 2871 1703 locis
2897 1648 3045 1703 vides
3075 1664 3193 1704 eum
3221 1649 3288 1705 de
3323 1649 3426 1704 hoc
3446 1648 3686 1720 gloriari,
3712 1666 3817 1705 non
3846 1665 3941 1704 so-

2361 1748 2469 1792 lum
2505 1738 2572 1793 de
2600 1740 3034 1794 reconciliatione
3069 1755 3195 1810 erga
3226 1742 3410 1805 Deum,
3451 1740 3545 1795 sed
3589 1740 3748 1796 etiam
3796 1742 3939 1811 quod

2362 1830 2460 1885 hoc
2490 1830 2685 1885 factum
2715 1832 2780 1884 sit
2826 1847 2918 1900 per
2946 1832 3139 1887 Filium
3171 1850 3184 1885 :
3214 1833 3412 1888 etenim
3456 1847 3641 1888 revera
3685 1849 3938 1900 magnum

2357 1921 2554 1976 donum
2587 1926 2745 1979 etiam
2769 1925 2939 1995 majus
2968 1924 3160 1981 factum
3196 1937 3298 1992 eSt,
3327 1941 3393 1981 eo
3417 1925 3559 1996 quod
3589 1940 3684 1995 per
3712 1924 3933 1980 Filium.

2357 2011 2486 2067 Nam
2530 2029 2649 2068 cum
2699 2016 2942 2081 dixisset,
2987 2017 3141 2071 Sedet
3180 2017 3247 2069 ad
3292 2018 3571 2081 dexteram,
3618 2027 3692 2081 et,
3745 2014 3847 2070 Per
3884 2032 3939 2071 se

2358 2106 2653 2174 purgatione
2680 2110 2818 2177 facta
2847 2117 3168 2177 peccatorum
3196 2118 3499 2171 nostrorum,
3529 2116 3584 2161 et
3612 2121 3827 2161 crucem
3856 2122 3940 2163 re-

2358 2206 2600 2250 vocasset
2632 2198 2681 2250 in
2722 2198 3061 2261 memoriam,
3094 2197 3202 2252 cito
3233 2197 3505 2266 subjuuxit
3531 2211 3835 2252 sermonem
3865 2196 3938 2251 de

2357 2288 2748 2343 resurrectione
2773 2298 2826 2343 et
2855 2290 3189 2344 ascensione.
3229 2288 3361 2342 Vide
3386 2297 3563 2343 autem
3594 2287 3934 2358 prudentiam

2352 2376 2467 2445 ejus
2506 2378 2824 2433 ineli‘abilem
2854 2390 2996 2434 rnon
3042 2378 3197 2445 dixit,
3229 2378 3421 2435 Jussus
3450 2387 3531 2433 est
3559 2376 3771 2445 sedere,
3811 2377 3933 2441 sed,

2354 2467 2526 2522 Sedet.
2556 2467 2757 2524 Deinde
2784 2484 2991 2536 rursus,
3035 2485 3102 2525 ne
3131 2471 3412 2525 existimes
3442 2485 3564 2524 eum
3600 2479 3766 2534 stare,
3796 2468 3933 2524 sub-

2345 2556 2560 2626 jungit:
2594 2559 2673 2612 Ad
2718 2577 2862 2630 quem
2909 2572 3073 2615 autem
3116 2562 3407 2631 angelorum
3451 2562 3583 2615 dixit
3629 2560 3932 2629 aliquando,

2352 2648 2486 2702 Sede
2512 2666 2544 2701 a
2572 2649 2761 2703 dextris
2786 2651 2907 2704 meis
2924 2651 2949 2703 ?
2976 2651 3138 2706 Sedet
3164 2665 3313 2720 ergo,
3338 2651 3530 2720 inquit,
3560 2649 3623 2704 ad
3652 2649 3931 2703 dexteram

2350 2740 2643 2809 majestatis
2670 2744 2719 2797 in
2744 2744 2990 2799 excelsis.
3022 2743 3158 2813 Quid
3186 2754 3287 2809 est,
3313 2742 3379 2798 In
3405 2743 3657 2799 excelsis?
3686 2743 3932 2797 Deumne

2349 2831 2467 2887 loco
2493 2832 2805 2888 concludit?
2852 2834 3006 2890 Absit
3038 2850 3053 2889 :
3085 2849 3189 2889 non
3235 2845 3291 2889 ut
3337 2834 3387 2889 id
3436 2834 3793 2905 suspicemur,
3840 2830 3933 2885 sic

2349 2920 2595 2993 loquutus
2624 2933 2724 2989 est,
2748 2923 2840 2979 sed
2862 2925 2995 2981 sicut
3026 2924 3229 2992 dicens,
3260 2924 3342 2979 Ad
3363 2928 3636 2991 dexteram,
3670 2940 3774 2979 non
3799 2938 3928 2978 eum

2343 3028 2606 3098 ﬁguravit,
2652 3026 2745 3082 sed
2791 3025 3025 3080 ostendit
3053 3041 3172 3080 eum
3217 3026 3269 3080 in
3312 3024 3502 3081 eodem
3549 3038 3671 3081 esse
3712 3023 3934 3085 honore

2341 3136 2449 3191 quo
2475 3121 2632 3175 Pater
2660 3136 2675 3172 :
2708 3120 2778 3173 ita
2808 3133 2929 3173 eum
2955 3117 3161 3183 dicens,
3187 3115 3251 3170 In
3276 3116 3507 3181 excelsis,
3540 3131 3646 3172 non
3667 3131 3789 3173 eum
3811 3117 3927 3173 illic

2343 3212 2577 3277 inclusit,
2633 3210 2729 3266 sed
2780 3208 3013 3265 ostendit
3065 3223 3185 3263 eum
3243 3222 3362 3263 esse
3422 3208 3660 3263 omnium
3716 3207 3927 3265 altissi-

2341 3320 2508 3371 mum,
2537 3312 2592 3357 et
2642 3304 2817 3357 omnia
2849 3301 3245 3367 transcendere,
3290 3300 3394 3356 hoc
3442 3310 3543 3366 est,
3574 3301 3816 3371 pervenit
3851 3303 3926 3357 ad

2341 3396 2512 3465 ipsum
2553 3395 2801 3451 thronum
2847 3403 3143 3464 paternum.
3187 3393 3335 3448 Sicut
3362 3408 3493 3465 ergo
3540 3394 3699 3450 Pater
3734 3386 3927 3451 estin

2341 3487 2587 3554 excelsis,
2617 3487 2687 3542 ita
2724 3487 2886 3542 etiam
2904 3486 3029 3556 ipse
3060 3504 3075 3540 :
3105 3483 3399 3541 consessus’
3418 3487 3561 3541 enim
3602 3486 3734 3541 nihil
3773 3471 3928 3543 aliud

2344 3580 2542 3636 indicat
2569 3595 2726 3650 quam
2755 3580 2805 3634 in
2833 3578 3023 3635 eodem
3056 3592 3178 3634 esse
3207 3576 3432 3633 honore.
3461 3577 3517 3633 Si
3541 3586 3719 3635 autem
3739 3578 3928 3636 dicant

2344 3685 2465 3725 eum
2506 3668 2729 3735 dixisse,
2778 3666 2932 3735 Sede,
2967 3682 3063 3724 eos
3102 3668 3496 3738 interrogemus
3527 3683 3541 3721 :
3571 3666 3708 3735 Quid
3750 3672 3929 3726 vero?

2342 3761 2546 3817 dixitne
2571 3761 2774 3816 stanti?
2800 3761 2869 3815 At
2893 3760 2943 3815 id
2965 3760 3251 3816 ostendere
3270 3775 3376 3815 non
3404 3752 3629 3831 possint.
3651 3761 3766 3817 Non
3788 3763 3930 3819 dixit

2342 3862 2489 3908 certe
2514 3853 2654 3923 quod
2680 3851 2899 3923 jusserit
2921 3860 3018 3907 aut
3047 3851 3363 3924 imperarit;
3406 3852 3524 3919 sed,
3566 3852 3729 3922 Dixit,
3765 3848 3926 3923 Sede,

2345 3960 2449 3999 non
2473 3952 2691 4014 propter
2705 3942 2846 3999 aliud
2869 3958 3025 4013 quam
3048 3959 3117 3998 ne
3136 3942 3415 4000 existimes
3436 3958 3558 3999 eum
3581 3959 3702 4001 esse
3720 3946 3931 4018 absque

2345 4035 2606 4105 principio
2635 4044 2690 4091 et
2715 4036 2831 4091 sine
2859 4050 3043 4091 causa.
3070 4035 3202 4091 Nam
3231 4035 3372 4106 quod
3403 4046 3681 4106 propterea
3722 4038 3800 4094 sic
3840 4039 3929 4095 di-

2344 4126 2502 4189 xerit,
2532 4135 2613 4180 est
2642 4124 2981 4194 perspicuum
3014 4140 3076 4180 ex
3108 4125 3227 4179 loco
3256 4125 3513 4181 sessionis
3539 4141 3554 4180 :
3582 4125 3627 4181 si
3654 4127 3796 4183 enim
3827 4144 3933 4185 vo-

2346 4216 2529 4271 luisset
2581 4214 2878 4285 siguiﬁeare
2928 4214 3330 4269 diminutionem
3360 4256 3374 4279 ,
3432 4229 3539 4271 non
3589 4215 3833 4287 dixisset,
3882 4221 3931 4274 Α

2346 4292 2556 4373 dextris,
2584 4306 2701 4373 sed,
2730 4306 2775 4361 Α
2801 4306 3054 4361 sinistris.

2417 4398 2583 4453 Filius
2634 4396 2727 4451 Dei
2768 4395 2933 4451 Filius
2988 4407 3061 4451 est
3108 4405 3311 4463 natura,
3358 4413 3458 4451 non
3493 4396 3658 4469 gratia
3707 4408 3932 4455 tantum.

2346 4491 2688 4558 ——‘.Tanto,
2706 4488 3097 4559 inquit,melior
3112 4488 3306 4558 angelis
3344 4487 3571 4555 eﬂ'ectus,
3603 4502 3791 4560 quanto
3817 4492 3934 4563 dif-

2349 4585 2586 4659 ferentias
2617 4596 2722 4651 pro:
2762 4579 2864 4633 illis
2909 4594 3089 4632 nomen
3130 4578 3443 4633 hereditavit.
3485 4579 3643 4647 illud,
3674 4579 3934 4650 Effectus,

2351 4679 2435 4734 hic
2455 4685 2539 4733 est
2556 4690 2654 4746 pro
2673 4671 2974 4727 declaratus
2994 4669 3077 4722 vel
3101 4667 3520 4734 demon‘stratus,
3548 4679 3607 4724 ut
3630 4669 3702 4725 ita
3722 4670 3904 4726 dicam
3921 4714 3936 4727 .

2350 4768 2555 4831 Deinde
2600 4765 2651 4819 id
2690 4762 2989 4818 conﬁrmat.
3023 4758 3349 4826 Quomodo?
3380 4758 3457 4815 Ex
3489 4760 3726 4818 nomine.
3765 4760 3941 4820 Vides

2353 4854 2493 4926 quod
2522 4870 2715 4912 nomen
2750 4856 2935 4923 Filius,
2982 4858 3119 4914 solet
3148 4859 3447 4929 signiﬁcare
3474 4860 3897 4931 germanitatem
3922 4866 3950 4914 ’ξ

2358 4947 2423 5003 Ει
2446 4956 2612 5011 certe,
2658 4949 2702 5003 si
2733 4964 2840 5003 nou
2871 4959 3015 5005 esset
3052 4966 3342 5022 germanus
3372 4952 3557 5018 Filius,
3589 4968 3695 5008 non
3733 4937 3805 5007 iis
3854 4953 3949 5007 lo-

2353 5047 2546 5106 quulus
2572 5048 2734 5095 esset.
2781 5039 3001 5108 Quare?
3042 5040 3175 5108 Quia
3213 5058 3501 5113 germanus
3529 5044 3598 5100 ob
3628 5044 3759 5099 nihil
3785 5044 3948 5102 aliud

2353 5141 2434 5185 est
2460 5144 2619 5200 quam
2649 5138 2914 5200 quatenus
2952 5142 3034 5188 est
3061 5150 3127 5189 ex
3167 5132 3286 5203 ipso
3314 5154 3328 5191 :
3358 5135 3518 5207 igitur
3547 5150 3615 5191 ex
3641 5152 3705 5192 eo
3730 5138 3948 5193 conﬁr-

2354 5229 2480 5274 mat.
2513 5219 2645 5275 Nam
2693 5222 2735 5275 si
2767 5231 2849 5277 est
2878 5224 3045 5293 gratia
3088 5222 3281 5290 Filius,
3330 5241 3434 5280 non
3484 5227 3653 5281 solum
3700 5242 3805 5280 non
3852 5238 3953 5284 est

2353 5311 2555 5380 angelis
2598 5313 2955 5381 prtestantior,
3011 5313 3105 5368 sed
3155 5314 3315 5369 etiam
3366 5316 3562 5371 minor.
3608 5314 3950 5382 Quomodo?

2350 5404 2611 5471 Quoniam
2645 5404 2888 5460 homines
2927 5420 3138 5477 quoque
3173 5405 3303 5477 justi
3335 5408 3507 5462 vocati
3546 5416 3673 5463 sunt
3716 5406 3851 5475 lilii;
3887 5420 3955 5465 et

2352 5509 2546 5550 nomen
2576 5494 2688 5561 lilii,
2719 5495 2819 5550 nisi
2847 5496 2915 5550 sit
2946 5496 3091 5552 ﬁlius
3121 5497 3367 5567 proprius
3401 5506 3456 5553 et
3480 5512 3783 5569 germanus,
3824 5513 3949 5556 non

2354 5599 2525 5659 potest
2561 5588 2851 5644 ostendere
2879 5589 3272 5645 excellentiam.
3307 5589 3373 5644 Et
3403 5600 3459 5645 ut
3488 5590 3751 5662 signiﬁmt
3785 5594 3945 5661 quod

2352 5683 2421 5734 sit
2446 5680 2689 5749 mundam
2719 5679 3022 5736 diderentia
3050 5688 3417 5737 creaturarum
3453 5691 3505 5736 et
3548 5681 3777 5753 opiﬁcis,
3810 5684 3952 5740 vide

2354 5772 2479 5844 quid
2506 5772 2647 5829 dicat
2676 5774 2771 5831 :5.
2820 5771 2915 5829 Cui
2954 5773 3087 5829 enim
3130 5774 3259 5829 dixit
3288 5771 3565 5845 aliquando
3607 5774 3947 5847 angelorum,
