4112 6344
261 405 338 465 93
1160 404 1226 462 IN
1259 404 1477 463 EPIS'I‘.
1538 407 1628 459 AD
1667 402 2027 460 HEBRIEOS.
2069 407 2219 463 (IAP.
2255 409 2295 464 Ι.
2340 409 2577 467 HOMIL.
2615 411 2679 466 11.
3480 407 3553 463 ει

263 524 468 595 εὑρεῖν.
506 522 678 577 Τοῦτο
703 520 810 589 γάρ
842 521 990 572 ἐστιν
1023 520 1049 572 ὃ
1079 520 1265 587 ἔλεγον
1296 522 1355 588 ἐξ
1385 523 1582 594 ἀρχῆς,
1616 526 1697 578 ὅτι
1722 524 1851 577 πολ.

263 608 424 670 λάκις
457 606 583 659 τινὰ
613 604 865 672 νοοῦμεν,
894 604 991 657 καὶ
1024 604 1084 655 οὐ
1118 604 1400 674 δυνάμεθα
1433 607 1664 675 φράζειν
1688 624 1701 636 ·
1724 608 1846 659 ἐπεὶ

262 690 388 744 οὐδὲ
416 689 499 753 τὸ,
530 689 685 753 Θεὸς,
713 686 887 755 ὄνομα
916 687 1107 750 οὐσίας
1148 689 1319 754 ἐστὶν,
1355 688 1477 741 οὐδὲ
1513 689 1662 741 ἔστιν
1713 688 1850 751 ὅλως

260 774 366 842 τῆς
387 774 578 833 οὐσίας
604 770 818 840 ἐκείνης
853 769 1025 839 ὄνομα
1052 772 1257 840 εύρεῖν.
1291 772 1399 825 Καὶ
1429 773 1486 825 τί
1533 771 1850 843 θαυμαστὸν

262 858 315 909 εἰ
342 858 436 909 ἐπὶ
471 855 631 922 Θεοῦ,
666 858 799 908 ὅπου
830 872 894 922 γε
923 856 1047 910 οὐδέ
1091 858 1183 909 ἐπὶ
1228 856 1465 926 ἀγγέλου
1498 857 1650 928 εῦροι
1670 874 1754 920 τις
1783 857 1851 910 ἂν

262 946 439 1014 δνομα
467 948 566 1014 τῆς
597 944 785 1007 οὐσίας
820 945 1119 1015 δηλωτικόν
1146 963 1160 1010 ;
1212 945 1353 1015 τάχα
1379 946 1437 998 δὲ
1466 945 1588 997 οὐδὲ
1624 945 1717 997 ἐπὶ
1744 946 1851 1013 ψυ-

265 1031 371 1099 χῆς
403 1048 418 1062 ·
448 1032 509 1083 οὐ
536 1030 645 1099 γάρ
681 1047 769 1099 μοι
800 1030 946 1082 δοκεῖ
972 1029 1132 1081 τοῦτο
1154 1030 1212 1081 τὸ
1236 1029 1407 1099 ὄνομα
1438 1028 1851 1099 παραστατικὸν

262 1112 403 1167 εἶναι
428 1115 529 1183 τῆς
564 1115 751 1177 οὐσίας
797 1114 992 1183 αὐτῆς,
1041 1113 1175 1167 ἀλλὰ
1202 1113 1297 1168 τοῦ
1341 1114 1556 1183 ψύχειν.
1598 1115 1709 1182 Τὴν
1740 1113 1850 1184 7&9

262 1200 439 1266 αὐτὴν
479 1200 571 1251 καὶ
599 1198 798 1267 ψυχὴν.
832 1198 926 1251 καὶ
956 1197 1208 1267 καρδίαν,
1242 1196 1336 1249 καὶ
1353 1197 1479 1250 νοῦν
1503 1196 1850 1268 καλουμένην

267 1281 370 1333 ῑδοι
400 1298 485 1343 τις
533 1281 617 1335 ἄν.
652 1281 919 1349 Καρδίαν
948 1280 1081 1351 7&9,
1124 1281 1278 1351 φησὶ,
1322 1283 1589 1350 καθαρὰν
1636 1282 1852 1335 κτίσον

260 1364 334 1417 ἐν
353 1364 505 1431 ἐμοὶ,
531 1368 563 1418 ό
587 1368 750 1429 Θεός.
778 1366 853 1417 Οὐ
879 1366 1039 1421 μόνον
1068 1365 1123 1417 δὲ
1140 1365 1335 1429 ταῦτα,
1358 1366 1495 1419 άλλά
1512 1368 1607 1418 καὶ
1634 1365 1852 1435 πνεῦμα

262 1448 537 1519 πολλαχοῦ
577 1450 673 1501 ἴδοι
706 1466 791 1512 τις
832 1448 898 1501 ἂν
951 1450 1259 1518 λεγομένην
1304 1450 1499 1521 αὐτήν.
1531 1452 1733 1518 Φέρων
1786 1465 1852 1502 τε

260 1532 337 1585 τὰ
355 1532 551 1585 πάντα
575 1530 653 1597 τῷ
671 1532 893 1601 ῥήματι
927 1532 1037 1601 τῆς
1064 1531 1377 1602 δυνάμεως
1431 1534 1642 1587 αὑτοῦ.
1688 1532 1854 1604 Ὀρᾷς

259 1627 318 1675 τί
349 1640 525 1693 φησι;

336 1737 405 1795 γ’.
429 1725 549 1792 Πῶς
569 1724 683 1794 οῦν,
703 1728 824 1781 εἰπέ
846 1746 959 1799 μοι,
986 1728 1194 1797 λέγεις,
1217 1729 1480 1800 αἰρετικὲ,
1506 1727 1595 1782 διά
1616 1729 1676 1782 τὸ
1696 1728 1853 1797 λέγε-

260 1812 391 1865 σθαι
422 1816 574 1883 παρά
596 1815 660 1885 τῇ
690 1814 902 1885 Γραφῇ·
928 1810 1116 1868 Εἶπεν
1133 1817 1165 1867 ὁ
1186 1814 1685 1883 Θεὸς,Γενηθήτω
1701 1813 1850 1882 φῶς,

256 1897 347 1950 ὅτι
382 1898 572 1967 Πατὴρ
610 1898 897 1965 ἐπέταξεν,
950 1900 978 1951 ό
1006 1898 1063 1951 δὲ
1096 1899 1225 1961 Υἱὸς
1255 1900 1602 1967 ἐπήκουσενι
1629 1916 1643 1965 ;
1710 1897 1851 1951 Ἀλλ’

262 1981 377 2034 ἰδοῦ
417 1983 512 2034 καὶ
552 1978 785 2034 ἐνταῦθα
830 1983 1036 2051 ῥήματι
1084 1980 1247 2045 αὐτὸς
1301 1984 1481 2034 ποιεῖ·
1532 1983 1736 2050 Φέρων
1790 1998 1854 2035 τε

256 2065 397 2136 γὰρ,
430 2067 585 2136 φησὶ,
615 2066 685 2119 τὰ
712 2065 934 2120 πάντα·
973 2067 1249 2131 τουτέστι,
1290 2066 1597 2139 κυϐερνῶν,
1634 2066 1702 2120 τά
1738 2064 1853 2120 δια-

255 2149 533 2203 πίπτοντα
567 2149 911 2220 ωγκρατῶν.
939 2148 1049 2202 Τοῦ
1079 2150 1189 2220 γάρ
1225 2148 1455 2220 ποιῆσαι
1510 2151 1605 2204 τὸν
1649 2151 1853 2221 κόσμον

253 2233 364 2302 οὐχ
390 2229 551 2304 ἧττόν
612 2234 731 2286 ἐστι
777 2232 839 2285 τὸ
870 2237 1222 2303 συγκρατεῖν.
1261 2233 1397 2299 ἀλλ’,
1459 2236 1507 2287 εἰ
1564 2235 1645 2287 δεῖ
1670 2252 1723 2287 τι
1760 2234 1855 2288 καὶ

256 2322 579 2391 θαυμαστὸν
610 2322 804 2386 εἰπεῖν,
849 2319 1085 2392 [181καὶ
1124 2321 1329 2391 μεῖζον.
1378 2322 1450 2375 Τὸ
1508 2322 1607 2392 μὲν
1654 2322 1764 2393 7&9
1794 2320 1855 2386 ἐξ

254 2406 363 2460 οὐκ
386 2406 554 2458 ὄντων
580 2406 699 2457 ἐστί
734 2422 785 2457 τι
813 2404 1086 2474 παράγειν
1110 2420 1125 2436 ο
1160 2404 1223 2457 τὸ
1251 2404 1330 2470 δὲ,
1357 2405 1426 2458 τά
1470 2405 1735 2474 γεγονότα
1775 2406 1855 2469 εἰς

254 2490 327 2544 τὸ
352 2491 426 2562 μὴ
456 2486 596 2543 εἰναι
646 2488 915 2559 μέλλοντα
977 2489 1304 2558 ἀναχωρεῖν,
1356 2490 1603 2559 συνέχειν
1640 2506 1699 2542 τε
1759 2488 1855 2543 καὶ

258 2575 557 2627 συνάπτειν
584 2569 723 2641 πρὸς
776 2570 984 2642 ἄλληλα
1039 2570 1515 2638 διαστασιάζοντα,
1546 2570 1707 2625 τοῦτό
1734 2573 1855 2623 ἐστι

255 2656 327 2712 τὸ
349 2658 495 2728 μέγα
511 2657 608 2711 καὶ
628 2655 961 2726 θαυμαστὸν,
986 2656 1080 2708 καὶ
1106 2655 1306 2725 πολλῆς
1334 2656 1623 2727 δυνάμεως
1647 2657 1854 2727 τεκμή-

260 2760 405 2814 ριον.
440 2738 575 2795 Εἶτα
608 2741 703 2793 καὶ
728 2740 792 2792 τὸ
823 2738 1045 2792 εὖκολον
1074 2738 1249 2809 δηλῶν
1280 2735 1423 2793 εἶπε·
1476 2739 1697 2809 Φέρων.
1739 2741 1855 2794 Οὐκ

255 2824 405 2881 εἰπεο
426 2824 747 2895 Κυδερνῶν,
773 2823 882 2877 άπὸ
933 2824 1250 2895 μεταφορᾶς
1280 2822 1391 2877 τῶν
1428 2824 1621 2889 ἀπλῶς
1648 2822 1726 2895 τῷ
1755 2823 1857 2878 δα-

257 2907 448 2980 κτύλφ
472 2926 523 2961 τι
547 2907 863 2973 κινούντων,
895 2907 990 2962 καὶ
1013 2906 1315 2962 ποιούντων
1372 2908 1773 2981 περιφέρεσθαι
1800 2909 1849 2963 δ.

272 2993 542 3048 Ἐνταῦθα
593 2993 693 3047 καὶ
725 2991 819 3045 τὸν
852 2991 1020 3061 δγκον
1049 2992 1150 3062 τῆς
1192 2990 1426 3056 κτίσεως
1472 2991 1643 3056 ἔδειξε
1677 2992 1853 3063 μέγαν

263 3076 415 3142 ὄντα,
466 3078 562 3131 καὶ
610 3076 671 3129 τὸ
723 3076 869 3147 μέγα
901 3074 1055 3129 οὐδὲν
1086 3074 1236 3146 αὑτῷ
1271 3076 1353 3133 δν.
1409 3071 1543 3129 Εἰτα
1588 3074 1754 3128 πάλιν
1793 3076 1853 3129 τὸ

260 3169 496 3237 ἀπονητὶ
518 3167 811 3229 δείκνυσιν,
844 3164 1034 3220 εἰπών·
1072 3166 1156 3232 Τῷ
1173 3166 1395 3236 ῥήματι
1418 3166 1528 3235 τῆς
1544 3164 1853 3236 δυνάμεως

258 3251 473 3309 αὐτοῦ.
514 3250 709 3315 Καλῶς
760 3246 902 3304 εἷπε·
966 3249 1051 3315 Τῷ
1070 3251 1325 3319 ῥήματιο
1384 3250 1573 3321 ἐπειδὴ
1622 3252 1731 3321 7&9
1790 3250 1852 3303 τὸ

263 3338 421 3408 ρἧα
454 3335 584 3407 παρ’
611 3334 744 3405 ἡμῖν
780 3334 935 3403 ψιλὸν
973 3330 1119 3387 εἰναι
1143 3336 1308 3400 δοκεῖ,
1336 3334 1610 3388 δείκνυσιν
1645 3335 1725 3386 ὃτι
1752 3334 1853 3387 οὐκ

262 3421 384 3475 ἔστι
429 3418 585 3490 ψιλὸν
634 3420 730 3471 ἐπὶ
777 3417 936 3473 Θεοῦ.
1025 3417 1166 3471 Ἀλλ’
1223 3420 1307 3472 ὅτι
1356 3417 1455 3488 μὲν
1501 3417 1581 3489 τῷ
1643 3416 1851 3489 ῥήματι

264 3504 447 3576 φέρει,
479 3500 625 3571 εἶπε,
659 3502 722 3556 τὸ
778 3502 836 3555 δέ
883 3502 1002 3566 πῶς
1057 3502 1134 3572 τῷ
1172 3503 1379 3573 ῥήματι
1433 3502 1593 3573 φέρει
1663 3504 1852 3557 οὐκέτι

263 3595 647 3666 προσέθηκεν’
725 3594 846 3649 ούδέ
919 3595 1029 3666 7&9
1090 3595 1317 3649 δυνατὸν
1395 3596 1617 3651 εἰδέναι.
1717 3593 1853 3651 Εἶτα

260 3682 515 3753 ἐπήγαγε
542 3680 673 3752 περὶ
720 3678 822 3749 τῆς
861 3680 1287 3749 μεγαλειότητος
1325 3679 1513 3734 αὐτοῦ.
1556 3678 1715 3735 Οὕτω
1744 3682 1853 3753 7&9

261 3765 363 3819 καὶ
415 3767 444 3817 ὸ
502 3766 761 3832 Ἰωάννης
804 3764 1148 3833 πεποίηκεν·
1206 3762 1377 3817 εἰπὼν
1438 3764 1548 3836 7&9
1584 3766 1669 3819 ὅτι
1718 3765 1853 3830 Θεός

260 3853 438 3914 ἐστιν,
461 3849 712 3920 ἐπήγαγε
734 3850 834 3919 τῆς
854 3848 1089 3911 κτίσεως
1118 3848 1220 3918 τήν
1255 3848 1639 3919 δημιουργίαν.
1672 3850 1852 3921 Ὅπερ

258 3934 374 4003 7&9
392 3933 600 3994 ἐκεῖνος
626 3930 850 4004 ᾐνίξατο
874 3930 1064 3984 εἰπών’
1120 3929 1225 3985 Ἑν
1251 3932 1411 4002 ἀρχῇ
1463 3929 1543 4003 ἦν
1566 3935 1601 3987 ὸ
1635 3934 1849 4004 Λόγος,

259 4018 380 4083 καὶ,
402 4014 608 4071 Πάντα
639 4015 713 4068 δι’
742 4015 930 4069 αὑτοῦ
959 4015 1219 4087 ἐγένετο,
1252 4018 1413 4071 τοῦτο
1445 4016 1541 4070 καὶ⁵
1567 4011 1723 4083 οὗτος
1764 4018 1853 4073 διὰ

259 4101 360 4156 τοῦ
382 4102 627 4173 ῥήματος
650 4101 747 4153 καὶ
775 4098 871 4153 τοῦ
902 4101 1099 4165 εἰπεῖν,
1135 4101 1215 4154 Δι’
1234 4097 1306 4157 οὗ
1330 4100 1594 4169 καὶτοὺς
1629 4103 1853 4171 αἰῶνας

259 4185 573 4254 ἐποίησεν,
598 4185 829 4255 ἐνέφηνε
859 4202 872 4216 ’
914 4188 1009 4239 καὶ
1038 4186 1147 4258 7&9
1205 4187 1301 4241 καὶ
1345 4186 1701 4258 δημιουργὸν,
1756 4191 1852 4243 καὶ

259 4272 371 4344 πρὸ
400 4271 619 4325 πάντων
642 4270 772 4323 ὅντα
792 4270 902 4325 τῶν
928 4272 1143 4326 αἰώνων
1170 4272 1333 4327 αὐτὸν
1360 4272 1621 4327 δείκνυσι.
1643 4275 1708 4327 Τί
1733 4270 1849 4341 οὖν,

258 4358 391 4411 ὅταν
420 4357 550 4427 περὶ
586 4354 680 4409 τοῦ
710 4356 923 4427 Πατρὸς
973 4357 1073 4426 μὲν
1122 4356 1259 4429 λέγῃ
1287 4359 1315 4411 ό
1346 4358 1665 4429 Προφήτης,
1716 4359 1851 4413 Ἀπὸ

259 4442 370 4495 τοῦ
400 4439 616 4508 αἰῶνος
649 4442 749 4495 καί
775 4440 887 4508 ἕως
910 4441 1017 4495 τοῦ
1040 4441 1259 4507 αἰῶνος
1284 4441 1367 4495 σὺ
1395 4438 1454 4496 εἰ
1480 4459 1493 4473 ·
1520 4444 1651 4515 7:591
1679 4442 1735 4495 δέ
1756 4443 1849 4497 τοῦ

260 4524 415 4587 Υἰοῦ,
459 4525 543 4578 ὅτι
590 4526 701 4597 πρὸ
758 4525 979 4579 πάντων
1037 4526 1156 4577 ἐστὶ
1185 4525 1297 4578 τῶν
1345 4525 1580 4591 αἰώνων,
1614 4528 1851 4582 καὶτῶν

264 4610 524 4663 ἁπάντων
569 4609 950 4680 Δημιουργὸς,
999 4608 1054 4661 τί
1099 4606 1167 4661 ἂν
1223 4609 1473 4677 εἰποιεν;
1539 4613 1740 4682 μᾶλλον
1792 4614 1851 4667 δέ

260 4694 401 4764 ὅπερ
432 4693 564 4763 περὶ
596 4692 692 4745 τοῦ
726 4692 942 4764 Πατρὸς
968 4692 1204 4761 ἐλέγετο·
1233 4693 1291 4746 '0
1322 4694 1585 4767 ὑπάρχων
1609 4696 1715 4768 πρὸ
1744 4698 1852 4751 τῶν

264 4779 499 4841 αἰώνων,
532 4776 691 4829 τοῦτο
725 4778 817 4830 καὶ
847 4777 978 4848 περὶ
1028 4776 1123 4830 τοῦ
1157 4776 1288 4830 Υἰοῦ
1326 4778 1425 4832 ίδοι
1475 4796 1559 4843 τις
1598 4781 1666 4833 ἂν
1695 4784 1849 4854 εἰρη-

260 4863 463 4933 μένον;
510 4862 619 4915 Καὶ
662 4859 851 4933 ὥσπερ
894 4862 1103 4926 ἐκεῖνός
1131 4876 1288 4933 φησι·
1351 4862 1485 4933 Ζωὴ
1518 4859 1617 4935 ἦν,
1645 4865 1708 4919 τὸ
1733 4866 1851 4920 δια-

257 4947 596 5017 κρατητικὸν
623 4946 725 5016 τῆς
764 4946 1000 5011 κτίσεως
1040 4946 1239 5018 δηλῶν,
1280 4947 1361 5001 ὅτι
1425 4948 1647 5003 πάντων
1688 4951 1853 5016 αὐτός

256 5032 409 5085 ἐστιν
447 5031 482 5101 ἡ
514 5030 626 5101 ζωή
654 5046 667 5057 ·
720 5029 863 5084 οὓτω
895 5032 992 5084 καὶ
1019 5024 1173 5095 οὗτός
1232 5048 1392 5103 φησιο
1426 5033 1627 5102 Φέρων
1670 5053 1735 5091 τε
1780 5037 1853 5091 τά

257 5115 564 5182 πάντατῷ
589 5114 813 5184 ,ῥήματι
841 5114 950 5183 τῆς
970 5114 1285 5185 δυνάμεως
1312 5118 1499 5173 αὐτοῦ
1525 5135 1538 5149 ·
1566 5119 1627 5173 οὐ
1674 5121 1849 5175 καθά-

258 5218 365 5274 περ
404 5201 695 5271 Ἕλληνες,
727 5200 824 5253 καὶ
847 5200 947 5270 τῆς
969 5200 1333 5272 δημιουργίας
1364 5203 1636 5273 αὐτῆς,τό
1668 5222 1731 5272 γε
1772 5206 1853 5269 εἰς

258 5288 460 5349 αὐτοὺς
481 5280 639 5356 ἦχον,
659 5285 1095 5357 ἀποστεροῦντες
1132 5286 1296 5339 αὐτὸν
1326 5288 1538 5357 καὶτῆς
1565 5288 1847 5361 προνοίας,

262 5370 428 5442 μέχρι
461 5368 695 5440 σελήνης
720 5369 1103 5439 συγκλείοντες
1137 5370 1303 5425 αὐτοῦ
1332 5372 1433 5444 τὴν
1461 5372 1713 5444 δύναμιν.
1770 5373 1849 5428 Δι’

258 5454 482 5510 ἑαυτοῦ
508 5454 641 5523 τὰρ,
679 5456 835 5525 φησι,
863 5456 1238 5526 καθαρισμὸν
1274 5461 1686 5529 ποιησάμενος
1731 5460 1852 5514 τῶν

250 5534 565 5607 ,ἁμαρτιῶν
586 5536 777 5607 ἡμῶν.
813 5538 1000 5593 Εἰπὼν
1029 5540 1163 5612 περὶ
1194 5542 1304 5595 τῶν
1332 5544 1667 5613 θαυμαστῶν
1699 5546 1850 5599 ἐκεί-

257 5638 368 5675 νων
392 5620 493 5677 καὶ
527 5621 809 5691 μεγάλων,
835 5623 944 5678 τῶν
992 5626 1278 5695 ἀνωτάτω,
1335 5626 1486 5697 λέγει
1530 5628 1718 5683 λοιπὸν
1757 5632 1853 5684 καὶ

315 5921 1142 6042 ςῗξῖεοῗὲἓέῗίἔέτέὥξνόωηὴ
1176 5989 1543 6043 desim-rantur.

1960 527 2088 598 περὶ
2118 528 2217 597 τῆς
2250 530 2330 591 εἰς
2353 526 2679 598 ἀνθρώπους
2710 524 2878 579 αὐτοῦ
2916 522 3270 594 κηδεμονίας.
3296 521 3553 577 Μάλιστα

1959 611 2060 680 μὲν
2088 610 2199 682 γάρ
2239 612 2335 664 καὶ
2361 613 2543 664 ἐκεῖνο
2576 609 2871 664 καθολικὸν
2917 604 3009 680 ἦν,
3043 608 3122 673 τὸ,
3154 606 3358 676 Φέρων
3380 623 3445 659 τε
3482 606 3555 659 τὰ

1953 703 2153 757 πάντα
2175 722 2185 733 ·
2216 704 2357 774 πλὴν
2384 704 2523 756 ἀλλὰ
2550 703 2710 758 τοῦτο
2731 703 2915 773 πολλῷ
2944 702 3149 774 μεῖζον.
3173 700 3283 755 Καὶ
3310 696 3473 752 τοῦτο
3498 697 3555 750 δέ

1954 786 2070 859 [19]
2104 787 2417 841 καθολικόν·
2455 789 2518 841 τὸ
2537 790 2647 860 γάρ
2666 788 2835 843 αὐτοῦ
2862 789 3048 858 μέρος,
3080 786 3291 847 πάντας
3324 782 3553 835 ἔσωσεν·

1953 874 2078 925 ἐπεὶ
2110 872 2244 925 καὶὸ
2269 872 2528 941 Ἰωάννης
2546 872 2737 925 εἰπών·
2767 872 2899 939 Ζωὴ
2919 868 3020 942 ἦν,
3056 871 3150 922 καὶ
3174 868 3271 939 τὴν
3298 866 3557 936 πρόνοιαν

1955 956 2121 1011 αὐτοῦ
2156 956 2430 1027 δηλώσας,
2466 957 2634 1011 πάλιν
2681 956 2853 1023 λέγει,
2881 957 2963 1009 ὅτι
2994 955 3103 1009 Καὶ
3156 951 3303 1022 φῶς,
3338 951 3400 1003 τὸ
3426 948 3558 1002 αὐτὸ

1952 1041 2113 1094 τοῦτο
2135 1040 2332 1111 δηλῶν.
2354 1043 2433 1094 Δι’
2456 1040 2701 1105 ἑαυτοῦ,
2726 1040 2883 1111 φησὶ,
2903 1037 3278 1106 καθαρισμὸν
3309 1031 3559 1100 ποιησά-

1950 1142 2138 1195 μενος
2165 1123 2601 1194 τῶνξάμαρτιῶν
2618 1124 2811 1193 ἡμῶν,
2838 1124 3127 1177 ἐκάθισεν
3152 1122 3224 1175 ἐν
3252 1117 3424 1185 δεξιᾷ
3446 1115 3560 1185 τῆς

1949 1208 2396 1276 μεγαλωσύνης
2428 1208 2497 1260 ἐν
2516 1206 2803 1276 ὑψηλοῖς.
2828 1206 2933 1260 Δύο
2961 1201 3434 1275 τίθησινένταῦθα
3458 1200 3559 1268 τῆς

1955 1290 2287 1361 κηδεμονίας
2311 1290 2480 1345 αὐτοῦ
2498 1292 2785 1362 τεκμήρια
2813 1292 3074 1361 μέγιστα*
3096 1288 3157 1340 τό
3180 1304 3240 1339 τε
3256 1284 3557 1355 καθαρίσαι

1954 1377 2065 1430 τῶν
2096 1377 2383 1447 ἁμαρτιῶν
2417 1378 2589 1447 ἡμᾶς.
2623 1378 2718 1430 καὶ
2752 1376 2815 1429 τὸ
2842 1377 2911 1429 δι’
2965 1373 3166 1428 ἐαυτοῦ
3208 1370 3369 1425 τοῦτο
3396 1368 3557 1437 ποιῆ-

1961 1478 2072 1517 σαι.
2116 1462 2227 1515 Καὶ
2255 1459 2528 1530 πολλαχοῦ
2561 1462 2694 1532 ὁρᾷς
2740 1461 2909 1514 αὐτὸν
2945 1460 3038 1512 ἐπὶ
3070 1456 3244 1526 τούτῳ
3290 1453 3559 1523 σεμνυνὸο

1962 1562 2146 1615 μενον,
2168 1546 2231 1598 ού
2265 1544 2428 1614 μόνον
2452 1545 2545 1597 ἐπὶ
2569 1548 2637 1615 τῇ
2663 1544 2987 1613 καταλλαγῇ
3018 1543 3085 1612 τῇ
3112 1540 3247 1611 πρὸς
3269 1538 3363 1590 τὸν
3399 1536 3559 1597 Θεὸν,

1958 1630 2097 1683 άλλά
2126 1630 2219 1682 καὶ
2253 1629 2347 1682 ἐπὶ
2398 1626 2477 1699 τῷ
2508 1630 2597 1683 διά
2648 1628 2745 1682 τοῦ
2796 1629 2931 1682 Υἰοῦ
2976 1628 3138 1681 τοῦτο
3197 1620 3557 1693 γεγενῆσθαι·

1958 1716 2055 1768 καὶ
2086 1717 2197 1785 7&9
2221 1713 2365 1766 οῦτω
2395 1714 2455 1767 τὸ
2506 1714 2650 1783 μέγα
2708 1712 2883 1783 δῶρον
2930 1710 3119 1782 μεῖζον
3150 1709 3449 1777 γεγένηται
3482 1704 3563 1774 τῷ

1957 1802 2047 1856 διά
2101 1800 2197 1854 τοῦ
2230 1800 2381 1853 Υἰοῦ.
2437 1798 2624 1853 Εἰπὼν
2675 1799 2824 1868 γάρ’
2871 1796 3193 1851 Ἐκάθισεν
3231 1793 3301 1846 ἐν
3366 1787 3561 1855 δεξιᾷ,

1958 1885 2077 1951 καὶ,
2145 1883 2537 1953 Καθαριονμῠν
2582 1882 2657 1935 δι’
2718 1881 2936 1936 ἑαυτοῦ
2994 1877 3409 1947 ποιησάμενος
3442 1872 3563 1927 τῶν

1958 1967 2264 2039 ἁμαρτιῶν
2296 1968 2488 2037 ἡμῶν,
2530 1968 2626 2020 καὶ
2676 1966 3001 2037 ἀναμνήσας
3034 1962 3130 2017 τοῦ
3162 1960 3427 2033 σταυροῦ,
3463 1977 3561 2013 τα-

1957 2055 2099 2125 χέως
2126 2053 2218 2107 τὸν
2245 2054 2374 2123 περὶ
2401 2051 2505 2121 τῆς
2543 2050 2903 2113 ἀναστάσεως
2959 2049 3055 2103 καὶ
3086 2048 3187 2118 τῆς
3226 2044 3563 2116 ἀναλήψεως

1958 2138 2116 2207 λόγον
2174 2137 2447 2207 ἐπήγαγε.
2519 2134 2631 2187 Καὶ
2684 2134 2787 2204 ὅρα
2840 2134 2941 2205 τὴν
2971 2132 3191 2186 σύνεσιν
3253 2127 3422 2185 αὐτοῦ
3458 2127 3564 2198 τὴν

1958 2224 2187 2291 ἄφατον
2218 2221 2321 2273 οὐκ
2354 2214 2528 2272 εἶπεν·
2568 2216 2902 2289 Ἐκελεύσθη
2938 2216 3186 2270 καθίσαι·
3215 2214 3357 2278 ἀλλ’,
3393 2209 3563 2267 Ἐκά-

1958 2310 2151 2361 θισεν.
2185 2298 2323 2359 Εἶτα
2369 2302 2557 2367 πάλιν,
2601 2301 2691 2356 ἵνα
2724 2300 2801 2372 μὴ
2849 2300 3083 2371 νομίσῃς
3113 2299 3279 2353 αὐτὸν
3312 2296 3562 2359 ἑστάναι,

1958 2390 2156 2456 ἐπάγει
2183 2404 2195 2416 ·
2234 2388 2357 2441 Τίνι
2394 2388 2504 2457 γὰρ
2534 2385 2654 2440 τῶν
2688 2384 2963 2455 ἀγγέλων
2990 2380 3124 2437 εἰπέ
3155 2397 3323 2443 ποτε,
3365 2378 3565 2434 Κάθου

1956 2475 2026 2529 ἐκ
2065 2470 2281 2536 δεξιῶν
2326 2483 2495 2540 pou;
2562 2469 2845 2535 Ἐκάθισε,
2904 2468 3093 2539 φησὶν,
3154 2468 3213 2520 ἐν
3267 2464 3421 2535 δεξιᾷ
3465 2464 3566 2532 τῆς

1961 2555 2356 2630 μεγαλωσύνης
2408 2557 2467 2609 ἐν
2507 2553 2760 2625 ὑψηλοῖς.
2804 2552 2870 2606 Τί
2900 2556 3074 2615 ἐστιν,
3124 2551 3228 2605 Ἐν
3252 2546 3565 2618 ὐψηλοῐς;

1960 2644 2042 2705 εἰς
2071 2642 2238 2695 τόπον
2297 2638 2605 2710 περικλείει
2635 2638 2729 2693 τὸν
2792 2637 2928 2692 Θεόν
2955 2655 2970 2705 ;
3027 2638 3247 2705 ’Ἄπαγε
3272 2651 3287 2667 ·
3344 2633 3445 2703 οὐχ
3476 2633 3565 2685 ἵνα

1956 2724 2119 2781 τοῦτο
2175 2722 2645 2794 ύποπτεύσωμεν,
2688 2722 2869 2786 οὕτως
2913 2722 3141 2793 εἴρηκεν
3175 2738 3189 2752 ’
3230 2718 3346 2773 ἀλλ’
3370 2718 3567 2788 ὥσπερ

1958 2808 2149 2863 εἰπών·
2196 2809 2303 2862 Ἕν
2326 2804 2519 2875 δεξιᾷ,
2547 2807 2649 2861 οὐκ
2691 2805 3072 2877 ἐσχημάτισεν
3107 2804 3296 2869 αὑτὸν,
3335 2799 3474 2855 ἀλλὰ
3505 2799 3567 2853 τὸ

1956 2893 2221 2963 ὁμότιμον
2252 2890 2422 2955 ἔδειξε
2451 2890 2511 2943 τὸ
2560 2890 2700 2961 πρὸς
2723 2890 2815 2943 τὸν
2858 2888 3088 2960 Πατέρα
3114 2905 3128 2920 ·
3161 2887 3338 2949 οὕτως
3365 2883 3561 2938 εἰπών’

1970 2978 2075 3031 Ἐν
2100 2977 2387 3044 ὑψηλοῖς,
2406 2975 2508 3028 οὐκ
2530 2974 2865 3029 ἀπέκλεισεν
2894 2973 3060 3027 αὐτὸν
3083 2974 3225 3038 ἐκεῖ,
3250 2970 3393 3026 ἀλλά
3411 2969 3557 3023 πάν-

1956 3078 2027 3114 τα
2094 3058 2623 3131 ὑπεραναὸεὸηκότα
2653 3076 2666 3089 ·
2724 3059 2930 3114 ώσανε¹ι
2990 3058 3200 3127 ἔλεγεν,
3260 3057 3343 3120 εἰς
3400 3054 3565 3110 αὐτὸν

1958 3144 2165 3213 ἔφθασε
2194 3144 2286 3199 τὸν
2320 3143 2513 3214 θρόνον
2540 3145 2633 3199 τὸν
2675 3144 2972 3217 πατρικόν.
3007 3143 3224 3214 Ὠσπερ
3260 3137 3356 3195 οὖν
3396 3142 3425 3193 ὁ
3454 3140 3568 3193 Πα-

1955 3229 2063 3301 τὴρ
2092 3231 2149 3282 ἐν
2200 3228 2455 3300 ὑψηλοῖς,
2496 3228 2641 3282 οὕτω
2672 3228 2768 3282 καὶ
2807 3227 2974 3291 αὑτός
3005 3245 3017 3257 ·
3072 3226 3249 3299 ἡγὰρ
3310 3221 3569 3296 συνεδρία

1956 3315 2111 3367 οὐδὲν
2139 3313 2328 3385 ἔτερον
2356 3312 2658 3373 δείκνυσιν,
2687 3313 2719 3382 ἢ
2764 3312 2823 3365 τὸ
2859 3312 3155 3382 ὁμότιμον.
3187 3310 3251 3363 Εἰ
3283 3309 3340 3361 δέ
3369 3309 3569 3377 λέγου-

1959 3417 2065 3463 σιν,
2103 3400 2186 3453 ὅτι
2241 3396 2391 3451 εἷπε·
2446 3397 2667 3460 Κάθου,
2706 3396 2968 3469 ἐρώμεθα
3026 3394 3230 3459 αὐτούς
3260 3412 3275 3426 ο
3312 3393 3380 3450 Τί
3430 3389 3565 3459 οῦνς

1956 3482 2153 3537 ἑστῶτι
2196 3480 2386 3547 511:5v;
2435 3482 2579 3535 Ἀλλ’
2613 3482 2717 3536 οὐκ
2771 3481 2837 3535 ἂν
2875 3480 3053 3553 ἔχοιεν
3101 3480 3299 3544 δεῖξαι.
3352 3477 3571 3539 Ἀλλως

1955 3568 2015 3622 δέ
2062 3570 2163 3622 οὐκ
2194 3564 2372 3631 εἶπεν,
2410 3566 2493 3620 ὅτι
2527 3565 2821 3620 ἐκέλευσεν
2850 3564 2884 3636 ἢ
2914 3562 3279 3637 προσέταξεν,
3319 3561 3437 3616 ἀλλ’
3487 3562 3571 3614 ὅτι

1950 3648 2121 3719 Εῖπε,
2169 3650 2402 3706 Κάθου’
2449 3649 2546 3703 καὶ
2583 3648 2744 3703 τοῦτο
2781 3650 2851 3703 δι’
2877 3649 3035 3702 οὐδὸν
3076 3648 3291 3719 ἔτερον,
3321 3645 3440 3700 ἀλλ’
3482 3645 3573 3699 ῐνα

1959 3736 2034 3809 μὴ
2063 3738 2298 3806 ἄναρχον
2354 3734 2520 3788 αὐτὸν
2572 3734 2805 3806 νομίσῃς
2858 3736 2954 3787 καὶ
2985 3731 3254 3787 ἀναίτιον.
3294 3731 3425 3783 Ὀτι
3452 3727 3569 3800 γὰρ

1955 3820 2044 3874 διά
2089 3819 2251 3873 τοῦτο
2306 3816 2483 3881 οὕτως
2542 3819 2760 3888 εἴρηκε,
2805 3816 2968 3887 δῆλον
3004 3818 3069 3870 ἐκ
3124 3814 3223 3868 τοῦ
3264 3814 3437 3867 τόπου
3464 3811 3573 3881 τῆς

1957 3904 2226 3974 καθέδρας
2252 3920 2265 3935 ·
2293 3904 2343 3956 εἰ
2369 3902 2480 3972 7&9
2514 3901 2819 3955 ἐλάττωσιν
2850 3902 3014 3973 ήθελε
3064 3900 3337 3971 δηλῶσαι,
3369 3898 3471 3951 οὐκ
3504 3895 3573 3950 ἂν

1956 3982 2129 4041 εἶπεν·
2177 3988 2274 4039 Ἐκ
2298 3983 2537 4051 δεξιῶν,
2566 3985 2704 4049 ἀλλ’,
2748 3984 2839 4050 Ἐξ
2876 3984 3212 4056 ἀριστερῶν.

2034 4084 2309 4148 Τοσούτῳ
2343 4080 2631 4148 κρείττων
2666 4081 3015 4149 γενόμενος,
3051 4078 3242 4149 φησὶν,
3272 4076 3570 4147 ἀγγέλων,

1956 4166 2082 4233 ὅσῳ
2113 4164 2557 4233 διαφορώτερον
2589 4163 2728 4231 παρ’
2760 4163 2985 4231 αὐτοὺς
3033 4163 3573 4231 κεκληρονόμηκεν

1956 4250 2165 4319 ὄνομα.
2194 4248 2291 4314 Τὸ,
2319 4248 2685 4316 Γενόμενος,
2723 4247 2965 4302 ἐνταῦθα
3009 4247 3134 4301 ἀντὶ
3184 4246 3303 4311 τοῦ,
3345 4244 3574 4299 ἀποδει-

1956 4331 2130 4403 χθεὶς,
2153 4330 2230 4394 ὡς
2254 4330 2321 4383 ἂν
2348 4332 2495 4384 εἰποι
2525 4348 2631 4395 τις,
2669 4330 2839 4385 ἐστίν.
2861 4328 2996 4385 Εἶτα
3028 4330 3128 4385 καὶ
3153 4330 3570 4402 διισχυρίζεται.

1958 4417 2164 4483 Πόθεν;
2209 4415 2343 4469 Ἀπὸ
2366 4415 2462 4469 τοῦ
2492 4416 2785 4488 ὀνόματος.
2854 4417 3025 4487 Ὀρᾷς
3053 4418 3136 4471 ὄτι
3164 4411 3275 4470 οἶδε
3308 4416 3393 4479 τὸ,
3419 4414 3571 4479 Υἱὸς,

1956 4502 2134 4573 θνομα
2154 4500 2257 4572 τὴν
2289 4498 2409 4573 [20]
2442 4499 2783 4570 γνησιότητα
2809 4499 3050 4571 δηλοῦν;
3083 4500 3198 4555 Καὶ
3236 4498 3365 4572 μὴν,
3414 4499 3463 4551 εἰ
3496 4500 3574 4570 μὴ

1957 4586 2184 4656 γνήσιον
2221 4580 2311 4655 ἦν,
2348 4585 2450 4637 οὐκ
2481 4584 2549 4638 ἂν
2586 4584 2747 4637 τοῦτο
2785 4582 2931 4638 εἰπε.
2969 4584 3095 4648 Ιίὦς
3122 4602 3138 4650 ς
3162 4585 3289 4637 Ὅτι
3322 4584 3391 4637 δι’
3416 4582 3575 4636 οὐδὲν

1954 4669 2143 4739 ἕτερον
2179 4666 2407 4739 γνήσιός
2432 4670 2603 4732 ἐστιν,
2637 4666 2755 4720 ἀλλ’
2790 4668 2907 4738 ἢτὸ
2935 4667 2996 4734 ἐξ
3020 4667 3189 4721 αὐτοῦ
3223 4664 3387 4723 εἰναι.
3438 4666 3573 4720 Ἀπὸ

1954 4752 2149 4808 τούτου
2180 4752 2363 4806 τοίνυν
2400 4751 2766 4824 ἰσχυρίζεται.
2798 4754 2861 4807 Εἰ
2890 4754 2948 4807 δέ
2974 4753 3163 4824 χάριτί
3188 4762 3209 4790 ο
3234 4754 3387 4806 ἐστιν
3418 4750 3568 4819 Υἱὸς,

1955 4838 2016 4891 οὐ
2061 4838 2223 4909 μόνον
2254 4836 2316 4890 οὐ
2350 4834 2782 4908 διαφορώτερος,
2835 4837 2977 4891 άλλά
3010 4838 3106 4891 καὶ
3144 4838 3390 4892 ἐλάττων
3422 4838 3573 4891 ἐστὶν

1954 4922 2206 4993 ἀγγέλων
2228 4940 2241 4952 ·
2276 4921 2437 4988 πῶς;
2472 4922 2599 4975 Ὀτι
2634 4923 2732 4976 καὶ
2756 4921 3041 4993 ἅνθρωποι
3084 4922 3290 4977 δίκαιοι
3326 4922 3570 4995 ἐκλήθη-

1957 5026 2057 5063 σαν
2083 5008 2214 5071 υἰοὶ,
2244 5008 2341 5059 καὶ
2386 5006 2447 5059 τὸ
2486 5006 2604 5070 υίὸς
2663 5007 2857 5077 ὄνομα,
2890 5007 2957 5060 ἂν
2994 5007 3072 5079 μὴ
3124 5010 3353 5079 γνήσιος
3380 5003 3441 5081 ᾗ,
3470 5007 3571 5061 οὐκ

1958 5092 2135 5163 ἰσχύει
2164 5092 2340 5157 δεῖξαι
2368 5092 2429 5144 τὸ
2453 5090 2740 5163 διάφορον.
2780 5093 2893 5145 Καὶ
2916 5091 3095 5164 δηλῶν
3111 5092 3195 5146 ὅτι
3224 5091 3467 5163 διαφορά
3484 5090 3570 5154 τίς

1955 5178 2072 5230 ἐστι
2116 5175 2439 5245 κτισμάτων
2472 5176 2568 5229 καὶ
2617 5175 2987 5247 δημιουργοῦ,
3017 5175 3254 5231 ἄκουσον
3297 5176 3352 5230 τί
3383 5192 3519 5247 φησι
3553 5191 3565 5203 '

1961 5262 2082 5317 Τίνι
2105 5260 2216 5332 γὰρ
2238 5256 2371 5313 εἰπέ
2399 5273 2546 5313 ποτε
2572 5259 2693 5313 τῶν
2742 5259 3037 5329 ἀγγέλων,
3086 5262 3221 5327 Υἰός
3237 5278 3359 5331 μου
3385 5257 3441 5314 εἰ
3462 5256 3571 5326 σὺ,

1954 5344 2070 5413 ἐγὼ
2114 5344 2387 5413 σήμερον
2449 5342 2789 5413 γεγέννηκά
2848 5360 2963 5409 σε;
3011 5346 3107 5398 καὶ
3165 5344 3352 5412 πάλιν,
3423 5343 3572 5415 Ἐγὼ

1954 5427 2172 5497 ἔσομαι
2207 5425 2369 5493 αὐτῷ
2394 5429 2483 5494 εἰς
2514 5428 2772 5495 Πατέρα,
2804 5430 2903 5483 καί
2932 5429 3318 5494 αὑτὸςέσται
3347 5447 3449 5499 μοι
3481 5431 3572 5495 εἰς

1954 5513 2126 5575 Υἰόν;
2151 5512 2338 5566 Ταῦτα
2367 5514 2587 5585 εἰρηται
2621 5514 2720 5584 μὲν
2743 5514 2839 5568 καὶ
2868 5516 2949 5578 εἰς
2976 5515 3075 5585 τὴν
3094 5514 3275 5586 σάρκα
3295 5533 3309 5547 υ
3346 5516 3407 5569 τὸ
3435 5516 3567 5587 7&9,

1969 5605 2118 5677 Ἐγὼ
2142 5606 2359 5676 ἔσομαι
2390 5606 2553 5673 αὐτῷ
2588 5610 2678 5673 εἰς
2724 5611 2979 5678 Πατέρα,
3038 5609 3138 5663 καί
3162 5610 3348 5677 αὐτὸς
3394 5611 3569 5663 ἕσται

2020 5886 2042 5914 ε
2071 5873 2252 5938 Βοκετ,
2278 5872 2517 5938 Cpmmel.
2537 5879 2608 5938 Ac:
2653 5887 2806 5937 marg.
2863 5875 3253 5938 SaV1|.,-7w';010:
3301 5878 3360 5938 ἦν
3385 5881 3411 5927 ό
3438 5878 3563 5936 Υἰὸς·

1959 5934 2169 6012 γνησίου.
2187 5936 2238 5983 δὲ
2259 5934 2394 6012 οὐδὲν
2415 5936 2577 6012 ἔτερόν
2595 5937 2743 5996 ἐστιν,
2763 5934 2883 5987 1m:
2910 5940 2940 5999 ἢ
2986 5941 3032 5998 ἐξ
3071 5934 3237 5989 αὐτοῦ·
3284 5934 3388 5998 πῶς
3414 5954 3426 6001 ;
3469 5934 3565 5992 ἀπὶ

1960 6000 2133 6048 τούτου
2156 5999 2312 6053 ἰσγυο.
2326 5999 2375 6047 E1
2412 5999 2501 6052 γὰο
2519 5999 2693 6052 γάοιτι.
