4112 6344
617 364 681 416 ,Ξδ
1347 360 1406 416 Β.
1422 355 1717 417 JOANNIS
1750 352 2169 415 CHRYSOSTOI

2280 357 2596 414 ARCHIEP.
2640 355 3188 415 CONSTANTINOP.
3764 351 3840 407 26

605 495 705 549 μοι
728 478 813 544 είς
838 477 999 542 rm,
1038 476 1136 546 τῆς
1171 473 1631 546 ενανθρωπήσεώς
1669 476 1783 527 ἐστι
1842 486 2176 545 παραστατι-

608 561 737 614 κόν·
766 559 829 611 τὸ
859 558 939 623 δέ,
982 559 1115 625 Υἱός
1138 574 1259 627 μου
1293 554 1348 613 εῖ
1370 562 1474 627 αὑ,
1527 557 1679 611 οὐδὲν
1724 557 1909 628 ἕτερον
1940 553 2111 627 δηλοῖ,
2138 555 2172 624 ἢ

609 646 691 699 ὅτι
726 643 786 709 ἐξ
823 640 984 696 αὑτοῦ
1024 642 1191 695 ἐστιν.
1238 642 1448 713 Ὠσπερ
1509 641 1565 695 δέ
1600 638 1675 694 ὢν
1691 639 1910 708 λέγεται
1944 639 2053 692 ἀπὸ
2083 636 2178 692 τοῦ

610 725 902 788 ινεστῶτος
957 724 1190 795 καιροιῖν
1250 716 1407 788 οὗτος
1465 724 1575 795 γάρ
1643 723 1880 795 μάλιστα
1946 722 2181 793 ἁρμόζει

615 810 759 882 εὐτῷ
779 828 791 841 ·
816 808 960 863 οὕτω
992 807 1087 862 καὶ
1114 807 1193 872 τὸ,
1227 807 1517 876 Σήμερον,
1550 805 1783 861 ἐνταῦθά
1810 824 1901 877 μοι
1924 804 2075 859 δοκεῖ
2101 806 2182 868 είς

608 896 706 963 τὴν
740 893 919 964 σάρκα
950 890 1225 962 εἰρῆσθαι.
1272 891 1427 944 ³Οταν
1442 891 1550 960 γὰρ
1590 890 1760 959 αὐτῆς
1801 887 2131 959 ἐπιλάϐηται
2161 928 2176 953 ,

611 978 786 1030 πάντα
836 974 1020 1028 λοιπον
1073 974 1247 1038 ἀδεῶς
1303 974 1613 1043 ρθέγγεται.
1668 973 1778 1035 Καὶ
1820 973 1929 1045 γάρ
1977 972 2179 1044 ήσάρξ

610 1060 855 1115 κοινωνεῖ
881 1058 989 1111 τῶν
1012 1057 1257 1128 ὑψηλῶν,
1304 1055 1588 1128 ὼαπεροῦν
1639 1055 1733 1109 καὶ
1774 1057 1808 1126 ή
1832 1054 2025 1126 θεότης
2070 1054 2179 1108 τῶν

610 1142 899 1200 ταπεινῶν.
947 1142 1010 1196 ’0
1027 1141 1163 1207 Θεὸς
1187 1142 1294 1212 γὰρ
1322 1139 1609 1211 ἄνθρωπος
1638 1138 1889 1207 γενέσθαι
1936 1138 2013 1210 μὴ
2066 1140 2176 1192 ἀπ-

608 1226 861 1294 αξιώσας,
892 1224 987 1280 καὶ
1015 1224 1075 1277 τὸ
1096 1225 1331 1295 ’πρᾶγμα
1363 1223 1438 1294 μὴ
1461 1223 1958 1295 παραιτησάμενος,
1975 1221 2091 1286 πῶς
2112 1221 2176 1277 ἂν

606 1311 672 1362 τά
706 1310 926 1380 ῥήματα
959 1308 1313 1381 παρῃτήσατο
1334 1323 1348 1373 ;

674 1392 735 1446 δ’.
777 1391 943 1445 Ταῦτ’
979 1388 1076 1444 οὖν
1134 1390 1352 1456 ειδότες,
1393 1390 1558 1461 μηδὲν
1600 1386 2077 1460 ἐωισχυνὼμεοα,
2103 1387 2178 1459 μὴ

610 1476 753 1545 μέγα
784 1474 1088 1547 φρονῶμεν.
1114 1473 1179 1527 Εἰ
1207 1474 1315 1544 γὰρ
1340 1474 1505 1537 αὐτὸς
1527 1471 1659 1537 Θεὸς
1682 1470 1759 1526 ὢν
1787 1473 1879 1525 καὶ
1903 1469 2178 1538 Δεσπότης

607 1560 703 1612 καὶ
726 1557 862 1612 Θεοῦ
880 1558 1025 1623 Υίὸς,
1040 1558 1101 1610 ού
1122 1558 1481 1630 παρῃτήσατο
1505 1555 1715 1628 μορφὴν
1741 1554 1928 1609 δούλου
1950 1553 2138 1607 λαὸεῖν
2156 1566 2176 1582 ο

607 1641 787 1711 πολλῷ
820 1641 1019 1711 μᾶλλον
1051 1640 1195 1711 ἡμᾶς
1225 1641 1440 1695 ἅπαντα
1460 1638 1551 1693 ’δεῖ
1581 1641 1776 1706 ποιεῖν,
1809 1637 1915 1692 κᾶν
1943 1637 2177 1693 ταπεινά

605 1720 662 1796 ᾖ.
704 1724 875 1778 Πόθεν
905 1724 1034 1793 γὰρ,
1086 1724 1205 1776 εἰπέ
1259 1739 1371 1793 μοι,
1416 1722 1693 1794 ἄνθρωπε,
1749 1721 1892 1793 μέγα
1928 1723 2174 1793 φρονεῖς;

606 1808 714 1861 ἀπὸ
733 1807 843 1861 τῶν
870 1806 1167 1877 βιωτικῶνς
1196 1806 1329 1860 ἀλλά
1350 1805 1525 1861 ταῦτα
1542 1808 1671 1877 πρὶν
1694 1806 1727 1877 ἢ
1746 1805 1981 1876 φανῆναι
1997 1823 2177 1877 παρα-

609 1891 816 1963 τρέχει.
857 1890 998 1945 Ἀλλ’
1024 1890 1133 1945 ἀπὸ
1170 1889 1280 1945 τῶν
1320 1890 1739 1960 πνευματικῶν;
1796 1888 1913 1943 ἀλλ’
1966 1888 2027 1942 ἓν
2078 1891 2174 1945 καὶ

613 1975 762 2029 τοῦτό
789 1976 906 2028 ἐστι
932 1971 1744 2042 κατόρθωμαπνευματικδν,τὸ
1770 1971 1846 2043 μή
1880 1971 2026 2043 μέγα
2043 1989 2177 2045 φρο-

606 2061 737 2114 νεῖν.
770 2058 944 2112 Διὲίτί
986 2059 1166 2111 τοίνυν
1216 2058 1359 2127 μέγα
1420 2057 1676 2126 φλρονεῖςς
1725 2055 1808 2108 δτι
1854 2054 2169 2125 κατορθοῖςξ

611 2143 874 2196 ΙἌκουσον
900 2138 994 2194 τοῦ
1024 2139 1259 2205 Χριστοῦ
1315 2139 1587 2208 λέγοντος·
1645 2139 1833 2193 Ὅταν
1875 2138 2174 2207 ποιήσητε

605 2223 822 2288 πάντα,
852 2222 1060 2293 λέγετε
1086 2222 1176 2275 ὅτι
1221 2220 1463 2291 Ἀχρεῖοι
1492 2220 1703 2276 δοῦλοί
1730 2223 1950 2289 ἐσμεν*
1983 2220 2022 2275 ἁ
2062 2222 2173 2292 γὰρ

603 2306 940 2375 ὠφείλομεν
966 2304 1235 2375 ποιῆσαι,
1256 2304 1689 2374 πεποιήκαμεν.
1747 2303 1912 2359 Ἀλλά
1955 2304 2043 2359 διά
2080 2305 2173 2358 τὸν

606 2390 836 2444 πλοῦτον
861 2390 1003 2460 μέγα
1029 2390 1273 2460 φρονεῖς;
1299 2388 1391 2442 διὰ
1409 2388 1482 2454 τί,
1510 2390 1631 2441 εἰπέ
1659 2404 1783 2458 μοις
1809 2389 1911 2442 οὐκ
1932 2390 2173 2460 ήκουσας

606 2475 683 2527 ὅτι
697 2473 894 2543 γυμνοὶ
904 2472 1228 2543 εἰσήλθομεν
1241 2474 1321 2535 είς
1343 2468 1456 2543 [21]
1473 2472 1564 2525 τὸν
1577 2471 1711 2541 βίον,
1727 2472 1926 2542 γυμνοὶ
1937 2470 2171 2525 καὶάπι-

605 2557 911 2629 λευσόμεθα
930 2576 945 2625 ;
965 2558 1163 2628 μᾶλλον
1188 2556 1264 2623 δὲ,
1277 2557 1375 2629 οὐχ
1390 2557 1522 2628 ὁρᾷς
1537 2556 1664 2621 τοὺς
1686 2556 1793 2629 πρὸ
1814 2553 1909 2610 σοῦ
1928 2556 2171 2629 ἐρήμους

603 2644 704 2697 καὶ
716 2642 954 2713 γυμνοὺς
970 2641 1299 2706 ἀπελθόντας
1323 2658 1343 2705 ;-
1364 2642 1459 2706 Τίς
1476 2643 1544 2697 τά
1566 2640 1826 2712 ἀλλότρια
1848 2642 1987 2714 ἔχων
2021 2643 2173 2713 μέγα

606 2728 828 2796 φρονεῖς
850 2725 915 2778 οι
932 2724 1041 2795 γάρ
1066 2724 1381 2795 βουλόμενοι
1403 2725 1585 2788 αὐτοῖς
1603 2724 1841 2797 χρῆσθαι
1859 2728 1939 2790 είς
1960 2726 2172 2780 οίκείαν

606 2809 777 2878 μόνην
795 2806 1129 2873 ἀπόλαυσιν,
1148 2806 1511 2879 ἀφαιροῦνται
1532 2808 1672 2862 αύτά
1690 2809 1785 2861 καὶ
1806 2807 2052 2873 ἄκοντες,
2076 2810 2171 2861 καὶ

608 2891 713 2962 πρὸ
742 2891 840 2961 μὲν
860 2891 960 2961 τῆς
971 2889 1227 2962 τελευτῆς
1243 2890 1525 2957 πολλάκις,
1542 2892 1603 2944 έν
1632 2891 1690 2947 δὲ
1706 2894 1773 2964 τῇ
1792 2892 2016 2964 τελευτῇ
2042 2892 2172 2947 πάν·

610 2991 730 3038 τως.
758 2973 1073 3045 ’ΔλλῚιμεῖς
1088 2972 1292 3039 ζῶντες
1314 2975 1515 3038 αὐτοῖς,
1537 2978 1725 3047 φησιν,
1742 2977 1818 3042 ὼς
1840 2977 2168 3049 βουλόμεθα,

605 3055 887 3129 χρώμεθα.
915 3056 1165 3111 Μάλιστα
1197 3057 1295 3125 μὲν
1347 3058 1535 3112 ούδένα
1565 3058 1633 3112 ἀν
1683 3076 1767 3122 τις
1801 3060 1897 3114 ῐδοι
1930 3060 2167 3132 ταχέως,

605 3139 681 3202 ὡς
700 3138 989 3208 βούλεται,
1010 3142 1121 3202 τοῖς
1146 3136 1265 3193 οὖσι
1282 3139 1568 3210 χρώμενον
1594 3158 1610 3173 ·
1641 3142 1689 3194 εί
1709 3142 1767 3195 δέ
1793 3159 1877 3205 τις
1897 3144 1993 3199 καὶ
2030 3143 2173 3215 χρῷ-

603 3237 664 3275 το
692 3222 769 3285 ὠς
789 3221 1056 3292 βούλεται,
1085 3222 1206 3275 ούδέ
1236 3224 1394 3277 τοῦτο
1424 3226 1571 3294 μέγα
1594 3239 1607 3253 ³
1629 3224 1997 3297 βραχὺςγάρό
2024 3242 2170 3297 παρ-

600 3304 676 3357 ὼν
733 3307 922 3375 καιρὸς
967 3304 1104 3375 πρὸς
1148 3304 1276 3378 τοὺς
1332 3305 1541 3369 αίῶνας
1600 3309 1727 3371 τοὺς
1756 3307 2168 3379 ἀτελευτήτους.

603 3388 763 3456 Μέγα
795 3390 1033 3459 φρονεῖς,
1057 3386 1331 3461 ἄνθρωπε,
1363 3389 1444 3442 ὅτι.
1474 3389 1759 3455 πλουτεῖςς
1787 3389 1931 3456 τίνος
1958 3391 2166 3457 ἐνεκενς

600 3469 762 3524 τοῦτο
789 3472 897 3542 γὰρ
913 3472 1009 3525 καὶ
1026 3472 1250 3543 λῃσταῖς
1263 3473 1633 3544 παραγίνεται
1662 3474 1758 3526 καὶ
1780 3473 2043 3539 κλέπταις
2074 3475 2169 3531 καὶ

602 3553 951 3624 ἀνδροφόνοις
974 3554 1072 3608 καὶ
1108 3555 1374 3626 μαλακοῖς
1392 3556 1486 3610 καὶ
1510 3558 1733 3626 πόρνοις
1768 3557 1862 3611 καὶ
1886 3559 2021 3612 πᾶσι
2054 3560 2169 3621 τοῖς

603 3642 882 3711 πονηροῖς.
908 3639 1010 3694 Διά
1036 3640 1089 3694 τί
1126 3635 1223 3694 οὖν
1258 3641 1401 3710 μέγα
1426 3642 1682 3711 φρονεῖς;
1714 3640 1777 3694 El
1819 3640 1918 3711 μέν
1945 3640 2056 3714 γάρ
2091 3643 2171 3706 είς

601 3720 721 3775 δέον
746 3720 896 3792 αὐτῷ
918 3722 1335 3795 κέχρησαι,-υύκ
1361 3722 1599 3795 ὀφείλεις
1629 3722 1773 3793 μέγα
1814 3726 2058 3794 φρονεῖν,
2082 3723 2171 3779 ἵνα

603 3805 680 3876 μὴ
702 3804 921 3876 λυμήνῃ
948 3807 1049 3877 τὴν
1070 3805 1291 3877 ἐντολήν
1314 3823 1328 3838 ·
1358 3807 1408 3860 εἰ
1449 3805 1507 3859 δὲ
1540 3806 1645 3859 ούκ
1692 3806 1773 3869 είς
1814 3807 1955 3874 δέον,
1993 3806 2170 3880 ταύτῃ

603 3888 840 3959 μάλιστα
870 3888 1255 3971 συστέλλεσθαι
1301 3890 1402 3957 δεῖ,
1448 3892 1530 3944 ὅτι
1576 3889 1761 3954 δοῦλος
1798 3889 2031 3958 γέγονας
2057 3890 2169 3945 τῶν

598 3973 895 4044 χρημάτων
947 3974 1043 4027 καὶ
1089 3974 1384 4045 κτημάτων
1446 3974 1541 4027 καὶ
1595 3976 1771 4045 κρατῇ
1827 3973 1919 4027 ὑπ’
1962 3974 2163 4031 αὐτῶν.

598 4057 739 4110 Εἰπὲ
770 4057 878 4128 γάρ
919 4073 1031 4127 μοι,
1059 4059 1111 4111 εί
1143 4074 1229 4120 τις
1268 4056 1554 4127 πυρέττων
1606 4056 1756 4128 ὓδωρ
1793 4056 1974 4111 ἐκπίοι
2005 4057 2162 4122 πολὺ,

598 4139 660 4193 τὺ
687 4139 823 4211 ⁴ιτρὸς
856 4139 1027 4211 βραχὺ
1058 4141 1155 4210 μὲν
1199 4140 1449 4195 σύεννύον
1470 4140 1567 4212 τὴν
1596 4138 1776 4210 δίψαν,
1826 4139 2055 4212 ὕστερον
2108 4142 2167 4196 δέ

592 4221 836 4275 ἀνάπτον
864 4223 963 4294 τήν
990 4224 1189 4293 φλόγα,
1245 4224 1390 4294 μέγα
1438 4224 1644 4292 ὀφείλει
1696 4224 1915 4295 φρονεῖν
1941 4242 1957 4291 ς
1986 4225 2053 4278 Τί
2084 4224 2163 4290 δέ,

586 4304 654 4358 εί
676 4322 763 4370 τις
795 4306 1014 4362 πλείονα
1043 4307 1316 4379 φροντίζει
1333 4308 1479 4380 εικῆ,
1500 4308 1587 4361 διὰ
1612 4307 1773 4362 τοῦτο
1798 4306 2004 4376 ὀφείλει
2025 4308 2167 4380 μέγα

597 4394 850 4463 φρονεῖν;
877 4392 977 4445 Διά
996 4392 1076 4458 τί,
1105 4392 1226 4446 είττέ
1248 4409 1376 4464 μοις
1409 4392 1596 4464 ἐπειδὴ
1623 4390 1853 4455 πολλοὺς
1892 4390 2038 4462 εχεις
2079 4392 2166 4446 δε-

596 4473 838 4539 σπόταςς
857 4477 954 4527 ἐπε
962 4475 1047 4546 ιδὴ
1064 4476 1265 4547 μυρίας
1281 4474 1551 4548 μερίμνας
1567 4493 1581 4543 ;
1600 4467 1789 4547 ἐπειδὴ
1806 4472 2163 4529 κολακεύουσι

601 4574 661 4612 σε
685 4557 905 4624 πολλοῖς
953 4559 1116 4612 Ἀλλὰ
1141 4558 1300 4613 τοῦτο
1326 4559 1599 4615 δουλεύειν
1628 4558 1764 4613 ἐστί.
1800 4559 1910 4614 Καὶ
1938 4559 2029 4614 ἵνα
2055 4559 2162 4631 μά-

596 4639 737 4713 θηςι
758 4641 845 4696 δτι
866 4641 1138 4706 δουλεύεις
1159 4641 1361 4707 αὐτοῖς,
1376 4642 1539 4697 ἀκουε
1563 4641 1748 4713 σαφῶς
1764 4658 1778 4673 °
1805 4642 1872 4697 τά
1896 4641 2034 4697 ἀλλα
2051 4642 2163 4697 τῶν

596 4725 789 4780 παθῶν
815 4726 925 4780 τῶν
949 4725 1008 4781 ἐν
1035 4727 1166 4797 ἡμῖν
1195 4724 1343 4780 ἐστιν
1362 4727 1495 4779 ὅπου
1524 4726 1772 4798 χρήσιμά
1797 4728 1967 4793 ἐστιν,
1990 4723 2104 4781 οἷον
2126 4727 2163 4798 ή

598 4809 739 4880 ὀργὴ
771 4808 1044 4880 πολλαχοῦ
1074 4809 1342 4881 χρησίμη·
1374 4810 1569 4879 Θυμὸς
1586 4809 1715 4880 γὺρ.
1740 4809 1927 4880 φησὶν.
1954 4808 2165 4878 ἄδικος

595 4896 707 4950 οὐκ
722 4894 1160 4962 ἀθωωθήσεται·
1176 4892 1315 4947 ὥστε
1327 4893 1444 4947 ἐστι
1461 4894 1555 4947 καὶ
1570 4893 1797 4956 δικαίως
1811 4893 1874 4947 θυ
1882 4893 2156 4965 μωθῆναι.

596 4978 705 5033 Καὶ
736 4977 920 5044 πάλιν,
956 4979 1012 5032 '0
1037 4974 1406 5048 ὀργιζόμενος
1426 4977 1506 5044 τῷ
1531 4976 1771 5046 ἀδελφῷ
1791 4978 1977 5033 αὑτοῦ
2003 4977 2159 5047 εικῆ,

596 5061 811 5131 ἔνοχος
835 5062 1008 5117 ἔσται
1040 5061 1115 5130 τῇ
1144 5062 1378 5132 γεέννῃ.
1407 5061 1620 5117 Πάλινδ
1638 5060 1800 5132 ζῆλος
1817 5060 1979 5116 καλὸν
2010 5063 2103 5115 καὶ
2128 5064 2161 5133 ή

600 5145 885 5215 ἐπιθυμία,
909 5147 943 5217 ή
971 5147 1089 5217 μέν,
1118 5147 1249 5200 ὅταν
1278 5149 1358 5208 είς
1386 5145 1731 5200 παιδοποιίαν
1751 5145 1990 5216 γίνηται,
2022 5148 2051 5201 ὀ
2079 5146 2157 5209 δὲ,

594 5232 726 5283 ὅταν
759 5230 895 5299 πρὸς
929 5231 996 5283 τά
1039 5229 1179 5283 καλά
1213 5229 1310 5301 τὴν
1341 5230 1575 5301 μίμησιν
1608 5228 1637 5268 Β
1664 5228 1785 5300 εχῃ.
1822 5229 2035 5302 Ὥσπερ
2064 5229 2161 5283 καὶ

598 5312 810 5377 Παῦλος
824 5312 991 5381 λέγει’
1012 5313 1214 5367 Καλὸν
1227 5312 1296 5367 δὲ
1317 5313 1381 5367 τὸ
1403 5310 1726 5381 ζηλοῦσθαι
1744 5312 1812 5367 ἐν
1826 5312 1991 5379 καλῷ
2010 5311 2161 5368 πάνυ

597 5412 749 5451 τοτε·
786 5397 882 5451 καὶ
912 5395 1096 5461 πάλιν,
1120 5396 1381 5465 Ζηλοῦτε
1406 5398 1480 5451 τά
1503 5395 1843 5468 χαρίσματα
1868 5395 1942 5450 τὰ
1962 5396 2157 5467 κρειτ-

598 5496 767 5535 εονα.
799 5477 964 5533 Ὥστε
996 5479 1282 5551 ἀμφότερα
1306 5470 1570 5551 χρήσιμα.
1613 5480 1678 5533 Ἥ
1721 5479 1906 5550 μέντοι
1935 5480 2160 5535 ἀπόνοια

596 5560 836 5632 οὐδαμοῦ
873 5562 1055 5629 καλὸν,
1081 5562 1218 5616 ἀλλὰ
1243 5562 1521 5633 πανταχοῦ
1547 5562 1823 5635 ἄχρηστον
1844 5564 1938 5619 καὶ
1966 5563 2158 5635 βλαϐε-

659 5775 684 5805 ·
708 5775 1231 5844 [ωεῳῳοιιςευιιεηιο
1260 5780 1489 5834 Iuliano.
1512 5779 1697 5834 πολλοίε
1720 5780 1903 5844 καὶγὰρ
1926 5772 2157 5841 δουλεύεις

595 5836 772 5893 αὐτοῖς.
799 5834 891 5886 Καὶ
924 5840 1000 5888 ἵνα
1034 5841 1197 5901 μάθῃς.

658 5901 683 5941 ιι
711 5901 803 5949 Τὸν
826 5904 961 5961 ζῆλον
993 5902 1156 5953 iidem.

2286 474 2394 541 ρόν.
2417 473 2535 546 [22]
2560 475 2706 545 Πλὴν
2731 478 2778 528 εί
2797 476 2877 529 δεῖ
2904 476 3047 546 μέγα
3064 475 3303 547 φρονεῖν,
3323 471 3417 526 ἐπὶ
3436 471 3619 542 πενίᾳ,
3636 470 3739 526 οὐκ
3762 470 3859 525 ἐπὶ

2287 553 2503 625 πλούτῳ
2528 555 2625 611 δεῖ.
2645 557 2743 611 Διά
2764 556 2817 610 τί
2835 574 2849 625 ;
2869 557 2993 611 ’Ότι
3019 560 3049 612 ό
3081 560 3141 611 ἐν
3162 556 3364 626 όλίγοις
3395 553 3494 625 ζῇν
3538 553 3857 624 δυνάμενος,

2282 638 2375 692 τοῦ
2409 642 2483 711 μὴ
2504 640 2803 713 δυναμένου
2837 640 3016 711 πολλῷ
3036 640 3244 711 μείζων
3275 640 3371 694 καὶ
3397 637 3664 710 κρείττων
3683 637 3856 691 ἐστίν.

2343 724 2479 778 Εἰπὲ
2522 724 2631 797 γάρ
2685 742 2796 795 μοι,
2818 726 2865 779 εί
2888 724 3199 796 κληθέντων
3228 725 3311 785 είς
3364 721 3653 793 βασιλικὴν
3700 720 3857 775 πόλιν

2280 806 2463 870 τινιῖιν,
2489 810 2538 862 οί
2569 810 2667 879 μὲν
2688 807 2870 861 αὐτῶν
2897 809 3034 879 μήτε
3061 805 3377 876 ὑποζυγίων
3434 806 3655 872 δέοιντο,
3714 805 3855 876 μήτε

2280 889 2525 957 οἰκετῶν,
2550 893 2687 962 μήτε
2710 891 2993 956 σκιαδίων,
3014 891 3154 961 μήτε
3172 889 3557 959 καταγωγίων,
3578 889 3715 960 μήτε
3732 888 3859 941 ὐπο-

2279 972 2556 1044 δημάτων,
2592 975 2731 1047 μήτε
2782 974 3013 1039 σκευῶν,
3048 971 3165 1027 ἀλλ’
3195 971 3413 1043 ἀπόχρη
3462 972 3647 1037 αὐτοῖς
3693 973 3861 1044 ἀρτον

2284 1056 2445 1125 μόνον
2467 1056 2633 1128 ἔχειν,
2651 1058 2745 1111 καὶ
2766 1055 2912 1127 ὕδωρ
2928 1059 2994 1111 ἐκ
3014 1056 3123 1110 τῶν
3147 1055 3341 1127 πηγῶν
3362 1052 3663 1125 λαμϐάνειν
3686 1073 3703 1088 ο
3720 1056 3859 1109 ἐκεῖο

2279 1138 2438 1193 νοιδέ
2465 1139 2694 1207 λέγοιεν,
2730 1141 2812 1193 ὅτι
2852 1140 2985 1194 Ἐἀν
3019 1139 3222 1210 μήκαὶ
3264 1138 3521 1209 ὀχήματα
3570 1136 3709 1192 δῶτε
3760 1138 3858 1192 καὶ

2282 1223 2571 1295 στρωμνὴν
2593 1221 2828 1292 ἁπαλὴν,
2860 1222 2923 1276 ού
2950 1221 3230 1293 δυνάμεθα
3276 1220 3709 1293 παραγενέσθαι,
3758 1222 3857 1277 ἐὰν

2284 1305 2359 1375 μὴ
2385 1305 2479 1359 καὶ
2508 1305 2737 1369 πολλοὺς
2765 1306 2977 1378 ἔχωμεν
2999 1307 3127 1371 τοὺς
3156 1303 3587 1368 ἀκολουθοῦντας
3609 1344 3626 1372 ,
3654 1304 3750 1359 ἐὰν
3778 1304 3855 1376 μὴ

2281 1388 2519 1459 συνεχῶς
2575 1388 2669 1461 ἐξῇ
2716 1387 3179 1454 διαναπαύεσθαι,
3206 1391 3265 1442 οὐ
3294 1387 3590 1458 δυνάμεθα,
3621 1386 3718 1442 ἐὰν
3777 1389 3857 1460 μὴ

2280 1466 2597 1537 ὑποζυγίοις
2619 1468 2902 1540 χρώμεθα,
2931 1470 3026 1523 καὶ
3058 1468 3255 1540 μικρὸν
3281 1467 3558 1537 όδεύωμεν
3587 1466 3690 1537 τῆς
3712 1467 3854 1537 ἠμέν-

2283 1568 2382 1622 ρας
2411 1553 2575 1625 μέρος
2601 1570 2615 1583 ’
2643 1553 2726 1606 δεῖ
2749 1553 2807 1607 δὲ
2837 1555 2968 1625 ἡμῖν
2995 1554 3091 1607 καὶ
3122 1552 3327 1625 ἐτέρων
3371 1551 3637 1606 πλειόνων
3655 1567 3669 1581 ·
3701 1553 3857 1617 τίνας

2281 1636 2348 1689 ἂν
2399 1636 2827 1707 θαυμάσαιμεν;
2860 1636 3126 1700 ἐκείνους,
3178 1637 3213 1708 ἢ
3262 1635 3525 1704 τούτους;
3557 1635 3726 1707 Δῆλον
3772 1636 3857 1691 δτι

2276 1720 2496 1785 τούτους
2515 1722 2641 1786 τοὺς
2661 1721 2875 1784 οὐδενὸς
2891 1720 3201 1791 δεομένους.
3224 1719 3381 1774 Οὕτω
3396 1720 3462 1792 δή
3484 1721 3579 1774 καὶ
3595 1720 3854 1787 ἐνταῦθα,

2271 1804 2325 1858 0!
2356 1804 2455 1873 μὲν
2483 1805 2618 1874 πρὸς
2645 1806 2745 1874 τὴν
2773 1805 2891 1858 ὁδὸν
2910 1805 3003 1858 τοῦ
3023 1804 3141 1877 βίου
3162 1804 3353 1858 τούτου
3376 1803 3588 1857 πολλῶν
3616 1804 3852 1871 δέονται,

2271 1889 2329 1943 οἱ
2354 1888 2410 1942 δέ
2436 1889 2671 1953 οὐδενός.
2708 1889 2870 1943 Ὥστε
2898 1890 3066 1953 τοὺςε
3100 1889 3195 1943 ἐπὶ¹
3235 1888 3396 1960 πενίᾳ
3428 1887 3632 1958 μᾶλλον
3684 1888 3858 1959 ὲχρῆν

2278 1972 2420 2042 μέγα
2443 1974 2681 2044 φρονεῖν,
2705 1972 2760 2027 εί
2773 1990 2838 2041 γε
2861 1973 2953 2026 καὶ
2978 1972 3165 2045 ἐχρῆν.
3192 1971 3333 2025 Ἀλλ’
3368 1970 3853 2043 εὐκαταφρόνητός

2276 2055 2424 2107 ἐστιν
2458 2056 2487 2109 ό
2514 2056 2704 2127 πένης,
2760 2054 2945 2127 φησίν.
2996 2056 3111 2109 Οὐκ
3156 2056 3388 2120 ἐκεῖνος,
3421 2054 3537 2107 ἀλλ’
3567 2056 3618 2108 οί
3661 2053 3857 2109 τούτου

2276 2137 2765 2209 καταφρονοῦντες.
2800 2137 2898 2191 Διά
2924 2136 2978 2192 τί
3012 2140 3121 2210 γὰρ
3142 2135 3253 2207 ἐγὼ
3286 2139 3360 2207 μὴ
3389 2138 3720 2209 καταφρονῶ
3745 2136 3859 2191 τῶν

2272 2221 2374 2274 ούκ
2402 2221 2621 2275 εἰδότων
2654 2221 2956 2293 θαυμάζειν
2985 2221 3191 2293 άηχρή;
3232 2219 3373 2274 Ἀλλ’
3394 2221 3461 2274 ἂν
3497 2220 3597 2291 μὲν
3640 2220 3859 2292 ζωγρά-

2276 2298 2427 2378 φοςῇ
2458 2320 2566 2370 τις,
2597 2304 2818 2358 πάντων
2851 2304 3291 2373 καταγελάσεται
3320 2304 3433 2356 τῶν
3492 2303 3861 2358 σκωπτόντων

2273 2386 2455 2451 αὐτὸν,
2493 2386 2598 2450 ἕως
2618 2386 2685 2441 ἀν
2713 2381 2846 2441 ὦσιν
2877 2387 3133 2459 ἀμαθεῖς,
3165 2386 3260 2440 καὶ
3287 2384 3410 2439 οὔτε
3446 2384 3584 2455 πρὸς
3611 2386 3681 2440 τά
3722 2385 3859 2457 παρ’

2274 2469 2496 2524 ἐκείνων
2523 2470 2792 2541 λεγόμενα
2820 2470 3233 2542 ἐπιστρέφεται,
3269 2468 3407 2525 ἀλλά
3432 2470 3500 2540 τῇ
3530 2467 3724 2523 ἑαυτοῦ
3752 2470 3859 2540 ἀρ-

2274 2556 2453 2607 κεῖται
2512 2554 2996 2627 μαρτυρίᾳοήμεῖς
3015 2554 3073 2608 δὲ
3101 2555 3204 2626 τῆς
3258 2553 3367 2607 τῶν
3423 2552 3637 2607 πολλῶν
3696 2552 3858 2625 δόξης

2276 2636 2647 2711 ἐξαρτήσομεν
2702 2637 2964 2702 έαυτούς;
2997 2638 3091 2692 καὶ
3143 2636 3247 2692 ποῦ
3295 2635 3473 2692 ταῦτα
3518 2637 3859 2709 συγγνώμης

2273 2724 2399 2788 ἄξια
2425 2739 2439 2787 ;

2338 2804 2437 2859 Διά
2487 2803 2646 2858 τοῦτό
2713 2804 2882 2874 ἐσμεν
2942 2801 3083 2868 ἄξιοι
3160 2801 3622 2875 καταφρονεῖσθαι
3653 2842 3669 2868 ,
3726 2802 3855 2858 ὅταν

2270 2889 2379 2943 τῶν
2408 2886 2894 2961 καταφρονούντων
2917 2887 3076 2958 ήμῶν
3109 2886 3199 2942 διὰ
3223 2886 3325 2958 τὴν
3352 2888 3545 2942 πενίαν
3579 2887 3655 2959 μὴ
3686 2903 3858 2941 κατα-

2275 2974 2587 3045 φρονῶμεν,
2626 2973 2763 3045 μηδὲ
2793 2970 3175 3043 ταλανίζωμεν
3203 2970 3423 3037 αὐτούς.
3456 2970 3570 3024 Καὶ
3612 2972 3857 3044 παρίημι

2273 3058 2374 3110 ὅσα
2400 3056 2500 3127 μὲν
2529 3058 2904 3128 ἁμαρτήματα
2939 3054 3046 3111 ἀπὸ
3070 3053 3172 3113 τοῦ
3203 3053 3437 3113 πλούτου
3458 3054 3725 3125 τίκτεται,
3753 3055 3859 3114 ὅσα

2273 3140 2329 3193 δὲ
2359 3138 2542 3207 ἀγαθά
2567 3140 2675 3193 ἀπὸ
2699 3142 2800 3211 τῆς
2850 3141 3045 3205 πενίας
3064 3159 3078 3173 ·
3113 3140 3315 3214 μᾶλλον
3343 3142 3401 3195 δέ
3431 3143 3551 3197 οὐδὲ
3601 3142 3852 3209 πλοῦτος.

2273 3222 2393 3275 οὺδέ
2421 3222 2582 3276 πενία
2600 3222 2723 3277 καθ’
2755 3223 2917 3277 ἑαυτὸ
2931 3224 3117 3290 καλὸν,
3145 3225 3285 3281 ἀλλά
3308 3226 3463 3299 παρά
3477 3226 3606 3292 τοὺς
3632 3228 3855 3298 χρωμέ-

2273 3322 2396 3370 νους
2416 3304 2631 3375 τούτῳει
2666 3305 2897 3375 γίνεται.
2931 3306 2988 3359 Ὀ
3018 3309 3345 3379 Χριστιανὸς
3369 3309 3590 3381 δόκιμος
3615 3310 3673 3365 ἐν
3692 3309 3857 3382 πενίᾳ

2275 3388 2475 3459 μᾶλλον
2507 3388 2868 3458 διαφαίνεται,
2899 3389 2931 3459 ἢ
2955 3392 3014 3444 ὲν
3035 3391 3115 3462 τῷ
3144 3390 3380 3464 πλούτῳ.
3403 3392 3529 3456 Πῶς
3548 3410 3565 3459 ;
3585 3394 3673 3447 Ἐν
3692 3393 3855 3465 πενίᾳ

2276 3473 2375 3543 μὲν
2407 3471 2517 3543 γὰρ
2546 3472 2622 3526 ὢν
2651 3472 2986 3545 ἀτυφότερος
3014 3473 3167 3528 ἔσται
3188 3513 3203 3540 ,
3268 3477 3729 3549 σωφρονέστερος.
3760 3494 3855 3532 σε-

2276 3556 2553 3628 μνότερος,
2574 3558 3002 3628 ἐπιεικέστερος,
3027 3558 3397 3630 συνετώτερος
3421 3576 3434 3589 ·
3453 3562 3511 3614 ἐν
3525 3560 3605 3633 τῷ
3635 3562 3857 3634 πλούτῳ

2271 3639 2329 3694 δὲ
2361 3639 2559 3709 μένων,
2585 3638 2756 3694 πολλά
2786 3640 2924 3711 πρὸς
2951 3640 3127 3695 ταῦτα
3148 3640 3342 3712 ἔχειτά
3356 3643 3680 3715 κωλύματα.
3704 3645 3857 3701 Ἴδω-

2274 3739 2375 3793 μεν
2398 3719 2491 3777 οὖν
2520 3723 2644 3777 τίνα
2688 3723 2837 3777 ἐστὶν
2856 3723 2893 3778 ἀ
2922 3725 2951 3777 ὁ
2980 3724 3236 3790 πλούσιος
3291 3726 3605 3798 ἐργάζεται,
3652 3728 3856 3799 μᾶλλον

2270 3806 2328 3860 δὲ
2352 3810 2381 3860 ό
2395 3805 2581 3870 κακῶς
2604 3806 2684 3877 τῷ
2698 3805 2914 3879 πλούτῳ
2933 3808 3297 3879 κεχρημένος.
3314 3810 3560 3875 Ἐκεῖνος
3588 3812 3850 3884 ἁρπάζει,

2270 3890 2603 3956 πλεονεκτεῖ,
2633 3888 2902 3961 βιάζεται.
2940 3888 3056 3963 [23]
3090 3891 3156 3945 Τί
3175 3891 3262 3946 δαί
3286 3908 3301 3959 ;
3332 3894 3461 3957 τοὺς
3486 3892 3701 3966 ἔρωτας
3725 3896 3855 3960 τοὺς

2268 3974 2526 4037 ἀτόπους,
2542 3972 2642 4037 τάς
2661 3973 2953 4045 ἀθεμίτους
2972 3974 3172 4044 μίξεις,
3187 3974 3580 4047 τάςγοητείας,
3593 3978 3693 4042 τὰς
3714 3995 3855 4051 φαρο

2271 4056 2523 4128 μακείας,
2557 4055 2628 4111 τὰ
2658 4054 2794 4111 ἀλλα
2826 4056 3005 4112 πάντα
3037 4056 3186 4111 δεινά
3228 4058 3330 4113 οὐκ
3358 4059 3467 4113 ἀπὸ
3493 4058 3588 4113 τοῦ
3616 4060 3853 4116 πλούτου

2268 4142 2519 4214 εὑρήσεις
2546 4140 3059 4214 τικτόμενα;⁹ορᾷς
3092 4142 3176 4195 ὅτι
3202 4143 3261 4197 ἐν
3285 4142 3446 4215 πενίᾳ
3477 4145 3682 4216 μᾶλλον
3717 4146 3854 4203 ἀκοσ-

2269 4224 2514 4295 τεώτερόν
2537 4224 2709 4290 ἐστιν,
2742 4225 2776 4296 ἢ
2817 4226 2874 4278 ἐν
2901 4224 3123 4297 πλούτῳ
3146 4226 3247 4298 τὴν
3309 4226 3511 4300 ἀρετὴν
3568 4230 3852 4299 μετιέναις

2268 4307 2359 4378 Μὴ
2395 4307 2505 4378 γάρ
2554 4323 2665 4377 μοι,
2719 4307 2905 4378 ἐπειδὴ
2965 4307 3217 4380 δίκηνού
3243 4308 3480 4365 διδόασιν
3528 4311 3766 4368 ἐνταῦθα
3799 4316 3854 4370 οῖ

2268 4390 2534 4469 πλούσιοι,
2556 4390 2789 4463 νομίσῃς
2811 4392 3011 4456 αὐτοὺς
3037 4391 3173 4463 μηδὲ
3195 4394 3537 4466 ἁμαρτάνειν
3564 4412 3580 4428 ’
3608 4396 3685 4463 ὡς
3711 4399 3766 4453 εί
3784 4416 3851 4469 γε

2266 4468 2335 4544 ἦν
2375 4471 2597 4529 εὔκολον
2643 4474 2902 4528 πλούσιον
2950 4473 3110 4545 δίκην
3156 4476 3391 4541 διδόναι,
3418 4479 3484 4532 ἐκ
3536 4479 3741 4535 τούτων
3782 4468 3854 4537 ἀν

2267 4551 2423 4629 εὗρες
2455 4557 2889 4630 ἐμπεπλησμένα
2915 4558 2985 4613 τὰ
3012 4558 3390 4635 δεσμωτήρια·
3418 4562 3555 4617 ἀλλά
3584 4566 3853 4633 μετὰτῶν

2266 4641 2440 4698 ἄλλων
2466 4644 2559 4697 καὶ
2581 4642 2737 4697 τοῦτο
2764 4644 2879 4715 ἔχει
2928 4644 3100 4699 κακδν
3130 4645 3157 4697 ὁ
3181 4645 3440 4715 πλοῦτος,
3472 4649 3558 4703 ὅτι
3588 4651 3647 4704 ὲν
3676 4664 3850 4723 πονη-

2271 4725 2362 4797 ρίᾳ
2424 4725 2735 4797 ἀτιμωρητὶ
2782 4727 3123 4798 πλημμελῶν
3153 4730 3181 4783 ό
3215 4728 3408 4785 τοῦτον
3462 4735 3805 4805 κεκτημένος
3830 4775 3847 4799 ,

2265 4808 2522 4863 οὐδέποτε
2552 4811 2811 4881 στήσεται
2832 4810 2994 4865 τοῦτο
3023 4810 3220 4877 ποιῶν,
3243 4813 3381 4868 ἀλλά
3409 4814 3642 4887 λήψεται
3672 4817 3849 4888 τραύ-

2269 4910 2417 4963 ματα
2447 4892 2578 4947 ἀνευ
2609 4894 2946 4965 φαρμάκων,
2968 4898 3069 4950 καὶ
3102 4897 3322 4968 χαλινὸν
3379 4898 3555 4963 οὐδεὶς
3593 4900 3850 4973 ἐπιθήσει

2259 4980 2434 5051 αὐτῷ.
2466 4981 2531 5034 El
2560 4980 2617 5035 δέ
2644 4980 2885 5050 βούλοιτό
2915 4998 2999 5046 τις
3027 5022 3041 5045 ,
3070 4984 3164 5037 καὶ
3204 4984 3343 5055 πρὸς
3369 4984 3564 5056 ήδονὴν
3616 4986 3848 5057 εύρήσει

2264 5068 2364 5136 τὴν
2390 5066 2578 5120 πενίαν
2625 5065 2843 5130 πλείους
2871 5067 3222 5138 παρέχουσαν
3270 5071 3405 5141 ἡμῖν
3440 5070 3539 5133 τὰς
3567 5070 3846 5141 ἀφορμάς.

2265 5149 2427 5215 Πῶς;
2460 5151 2583 5203 Ὀτι
2610 5148 2908 5220 φροντίδων
2944 5151 3315 5223 ἀπήλλακται,
3376 5152 3589 5223 μίσους,
3637 5153 3844 5224 μάχης,

2262 5233 2618 5303 φιλονεικίας,
2646 5232 2843 5305 ἔριδος,
2888 5236 3100 5306 μυρίων
3128 5236 3340 5291 δεινῶν.
3382 5238 3477 5309 Μὴ
3533 5238 3716 5293 τοίνυν
3752 5238 3836 5292 δι·-

2261 5316 2495 5388 ώκωμεν
2512 5317 2573 5371 τδ
2584 5317 2853 5387 πλουτεῖν,
2864 5320 2998 5391 μηδέ
3014 5321 3238 5385 τούτους
3254 5320 3592 5394 ζηλὼσωμεν
3605 5324 3693 5376 ἀεὶ
3708 5324 3841 5389 τοὺς

2261 5400 2433 5455 πολλά
2460 5402 2834 5473 κεκτημένους
2859 5419 2872 5434 ο
2899 5403 3016 5458 ἀλλ’
3041 5405 3091 5457 οί
3109 5404 3458 5478 μένέχοντες,
3493 5408 3574 5471 εις
3599 5406 3720 5461 δέον
3748 5407 3837 5481 τῷ

2259 5484 2477 5558 πλούτῳ
2503 5484 2766 5557 χρώμεθα
2784 5501 2799 5517 θ
2827 5487 2879 5539 οί
2907 5486 2969 5539 δέ
3002 5486 3079 5559 μὴ
3112 5488 3350 5559 ἔχοντες,
3374 5489 3449 5562 μή
3470 5489 3728 5561 ἀλγῶμεν
3748 5490 3845 5547 διὰ

2259 5570 2435 5635 τοῦτο,
2482 5569 2598 5625 ἀλλ’
2648 5568 3064 5641 εὐχαριστῶμεν
3113 5571 3253 5643 ὑπὲρ
3310 5571 3670 5645 ἀπάντωντῷ
3694 5571 3843 5646 Θεῷ,

2262 5654 2345 5707 ὅτι
2369 5656 2513 5727 ἡμᾶς
2545 5656 2601 5706 ἐν
2631 5652 2801 5723 ὀλίγῳ
2825 5652 2973 5725 πόνῳ
3002 5654 3094 5707 τὸν
3116 5656 3283 5709 αὐτὸν
3309 5658 3421 5719 τοῖς
3467 5654 3766 5723 πλουσίοις,
3802 5658 3842 5731 η

2322 5850 2347 5877 ε
2378 5850 2407 5894 Α
2419 5844 2651 5895 rliculum
2676 5848 2848 5895 delere
2868 5848 3013 5907 jubet
3040 5850 3256 5901 Danaus
3268 5884 3283 5900 .

2315 5913 2342 5951 «ι
2364 5908 2548 5959 Forsan
2568 5908 2830 5973 legendum
2853 5908 2994 5959 τοῦτο
