4112 6344
244 406 311 459 '15
1105 396 1171 453 IN
1210 392 1429 453 EPIST.
1472 392 1563 447 AD
1606 386 1844 445 ΗΕΒἣᾶ

1962 421 1971 440 .
2012 385 2164 441 CAP.
2210 382 2252 438 l.
2295 378 2527 437 HOMIL.
2572 376 2638 433 ll.
3487 374 3564 431 26

249 515 415 570 Filius
441 526 661 567 nienses
707 520 781 574 tu,
811 521 904 577 ego
942 504 1094 559 hodie
1120 502 1271 573 genui
1296 509 1343 555 te
1362 500 1388 553 ?
1409 510 1468 554 et
1498 511 1705 562 rursus,
1728 494 1839 565 Ego

245 625 331 664 ero
352 607 430 661 illi
456 607 511 661 in
543 603 773 669 Patrem,
800 611 845 655 et
870 599 979 671 ipse
1003 598 1097 653 erit
1127 594 1253 650 mihi
1284 594 1340 650 in
1363 590 1587 647 Filium.
1605 589 1744 645 .Hmc
1773 589 1841 643 de

246 716 405 757 carne
431 699 577 755 dicta
603 704 731 752 sunt
764 711 777 748 :
809 691 939 749 illud
970 692 1135 756 enim,
1168 688 1281 762 Ego
1308 703 1394 743 ero
1420 686 1497 741 illi
1522 687 1575 739 in
1604 682 1838 747 Patrem,

246 802 291 849 et
314 793 427 863 ipse
450 792 543 845 erit
567 788 695 843 mihi
737 787 793 841 in
835 782 1051 850 Filium,
1083 778 1512 837 incarnationem
1552 774 1790 830 deciarat
1822 788 1836 824 :

248 886 575 949 bocautem,
623 879 795 936 Filius
844 892 985 934 meus
1024 883 1176 940 este,
1226 870 1359 927 nihil
1388 866 1534 925 aliud
1575 864 1843 938 signiﬁcat

246 993 404 1052 quam
429 975 575 1049 quod
604 990 673 1031 ex
697 973 817 1045 ipso
843 972 933 1026 sit.
959 968 1110 1025 Sicut
1135 966 1282 1023 enim
1310 963 1507 1019 dicitur
1538 966 1623 1052 ὢν.
1660 957 1711 1013 id
1735 965 1839 1052 est.

246 1051 471 1143 quiest,
504 1082 537 1123 a
565 1064 818 1138 praesenti
858 1072 1141 1131 tempore;
1188 1058 1293 1113 hoc
1338 1054 1483 1111 enim
1528 1051 1632 1123 ipsi
1668 1051 1844 1143 magis

246 1141 545 1217 convenit:
579 1157 652 1211 ita
683 1156 845 1211 etiam
876 1152 1030 1217 illud,
1086 1148 1275 1213 Hodie,
1321 1147 1412 1201 hic
1458 1144 1589 1199 mihi
1631 1141 1843 1196 videtur

245 1251 447 1307 dictum
473 1264 596 1306 esse
628 1248 699 1305 de
741 1259 927 1302 carne.
968 1242 1103 1299 Nam
1142 1238 1358 1312 quando
1386 1251 1506 1293 eam
1534 1232 1843 1305 apprehen-

246 1343 406 1407 derit,
442 1340 511 1397 de
537 1348 736 1396 cretei-0
764 1336 944 1393 omnia
968 1334 1162 1391 edatur
1186 1345 1400 1388 secure.
1427 1327 1568 1386 Caro
1593 1325 1739 1382 enim
1758 1332 1845 1381 est

248 1437 519 1507 particeps
546 1434 803 1498 altorum,
833 1432 972 1486 sicut
996 1438 1053 1485 et
1080 1427 1331 1485 divinitas
1358 1423 1642 1479 humilium
1675 1438 1689 1475 :
1718 1434 1842 1474 nam

251 1528 388 1583 Deus
414 1525 579 1581 homo
608 1524 724 1580 tleri
757 1537 862 1579 non
891 1520 1229 1591 dedignatus,
1266 1526 1323 1572 ut
1346 1530 1461 1571 rem
1492 1529 1600 1570 non
1626 1525 1845 1568 recusa-

251 1621 344 1687 vit,
371 1617 643 1689 quomodo
670 1615 838 1673 verba
878 1610 1247 1671 recusaverit?

317 1712 372 1766 4.
416 1709 702 1767 Humilitas
724 1704 1127 1763 commendatur.
1150 1702 1253 1758 Res
1274 1701 1391 1757 vita
1410 1697 1672 1771 pressantis
1686 1712 1843 1771 quam

248 1804 421 1871 ﬂuxa.
450 1831 525 1844 —
553 1799 682 1857 Haec
710 1813 841 1869 ergo
862 1812 988 1853 cum
1022 1797 1256 1853 sciamus
1275 1836 1290 1858 .
1348 1792 1570 1848 minime
1600 1805 1698 1846 nos
1742 1804 1842 1861 pu-

247 1895 404 1961 deat,
460 1907 639 1963 neque
689 1891 861 1945 altum
908 1902 1202 1961 sapiamus.
1259 1885 1395 1942 Nam
1453 1885 1499 1940 si
1550 1883 1668 1954 ipse
1716 1896 1841 1938 cum

256 1986 396 2041 Deus
419 1992 570 2041 esset
602 1991 663 2040 et
692 1982 951 2037 Dominus
987 1989 1043 2035 et
1067 1980 1161 2034 Dei
1188 1978 1355 2033 Filius
1375 2018 1392 2045 ,
1436 1990 1543 2031 non
1574 1975 1843 2030 recusavit

248 2078 391 2134 servi
412 2077 649 2132 formam
687 2075 1012 2145 suscipere:
1044 2073 1213 2128 multo
1256 2072 1429 2141 magis
1473 2085 1575 2126 nos
1626 2078 1845 2141 oportet

246 2169 425 2225 omnia
454 2168 663 2235 facere,
706 2166 919 2223 etiamsi
961 2166 1068 2220 sint
1097 2165 1306 2234 abiecta
1338 2174 1392 2219 et
1416 2162 1656 2217 humilia.
1705 2161 1839 2217 Nam

248 2260 516 2318 undenam
544 2301 559 2327 ,
596 2260 683 2316 dic
725 2272 948 2330 qumso,
991 2273 1025 2312 ο
1062 2256 1260 2322 homo,
1307 2255 1477 2310 altum
1535 2254 1725 2325 sapis?
1774 2269 1841 2309 ex

245 2352 599 2411 molaribus
642 2362 699 2408 et
743 2354 810 2407 iis
858 2366 979 2422 qua:
1025 2349 1095 2405 ad
1136 2349 1279 2405 hanc
1321 2350 1487 2404 vitam
1530 2350 1844 2419 pertinent?

250 2447 343 2503 sed
385 2462 455 2503 ea
504 2453 932 2517 praetercurrunt
976 2444 1289 2515 priusquam
1344 2444 1715 2514 apparuerint.
1764 2445 1843 2500 Ex

244 2540 654 2613 spiritualibus?
690 2540 785 2594 sed
818 2540 920 2594 hoc
948 2554 1164 2609 quoque
1204 2546 1289 2593 est
1320 2538 1519 2593 bonum
1558 2552 1699 2607 opus
1735 2539 1849 2609 spi-

248 2634 445 2689 rituale
468 2674 485 2699 ,
542 2647 654 2687 non
692 2632 836 2687 elato
864 2646 987 2687 esse
1034 2632 1239 2686 animo.
1289 2631 1397 2685 Cur
1434 2646 1565 2702 ergo
1602 2633 1748 2687 elato
1787 2649 1847 2689 es

244 2722 463 2779 animo?
522 2722 663 2792 quod
692 2730 743 2777 te
770 2732 916 2777 recte
944 2722 1137 2792 geras?
1180 2721 1320 2777 Audi
1354 2721 1633 2777 Christum
1664 2725 1846 2779 dicen-

256 2823 399 2880 tem’,
446 2814 665 2882 Quando
703 2818 923 2890 feceritis
968 2818 1177 2885 omnia,
1226 2818 1417 2884 dicite,
1451 2817 1600 2874 Servi
1648 2817 1847 2872 inutiles

253 2922 427 2963 suum
475 2924 496 2962 .'
567 2925 687 2962 nam
758 2924 871 2979 quae
946 2910 1249 2965 debebamus
1331 2914 1497 2980 facere
1520 2951 1536 2977 ,
1608 2913 1817 2981 {acernus

255 2994 404 3065 (Luc.
434 3000 490 3053 1.
525 2998 638 3068 10).
686 3000 757 3054 At
777 2999 1004 3066 etferris,
1044 3010 1097 3056 et
1126 3001 1220 3056 tibi
1250 3002 1428 3073 places
1460 3011 1676 3072 propter
1715 3000 1850 3055 divi-

261 3088 400 3143 tias?
455 3091 666 3159 quare?
717 3090 804 3146 dic
854 3092 1029 3146 mihi:
1076 3109 1254 3147 annon
1300 3092 1496 3148 audisti
1543 3093 1686 3163 quod
1726 3091 1851 3147 nudi

255 3178 482 3249 ingressi
530 3196 717 3236 sumus
760 3182 815 3237 in
869 3183 1006 3239 hanc
1049 3186 1210 3239 vitam
1240 3225 1255 3248 ,
1310 3194 1365 3239 ct
1408 3184 1535 3239 nudi
1584 3184 1849 3239 abibimus

255 3271 376 3343 (Job
405 3274 459 3329 1.
484 3272 620 3344 2t)?
671 3274 781 3331 imo
806 3292 913 3330 non
940 3276 1092 3331 vides
1137 3292 1235 3332 eos
1258 3277 1349 3345 qui
1375 3286 1426 3330 te
1452 3285 1851 3346 prtecesserunt

254 3366 429 3421 nudos
469 3377 524 3421 et
552 3367 791 3436 abjectos
833 3369 1210 3425 abscessisse?
1241 3369 1370 3437 Quis
1399 3369 1604 3426 habens
1633 3371 1806 3425 aliena
1834 3412 1850 3436 ,

252 3456 475 3514 eﬂ‘ertur
499 3468 555 3515 et
589 3460 689 3515 sibi
728 3462 946 3530 placet?
991 3461 1122 3516 Nam
1170 3464 1260 3533 qui
1290 3478 1350 3518 ea
1378 3463 1445 3518 ad
1472 3479 1600 3519 suos
1644 3473 1849 3518 tantum

254 3564 384 3606 usus
412 3560 733 3607 convertere
761 3561 816 3611 et
845 3552 911 3607 iis
941 3553 1047 3608 frui
1074 3553 1262 3609 volunt
1286 3597 1300 3620 ,
1348 3555 1451 3625 ipsi
1476 3556 1555 3609 eis
1586 3555 1665 3609 vel
1694 3557 1844 3611 inviti

254 3642 564 3710 privantur,
591 3657 737 3713 saepe
760 3645 922 3699 etiam
954 3634 1081 3701 ante
1109 3655 1360 3713 mortem,
1385 3647 1439 3701 in
1469 3657 1646 3703 morte
1670 3660 1847 3703 autem

252 3735 497 3789 omnino.
550 3736 621 3789 At
662 3751 762 3791 nos
790 3738 1071 3806 viventes,
1117 3739 1331 3809 inquit,
1375 3740 1454 3795 eis
1498 3749 1559 3795 ut
1604 3741 1851 3796 volumus

256 3826 475 3882 utimur.
524 3824 682 3883 Certe
714 3829 983 3883 neminem
1032 3828 1146 3885 cito
1173 3829 1371 3884 videris
1420 3840 1478 3885 ut
1506 3831 1621 3885 vult
1650 3834 1724 3885 nti
1771 3832 1849 3884 fa-

253 3920 582 3975 cultatibus:
613 3920 753 3991 quod
801 3922 845 3975 si
889 3920 1169 3992 quisquam
1202 3924 1360 3978 etiam
1408 3930 1465 3977 ttt
1492 3923 1606 3977 vult
1644 3932 1847 3990 utatur,

254 4028 321 4068 ne
340 4012 448 4067 hoc
464 4022 549 4067 est
575 4014 789 4082 quidem
810 4029 1058 4084 magnum
1095 4032 1108 4068 :
1139 4014 1306 4070 breve
1324 4025 1410 4070 est
1438 4016 1584 4070 enim
1611 4030 1850 4085 praesens

255 4115 489 4174 tempus,
509 4105 552 4159 si
577 4103 887 4161 conferatur
902 4120 1024 4161 cum
1050 4106 1264 4161 saeculis
1288 4122 1409 4177 qua:
1429 4122 1535 4162 non
1564 4107 1844 4163 finiuntur.

256 4195 495 4263 Eﬂ‘erris,
523 4212 556 4251 ο
583 4196 742 4252 homo
766 4238 781 4263 ,
806 4205 862 4253 et
887 4197 1133 4268 gloriaris
1157 4200 1301 4268 quod
1324 4198 1399 4253 sis
1427 4198 1614 4254 dives?
1639 4199 1849 4269 quare?

256 4289 359 4342 hoc
396 4289 541 4343 enim
563 4288 715 4343 adest
742 4296 797 4343 et
825 4289 1119 4343 latronibus
1148 4300 1203 4344 et
1231 4288 1445 4345 furibus
1474 4300 1529 4345 et
1562 4291 1846 4359 parricidis

255 4390 309 4433 ct
352 4380 605 4433 mollibus
635 4392 690 4434 et
741 4382 1128 4437 scortatoribus
1158 4390 1211 4435 et
1260 4382 1536 4438 sceleratis
1577 4384 1848 4439 omnibus.

256 4472 360 4525 Cur
390 4485 520 4541 ergo
548 4471 801 4526 etferris?
830 4472 962 4527 Nam
990 4474 1034 4527 si
1057 4489 1123 4528 co
1147 4485 1292 4528 recte
1310 4484 1364 4529 et
1392 4486 1446 4528 ut
1475 4485 1691 4544 Oportet
1721 4492 1848 4531 usus

258 4576 315 4615 cs
335 4604 350 4626 ,
394 4579 503 4616 non
540 4564 703 4618 debes
730 4566 1031 4623 elatoesse
1063 4565 1246 4619 animo
1268 4607 1282 4630 ,
1321 4581 1389 4621 ne
1423 4567 1591 4623 violes
1622 4568 1847 4624 manda-

258 4665 367 4708 tum
394 4674 408 4707 ι
444 4655 528 4708 sin
561 4668 736 4709 autem
760 4672 868 4710 non
896 4668 1039 4711 recte
1065 4667 1118 4711 ct
1146 4667 1201 4711 ut
1222 4668 1454 4728 Oportet,
1474 4660 1593 4715 ideo
1616 4663 1851 4719 maxime

256 4761 361 4800 non
380 4745 570 4813 debes,
583 4748 723 4815 quod
740 4748 1086 4818 pecuniarum
1107 4749 1277 4804 factus
1290 4750 1362 4805 sis
1376 4765 1564 4807 servus
1575 4763 1630 4807 et
1646 4768 1852 4823 posses.

255 4838 470 4892 sionum
490 4878 505 4903 ,
538 4848 593 4892 ct
617 4853 677 4893 ea
718 4839 769 4892 itt
805 4850 853 4892 ί)
882 4839 1213 4895 dominatum
1246 4842 1546 4899 obtineant.
1575 4844 1710 4900 Nam
1741 4846 1848 4915 dic,

255 4947 479 5001 quaeso,
513 4934 556 4986 si
600 4933 719 5002 quis
765 4934 1076 4990 febricitans
1108 4937 1335 4990 multum
1384 4954 1538 5008 aqua:
1584 4940 1849 5006 ebiberit,

254 5039 375 5095 qua:
420 5023 568 5079 brevi
600 5025 813 5093 quidem
849 5035 1092 5096 tempore
1118 5029 1428 5099 exstinguat
1454 5031 1619 5097 sitim,
1665 5044 1850 5102 postca

252 5125 435 5183 autem
480 5116 738 5170 accendat
777 5115 1047 5171 flammant
1072 5159 1087 5185 ,
1119 5133 1185 5174 ex
1208 5133 1345 5175 eone
1382 5120 1543 5177 debet
1580 5122 1757 5179 efferri
1799 5135 1850 5179 ct

251 5209 355 5265 sibi
384 5210 633 5279 placere?
662 5210 797 5275 Quid
828 5227 977 5275 vero,
1006 5213 1052 5266 si
1081 5214 1201 5283 quis
1228 5215 1409 5283 plures
1434 5217 1627 5271 habeat
1655 5219 1850 5275 frustra

249 5302 639 5358 sollicitudines
659 5346 673 5370 ,
716 5315 1072 5375 proptereane
1104 5307 1264 5364 debet
1288 5309 1386 5363 sibi
1419 5310 1669 5379 placere?
1713 5312 1846 5379 Cur,

252 5395 341 5451 dic
386 5398 615 5467 quaeso?
661 5398 911 5467 quoniam
941 5400 1140 5454 multos
1175 5399 1341 5455 habes
1373 5402 1659 5459 dominos?
1706 5421 1842 5475 quo-

251 5490 395 5543 niam
423 5490 619 5544 multas
645 5489 845 5545 curas?
889 5492 1148 5557 quoniam
1198 5494 1348 5549 mttlti
1385 5495 1476 5549 tibi
1520 5498 1847 5552 adulantur?

250 5581 354 5637 Sed
383 5589 440 5635 tu
471 5579 582 5635 illis
614 5582 790 5635 servis
822 5598 834 5634 ε
867 5590 922 5637 et
952 5591 1008 5636 ut
1046 5582 1312 5655 intelligas
1342 5586 1463 5640 audi
1509 5599 1718 5656 aperte.
1769 5589 1844 5643 Et:

250 5674 317 5728 iis
368 5686 492 5743 qua:
546 5674 601 5726 in
666 5673 821 5727 nobis
877 5683 1001 5728 sunt
1061 5675 1225 5730 animi
1302 5677 1675 5735 atl‘ectionibus
1728 5684 1845 5736 alite

249 5766 463 5835 quidem
490 5776 621 5822 sunt
639 5766 961 5837 quandoque
990 5768 1167 5831 utiles,
1200 5778 1257 5823 ttt
1278 5770 1352 5824 ira
1383 5786 1526 5843 saepe
1552 5784 1633 5829 cst
1654 5776 1835 5830 utilis:

252 5873 369 5914 nam
395 5859 511 5926 Ira,
532 5857 726 5928 inquit,
746 5859 934 5928 injusta
952 5875 1051 5913 non
1068 5860 1161 5914 crit
1181 5861 1420 5917 innocens
1441 5864 1630 5935 (Eccli.
1654 5867 1698 5921 1.
1728 5866 1834 5938 9.2).

1964 477 2325 548 Quamobrem
2367 478 2493 530 licet
2520 474 2681 527 etiam
2722 472 2869 542 justo
2912 470 3091 526 irasci.
3124 469 3188 524 Et
3217 485 3424 535 rursus,
3460 471 3564 537 Qui

1967 568 2207 626 irascitur
2255 570 2408 639 fratri
2451 582 2544 621 suo
2603 574 2820 631 temere,
2876 564 2973 619 erit
3024 561 3272 618 obnoxius
3318 563 3565 636 geltenna:

1962 678 2180 752 (καὶαι.
2206 678 2264 735 5.
2291 674 2414 748 22).
2443 673 2653 731 Rursus
2684 672 2861 730 bonus
2887 679 2972 729 est
3000 670 3150 727 zelus
3176 678 3233 725 et
3260 666 3526 738 cupiditas
3544 705 3563 730 .

1972 772 2091 828 hate
2117 768 2360 842 quidem,
2384 784 2508 825 cum
2526 766 2738 824 exsistit
2759 766 2813 822 in
2838 765 3133 822 liberorum
3152 760 3527 834 procreatione
3548 776 3566 816 ξ

1964 866 2055 923 ille
2075 880 2227 933 vero,
2263 862 2479 936 quando
2503 862 2668 918 habet
2688 860 3092 917 aemulationem
3111 857 3261 913 adea
3287 870 3408 927 qua:
3425 853 3565 909 bona

1963 967 2107 1015 sunt.
2129 956 2456 1014 Sicutetiam
2485 953 2619 1011 dicit
2634 952 2832 1009 Paulus
2851 970 2866 1009 :
2886 949 3088 1005 Bonum
3112 957 3283 1003 autem
3303 956 3377 1002 est
3401 962 3567 1001 armu-

1963 1051 2061 1108 lari
2080 1053 2136 1108 in
2158 1053 2290 1108 bono
2308 1047 2657 1123 semper(Gat.
2676 1048 2731 1103 4.
2756 1046 2850 1115 18)
2868 1062 2885 1114 ;
2902 1053 2959 1101 et
2982 1056 3198 1111 rursus,
3216 1040 3569 1097 £mutamini

1961 1148 2271 1203 charismata
2291 1145 2501 1202 meliora
2518 1143 2595 1216 (1.
2618 1140 2739 1200 Cor.
2784 1140 2873 1198 12.
2898 1138 3012 1213 51).
3042 1137 3220 1195 Ambo
3251 1136 3419 1209 igitur
3435 1146 3566 1191 sunt

1963 1242 2135 1297 utilia.
2154 1239 2472 1311 Arrogantia
2490 1247 2669 1294 autem
2683 1250 2953 1307 nusquam
2982 1243 3066 1292 est
3082 1230 3566 1304 boua,sedubique

1961 1343 2045 1391 est
2069 1334 2277 1389 inutilis
2303 1342 2361 1389 et
2384 1334 2566 1388 noxia.
2589 1329 2860 1386 Caeterum
2880 1328 2928 1385 si
2949 1326 3129 1386 efferri
3147 1337 3204 1383 et
3223 1325 3565 1397 sib‘rplaccre

1962 1438 2194 1499 oportet,
2216 1436 2435 1497 propter
2460 1434 2828 1497 paupertatem
2840 1423 2941 1478 sibi
2965 1418 3178 1492 placere
3197 1426 3431 1490 oportet,
3458 1432 3563 1471 non

1963 1530 2183 1593 propter
2208 1519 2442 1575 divitias.
2464 1516 2859 1587 Quamobrem?
2878 1515 3142 1586 Quoniam
3160 1514 3249 1584 qui
3266 1512 3451 1585 paucis
3474 1526 3564 1581 po—

1969 1623 2069 1670 test
2085 1615 2290 1682 vivere,
2314 1623 2397 1668 cst
2413 1613 2582 1667 multo
2598 1611 2770 1683 major
2780 1620 2836 1667 ot
2846 1610 3037 1667 melior
3052 1625 3119 1665 eo
3134 1608 3226 1680 qui
3242 1622 3349 1663 non
3368 1615 3562 1679 potestt

2034 1707 2089 1763 5.
2129 1705 2263 1762 Nam
2305 1704 2393 1761 dic
2438 1704 2603 1771 mihi,
2638 1704 2686 1759 si
2724 1702 2996 1774 aliquibus
3040 1701 3245 1757 vocatis
3290 1700 3343 1755 in
3375 1699 3567 1755 urbem

1962 1801 2201 1874 regiam,
2250 1799 2343 1855 alii
2372 1798 2589 1870 quidem
2623 1813 2694 1855 ex
2730 1798 2796 1853 iis
2838 1812 2941 1852 nec
2966 1796 3229 1866 iumentis
3274 1807 3412 1864 opus
3460 1792 3564 1847 ha-

1965 1894 2158 1959 beant,
2187 1907 2290 1949 nec
2330 1890 2545 1948 famulis
2566 1932 2582 1957 ,
2614 1905 2715 1947 nec
2742 1889 2995 1945 umbcliis
3021 1928 3037 1953 ,
3070 1904 3172 1945 nec
3201 1884 3519 1942 diversoriis
3544 1928 3562 1953 ,

1963 2001 2067 2043 nec
2107 1984 2336 2053 calceis,
2376 1998 2555 2055 neque
2582 1983 2761 2049 vasis,
2813 1981 2909 2038 sed
2955 1980 3037 2037 eis
3079 1979 3313 2036 sufficiat
3353 1977 3559 2034 habere

1965 2094 2157 2151 panem
2182 2121 2198 2147 ,
2247 2086 2305 2134 et
2347 2092 2542 2147 aquam
2570 2090 2787 2131 sumere
2813 2090 2881 2130 ex
2925 2072 3201 2139 fontibus;
3247 2072 3339 2126 alii
3379 2080 3562 2126 autent

1962 2172 2181 2238 dicant,
2230 2169 2343 2226 Nisi
2386 2169 2653 2225 dederitis
2679 2166 2965 2233 vehicula,
3008 2174 3065 2222 et
3105 2173 3333 2222 stratum
3362 2164 3562 2231 molle,

1963 2274 2069 2321 non
2104 2280 2388 2336 possumus
2422 2262 2657 2329 adesse;
2708 2262 2814 2317 nisi
2853 2260 3016 2316 etiam
3043 2259 3243 2315 multos
3272 2258 3565 2314 habeamus

1963 2358 2054 2429 qui
2099 2373 2199 2413 nos
2240 2365 2557 2427 sequantur,
2605 2353 2708 2410 nisi
2762 2352 2983 2409 assidue
3036 2352 3197 2407 liceat
3239 2351 3560 2421 quiescere,

1965 2465 2071 2505 non
2116 2460 2435 2519 possumus;
2480 2447 2585 2503 nisi
2639 2457 2856 2503 utamur
2888 2444 3203 2517 jumentis,
3253 2444 3353 2500 nisi
3398 2444 3562 2499 etiam

1965 2558 2178 2613 parram
2225 2541 2331 2597 diei
2378 2552 2593 2611 partem
2636 2538 3010 2605 ambulemus;
3064 2552 3202 2608 opus
3250 2544 3335 2591 est
3375 2543 3561 2589 autem

1965 2636 2119 2692 nobis
2158 2636 2319 2692 etiam
2352 2634 2596 2706 pluribus
2641 2632 2763 2687 aliis
2795 2648 2808 2685 :
2842 2644 3109 2703 quosnam
3150 2628 3561 2687 adtnirahimur.

1964 2728 2084 2783 illos
2108 2770 2123 2795 ,
2170 2743 2237 2781 an
2280 2725 2413 2782 hos?
2453 2725 2566 2781 llos
2594 2732 2743 2780 certe
2764 2723 2853 2795 qui
2883 2721 3031 2777 nullo
3060 2719 3321 2791 indigent.
3355 2720 3432 2774 lta
3478 2719 3565 2775 hic

1962 2835 2178 2891 quoque
2247 2819 2324 2874 illi
2374 2818 2591 2889 quidem
2663 2815 2729 2870 ad
2787 2815 2947 2885 hujus
3000 2812 3122 2867 vita:
3178 2812 3315 2866 viam
3379 2812 3565 2867 multis

1963 2912 2202 2984 indigent
2234 2927 2247 2965 :
2280 2911 2335 2965 lti
2363 2926 2492 2967 vero
2522 2910 2691 2965 nullo.
2730 2907 3095 2976 Quamobrem
3128 2913 3348 2975 oportet
3372 2920 3467 2961 eos
3492 2904 3564 2959 ob

1964 3011 2333 3076 paupertatem
2384 3003 2555 3074 magis
2594 3000 2775 3057 eﬂ'erri
2815 3009 2873 3055 et
2920 2999 3023 3054 sibi
3073 2997 3322 3068 placere,
3367 2998 3411 3053 si
3461 2998 3564 3053 sibi

1963 3101 2174 3170 placere
2202 3105 2437 3167 oportet.
2472 3098 2541 3150 At
2569 3109 2797 3167 pauper,
2828 3093 3021 3163 inquit,
3055 3100 3141 3147 est
3192 3090 3559 3161 despicabilis.

1963 3192 2078 3248 Non
2126 3190 2255 3256 ille,
2310 3189 2407 3244 sed
2454 3188 2545 3259 qui
2592 3202 2716 3243 eum
2760 3184 3089 3255 despiciunt.
3136 3183 3247 3239 Cur
3276 3183 3422 3239 enim
3464 3200 3565 3255 ego

1961 3299 2067 3338 non
2117 3280 2359 3349 desiticio
2401 3296 2529 3345 eos,
2584 3280 2673 3349 qtti
2718 3278 2971 3334 nesciunt
3020 3276 3281 3331 admirari
3326 3292 3388 3331 ea
3439 3292 3559 3348 quae

1960 3374 2212 3443 Oportet?
2243 3371 2349 3428 Sed
2390 3371 2441 3427 si
2468 3372 2539 3426 sit
2564 3370 2783 3440 quidem
2818 3372 2995 3440 pictor
3021 3369 3323 3439 quispiam,
3354 3384 3448 3424 eos
3472 3371 3561 3438 qui

1960 3464 2134 3532 ipsum
2185 3462 2364 3519 rident
2408 3462 2689 3527 irridebit,
2737 3460 2993 3532 quamdiu
3047 3458 3251 3515 fuerint
3299 3460 3463 3516 rudes
3511 3470 3567 3515 ct

1970 3557 2235 3628 imperiti,
2289 3569 2342 3615 et
2394 3576 2565 3629 neque
2608 3562 2941 3617 convertitur
2970 3561 3035 3616 ad
3085 3577 3145 3618 ea
3189 3579 3311 3634 qua:
3352 3563 3423 3619 ab
3458 3563 3568 3620 illis

1962 3650 2233 3719 dicuntur,
2268 3653 2364 3708 sed
2389 3662 2676 3708 contentus
2714 3663 2796 3707 est
2823 3667 2922 3707 suo
2952 3653 3124 3724 ipsius
3194 3656 3511 3711 testimonio
3550 3675 3562 3710 :

1961 3753 2018 3799 et
2045 3760 2145 3800 nos
2174 3746 2526 3816 pendebimus
2574 3762 2605 3801 a
2638 3747 2779 3818 vulgi
2811 3747 3108 3817 Opinione?
3157 3763 3222 3802 an
3269 3749 3384 3803 haec
3412 3750 3563 3804 venia

1962 3838 2124 3909 digna
2150 3840 2319 3895 sunt?

2035 3929 2293 4000 Pauperis
2355 3932 2537 3987 metior
2596 3943 2669 3986 est
2726 3931 2986 3995 conditio,
3046 3947 3199 4002 quam
3252 3932 3442 3986 diuitis.
3496 3963 3565 3973 —-

1961 4023 2255 4094 Propterea
2284 4023 2431 4096 digni
2464 4040 2652 4080 sumus
2680 4024 2771 4094 qui
2802 4032 3237 4090 contenmamur,
3285 4023 3430 4092 quod
3469 4041 3563 4080 eos

1962 4133 2069 4174 non
2120 4117 2484 4189 despiciamus
2535 4117 2628 4188 qui
2668 4131 2765 4173 nos
2804 4117 3109 4187 despiciant
3160 4119 3381 4186 propter
3427 4132 3561 4187 pau-

1964 4222 2227 4283 pertatem
2252 4254 2269 4277 ,
2311 4222 2367 4267 ct
2391 4228 2499 4267 non
2530 4226 2626 4267 eos
2665 4226 2989 4266 censeamus
3021 4211 3271 4266 miseros.
3322 4211 3389 4265 Et
3420 4226 3560 4281 pra:-

1963 4314 2113 4360 tcreo
2158 4304 2376 4374 quidem
2421 4313 2555 4374 quot
2605 4313 2830 4373 peccata
2864 4313 3163 4357 nascuntur
3213 4318 3279 4358 ex
3320 4302 3561 4367 divitiis,

1960 4409 2092 4466 quot
2136 4406 2317 4451 autem
2346 4398 2485 4452 bona
2528 4412 2593 4452 ex
2645 4405 2960 4466 paupertate
2995 4413 3007 4449 :
3065 4396 3173 4449 imo
3205 4411 3332 4450 vero
3362 4412 3461 4451 nec
3482 4396 3565 4449 di-

1962 4490 2104 4543 vitiae
2129 4531 2145 4555 ,
2180 4504 2278 4543 nec
2312 4499 2602 4559 paupertas
2631 4504 2727 4557 per
2755 4504 2815 4543 se
2842 4488 3041 4543 bonum
3070 4530 3084 4553 ,
3118 4488 3213 4543 sed
3245 4498 3405 4558 prout
3437 4497 3575 4542 sunt.

1961 4581 2051 4651 qui
2103 4581 2171 4635 iis
2221 4590 2464 4635 utuntur.
2510 4580 2716 4634 Probus
2747 4581 3087 4635 Christianus
3117 4582 3285 4650 magis
3324 4580 3562 4635 cernitur

1961 4673 2014 4726 in
2045 4680 2360 4742 paupertate
2406 4687 2566 4742 quam
2603 4672 2652 4725 in
2695 4671 2920 4726 divitiis.
2969 4671 3292 4740 Quomodo?
3338 4672 3397 4728 In
3432 4687 3563 4743 pau-

1970 4773 2178 4834 pertate
2201 4764 2304 4819 erit
2352 4779 2381 4816 a
2423 4765 2562 4817 fastu
2611 4764 2863 4828 alienior,
2914 4764 3229 4827 modestior,
3262 4767 3557 4832 honestior,

1967 4857 2284 4927 prudentior
2330 4875 2342 4911 :
2396 4858 2485 4926 qui
2517 4867 2697 4911 autem
2754 4866 2935 4910 manet
2963 4857 3012 4909 in
3051 4857 3292 4924 divitiis,
3349 4858 3414 4912 ad
3446 4860 3561 4914 lucc

1967 4954 2128 5008 multa
2161 4953 2326 5009 habet
2369 4953 2770 5023 itnpedimenta.
2820 4953 3113 5009 Videamus
3155 4971 3284 5025 ergo
3314 4972 3558 5026 qurennm
3588 4968 3595 4973 ‘

1965 5058 2090 5101 sunt
2114 5062 2235 5116 quae
2256 5046 2381 5101 facit
2429 5046 2578 5102 dives
2598 5088 2612 5113 ,
2671 5047 2754 5101 vel
2783 5049 2963 5117 potius
3011 5048 3055 5103 is
3082 5050 3170 5119 qui
3193 5050 3392 5105 divitiis
3424 5053 3559 5107 male

1962 5140 2150 5194 utitur.
2205 5137 2299 5193 ille
2343 5138 2521 5210 rapit,
2552 5139 2761 5194 fraudat
2785 5181 2800 5205 ,
2830 5140 3215 5207 circumvenit,
3249 5142 3353 5195 vim
3382 5142 3555 5198 aﬂ‘ert.

1962 5234 2075 5287 lmo
2101 5231 2269 5301 quid?
2311 5247 2526 5287 amores
2559 5242 2744 5302 turpes
2772 5242 2826 5287 et
2851 5232 3173 5289 inhonestos
3196 5276 3208 5297 ,
3239 5238 3559 5293 concubitus

1961 5326 2196 5381 nefarios
2218 5366 2233 5390 ,
2266 5326 2589 5397 prmstigias,
2625 5325 2891 5380 veneficia
2920 5368 2935 5391 ,
2988 5327 3090 5380 alia
3120 5336 3256 5381 tetra
3290 5338 3346 5383 ct
3374 5331 3558 5397 gravia

1957 5433 2136 5473 annon
2192 5418 2435 5472 invenies
2490 5419 2637 5473 tta'sci
2693 5434 2758 5473 ex
2812 5417 3057 5473 divitiis?
3094 5420 3259 5475 Vides
3309 5422 3452 5491 quod
3508 5426 3559 5477 in

1958 5520 2271 5583 paupertate
2318 5509 2528 5566 facilius
2581 5521 2667 5568 est
2698 5512 2949 5567 virtutem
2981 5527 3236 5569 exercere
3260 5555 3273 5579 ,
3299 5532 3459 5583 quam
3508 5519 3565 5571 in

1956 5603 2190 5659 divitiis?
2244 5602 2323 5657 Ne
2373 5603 2552 5668 enim,
2616 5604 2870 5674 quoniam
2903 5618 3091 5674 poenas
3141 5604 3229 5660 hic
3276 5621 3380 5661 non
3430 5608 3561 5663 dant

1955 5694 2188 5758 divites,
2240 5694 2515 5750 existimes
2544 5708 2641 5749 eos
2684 5710 2789 5749 non
2839 5709 3083 5764 peccare.
3136 5695 3268 5751 Nam
3318 5700 3361 5752 si
3404 5698 3562 5756 facile

1956 5785 2340 5842 essetdivitem
2373 5785 2503 5841 dare
2534 5800 2721 5855 poenas
2746 5827 2761 5850 ,
2819 5786 2883 5841 iis
2916 5788 3106 5857 plenos
3138 5790 3409 5845 invenires
3435 5806 3558 5847 car-

1957 5892 2149 5945 ceres;
2203 5877 2297 5933 scd
2352 5878 2493 5933 inter
2546 5878 2647 5933 alia
2700 5878 2802 5935 hoc
2848 5895 3062 5951 quoque
3108 5882 3308 5939 malum
3356 5883 3567 5941 habent.
