4112 6344
554 328 623 385 37
1278 335 1335 392 S.
1376 336 1656 393 JOANNIS
1690 331 2164 394 CHRYSOSTOMI
2206 335 2525 397 ARCHIEP.
2564 341 3097 401 CONSTANTINOP.
3732 346 3803 402 i8

534 454 755 521 divitias,
804 453 945 524 quod
989 454 1077 525 qui
1131 468 1221 509 eas
1253 453 1305 509 in
1353 455 1481 510 vitio
1506 466 1561 511 et
1586 458 1792 515 scelere
1836 462 2109 531 possidet,

536 548 753 616 impune
780 558 1008 615 peccans
1060 559 1346 615 numquam
1375 545 1599 602 desistet
1623 547 1723 604 hoc
1748 550 1958 617 facere,
2009 560 2106 609 sed

534 638 760 708 accipiet
792 637 1012 693 vulnera
1035 637 1233 705 absque
1255 637 1680 705 medicamentis,
1702 657 1874 712 neque
1894 644 1942 698 ei
1962 645 2108 715 quis-

530 747 689 802 quam
717 732 955 801 imponet
981 729 1212 785 t'renum.
1245 730 1302 786 Si
1326 733 1446 802 quis
1472 744 1649 789 autem
1680 736 1837 802 velit,
1868 736 2106 792 inveniet

528 824 689 878 etiam
716 830 1079 895 paupertatem
1121 822 1278 879 nobis
1318 824 1387 879 ad
1415 824 1747 896 voluptatem
1780 827 1931 897 plura
1975 830 2108 884 dare

536 928 878 987 adminicula.
909 926 1223 995 Quomodo?
1248 923 1509 991 Quoniam
1541 925 1760 979 liberata
1791 930 1868 977 est
1892 936 1923 978 a
1954 922 2110 980 solli-

539 1022 860 1078 citudinibus
881 1061 897 1086 ,
928 1019 1296 1099 odio,.pugua.
1327 1019 1439 1085 lite,
1470 1026 1526 1073 et
1554 1031 1585 1072 a
1612 1016 1768 1071 malis
1796 1017 2107 1071 innumera-

537 1113 753 1168 bilibus.
801 1110 878 1166 Ne
919 1125 1047 1181 ergo
1076 1124 1379 1180 quazramus
1406 1108 1705 1173 ditescere,
1758 1121 1859 1161 nec
1897 1120 2111 1174 semper

537 1205 847 1258 aemulemur
891 1217 986 1258 eos
1037 1203 1125 1273 qui
1158 1202 1321 1256 multa
1369 1200 1644 1271 possident
1686 1218 1699 1254 :
1740 1199 1835 1254 sed
1888 1199 1978 1269 qui
2014 1198 2112 1252 ha-

537 1296 722 1350 bemus
775 1293 1027 1364 quidem,
1097 1294 1293 1348 divitiis
1346 1302 1558 1347 utamur
1609 1302 1666 1347 ut
1715 1301 1963 1362 oportet;
2017 1291 2107 1361 qui

534 1395 711 1440 autem
748 1400 857 1439 non
882 1384 1142 1439 habemus
1168 1425 1182 1449 ,
1239 1399 1308 1439 ne
1347 1393 1630 1454 propterea
1658 1381 1937 1437 doleamus
1959 1423 1975 1449 ,
2007 1380 2105 1437 sed

534 1475 647 1529 Deo
689 1489 908 1545 agamus
928 1474 1130 1545 gratias
1151 1513 1167 1540 ,
1214 1473 1357 1543 quod
1384 1473 1585 1528 efﬁciat
1627 1481 1683 1527 ut
1712 1487 1810 1527 nos
1855 1472 1907 1525 in
1936 1485 2104 1542 parvo

534 1566 737 1632 labore,
763 1566 1005 1622 eamdem
1033 1580 1189 1636 quam
1218 1564 1412 1620 divites
1439 1572 1532 1619 aut
1555 1564 1717 1620 etiam
1744 1564 2026 1632 majorem,
2055 1563 2103 1619 si

532 1660 758 1714 velimus
777 1700 792 1723 ,
821 1659 1150 1728 accipiamus
1178 1656 1483 1714 mercedem
1518 1674 1531 1709 :
1573 1666 1628 1712 et
1657 1670 1846 1726 magna
1874 1671 1939 1711 ex
1969 1671 2103 1727 pau-

532 1752 611 1806 cis
652 1750 997 1806 lucrabimur.
1048 1749 1183 1806 Nam
1219 1758 1274 1806 et
1318 1749 1405 1820 qui
1452 1749 1560 1804 duo
1589 1748 1839 1804 attulerat
1867 1748 2101 1813 talenta,

532 1857 684 1913 seque
709 1843 763 1897 in
790 1842 1141 1899 admiratione
1167 1850 1222 1898 et
1250 1842 1455 1897 honore
1474 1850 1559 1896 est
1585 1840 1797 1896 babitus
1819 1849 1981 1911 atque
2010 1839 2105 1910 qui

530 1936 764 2006 quinque
783 1935 1055 1991 attulerat.
1097 1933 1499 2002 Quamobrem?
1537 1931 1671 1988 Nam
1698 1930 1806 1988 duo
1833 1930 1951 2001 ejus
1980 1928 2105 1986 ﬁdei

1611 2056 1846 2065 ...ἡ

2236 443 2437 502 credita
2467 456 2592 503 sunt
2621 448 2816 505 talenta
2844 492 2859 515 ,
2891 452 2986 506 sed
3017 468 3138 522 quae
3166 469 3197 508 a
3221 468 3281 508 se
3324 455 3625 523 praestanda
3655 468 3816 512 erant

2236 540 2472 610 implevit
2497 542 2711 608 omnia,
2748 550 2803 598 et
2846 558 2966 613 qua:
2996 544 3095 599 sibi
3146 543 3357 600 fuerant
3396 544 3602 601 credita
3633 547 3813 603 attulit

2224 639 2512 710 duplicata.
2558 641 2695 710 Quid
2724 658 2852 714 ergo
2882 644 3161 699 studemus
3204 653 3261 699 ut
3288 647 3455 701 multa
3493 649 3650 705 nobis
3677 666 3803 707 cre-

2223 731 2439 797 dantur,
2490 746 2612 787 cum
2642 749 2735 802 per
2765 749 2930 803 pauca
2960 734 3119 790 liceat
3160 735 3377 792 eosdem
3407 738 3611 795 fructus
3639 741 3801 797 etiam

2224 823 2457 891 majores
2510 824 2831 893 percipere?
2880 840 2999 880 cum
3053 826 3204 883 labor
3231 829 3448 899 quidem
3494 832 3565 886 sit
3602 833 3801 903 minor,

2222 927 2431 969 merces
2459 925 2639 969 autem
2685 917 2853 969 multo
2879 917 3153 987 amplior?
3198 920 3430 975 Facilius
3456 924 3598 977 enim
3628 938 3659 979 a
3687 924 3808 981 suis

2224 1016 2424 1073 pauper
2453 1003 2739 1071 abscedet,
2792 1021 2957 1077 quam
3002 1008 3151 1063 dives
3178 1012 3342 1065 multa
3369 1020 3424 1066 et
3451 1030 3639 1085 magna
3674 1030 3802 1086 pos-

2221 1092 2423 1148 sidens.
2447 1094 2532 1149 An
2556 1096 2776 1151 nescitis
2800 1098 2941 1167 quod
2969 1140 2984 1165 ,
3016 1114 3122 1169 quo
3155 1101 3307 1169 plura
3352 1104 3615 1173 quispiam
3642 1106 3798 1163 fuerit

2222 1184 2555 1253 complexus,
2589 1201 2655 1241 eo
2704 1188 2855 1256 plura
2884 1189 3196 1245 desiderat?
3225 1190 3302 1247 Ne
3349 1190 3451 1249 hoc
3477 1210 3609 1265 ergo
3642 1198 3802 1254 nobis

2219 1276 2460 1343 accidat,
2493 1291 2560 1332 ne
2586 1294 2887 1348 quazramus
2913 1281 3128 1335 divitias
3147 1322 3162 1346 ,
3194 1297 3369 1352 neque
3396 1302 3538 1357 aegre
3562 1288 3799 1343 feramus

2221 1376 2622 1437 paupertatem,
2656 1386 2827 1440 neque
2858 1373 3249 1431 contendamus
3276 1374 3544 1433 ditescere
3566 1420 3583 1445 ,
3628 1391 3681 1436 et
3708 1384 3800 1452 qui

2219 1457 2500 1527 habemus,
2524 1461 2603 1516 eis
2629 1462 2702 1515 ita
2726 1471 2937 1517 utamur
2963 1464 3194 1534 utjussit
3215 1466 3435 1523 Paulus.
3472 1468 3573 1534 Qui
3591 1472 3796 1539 habent,

2220 1550 2411 1621 inquit,
2438 1553 2539 1605 sint
2570 1562 2823 1623 tamquam
2853 1572 2954 1609 non
2980 1556 3254 1623 habentes;
3280 1569 3326 1613 et
3353 1562 3440 1631 qui
3465 1574 3671 1619 utuntur
3699 1566 3802 1620 hoc

2217 1642 2408 1698 mundo
2430 1655 2687 1715 tamquam
2719 1661 2821 1699 non
2863 1657 3059 1702 utentes
3110 1648 3186 1718 (ί.
3228 1649 3348 1705 Cor.
3379 1652 3431 1705 7.
3457 1653 3548 1711 29.
3574 1654 3701 1727 Si}:
3738 1666 3797 1712 ut

2215 1750 2565 1808 assequamur
2586 1738 2722 1792 bona
2740 1738 3002 1808 promissa
3028 1757 3041 1794 :
3060 1736 3192 1811 ‘quaa
3211 1742 3367 1800 detur
3379 1746 3534 1803 nobis
3553 1749 3803 1805 omnibus

2215 1829 2504 1901 consequi,
2535 1830 2705 1901 gratia
2732 1838 2783 1887 et
2809 1831 3159 1904 benignitate.

3206 2067 3799 2085 _—._____———____

1923 2129 2264 2193 HOMILIA
2306 2132 2419 2193 III.

526 2274 658 2331 CAP.
681 2275 735 2331 1.
761 2289 814 2329 v.
837 2274 891 2331 6.
924 2273 992 2329 Et
1020 2290 1133 2328 cum
1156 2274 1338 2328 iterant
1376 2271 1655 2326 introducit
1695 2271 2109 2343 Primogenitum

599 2370 654 2421 in
681 2367 849 2423 orbem
877 2376 1043 2430 terre,
1084 2366 1205 2420 dicit
1228 2381 1247 2420 :
1267 2363 1335 2419 Et
1358 2364 1569 2419 adorent
1592 2380 1706 2418 eum
1732 2380 1903 2419 omnes
1931 2366 2109 2436 angeli

599 2458 719 2514 Dei.
749 2459 802 2513 7.
829 2458 896 2512 Et
923 2457 992 2511 ad
1017 2456 1224 2528 angelos
1247 2456 1450 2525 quidem
1477 2456 1600 2509 dicit
1626 2470 1643 2508 :
1670 2456 1769 2523 Qui
1796 2456 1918 2525 facit
1946 2471 2104 2527 ange-

600 2550 676 2603 los
701 2565 819 2603 suos
845 2548 1053 2619 spiritus
1071 2587 1087 2613 ,
1126 2555 1171 2601 et
1197 2548 1453 2601 ministros
1480 2562 1600 2601 suos
1627 2547 1889 2617 flammam
1921 2547 2055 2619 ignis
2080 2563 2100 2603 :

600 2641 654 2696 8.
682 2648 749 2693 ad
775 2638 967 2709 Filium
991 2648 1157 2693 autem
1179 2653 1199 2701 ς
1224 2637 1456 2693 Throntts
1478 2647 1595 2692 tuus
1618 2636 1755 2692 Deus
1781 2638 1835 2691 in
1856 2638 2099 2693 secutum

600 2728 796 2785 sa‘culi.

608 2822 662 2876 ι,
706 2818 962 2875 Dominus
995 2818 1211 2891 quidem
1252 2827 1437 2876 noster
1462 2818 1619 2875 Jesus
1663 2818 1909 2874 Christus
1943 2833 2095 2874 suum

540 2916 595 2970 in
622 2930 785 2970 carne
811 2916 1099 2971 adventum
1127 2927 1285 2974 vocat
1326 2934 1599 2990 egressum
1630 2923 1713 2976 vel
1759 2925 1962 2978 exitum
1999 2942 2013 2980 :
2049 2937 2109 2980 ut

539 3007 754 3077 quando
774 3006 923 3073 dicit,
944 3004 1087 3061 Exiit
1104 3010 1191 3077 qui
1211 3011 1423 3064 seruiunt
1443 3012 1512 3064 ad
1531 3013 1882 3068 seminandunt
1900 3014 2112 3089 (Matth.

538 3100 631 3155 15.
663 3100 766 3169 5);
799 3106 853 3155 et
878 3115 1084 3166 rursus,
1121 3100 1225 3172 Ego
1255 3119 1285 3154 a
1315 3100 1476 3157 Patre
1502 3105 1655 3171 exivi,
1688 3113 1732 3158 et
1758 3107 1905 3160 venio
1935 3107 2111 3178 (Joan.

539 3189 625 3243 16.
649 3188 742 3260 28)
775 3208 789 3243 :
823 3198 877 3244 et
900 3191 1081 3246 multis
1110 3191 1161 3245 in
1187 3192 1319 3246 locis
1344 3192 1445 3246 hoc
1466 3194 1683 3249 videris.
1714 3195 1911 3250 Paulus
1936 3206 2115 3251 autem

539 3280 590 3333 id
621 3289 781 3335 vocat
811 3282 1116 3350 ingressum
1145 3281 1330 3337 dicens
1354 3299 1368 3337 :
1394 3283 1463 3337 Et
1490 3301 1604 3338 cum
1628 3286 1811 3340 iterum
1840 3287 2117 3341 introducit

540 3370 943 3443 Primogenitum
971 3376 1024 3427 in
1048 3376 1217 3428 orbem
1245 3384 1392 3429 terra:
1407 3392 1425 3439 ;
1459 3376 1643 3432 dicens
1667 3378 2114 3434 introductionem

541 3463 676 3517 hanc
702 3464 879 3517 carnis
906 3465 1326 3533 susceptionem.
1368 3465 1479 3520 Cur
1507 3466 1623 3523 haec
1652 3483 1741 3522 res
1763 3470 1909 3523 varie
1934 3484 2109 3524 enun-

548 3562 710 3615 tiatur
731 3602 746 3627 ,
786 3568 838 3613 et
869 3559 1017 3629 cujus
1046 3558 1323 3613 occasione
1348 3558 1461 3611 haec
1485 3558 1762 3611 dicuntur?
1788 3558 1917 3625 Qua:
1939 3558 2109 3626 signi-

546 3654 776 3707 ﬁcantur
801 3659 923 3706 sunt
968 3649 1264 3703 manifesta.
1306 3647 1544 3702 Christus
1580 3647 1791 3717 quidem
1821 3647 2105 3701 adventum

539 3758 695 3796 suum
745 3742 934 3795 merito
989 3749 1141 3793 vocat
1192 3739 1390 3793 exitum
1440 3756 1452 3789 :
1496 3752 1708 3792 eramus
1758 3737 1898 3791 enim
1953 3745 2103 3791 extra

540 3832 726 3886 Deum.
779 3831 855 3885 Ac
901 3830 1036 3883 sicut
1093 3828 1143 3881 in
1189 3828 1330 3895 regia
1374 3826 1463 3896 qui
1507 3835 1631 3881 sunt
1683 3827 1735 3880 in
1781 3824 2007 3880 vinculis
2048 3832 2102 3879 et

545 3936 723 3992 regem
770 3920 1105 3976 oﬂ‘enderunt
1124 3961 1139 3985 ,
1181 3927 1324 3975 stant
1350 3918 1510 3983 furis;
1540 3919 1629 3987 qui
1659 3918 1773 3973 vult
1796 3926 1971 3972 autem
2003 3931 2098 3971 eos

534 4014 914 4077 reconciliare,
960 4027 1064 4067 non
1113 4012 1257 4080 ipsos
1304 4010 1624 4073 introducit,
1653 4009 1747 4063 sed
1791 4009 1903 4077 ipse
1951 4006 2095 4060 foras

533 4105 816 4175 egrediens
853 4117 947 4158 eos
990 4103 1296 4172 alloquitur,
1330 4101 1505 4157 donec
1533 4101 1664 4170 ipsis
1690 4100 1864 4170 dignis
1888 4097 2097 4153 ell‘ectis

528 4206 817 4265 conspectu
841 4195 1000 4266 regis,
1024 4209 1117 4249 eos
1138 4193 1441 4248 introducat
1466 4210 1479 4246 :
1506 4193 1576 4246 ita
1605 4192 1762 4247 etiam
1791 4190 1915 4245 fecit
1938 4190 2093 4244 Chri-

528 4297 675 4340 stus:
706 4286 771 4340 ad
813 4300 910 4340 nos
936 4299 1185 4356 egressus
1205 4324 1221 4349 ,
1249 4283 1351 4337 hoc
1377 4292 1478 4348 est,
1507 4296 1629 4337 cum
1660 4297 1875 4337 carnem
1903 4295 2091 4335 susce-

526 4375 711 4446 pisset,
743 4384 797 4432 et
821 4391 936 4447 quae
965 4389 993 4429 a
1023 4374 1167 4444 Rege
1197 4372 1442 4427 mandata
1466 4372 1675 4427 fuerant
1706 4371 1995 4437 retulisset,
2019 4372 2089 4425 ita

528 4482 625 4521 nos
652 4468 971 4534 introduxit,
1000 4475 1053 4521 et
1083 4481 1112 4519 a
1153 4466 1381 4535 peccatis
1410 4473 1662 4535 purgatos
1690 4472 1744 4520 et
1775 4464 2084 4519 reconcilia-

526 4570 628 4614 tos.
677 4558 963 4627 Propterea
1018 4557 1189 4626 ipsum
1238 4564 1391 4610 vocat
1434 4556 1655 4610 exitum.
1690 4552 1883 4609 Paulus
1908 4564 2084 4610 autem

524 4666 645 4707 cum
694 4650 931 4704 nominat
979 4649 1352 4719 ingressum,a
1400 4649 1709 4719 metaphora
1758 4662 1942 4703 eorum
1992 4648 2083 4719 qui

519 4749 643 4794 sunt
690 4741 950 4806 heredes,
984 4749 1038 4794 et
1079 4740 1307 4809 aliquam
1340 4738 1608 4808 accipiunt
1647 4740 2079 4807 possessionem:

518 4832 696 4888 dicere
739 4832 879 4886 enim
902 4872 916 4898 ,
950 4832 1073 4885 Cum
1105 4840 1273 4883 autem
1312 4829 1647 4883 introduxerit
1676 4828 2078 4899 Primogenitum

522 4930 576 4979 in
605 4925 771 4980 orbem
799 4936 974 4990 teme;
1005 4924 1107 4978 hoc
1137 4933 1219 4979 est
1253 4922 1599 4993 signiﬁcantis
1622 4964 1636 4987 ,
1668 4921 1801 4976 Cum
1828 4922 1876 4976 ei
1915 4922 2079 4976 tradi-

518 5016 658 5071 derit
694 5016 878 5070 orbem
927 5026 1082 5070 terrae
1108 5031 1119 5067 :
1150 5022 1273 5067 tunc
1302 5014 1445 5069 enim
1473 5029 1589 5068 eam
1621 5022 1784 5067 totum
1816 5012 2076 5083 possedit,

517 5108 731 5175 quando
770 5108 865 5162 fuit
906 5108 1167 5177 cognitus.
1220 5108 1336 5162 Non
1368 5106 1482 5161 haec
1511 5114 1688 5161 autem
1716 5107 1844 5161 dicit
1872 5106 1938 5162 de
1969 5106 2079 5160 Deo

511 5196 691 5253 Verbo
712 5240 725 5263 ,
756 5197 850 5252 sed
874 5199 940 5252 de
968 5196 1180 5253 Christo
1211 5199 1517 5263 incarnato;
1554 5198 1674 5266 jure
1703 5200 1913 5253 merito.
1943 5197 2075 5252 Nam

510 5293 553 5343 si
583 5302 692 5345 erat
735 5291 788 5344 in
834 5291 1050 5356 mundo,
1079 5300 1138 5344 ut
1181 5292 1256 5344 ait
1303 5290 1570 5357 Joannes,
1606 5300 1658 5345 et
1708 5291 1938 5345 mundus
1982 5306 2075 5361 per

512 5385 682 5451 ipsum
709 5384 880 5438 iactus
905 5392 987 5437 est
1016 5382 1193 5451 (Joan.
1220 5384 1270 5437 1.
1299 5384 1407 5452 10),
1434 5382 1703 5453 quomodo
1726 5383 1883 5437 aliter
1908 5384 2075 5438 intro—

511 5478 793 5529 duceretur
818 5490 975 5544 quam
1019 5476 1071 5528 in
1103 5475 1301 5529 carne?
1344 5473 1409 5528 Et
1436 5476 1649 5527 adorent
1678 5491 1789 5528 eum
1810 5514 1825 5538 ,
1862 5475 2068 5543 inquit,

512 5584 682 5619 omnes
708 5567 873 5619 anaeli
901 5566 1017 5621 Dei.
1068 5567 1330 5635 Quoniam
1359 5568 1497 5621 enim
1530 5582 1777 5636 magnum
1809 5578 1861 5621 et
1888 5567 2070 5621 excel-

510 5674 626 5712 sum
656 5657 850 5727 aliquid
881 5667 961 5712 est
988 5658 1251 5723 dicturus,
1282 5657 1333 5712 id
1366 5659 1634 5727 priestruit
1654 5668 1706 5712 et
1727 5657 1889 5711 efﬁcit
1914 5668 1966 5712 ut
1989 5656 2067 5710 fa-

516 5751 617 5806 cile
642 5750 956 5822 excipiatur,
983 5749 1180 5806 faciens
1220 5750 1425 5807 Patrem
1470 5750 1824 5807 ἰιιιωιιυιίδεο
1852 5749 2065 5806 Filium.

2243 2267 2516 2339 Perpende
2539 2280 2717 2327 autem
2744 2290 2757 2326 :
2782 2271 2924 2330 dixit
2944 2276 3191 2346 superius
3218 2290 3340 2332 eum
3371 2290 3477 2332 non
3505 2291 3627 2334 esse
3652 2277 3807 2334 nobis

2238 2360 2510 2431 loquutum
2536 2378 2633 2435 per
2657 2366 2982 2436 prophetas,
3016 2367 3114 2423 sed
3157 2383 3254 2438 per
3290 2368 3492 2424 Filium
3522 2386 3534 2423 :
3570 2368 3806 2424 ostendit

2236 2448 2426 2506 Filium
2450 2467 2569 2509 esse
2595 2454 2873 2510 meliorem
2900 2456 3133 2525 angelis;
3164 2466 3219 2512 et
3246 2456 3349 2512 hoc
3372 2472 3399 2510 a
3428 2458 3646 2513 nomine
3671 2473 3800 2527 pro-

2237 2545 2412 2613 bavit;
2442 2557 2497 2603 et
2538 2564 2603 2604 ex
2646 2565 2712 2605 eo
2754 2552 2893 2621 quod
2938 2552 3097 2608 Pater
3125 2554 3322 2609 Filium
3354 2556 3665 2611 introduxit.
3700 2561 3804 2617 Hic

2235 2634 2467 2707 denique
2490 2639 2650 2693 etiam
2673 2654 2740 2695 ex
2774 2656 2833 2696 re
2857 2641 2963 2697 alia
2989 2644 3199 2713 probat.
3248 2644 3507 2712 Quaenam
3536 2655 3712 2701 autem
3734 2664 3801 2705 ea

2232 2726 2351 2782 est?
2395 2729 2475 2783 Ex
2504 2730 2816 2787 adoratione
2838 2749 2853 2787 :
2878 2742 2932 2789 et
2955 2736 3189 2791 ostendit
3212 2747 3468 2806 quantum
3500 2740 3567 2793 sit
3589 2736 3799 2803 melior,

2228 2832 2421 2888 nempe
2443 2830 2701 2889 quantum
2728 2822 2987 2879 Dominus
3015 2841 3194 2881 servo.
3226 2827 3294 2882 Ut
3320 2828 3363 2882 si
3392 2828 3510 2898 quis
3536 2828 3718 2897 aliquo
3745 2834 3800 2887 in

2226 2906 2441 2964 domum
2471 2913 2609 2981 regis
2633 2913 2959 2982 introducto,
2992 2932 3087 2972 eos
3112 2919 3202 2988 qui
3232 2919 3341 2974 illic
3366 2930 3603 2989 praesunt
3622 2925 3801 2978 statim

2224 3003 2397 3072 ipsum
2418 3005 2601 3075 jubeat
2630 3008 2857 3064 adorare
2882 3029 2894 3063 :
2926 3012 3005 3067 sic
3035 3013 3126 3067 ille
3154 3012 3298 3080 facit,
3328 3014 3397 3068 de
3428 3014 3587 3068 Verbi
3617 3030 3802 3068 secun-

2222 3092 2346 3147 dum
2378 3110 2591 3151 carnem
2623 3099 2673 3152 in
2702 3101 2959 3155 mundum
2991 3103 3383 3159 introductione
3424 3106 3652 3173 loquens
3684 3125 3698 3161 :
3728 3108 3799 3163 Et

2220 3183 2429 3239 adorent
2455 3204 2566 3240 eum
2598 3205 2769 3243 omnes
2790 3193 2957 3260 angeli
2989 3192 3101 3246 Dei.
3128 3194 3262 3248 Num
3287 3196 3464 3265 angeli
3494 3197 3689 3261 solum,
3716 3198 3797 3251 in-

2219 3275 2367 3342 quit,
2397 3284 2450 3329 et
2476 3292 2582 3331 non
2609 3279 2728 3332 alite
2756 3279 3032 3336 Virtutes?
3069 3283 3413 3355 Nequaquam
3449 3305 3463 3341 :
3493 3288 3614 3342 audi
3647 3290 3791 3344 enim

2216 3380 2336 3435 quae
2359 3377 2670 3439 sequuntur.
2701 3370 2773 3424 Et
2808 3373 2877 3425 ad
2906 3377 3115 3445 angelos
3136 3378 3337 3446 quidem
3364 3379 3485 3431 dicit
3508 3398 3527 3433 :
3552 3381 3651 3444 Qui
3671 3383 3792 3451 facit

2213 3460 2420 3528 angelos
2444 3475 2562 3515 suos
2584 3463 2812 3529 spiritus,
2839 3474 2886 3518 et
2907 3467 3164 3521 ministros
3190 3454 3597 3538 suos/laminam
3620 3472 3753 3541 ignis
3769 3488 3789 3529 :

2212 3548 2279 3601 ad
2308 3548 2499 3603 Filium
2526 3560 2689 3606 autem
2716 3568 2733 3606 :
2760 3552 2994 3609 Thronus
3024 3567 3138 3609 tuus
3169 3556 3308 3611 Deus
3339 3560 3391 3611 in
3418 3562 3661 3613 stecttlum
3692 3578 3786 3615 sa:-

2211 3639 2331 3691 culi.
2364 3639 2498 3694 Ecce
2525 3642 2754 3697 maxima
2787 3643 3112 3712 differentia,
3143 3648 3284 3717 quod
3317 3649 3389 3702 illi
3419 3650 3631 3719 quidem
3659 3662 3786 3706 sunt

2211 3728 2409 3796 creati,
2440 3728 2526 3784 hic
2555 3740 2733 3788 autem
2762 3733 3052 3790 increatus.
3085 3737 3148 3790 Et
3172 3751 3268 3791 cur
3292 3738 3358 3793 ad
3386 3740 3607 3809 angelos
3632 3756 3781 3807 suos,

2210 3816 2411 3888 inquit,
2442 3819 2611 3888 dicit,
2642 3822 2745 3889 Qui
2785 3824 2943 3893 facit;
2972 3826 3040 3879 ad
3070 3826 3263 3881 Filium
3292 3840 3468 3882 autem
3497 3844 3652 3883 suum
3685 3846 3783 3885 cur

2207 3923 2312 3963 non
2334 3909 2488 3977 dixit,
2508 3912 2609 3978 Qui
2638 3912 2799 3967 facit?
2823 3916 2982 3986 Atqui
3006 3916 3201 3973 licebat
3219 3920 3297 3973 sic
3323 3920 3500 3973 dicere
3530 3920 3781 3977 dilfercn-

2210 3998 2333 4053 tiam
2360 4017 2373 4051 :
2402 4000 2479 4055 Ad
2509 4004 2731 4073 angelos
2756 4005 2969 4073 quidem
3003 4023 3128 4063 suos
3156 4009 3304 4071 dicit,
3341 4009 3440 4074 Qui
3469 4011 3588 4081 facit
3617 4028 3777 4081 ange-

2203 4091 2278 4146 los
2302 4109 2419 4146 suos
2445 4095 2691 4164 spiritus;
2722 4098 2789 4150 ad
2835 4096 3025 4152 Filium
3067 4110 3235 4153 autem
3255 4140 3270 4165 ,
3299 4100 3547 4153 Dominus
3586 4105 3773 4157 creavit

2202 4197 2313 4245 me;
2342 4192 2395 4235 et
2416 4198 2621 4249 rursus,
2649 4185 2924 4240 Dominum
2944 4189 3111 4258 ipsum
3136 4200 3181 4243 et
3203 4190 3456 4244 Christum
3484 4190 3617 4245 Deus
3635 4195 3770 4263 fecit.

2201 4271 2305 4326 Sed
2336 4288 2505 4342 neque
2534 4274 2660 4329 illud
2690 4275 2888 4330 dictum
2911 4288 2992 4332 est
3013 4278 3078 4333 de
3101 4278 3316 4333 Christo
3346 4280 3572 4335 Domino
3598 4282 3763 4349 Filio;

2202 4379 2369 4435 neque
2412 4365 2511 4420 hoc
2550 4366 2617 4423 de
2655 4367 2765 4422 Deo
2787 4368 2997 4435 Verbo,
3030 4372 3125 4425 sed
3167 4371 3233 4426 de
3276 4387 3340 4427 eo
3376 4374 3518 4441 quod
3549 4390 3767 4431 carnem

2199 4457 2450 4526 suscepit.
2485 4457 2582 4518 Ubi
2614 4459 2757 4515 enim
2778 4461 2945 4515 voluit
2966 4476 3146 4516 veram
3174 4464 3477 4532 signilicare
3506 4464 3769 4521 dilleren-

2199 4548 2346 4613 tiam,
2378 4563 2481 4602 non
2508 4550 2736 4619 amplius
2765 4550 3174 4619 comprehendit
3200 4553 3372 4607 solum
3399 4555 3638 4624 angelos,
3670 4558 3763 4613 sed

2196 4654 2407 4693 onmem
2426 4654 2710 4708 supernam
2733 4651 3049 4710 potestatem
3069 4643 3768 4703 administratoriam.Vides

2195 4732 2459 4804 quomodo
2481 4741 2536 4788 et
2556 4749 2711 4803 quam
2737 4733 2968 4789 dilucide
2996 4734 3199 4789 dividat
3230 4746 3502 4792 creaturas
3530 4750 3583 4793 et
3604 4739 3765 4793 Crea-

2195 4834 2386 4889 torem,
2407 4825 2679 4878 ministros
2697 4832 2752 4878 et
2770 4824 3073 4891 Dominum,
3098 4841 3387 4896 verumque
3408 4842 3470 4881 ac
3493 4844 3762 4897 preprtum

2192 4916 2443 4971 heredem
2473 4925 2529 4970 et
2555 4917 2770 4981 Filium,
2799 4926 2853 4970 et
2878 4917 3103 4971 servos?
3135 4918 3213 4971 Ad
3241 4919 3433 4972 Filium
3465 4928 3643 4975 autem
3673 4920 3758 4975 di-

2191 5006 2283 5072 cit,
2309 5004 2545 5060 Tltronus
2576 5016 2689 5060 tuus
2717 5005 2855 5060 Deus
2882 5007 2934 5060 in
2960 5008 3200 5062 saeculum
3220 5010 3414 5063 saeculi.
3450 5010 3585 5066 Ecce
3607 5013 3757 5082 regni

2190 5102 2421 5171 signum.
2454 5104 2610 5176 Virga
2637 5106 2906 5174 cquitatis,
2934 5110 3079 5181 virga
3105 5112 3250 5181 regni
3281 5112 3373 5168 tui.
3407 5113 3549 5169 Ecce
3578 5129 3763 5169 rursus

2191 5191 2331 5247 aliud
2351 5209 2561 5265 quoque
2586 5196 2795 5267 signum
2821 5200 2991 5269 regni.
3019 5201 3223 5257 Deinde
3244 5218 3432 5258 rursus
3454 5203 3522 5259 de
3542 5220 3606 5260 eo
3624 5206 3763 5276 quod

2190 5294 2274 5338 est
2292 5300 2453 5341 carne
2481 5287 2720 5343 indutum
2748 5306 2761 5344 :
2789 5290 2843 5345 9.
2875 5290 3113 5347 Dilexisti
3128 5295 3389 5364 justitiam
3416 5306 3460 5350 et
3487 5298 3636 5352 odisti
3666 5300 3769 5353 ini-

2189 5378 2465 5445 quitatem:
2493 5391 2756 5451 prapterea
2801 5386 2945 5438 unxit
2986 5394 3032 5438 te
3073 5385 3230 5453 Deus,
3276 5386 3413 5443 Deus
3462 5399 3594 5445 tuus.
3626 5391 3763 5460 Quid

2188 5477 2289 5533 est,
2318 5468 2456 5524 Deus
2486 5475 2636 5527 tuus?
2659 5474 2790 5529 Nam
2821 5477 3074 5546 quoniam
3104 5495 3353 5550 magnum
3382 5490 3467 5535 est
3492 5482 3761 5553 loquutus,

2187 5559 2236 5613 id
2270 5573 2454 5615 rursus
2482 5562 2613 5617 lenit
2640 5580 2703 5620 ac
2732 5568 2956 5637 mitigat.

2259 5650 2508 5707 Adversus
2535 5654 2745 5712 Judteos
2767 5701 2780 5723 ,
2814 5659 3039 5714 Paulum
3070 5662 3486 5730 Samosatenum,
3518 5668 3760 5737 Arianos,

2188 5740 2237 5795 ,11
2250 5745 2517 5815 arcellum,
2544 5747 2821 5805 Sabellium
2842 5762 2889 5806 ct
2920 5751 3427 5813 .ilarcioncnt.—-—-llic
3453 5768 3502 5813 el
3526 5759 3761 5823 .luiltuus.
