4112 6344
242 437 308 491 29
1124 416 1191 475 ιη
1231 416 1447 472 Ειηετ.
1490 411 1583 468 AD
1621 406 1840 464 ΗΕΒΒᾸ

1953 406 1984 460 i.
2023 404 2178 461 CAP.
2218 403 2261 460 1.
2304 400 2536 460 llOMIL.
2579 399 2665 457 ιιι.
3459 394 3531 450 30

235 548 289 591 et
314 535 462 591 Pauli
488 535 827 592 Samosateni
856 533 1111 599 asseclas,
1139 540 1195 588 et
1214 531 1462 598 Arianos,
1485 527 1827 585 Marcellum-

234 642 335 696 que
368 635 427 683 et
452 624 746 681 Sabellium
778 626 922 679 feriit
943 633 997 679 et
1019 622 1365 679 Marcionem.
1400 618 1718 689 Quomodo?
1739 618 1829 674 Ju-

1947 534 2065 574 rum
2093 517 2330 574 inimici:
2357 525 2412 572 et
2441 514 2645 571 inimici
2672 528 2860 570 eorum
2886 510 3049 568 iidem
3070 518 3197 568 sunt
3219 508 3310 582 qui
3340 508 3546 565 inimici

1946 611 2167 667 Christi.
2203 611 2318 666 lloc
2345 624 2535 667 rursus
2562 615 2645 665 est
2673 607 2845 679 regni,
2889 607 2993 662 hoe
3022 604 3267 675 ejusdem
3297 603 3543 669 honoris,

236 719 380 775 datos
408 717 651 789 quidem,
678 716 966 772 ostendens
1002 730 1167 770 unum
1196 728 1315 769 esse
1341 712 1467 777 duo,
1496 720 1551 766 et
1578 712 1746 766 Deum
1774 721 1828 765 et
1882 703 2070 771 ‘\hoc,
2099 705 2339 776 inquam,
2367 711 2452 759 est
2478 703 2721 767 honoris,
2751 715 2858 755 non
2899 697 3303 761 imbecillitatis,
3328 697 3544 751 Patrem

237 808 511 865 hominem
544 829 557 864 :
589 810 725 863 alios
755 816 952 867 autem.
987 806 1163 867 Pauli.
1198 804 1456 875 inquam,
1487 802 1825 858 Samosatcni

236 901 495 964 asseclas,
528 900 670 971 quod
702 900 816 954 haec
846 898 987 955 dicat
1013 898 1079 952 de
1110 905 1309 952 mterna
1336 894 1637 950 substantia
1665 904 1720 949 et
1746 896 1827 950 in-

236 1001 417 1047 creata
448 993 681 1049 essentia
711 1010 724 1045 :
756 1006 881 1046 nam
912 990 976 1044 ad
1004 988 1439 1060 distinguendum
1474 986 1626 1053 illud,
1657 984 1822 1051 Fecit,

240 1085 335 1137 hoc
387 1084 607 1153 posuit:
636 1081 873 1137 Tlironus
916 1091 1031 1135 tuus
1070 1080 1209 1134 Deus
1250 1081 1304 1134 in
1343 1079 1590 1134 secutum
1627 1080 1822 1134 seculi.

237 1173 516 1229 Adversus
546 1175 777 1229 Arianos
807 1181 1006 1241 autem,
1037 1187 1227 1229 rursus
1254 1170 1359 1227 hoc
1387 1172 1585 1243 ipsum,
1610 1181 1665 1228 et
1685 1172 1825 1242 quod

238 1279 342 1320 non
372 1264 451 1319 sit
478 1279 663 1320 servus
692 1280 706 1319 :
740 1265 784 1318 si
817 1275 995 1319 autem
1026 1272 1111 1320 est
1150 1273 1398 1319 creatura
1422 1306 1437 1330 ,
1478 1278 1669 1319 servus
1719 1272 1823 1320 est.

242 1356 519 1412 Adversus
548 1356 854 1411 Marcellum
881 1365 1059 1411 autem
1104 1365 1155 1411 et
1194 1355 1335 1411 alios
1355 1396 1371 1423 ,
1399 1355 1541 1427 quod
1568 1356 1676 1411 sint
1707 1354 1826 1412 dua:

242 1461 487 1518 persona:
511 1446 696 1501 divisa:
725 1462 821 1517 per
848 1446 1182 1518 hypostasim
1210 1466 1223 1501 :
1255 1447 1515 1504 adversus
1546 1447 1828 1503 Marcioni-

240 1550 348 1594 stas
377 1547 558 1593 autem
581 1578 595 1602 ,
625 1538 767 1607 quod
809 1538 1061 1594 divinitas
1089 1554 1197 1594 non
1228 1548 1477 1611 ungatur,
1509 1540 1603 1595 sed
1634 1540 1827 1594 huma-

242 1632 402 1686 nitas.
435 1629 659 1700 Deinde,
694 1628 816 1683 Pra:
847 1631 1184 1701 participibus
1214 1632 1337 1698 tuis,
1374 1632 1565 1702 inquit.
1598 1630 1827 1697 Quinam

244 1731 420 1776 autem
451 1730 578 1776 sunt
608 1722 914 1791 participes,
948 1722 1048 1775 nisi
1080 1721 1369 1777 homines?
1401 1723 1510 1776 lloc
1538 1733 1641 1786 est,
1670 1721 1830 1776 Chri-

243 1822 356 1868 stus
373 1812 853 1881 accepitSpiritum
879 1827 984 1866 non
1008 1812 1074 1866 ad
1100 1828 1406 1868 mensuram
1438 1812 1689 1885 (1003.5.
1712 1814 1827 1885 54).

312 1904 364 1957 2.
415 1903 572 1958 Vides
593 1903 861 1972 quomodo
879 1904 1111 1958 sermoni
1137 1904 1204 1958 de
1233 1912 1417 1958 natura
1447 1904 1682 1961 increata
1702 1920 1831 1960 con-

241 1996 658 2065 jungatsemper
673 2010 976 2049 sermonem
1012 1996 1080 2050 de
1118 1994 1539 2065 dispensatione.
1573 1997 1710 2064 Quid
1752 2005 1836 2053 est

249 2088 347 2142 hoc
376 2087 665 2141 dilucidius
691 2089 713 2139 ?
746 2087 902 2142 Vides
924 2096 1228 2142 creaturam
1251 2098 1300 2143 et
1323 2089 1563 2159 genitum
1587 2106 1690 2145 non
1716 2105 1835 2146 esse

249 2178 423 2231 idem?
455 2192 559 2231 non
586 2177 728 2232 enim
758 2176 1048 2246 divisisset,
1072 2188 1125 2233 et
1153 2195 1218 2234 ex
1244 2179 1471 2235 adverso
1503 2181 1642 2235 illius
1666 2180 1832 2248 Fecit,

244 2276 641 2344 sulijunxisset:
669 2276 749 2327 Ad
795 2274 989 2328 Filium
1038 2286 1203 2329 autent
1246 2278 1396 2341 dixit,
1444 2276 1678 2331 Thromts
1721 2289 1837 2334 tuus

242 2367 378 2421 Deus
404 2368 457 2420 in
487 2368 733 2421 saxulum
757 2366 971 2432 strculi;
998 2384 1170 2438 neque
1201 2383 1418 2434 nomen,
1466 2368 1656 2435 Filius,
1691 2387 1829 2440 prae-

241 2459 539 2515 cellentiori
565 2458 725 2514 modo
755 2460 1040 2529 posuisset,
1077 2460 1120 2514 si
1150 2470 1293 2515 esset
1321 2461 1561 2531 ejusdem
1602 2463 1833 2533 signum.

242 2551 500 2619 Quaenam
522 2552 666 2606 enim
690 2552 1030 2608 differentia?
1058 2568 1181 2607 nam
1210 2555 1253 2609 si
1281 2554 1424 2610 idem
1451 2563 1533 2609 est
1563 2565 1833 2625 creatura,

243 2653 298 2701 et
326 2644 379 2699 id
402 2644 548 2716 quod
592 2654 675 2699 est
698 2647 955 2715 genitum,
984 2647 1055 2701 illi
1073 2658 1251 2703 autem
1276 2658 1400 2703 sunt
1422 2649 1568 2719 iacti,
1594 2667 1837 2723 quaenam

245 2747 329 2793 est
354 2739 709 2809 praestantia?
750 2740 888 2795 Ecce
936 2757 1124 2797 rursus
1163 2742 1316 2808 illud,
1350 2743 1512 2809 Deus.
1543 2744 1730 2803 Graece
1759 2758 1841 2803 est

247 2836 271 2884 ὁ
295 2838 407 2892 Θεὸς
451 2845 576 2885 cum
623 2831 849 2886 articulo
873 2832 974 2899 (a).
1011 2831 1079 2887 Et
1119 2832 1311 2889 iterum
1360 2834 1520 2891 dicit:
1549 2836 1635 2892 10.
1664 2836 1735 2891 Ει
1765 2848 1840 2903 tu,

249 2919 491 2985 Domine,
515 2921 570 2974 in
597 2922 852 2991 principio
876 2932 1061 2976 terram
1084 2924 1335 2995 fundasti,
1359 2933 1407 2979 et
1428 2942 1582 2995 Opera
1602 2944 1843 2982 manuum

250 3022 454 3066 tuarum
478 3021 598 3066 sunt
624 3013 753 3066 caeli.
804 3014 892 3068 11.
926 3012 1041 3085 Ipsi
1073 3016 1328 3085 peribunt,
1359 3026 1413 3070 tu
1439 3028 1608 3074 autem
1635 3037 1841 3091 perma-

252 3109 420 3171 nebis;
452 3116 499 3161 et
531 3124 703 3162 omnes
732 3118 788 3161 ut
817 3111 1165 3163 vestimentum
1194 3120 1524 3177 veterascent,
1555 3113 1643 3168 12.
1678 3123 1724 3169 et
1764 3130 1845 3170 ve-

255 3201 329 3255 lut
348 3202 593 3254 amictum
621 3202 838 3255 mutabis
861 3219 965 3265 eos,
989 3212 1036 3256 et
1052 3206 1380 3259 mutabuntur
1402 3222 1420 3259 :
1448 3216 1503 3259 tu
1528 3217 1697 3263 autem
1714 3209 1845 3263 idem

254 3294 363 3364 ipse
389 3311 465 3357 es,
492 3304 540 3347 et
562 3294 685 3347 anni
708 3295 779 3347 tui
803 3311 902 3349 non
930 3296 1182 3364 deﬁcient.
1212 3296 1289 3353 Ne
1308 3313 1429 3352 cum
1446 3299 1699 3365 audieris,
1719 3299 1847 3357 Cum

255 3396 421 3439 autem
451 3386 730 3439 introducit
765 3385 1170 3456 Primogenitum
1196 3389 1249 3441 in
1274 3390 1442 3444 urbem
1466 3400 1634 3457 terrte,
1658 3393 1849 3447 existi-

257 3491 372 3531 mes
398 3491 521 3532 esse
553 3486 823 3547 tamquam
864 3477 1062 3532 donum
1109 3489 1293 3548 postea
1333 3483 1380 3537 ei
1411 3481 1618 3549 datum,
1653 3484 1755 3540 hoc
1795 3493 1853 3541 et

259 3566 507 3635 superius
546 3568 801 3634 correxit,
827 3578 879 3623 et
904 3585 1089 3623 rursus
1114 3572 1334 3643 corrigit
1374 3573 1577 3637 dicens.
1613 3575 1680 3629 In
1708 3577 1851 3646 prin—

258 3659 424 3726 cipio;
453 3673 560 3713 non
592 3674 755 3724 nunc,
782 3660 876 3714 sed
893 3662 1003 3729 jam
1025 3663 1172 3717 olim.
1205 3665 1342 3720 Ecce
1365 3682 1552 3723 rursus
1576 3668 1718 3724 letali
1739 3686 1852 3741 pet:-

260 3753 390 3806 cutit
414 3752 640 3808 vulnere
665 3760 719 3807 et
747 3752 965 3808 Paulum
999 3754 1411 3813 Samosatenum
1444 3769 1499 3814 et
1528 3761 1745 3831 Arium,
1785 3764 1852 3820 iis

258 3859 378 3914 qua:
410 3843 663 3899 dicuntur
715 3844 782 3900 de
831 3846 988 3902 Patre
1041 3848 1306 3919 adaptatis
1351 3851 1509 3907 Filio.
1555 3854 1624 3909 Et
1667 3866 1851 3925 postea

260 3935 403 3989 aliud
435 3936 539 3990 hoc
568 3952 782 4007 quoque
811 3938 1004 4008 majus,
1029 3942 1181 4011 quasi
1209 3942 1351 3998 aliud
1378 3946 1587 4015 agendo
1613 3947 1855 4003 subindi-

260 4027 434 4078 cavit:
463 4027 650 4082 mundi
679 4028 823 4083 enim
853 4030 1375 4101 transfigurationem
1395 4048 1652 4105 przeterea
1675 4052 1857 4099 osten-

264 4115 363 4179 dit,
393 4118 614 4173 dicens:
648 4119 932 4189 Tamquam
956 4125 1305 4179 vestimentum
1329 4137 1657 4195 ueterascent,
1689 4142 1735 4186 et
1763 4150 1847 4188 ve-

264 4206 355 4261 luti
398 4210 637 4262 amictum
670 4213 883 4265 mutabis
908 4228 1012 4276 eos,
1045 4224 1091 4268 et
1116 4218 1463 4271 mutabuntur.
1503 4220 1657 4286 Quod
1689 4224 1848 4278 etiam

264 4298 393 4354 dicit
421 4301 471 4353 in
502 4299 741 4369 Epistola
771 4302 837 4357 ad
864 4303 1158 4373 Romanos,
1187 4320 1377 4378 nempe
1405 4312 1544 4380 quod
1576 4314 1858 4385 transfigu-

262 4401 400 4455 rabit
434 4403 713 4460 mundum.
746 4404 813 4459 Et
854 4406 1164 4463 facilitatem
1212 4410 1502 4464 ostendens
1550 4410 1849 4481 subjunxit,

266 4494 493 4549 Mutabis
516 4511 536 4550 :
564 4506 835 4568 tamquam
861 4501 905 4554 si
932 4502 1052 4571 quis
1079 4504 1363 4557 convolvat
1404 4505 1684 4564 amictum.
1717 4520 1853 4560 con-

264 4587 440 4641 volvet
469 4596 524 4643 et
550 4590 795 4645 mutabit.
826 4590 882 4646 Si
907 4602 1085 4647 autem
1108 4610 1226 4663 quae
1254 4594 1312 4648 lit
1334 4594 1387 4648 in
1422 4596 1613 4650 melius
1635 4606 1687 4651 et
1716 4613 1854 4667 prae-

262 4679 492 4733 stantius
546 4681 1069 4751 transfigurationcm
1116 4696 1172 4740 et
1216 4687 1489 4755 opificium
1540 4698 1645 4742 tam
1698 4690 1853 4747 facile

263 4779 541 4837 Operatur,
574 4770 628 4825 in
662 4775 853 4828 minori
881 4776 1095 4845 opiﬁcio
1113 4776 1290 4831 alione
1314 4778 1618 4849 indigebat?
1646 4780 1854 4847 Quous-

261 4875 364 4928 que
396 4877 504 4913 non
549 4877 644 4917 vos
677 4863 874 4933 pudet?
912 4865 1084 4920 Simul
1134 4867 1294 4922 etiam
1342 4868 1445 4924 hoc
1492 4878 1576 4924 est
1622 4872 1851 4925 maxima

261 4951 587 5014 consolatio,
619 4969 778 5010 nosse
806 4958 943 5025 quod
973 4974 1062 5013 res
1094 4976 1197 5015 non
1226 4962 1302 5015 sic
1326 4970 1508 5027 erunt,
1535 4962 1630 5016 sed
1669 4962 1849 5016 omnia

260 5042 528 5110 accipient
568 5046 940 5112 mutationem,
988 5059 1041 5103 et
1091 5052 1269 5104 omnia
1316 5051 1694 5118 mutabuntur;
1737 5054 1851 5122 ipse

258 5141 442 5187 autem
466 5145 649 5189 manet
671 5147 928 5205 perpetuo
954 5139 1161 5205 vivens,
1195 5151 1249 5196 et
1280 5142 1485 5197 inﬁnite
1518 5144 1702 5198 vivens
1734 5162 1746 5198 :
1784 5143 1847 5197 Et

257 5224 380 5276 anni
407 5225 502 5289 tui,
528 5225 717 5296 inquit,
752 5245 853 5283 non
883 5231 1133 5301 deﬁcient.
1171 5234 1257 5288 15.
1293 5234 1371 5287 Ad
1398 5252 1542 5301 quem
1566 5246 1736 5289 autem
1755 5254 1849 5291 an-

259 5315 489 5381 gelorum
518 5315 648 5369 dixit
669 5318 980 5389 aliquando:
1011 5323 1146 5378 Sede
1167 5343 1197 5378 a
1215 5326 1405 5381 dextris
1428 5329 1570 5393 meis,
1589 5331 1845 5398 quoadus-

260 5420 354 5471 que
386 5422 576 5471 porwm
624 5409 856 5466 inimicos
901 5424 1013 5468 tuos
1052 5418 1325 5471 scabellum
1376 5420 1561 5488 pedum
1605 5425 1849 5477 tuorum?

260 5496 401 5551 Ecce
431 5513 622 5554 rursus
648 5502 727 5557 eis
754 5504 905 5559 addit
932 5506 1195 5573 animum,
1220 5511 1263 5563 si
1298 5512 1406 5566 sint
1432 5516 1718 5583 superandi
1748 5531 1833 5570 eo-

306 5654 608 5733 liq)_piqeba‘t
630 5659 865 5733 Eusebius
887 5661 1198 5733 Cesariensis
1221 5666 1334 5733 illud
1361 5680 1479 5733 seu,
1515 5674 1829 5733 praecedente

245 5716 446 5788 articulo
468 5718 534 5788 de
558 5719 707 5769 Patre
730 5722 823 5788 dici
852 5730 1052 5784 tantum,
1078 5729 1189 5788 quia
1212 5729 1345 5779 solus
1366 5716 1833 5786 Ps'iér’igriis'ﬁéu‘s

393 5778 711 5860 Con‘tra‘verp
734 5778 1109 5860 (Σμινξξρξιοωύέ
1126 5789 1205 5839 hic
1220 5778 1835 5860 _et_aliisin—loés—pugn‘ai

252 5844 731 5965 :rcitstlilinaigticulo
752 5845 816 5896 de
835 5844 966 5897 Filio
988 5862 1182 5912 quoque
1204 5852 1317 5917 dici,
1348 5844 1673 5924 exemplaque
1690 5844 1836 5912 adsit

1947 796 2103 852 irasci
2134 796 2202 852 de
2232 796 2297 851 iis
2328 810 2447 865 qua:
2469 793 2608 850 facta
2640 800 2766 849 sunt
2794 794 2845 846 in
2876 790 3107 846 Filium:
3136 789 3239 843 hoc
3260 787 3545 857 estmagni

1945 892 2169 957 amoris,
2206 898 2262 946 et
2289 890 2510 945 honoris
2542 897 2815 956 tamquam
2849 885 3014 956 patris
3040 898 3168 953 erga
3200 883 3389 938 (ilium.
3441 880 3545 949 Qui

1945 982 2088 1038 enim
2136 996 2234 1051 pro
2284 981 2403 1051 ipso
2436 979 2707 1041 irascitur,
2740 974 3012 1048 quomodo
3042 984 3126 1029 est
3154 974 3223 1029 ab
3268 973 3387 1045 ipso
3411 972 3548 1027 alie.

1946 1072 2090 1129 nus?
2119 1071 2293 1127 Donec
2323 1088 2512 1142 ponam
2538 1070 2772 1125 inimicos
2797 1079 2930 1123 tuos.
2962 1066 3116 1135 Quod
3142 1065 3276 1121 dicit
3300 1064 3464 1120 etiam
3492 1064 3545 1120 in

1945 1164 2183 1220 secundo
2212 1164 2430 1220 Psalmo
2460 1181 2472 1217 :
2505 1161 2825 1235 Qui‘habitat
2852 1160 2906 1214 in
2936 1160 3075 1213 caelis
3105 1158 3337 1213 irridebit
3365 1173 3473 1220 eos,
3497 1164 3548 1211 et

1945 1259 2195 1315 Dominus
2224 1258 2552 1314 subsannabit
2579 1273 2681 1312 eos.
2720 1254 2863 1309 Tunc
2892 1255 3124 1322 loquetur
3160 1251 3229 1305 ad
3272 1267 3357 1306 eos
3384 1251 3440 1305 in
3468 1251 3549 1305 ira

1944 1369 2059 1418 sua,
2092 1360 2137 1407 et
2164 1352 2216 1405 in
2249 1351 2425 1421 furore
2450 1364 2541 1404 suo
2570 1346 2892 1402 conturbabit
2932 1361 3015 1400 eos
3070 1343 3244 1418 (Psal.
3280 1344 3335 1396 9..
3376 1344 3431 1399 4.
3463 1343 3543 1414 5).

1946 1443 2017 1499 Et
2056 1459 2241 1500 rursus
2269 1444 2385 1513 ipse
2415 1442 2579 1497 dicit:
2613 1440 2720 1495 Eos
2762 1442 2850 1510 qui
2889 1439 3161 1493 noluerunt
3209 1454 3289 1491 me
3331 1453 3549 1509 regnare

1945 1553 2100 1607 super
2123 1538 2281 1605 ipsos,
2308 1534 2549 1588 adducite
2576 1549 2746 1588 coram
2775 1549 2872 1598 me,
2901 1540 2946 1585 et
2970 1530 3239 1598 interﬁcite
3267 1528 3421 1599 (Luc.
3454 1528 3543 1587 19.

1945 1631 2061 1701 27).
2096 1630 2226 1685 Nam
2252 1629 2393 1700 quod
2426 1629 2534 1682 sint
2558 1628 2676 1698 ejus
2708 1626 2895 1687 verba.
2928 1624 3053 1679 audi
3076 1624 3205 1695 quid
3239 1623 3401 1677 etiam
3420 1622 3547 1678 alibi

1946 1724 2123 1781 dicat:
2158 1723 2368 1790 Quoties
2394 1720 2533 1775 uolui
2548 1736 2858 1793 congregare
2879 1719 3017 1788 ﬁlios
3043 1727 3179 1783 tuos,
3210 1726 3256 1771 et
3280 1716 3550 1772 noluistis?

1951 1816 2084 1871 Ecce
2109 1814 2424 1884 relinquetur
2451 1813 2589 1869 vobis
2616 1814 2799 1867 domus
2842 1822 3009 1867 uestra
3042 1810 3243 1866 deserta
3294 1808 3405 1879 (Id.
3450 1810 3541 1865 15.

1936 1911 2049 1984 54).
2073 1911 2140 1966 Et
2168 1926 2376 1978 rursus,
2409 1911 2688 1983 Auferctur
2725 1925 2758 1962 a
2803 1909 2941 1961 vobis
2986 1923 3221 1976 regnum,
3256 1916 3302 1959 et
3335 1906 3543 1959 dubitur

1939 2004 2077 2075 genti
2106 2003 2313 2074 facienti
2359 2006 2561 2073 fructus
2606 2002 2751 2074 ejus;
2794 2007 2849 2055 et
2898 2014 3107 2064 rursus,
3163 1998 3264 2066 Qui
3304 1998 3545 2054 ceciderit

1938 2113 2092 2168 super
2121 2095 2341 2163 lapidem
2368 2095 2543 2159 istum,
2574 2093 2962 2164 confringetur:
2994 2107 3148 2162 super
3174 2106 3326 2161 quem
3372 2100 3545 2143 autem

1938 2189 2196 2255 ceciderit,
2226 2186 2484 2242 uentilabit
2514 2203 2626 2241 eum
2659 2185 2875 2259 (Matth.
2903 2185 2997 2239 21.
3027 2185 3117 2240 45.
3162 2182 3277 2256 ﬂ).
3324 2183 3543 2253 Alioqui

1938 2292 2119 2337 autem
2147 2281 2235 2351 qui
2262 2289 2346 2337 est
2372 2295 2467 2335 eos
2512 2280 2620 2334 illic
2656 2277 3019 2348 judicaturus,
3051 2275 3223 2330 multo
3254 2275 3425 2346 magis
3456 2273 3547 2330 hic

1940 2373 2153 2429 illorum
2186 2372 2543 2429 immanitatis
2574 2385 2765 2442 pinnas
2797 2369 3036 2441 repetiit.
3061 2367 3429 2437 Quamobrem
3462 2376 3548 2422 est

1940 2467 2109 2523 solius
2138 2467 2361 2522 honoris
2384 2468 2435 2521 in
2466 2465 2660 2520 Filium
2689 2462 2844 2533 illud,
2874 2461 3053 2518 Donec
3084 2478 3275 2533 ponam
3310 2460 3547 2514 inimicos

1941 2570 2054 2617 tuos
2072 2560 2351 2616 scabellum
2377 2556 2565 2627 pedum
2596 2568 2821 2612 tuorum.

2014 2652 2326 2724 Angelorum
2362 2651 2812 2705 ministerium.——
2840 2650 2931 2704 M.
2980 2647 3170 2703 Nonne
3210 2664 3385 2702 omnes
3428 2656 3549 2701 sunt

1941 2747 2360 2802 administratorii
2379 2730 2612 2817 spiritus,
2636 2744 2690 2798 in
2717 2743 3049 2798 ministerium
3068 2742 3209 2797 missi
3236 2751 3442 2813 propter
3462 2758 3550 2795 eos

1940 2843 2030 2915 qui
2054 2840 2385 2896 hereditatem
2416 2840 2618 2911 capient
2655 2836 2878 2892 salutis?
2908 2835 3047 2903 Quid
3085 2835 3305 2899 mirum,
3353 2834 3546 2905 inquit,

1942 2934 1989 2989 si
2012 2934 2319 2988 ministrant
2349 2930 2509 2997 Filio,
2541 2944 2663 2985 cum
2693 2929 2856 2984 ctiam
2888 2925 3279 2983 ministrentad
3308 2934 3546 2980 nostram

1944 3025 2208 3081 salutem?
2241 3023 2376 3077 Vide
2418 3021 2691 3093 quomodo
2721 3036 2909 3076 eorum
2951 3020 3155 3075 excitet
3201 3018 3446 3087 spiritus,
3495 3028 3551 3072 et

1945 3117 2173 3172 multum
2205 3116 2301 3171 Dei
2332 3115 2383 3169 in
2410 3128 2509 3169 nos
2536 3112 2798 3168 honorem
2823 3112 3094 3177 ostendat,
3118 3111 3162 3165 si
3181 3110 3397 3181 quidem
3420 3124 3552 3164 con-

1944 3208 2139 3272 stituit,
2175 3217 2232 3261 ut
2262 3206 2461 3277 angeli,
2495 3205 2585 3275 qui
2616 3213 2745 3258 sunt
2775 3204 2932 3258 nobis
2963 3202 3295 3273 superiores,
3331 3200 3434 3255 hoc
3457 3200 3553 3254 ha-

1946 3306 2110 3360 beant
2132 3319 2229 3375 pro
2255 3303 2409 3358 nobis
2439 3300 2823 3356 ministerium.
2854 3297 2927 3354 Ut
2953 3297 2999 3353 si
3032 3296 3233 3352 dixerit
3258 3294 3549 3365 quispiam:

1947 3394 2061 3460 Eis,
2084 3394 2277 3464 inquit,
2305 3393 2369 3447 ad
2398 3391 2501 3448 hoc
2529 3393 2728 3447 utitur:
2762 3390 2864 3445 hoc
2886 3399 2970 3445 est
2992 3404 3187 3444 munus
3211 3388 3547 3458 angelorum,

1948 3488 2259 3542 ministrare
2284 3486 2393 3541 Deo
2418 3484 2485 3541 ad
2517 3493 2759 3541 nostram
2786 3482 3038 3538 salutem.
3062 3481 3428 3549 Quamobrem
3453 3480 3555 3535 hoc

1948 3586 2033 3633 est
2069 3577 2242 3646 angeli
2277 3590 2414 3647 opus
2456 3576 2638 3631 omnia
2679 3573 2863 3629 facere
2912 3571 2980 3627 ad
3028 3571 3254 3627 fratrum
3284 3570 3553 3635 salutem;

1949 3669 2060 3724 imo
2083 3683 2217 3723 vero
2247 3676 2330 3723 est
2356 3682 2492 3738 opus
2536 3666 2708 3736 ipsius
2733 3664 2973 3720 Christi:
3009 3679 3133 3719 nam
3169 3664 3286 3733 ipse
3333 3662 3553 3733 quidem

1950 3761 2043 3817 dat
2064 3761 2293 3817 salutem
2327 3770 2385 3815 ut
2419 3760 2699 3823 Dominus,
2730 3760 2831 3831 ipsi
2855 3768 3037 3814 autem
3081 3767 3353 3827 tamquam
3384 3757 3553 3811 servi.

1952 3854 2023 3911 Et
2049 3870 2148 3910 nos
2179 3854 2389 3909 etiamsi
2422 3854 2588 3919 servi,
2622 3851 2717 3908 sed
2746 3850 2997 3908 conservi
3025 3850 3362 3920 angelorum.
3394 3848 3554 3916 Quid.

1953 3946 2145 4015 inquit,
2172 3945 2392 4016 angelos
2406 3944 2617 3999 hiantes
2637 3942 2952 4013 suSpicitis?
2974 3942 3110 3997 Sunt
3131 3943 3273 3997 servi
3294 3941 3413 3996 Filii
3440 3940 3555 4004 Dei,

1952 4053 2008 4097 et
2030 4044 2080 4095 iu
2105 4042 2266 4096 multa
2289 4042 2405 4095 loca
2434 4049 2656 4111 propter
2684 4053 2783 4094 nos
2812 4038 3119 4103 mittuntur,
3138 4048 3197 4093 et
3221 4036 3286 4092 ad
3314 4045 3559 4092 nostram

1954 4133 2259 4187 ministrant
2279 4132 2506 4187 salutem
2532 4148 2545 4184 :
2566 4131 2917 4200 quamobrem
2940 4138 3066 4184 sunt
3091 4129 3261 4184 nostri
3285 4128 3558 4183 conservi.

1956 4226 2201 4297 Cogitate
2243 4223 2515 4295 quomodo
2546 4238 2655 4277 non
2682 4222 2775 4277 dat
2803 4223 3067 4277 creaturis
3114 4235 3363 4292 magnam
3395 4219 3554 4276 diffe-

1959 4317 2208 4372 rentiam.
2236 4316 2571 4385 Quamquam
2599 4317 2821 4370 multum
2854 4316 3078 4370 interest
3103 4313 3245 4368 inter
3268 4313 3487 4383 angelos
3508 4325 3563 4368 et

1964 4410 2232 4475 homines,
2260 4423 2353 4463 eos
2376 4417 2555 4463 tamen
2587 4423 2751 4477 prope
2774 4424 2870 4462 nos
2888 4407 3137 4463 deducit:
3167 4405 3559 4477 propemodum

1968 4514 2125 4571 nobis
2151 4512 2356 4574 dicens,
2389 4509 2619 4578 Propter
2648 4521 2749 4559 nos
2778 4505 3041 4568 laborant,
3067 4515 3286 4574 propter
3314 4517 3413 4557 nos
3437 4517 3564 4557 curo

1970 4607 2153 4670 sitant,
2186 4611 2260 4667 et,
2307 4613 2363 4657 ut
2391 4602 2591 4656 dixerit
2637 4600 2927 4670 quispiam,
2956 4598 3114 4652 nobis
3144 4596 3407 4652 serviunt.
3450 4595 3566 4650 Hoc

1970 4709 2051 4753 est
2078 4710 2262 4750 eorum
2294 4691 2676 4756 ministerium,
2706 4699 2928 4760 propter
2955 4702 3054 4742 nos
3092 4688 3143 4741 in
3187 4702 3378 4743 omnes
3422 4688 3563 4741 mitti

1972 4797 2171 4859 partes.

2042 4882 2096 4935 5.
2127 4878 2221 4934 llis
2249 4876 2511 4946 exemplis
2536 4874 2751 4945 plenum
2777 4881 2861 4928 est
2889 4871 3076 4938 Vetus,
3104 4871 3322 4941 plenum
3355 4878 3437 4924 est
3459 4869 3568 4923 No-

1972 4990 2097 5029 vum
2128 4973 2553 5028 Testamentum.
2595 4962 2729 5023 Nam
2778 4966 2993 5037 quando
3037 4965 3215 5034 angeli
3261 4963 3565 5033 pastoribus

1973 5066 2173 5122 bonum
2194 5062 2544 5124 annuntiant,
2573 5059 2787 5130 quando
2817 5057 3028 5121 Marim,
3075 5056 3289 5126 quando
3329 5055 3526 5125 Joseph
3547 5098 3562 5121 ,

1972 5157 2187 5227 quando
2212 5155 2401 5211 sedent
2426 5154 2479 5207 in
2503 5159 2850 5207 monumento
2877 5192 2889 5214 ,
2918 5148 3132 5219 quando
3177 5148 3458 5201 mittuntur
3498 5146 3565 5201 ad

1972 5250 2258 5305 dicendum
2288 5244 2563 5315 discipulis
2584 5285 2599 5310 ,
2642 5242 2751 5296 Viri
2780 5240 2986 5296 Galilwi
3013 5239 3136 5311 quid
3182 5240 3328 5292 statis
3357 5280 3371 5303 ,
3418 5238 3564 5309 aspi-

1971 5343 2154 5396 cientes
2182 5341 2233 5394 in
2260 5338 2440 5393 caelum
2471 5336 2625 5408 (Act.
2657 5337 2708 5390 1.
2744 5336 2802 5389 11
2826 5335 2844 5406 )
2871 5335 2893 5387 ?
2939 5332 3153 5402 quando
3201 5333 3415 5386 Petrum
3461 5332 3568 5387 sol-

1972 5442 2193 5489 vuntex
2243 5446 2501 5497 carcere,
2549 5427 2763 5499 quando
2812 5428 3161 5496 alloquuntur
3212 5424 3563 5493 Philippum:

1971 5524 2243 5596 quomodo
2288 5524 2441 5578 nobis
2488 5537 2594 5577 non
2645 5518 2923 5575 serviunt?
2972 5517 3159 5588 Cogita
3206 5526 3437 5587 quantus
3498 5516 3570 5572 sit

1975 5619 2165 5685 honor,
2202 5616 2416 5688 quando
2444 5616 2587 5670 Deus
2616 5613 2837 5684 angelos
2881 5612 3047 5666 mittit
3094 5610 3369 5664 ministros
3426 5616 3566 5663 tam-

1974 5727 2132 5781 quam
2164 5709 2229 5763 ad
2255 5708 2475 5772 amicos,
2505 5705 2718 5775 quando
2748 5704 2967 5772 angelus
3011 5709 3232 5771 apparet
3272 5700 3525 5756 Cornelio
3550 5741 3566 5766 ,

1976 5802 2190 5873 quando
2211 5815 2400 5857 omnes
2431 5798 2706 5869 apostolos
2735 5796 2882 5868 ejicit
2906 5812 2937 5850 e
2978 5810 3198 5850 carcere
3224 5838 3238 5859 ,
3287 5802 3341 5849 et
3386 5794 3516 5850 dicit
3549 5815 3562 5848 :

1982 5894 2171 5949 Ettntes
2196 5904 2354 5955 state,
2384 5902 2430 5947 et
2452 5890 2716 5963 loquimini
2744 5892 2795 5945 in
2823 5888 3012 5959 templo
3042 5889 3229 5959 papula
3263 5887 3408 5941 verba
3455 5890 3566 5943 vita:
