4112 6344
556 322 621 383 51
1290 330 1344 386 S.
1379 322 1659 382 JOANNIS
1693 320 2168 380 CllRYSOSTOMl
2204 318 2515 376 ARClllEP.
2561 317 3096 379 CONSTAN'FINOP.
3733 331 3807 389 3‘1

557 446 732 518 hujus.
760 441 899 513 Quid
925 441 1027 498 alia
1051 441 1264 497 dicam?
1291 439 1457 496 Paulo
1501 453 1713 510 quoque
1751 438 1852 510 ipsi
1899 448 2120 509 apparet
2219 436 2442 492 ferendo
2463 436 2745 507 judicium,
2774 438 2868 493 sed
2895 435 3245 509 relinquendo
3271 437 3324 492 in
3347 445 3610 508 potestate
3642 442 3798 496 audi-

549 536 790 606 angelus.
818 535 978 591 Vides
1005 535 1149 605 ipsos
1172 541 1391 602 propter
1419 530 1582 585 Deum
1608 529 1761 585 nobis
1790 528 2114 598 ministrare,

550 638 605 683 et
634 628 937 683 ministrare
962 628 1013 680 in
1041 625 1199 679 rebus
1225 620 1471 677 maximis
1490 622 1513 674 ἲ
1534 620 1816 691 Propterea
1839 620 1967 676 dicit
1990 621 2118 676 Pau-

553 719 657 785 lus,
689 719 871 773 Omnia
899 726 1016 771 sunt
1041 725 1226 780 vestra,
1250 714 1352 767 sive
1381 712 1500 779 vita,
1528 713 1630 767 sive
1654 728 1808 777 mors,
1841 713 1944 766 sive
1970 730 2116 767 mun-

551 810 672 873 dus,
704 810 805 863 sive
832 806 1120 877 prasentia,
1152 808 1252 858 sive
1300 803 1492 872 futura.
1540 802 1730 857 Missus
1777 816 1989 873 quoque
2033 811 2116 858 est

551 898 735 962 Filius,
763 896 856 952 sed
885 911 991 951 non
1014 896 1152 950 sicut
1191 893 1431 948 minister
1453 930 1471 958 ,
1498 906 1671 962 neque
1715 900 1981 961 tamquam
2025 895 2112 963 qui

547 990 724 1059 aliquo
772 988 1080 1058 iungeretur
1122 1000 1382 1050 munere,
1432 983 1526 1039 sed
1575 992 1841 1052 tamquam
1864 983 2032 1040 Filius
2058 996 2114 1041 et

547 1078 851 1148 unigenitus
870 1118 887 1143 ,
918 1087 973 1133 et
1000 1077 1088 1147 qui
1117 1076 1303 1132 eadem
1334 1074 1451 1129 vult
1475 1088 1594 1145 qua
1619 1073 1797 1131 Pater.
1832 1073 1943 1131 lmo
1982 1092 2112 1133 vero

547 1184 615 1225 ne
639 1168 737 1224 i'uit
762 1168 976 1240 quidem
1014 1169 1249 1222 missus:
1280 1180 1385 1222 non
1415 1166 1556 1221 enim
1600 1180 1631 1220 a
1676 1166 1793 1223 loco
1837 1167 1892 1223 in
1935 1168 2110 1224 locum

547 1259 776 1325 transiit,
804 1259 899 1315 sed
929 1273 1142 1314 carnem
1170 1257 1444 1327 suscepit;
1473 1255 1645 1326 angeli
1675 1271 1803 1313 vero
1829 1258 1944 1314 loca
1988 1276 2110 1317 mu-

544 1358 679 1415 tant,
709 1358 763 1405 et
791 1348 1052 1420 prioribus
1077 1347 1131 1401 in
1154 1346 1345 1418 quibus
1395 1354 1520 1401 sunt
1567 1345 1839 1415 dimissis,
1892 1348 1959 1405 ad
2005 1351 2109 1407 alia

542 1440 795 1508 veniunt,
824 1439 877 1495 in
905 1437 1096 1509 quibus
1120 1451 1228 1493 non
1252 1444 1423 1491 erant.
1454 1435 1573 1491 lam
1602 1451 1729 1493 vero
1758 1436 1861 1493 hoc
1898 1454 2109 1511 quoque

539 1539 621 1595 eis
647 1538 794 1594 addit
814 1538 1047 1595 animum
1068 1538 1251 1593 dicens
1282 1554 1295 1593 :
1318 1535 1457 1604 Quid
1487 1537 1729 1592 timetis?
1755 1537 1929 1608 angeli
1956 1538 2109 1593 nobis

542 1630 864 1686 ministrant.
896 1629 966 1685 Et
991 1645 1113 1685 cum
1141 1629 1363 1685 dixisset
1384 1628 1451 1685 de
1474 1628 1641 1695 Filio,
1689 1636 1746 1684 et
1791 1643 1909 1699 qua:
1940 1628 2107 1699 perti-

542 1728 673 1776 nent
697 1721 763 1776 ad
792 1720 1238 1792 dispensationem
1257 1760 1276 1789 ,
1307 1735 1426 1791 qua:
1448 1720 1517 1777 ad
1545 1719 1869 1776 creationem
1897 1728 1955 1777 et
1990 1735 2109 1791 quae

542 1810 612 1866 ad
640 1825 859 1883 regnum
884 1820 937 1869 et
965 1812 1287 1869 ostendisset
1309 1827 1432 1869 eum
1460 1826 1581 1869 esse
1602 1812 1657 1868 in
1678 1813 1867 1868 eodem
1884 1812 2109 1884 honore,

544 1912 599 1959 et
623 1904 766 1976 quod
792 1915 1056 1975 tamquam
1083 1904 1337 1960 Dominus
1364 1903 1691 1971 dominatum
1718 1904 1954 1968 obtinet,
2002 1919 2110 1961 non

544 1994 599 2049 in
628 1993 772 2050 solos
799 1993 1065 2061 homines,
1095 1994 1191 2051 sed
1212 1994 1372 2049 etiam
1402 1993 1457 2049 in
1482 2007 1741 2064 supernas
1780 2002 2068 2064 potestates
2091 2036 2109 2063 ,

544 2100 641 2139 eos
660 2086 769 2155 jam
799 2086 1132 2150 exhortatur,
1163 2086 1233 2141 ita
1261 2085 1501 2141 instituta
1532 2085 1777 2142 oratione
1797 2126 1815 2153 ,
1842 2085 1985 2156 quod
2015 2100 2111 2141 nos

543 2182 789 2245 oporteat
808 2174 1040 2231 animum
1066 2175 1320 2232 adhibere
1346 2176 1412 2231 iis
1437 2191 1558 2247 qua:
1585 2185 1709 2230 sunt
1732 2175 1932 2230 audita.
1957 2174 2111 2244 (Cap.

544 2265 604 2335 2)
644 2262 697 2320 ί.
748 2263 1024 2336 Propterea
1051 2266 1391 2320 abundantius
1419 2275 1614 2331 oportet
1638 2265 1899 2321 observare
1925 2282 2017 2320 nos
2054 2282 2113 2320 ea

544 2368 661 2425 qua
686 2354 988 2410 audivimus.
1021 2355 1117 2411 llic
1140 2355 1319 2411 dicere
1340 2354 1551 2423 volebat
1577 2355 1935 2412 abundantius
1952 2368 2113 2427 quam

546 2445 657 2517 legi
676 2446 1058 2503 attendendum
1089 2461 1227 2511 esse,
1251 2447 1344 2502 sed
1375 2447 1476 2503 boe
1502 2446 1685 2512 siluit;
1718 2447 1877 2518 idque
1914 2446 2116 2502 indicat

546 2539 601 2593 in
632 2538 971 2609 probatione,
1004 2553 1109 2593 non
1138 2538 1189 2593 in
1213 2538 1466 2601 consilio.
1498 2552 1599 2593 nec
1626 2538 1680 2592 in
1700 2536 2069 2593 exhortatione
2097 2553 2111 2591 :

545 2629 635 2685 Sic
662 2629 804 2685 enim
832 2638 949 2685 erat
974 2629 1183 2684 melius.
1223 2628 1280 2683 2.
1324 2628 1387 2684 Si
1425 2629 1557 2682 enim
1602 2629 1688 2699 qui
1738 2645 1827 2698 per
1871 2630 2113 2699 angelos,

548 2718 750 2787 inquit,
778 2718 938 2773 dictus
968 2727 1041 2772 est
1086 2733 1268 2782 sermo,
1303 2718 1466 2785 {actus
1491 2726 1566 2771 est
1609 2718 1811 2787 ﬁrmus,
1862 2726 1911 2772 et
1953 2718 2116 2772 omnis

549 2809 893 2878 prevaricatio
921 2817 968 2863 et
992 2809 1325 2863 inobedientia
1353 2809 1541 2878 accepit
1557 2808 1751 2877 justam
1771 2808 2011 2862 mercedis
2032 2824 2115 2862 re-

552 2899 909 2953 tributionem:
938 2900 993 2955 '5.
1024 2898 1273 2966 quomodo
1314 2914 1406 2953 nos
1444 2896 1744 2969 eﬂ'ugiemus
1768 2938 1782 2962 ,
1830 2899 1873 2952 si
1923 2908 2116 2952 tantam

549 2990 916 3063 neglexerint“
980 2990 1231 3044 salutem?
1286 3004 1397 3058 quc:
1437 3005 1551 3043 cum
1600 2988 1799 3042 initium
1846 2990 2116 3059 accepisset

550 3080 825 3137 enarrandi
854 3095 941 3151 per
968 3078 1266 3146 Dominum,
1296 3078 1356 3132 ab
1382 3080 1450 3131 eis
1477 3079 1565 3149 qui
1608 3078 1879 3132 audierunt
1923 3079 1976 3131 in
2024 3095 2116 3133 nos

551 3173 854 3243 conﬁrmata
909 3181 1001 3226 est.
1057 3170 1167 3225 Cur
1223 3177 1428 3239 oportet
1481 3169 1833 3224 abundantius
1882 3171 2116 3225 animum

548 3262 807 3318 adhibere
832 3261 895 3316 iis
926 3276 1044 3331 quas
1072 3260 1246 3314 audita
1276 3258 1440 3315 sunt?
1464 3274 1639 3314 annon
1681 3270 1733 3314 et
1778 3260 1865 3314 illa
1914 3270 1967 3314 et
2006 3263 2118 3315 haec

549 3363 675 3411 sunt
705 3353 841 3408 Dei?
864 3354 969 3407 Aut
991 3350 1116 3421 ergo
1135 3351 1263 3406 dicit
1283 3349 1424 3419 quod
1446 3349 1797 3404 abundantius
1818 3365 1973 3418 quam
1993 3350 2114 3420 legi,

550 3454 643 3499 aut
664 3444 803 3515 quod
832 3457 1153 3513 magnopere
1179 3442 1248 3495 sit
1294 3440 1705 3501 attendendum;
1753 3456 1858 3496 non
1902 3457 2118 3510 compa-

552 3551 698 3601 rans,
726 3536 884 3590 absit.
913 3534 1043 3587 Nam
1067 3533 1317 3601 quoniam
1346 3532 1413 3585 ob
1442 3531 1655 3601 longum
1698 3542 1906 3601 tempus
1951 3533 2115 3587 liabe-

552 3628 680 3682 bant
708 3640 951 3696 magnam
978 3623 1045 3678 de
1071 3622 1247 3677 Veteri
1275 3622 1614 3676 Testamento
1639 3623 1939 3692 opinionem
1962 3642 1975 3677 :
2005 3624 2119 3679 haec
2152 3646 2157 3649 ν

550 3728 725 3774 autem
750 3725 1015 3784 tamquam
1046 3728 1179 3768 nova
1199 3712 1543 3767 habebantur
1570 3714 1913 3781 contemptui,
1940 3724 2117 3769 osten-

550 3808 627 3864 dit
649 3824 715 3863 ex
741 3804 1062 3861 abundantia
1093 3804 1233 3873 quod
1265 3802 1348 3857 his
1388 3803 1556 3871 magis
1601 3803 1833 3856 animum
1865 3804 2119 3860 adhibere

549 3906 810 3967 oporteat.
839 3893 1148 3963 Quomodo?
1180 3891 1569 3961 Propemodum
1597 3892 1780 3947 dicens
1806 3909 1823 3948 :
1852 3894 1943 3949 Dei
1997 3896 2115 3964 qui-

549 3988 674 4043 dem
697 3995 819 4040 sunt
844 3985 956 4040 hinc
982 3993 1036 4040 et
1062 3984 1169 4047 illa,
1190 3984 1281 4038 sed
1306 3998 1409 4036 non
1428 3983 1697 4037 similiter.
1722 3983 1791 4038 Et
1810 3984 1913 4039 hoc
1933 3998 2115 4054 postea

550 4087 704 4143 nobis
732 4088 1000 4152 ostendit;
1031 4086 1243 4142 interim
1281 4095 1456 4140 autem
1499 4086 1602 4140 hoc
1643 4086 1817 4140 minus
1859 4085 2119 4154 profunde

552 4177 801 4240 adstruit,
842 4189 1026 4249 postea
1053 4188 1227 4233 autem
1262 4179 1612 4239 manifestius.
1642 4178 1825 4232 dicens
1854 4196 1867 4232 :
1900 4176 2036 4230 Nam
2079 4176 2123 4230 si

550 4269 681 4321 illud
708 4270 846 4335 prius
872 4270 1021 4337 culpa
1051 4279 1304 4331 vacasset;
1332 4277 1385 4323 et
1415 4284 1627 4323 rursum
1654 4310 1668 4332 ,
1702 4267 1841 4321 Nam
1867 4267 1999 4333 quod
2026 4284 2123 4320 an-

553 4359 774 4429 tiquatur
799 4370 845 4412 et
874 4360 1117 4425 senescit,
1152 4370 1223 4414 est
1254 4376 1411 4430 prope
1438 4360 1695 4414 interitum
1737 4357 1929 4429 (Infra
1980 4360 2031 4413 8.
2068 4358 2120 4410 7.

552 4448 677 4518 l3).
712 4450 817 4505 Sed
846 4450 1079 4507 nondum
1109 4452 1266 4506 audet
1289 4451 1576 4521 quidquam
1614 4450 1918 4521 hujusmodi
1944 4450 2125 4506 dicere

554 4540 606 4591 in
636 4541 908 4607 prooemiis
932 4583 946 4605 ,
976 4541 1146 4596 denec
1174 4544 1467 4596 auditorem
1502 4542 1739 4610 pluribus
1781 4557 2122 4611 praeoccupa-

553 4632 620 4684 rit
640 4641 694 4687 et
712 4634 957 4688 tenuerit.
984 4633 1091 4689 Cur
1110 4650 1237 4704 ergo
1264 4650 1360 4688 nos
1380 4642 1592 4703 eportet
1620 4634 1785 4704 magis
1811 4633 2125 4689 attendere?

558 4720 641 4773 Ne
670 4726 816 4792 forte,
846 4724 1030 4793 inquit,
1070 4725 1437 4795 pereﬂluumus.
1467 4724 1575 4779 Hoc
1602 4734 1703 4786 est,
1734 4740 1904 4795 neque
1934 4740 2123 4795 perea—

556 4829 708 4877 mus,
746 4830 917 4883 neque
968 4817 1295 4871 exciilamus.
1340 4816 1406 4870 Et
1451 4815 1535 4871 hic
1582 4816 1814 4871 ostendit
1852 4832 2009 4885 quam
2055 4817 2124 4870 sit

554 4906 731 4973 gravis
760 4921 935 4972 casus,
968 4908 1217 4976 quoniam
1242 4918 1324 4962 est
1353 4908 1569 4963 difﬁcile
1594 4918 1651 4960 ut
1677 4908 1725 4961 id
1754 4907 1891 4977 quod
1920 4907 2127 4962 efﬂuxit

556 5007 874 5063 revertatur,
906 5000 1330 5069 quandoquidem
1359 4999 1458 5053 hoc
1481 4999 1673 5055 accidit
1697 5014 1759 5054 ex
1782 5000 2021 5053 socordia
2062 5016 2126 5055 ac

558 5088 893 5157 negligentia.
938 5089 1142 5142 Dictum
1189 5101 1362 5143 autem
1411 5092 1616 5159 accepit
1663 5105 1728 5144 ex
1773 5090 2121 5145 Proverbiis:

562 5176 667 5229 Fili
687 5219 700 5238 ,
744 5179 932 5248 inquit,
966 5197 1026 5233 ne
1050 5180 1311 5250 pereﬂluas
1345 5181 1362 5249 (
1393 5179 1543 5233 Prov.
1579 5182 1630 5235 ’5.
1656 5181 1718 5235 2i
1749 5180 1766 5251 )
1794 5197 1806 5243 ;
1837 5181 2125 5235 ostendens

554 5278 607 5321 et
632 5285 787 5338 quam
820 5269 984 5324 facilis
1013 5272 1082 5324 sit
1105 5272 1304 5339 lapsus,
1328 5280 1383 5325 et
1422 5288 1578 5340 quam
1626 5272 1804 5341 gravis
1854 5273 2122 5327 interitus.

558 5358 669 5413 Hoc
694 5369 773 5413 cst
802 5360 1066 5425 videlicet,
1102 5362 1243 5431 quod
1274 5379 1377 5417 non
1407 5364 1522 5418 sine
1556 5364 1792 5432 periculo
1835 5374 1919 5419 est
1945 5404 1961 5429 ,
2016 5381 2121 5419 non

558 5450 793 5505 obedire.
847 5452 911 5505 Et
959 5468 1054 5522 per
1082 5469 1143 5507 ca
1192 5455 1403 5524 quidem
1450 5472 1568 5525 qua:
1616 5455 1842 5510 adstruit
1890 5459 2123 5512 ostendit

561 5540 733 5607 majus
760 5556 877 5596 esse
907 5543 1246 5612 supplicium.
1277 5544 1447 5613 ipsum
1474 5555 1648 5599 autem
1692 5562 1875 5601 rursus
1908 5548 2125 5602 dimittit

561 5634 964 5701 inquirendum,
996 5652 1095 5691 nec
1138 5638 1424 5693 concludit.
1476 5640 1585 5694 lloc
1628 5647 1768 5695 enim
1812 5651 1896 5696 est
1950 5642 2125 5697 minus

562 5726 837 5780 molestam
868 5726 1093 5784 reddere
1113 5728 1412 5785 orationem
1435 5771 1449 5797 ,
1488 5746 1590 5786 non
1619 5747 1683 5785 ex
1714 5747 1771 5787 sc
1802 5732 1997 5805 ubique
2040 5736 2123 5789 in-

2220 526 2375 591 toris,
2404 537 2461 581 ut
2484 526 2601 598 ipse
2625 527 2762 583 ferat
2787 529 3111 583 sententiam
3144 544 3159 582 :
3188 528 3331 599 quod
3360 530 3576 599 quidem
3619 531 3799 589 reddit

2224 619 2393 686 magis
2422 617 2768 673 benevolum.
2800 618 2911 674 Hoc
2943 620 3116 688 ipsum
3147 629 3323 675 autem
3352 620 3479 675 facit
3530 624 3691 678 etiam
3740 625 3795 679 in

2223 706 2404 763 Veteri
2432 707 2635 762 Nathan
2660 708 2941 779 propheta,
2972 718 3025 763 et
3049 708 3099 763 in
3125 709 3374 767 Matutino
3417 710 3659 768 Christus
3709 714 3793 769 di-

2218 815 2386 857 cens:
2420 802 2553 867 Quid
2577 801 2725 872 faciet
2769 801 3005 873 agricolis
3048 801 3188 856 illius
3230 803 3389 857 vinea
3427 802 3655 873 (Matth.
3703 804 3795 860 ει.

2218 892 2369 962 40)?
2397 902 2452 950 et
2483 892 2628 963 ipsos
2672 908 2870 965 cogens
2917 892 3059 949 ferre
3106 896 3425 949 sententiam
3456 913 3471 949 :
3504 894 3605 951 hoc
3649 896 3795 951 enini

2214 1001 2294 1044 est
2316 991 2550 1044 maxima
2575 989 2813 1043 victoria.
2846 987 3047 1043 Deinde
3076 1002 3198 1043 cum
3241 986 3499 1053 dixisset,
3551 987 3613 1043 Si
3654 988 3792 1045 enim

2212 1081 2299 1150 qui
2324 1097 2413 1149 per
2439 1079 2645 1150 angelos
2673 1078 2840 1133 dictus
2864 1087 2937 1133 est
2961 1093 3146 1143 sermo,
3180 1081 3345 1149 {nctus
3365 1086 3437 1131 est
3463 1077 3662 1145 ﬁrmus,
3688 1093 3794 1132 non

2214 1171 2514 1241 subjunxit,
2538 1168 2704 1224 Multo
2730 1169 2897 1239 magis
2926 1179 3105 1225 autem
3135 1168 3181 1223 is
3205 1169 3293 1237 qui
3340 1183 3438 1238 per
3484 1166 3793 1232 Christum;

2216 1262 2309 1319 sed
2336 1263 2438 1318 hoc
2464 1260 2677 1332 quidem
2706 1260 2871 1327 misit,
2901 1259 3039 1315 dixit
3064 1268 3241 1315 autem
3272 1258 3415 1325 quod
3442 1268 3525 1314 est
3568 1259 3747 1313 minus
3776 1278 3797 1316 :

2219 1352 2487 1419 Quomodo
2516 1367 2607 1407 nos
2633 1349 2955 1423 eﬂugiamus,
2980 1350 3026 1404 si
3066 1358 3261 1404 tantam
3304 1349 3675 1418 neglexerimus
3719 1364 3800 1403 sa-

2218 1445 2419 1500 lutem?
2446 1442 2580 1499 Vide
2606 1451 2787 1499 autem
2810 1441 3079 1512 quomodo
3115 1440 3275 1497 faciat
3311 1440 3789 1510 comparationem.

2219 1535 2281 1590 Si
2306 1537 2439 1589 enim
2458 1533 2546 1604 qui
2577 1549 2668 1601 per
2686 1531 2912 1603 angelos,
2936 1530 3129 1600 inquit,
3153 1530 3318 1585 dictus
3342 1539 3414 1585 est
3442 1546 3626 1584 sermo.
3659 1529 3801 1596 Illic,

2219 1623 2324 1679 Per
2342 1623 2585 1696 angelos;
2615 1623 2701 1677 hic
2727 1634 2928 1685 autem,
2959 1620 3062 1675 Per
3092 1620 3366 1675 Dominum
3397 1637 3417 1675 :
3442 1629 3498 1677 et
3536 1621 3642 1676 illic
3679 1622 3799 1692 quis

2219 1715 2343 1771 dem
2370 1729 2583 1781 sermo;
2615 1714 2701 1769 hic
2729 1722 2905 1768 autem
2936 1712 3101 1768 salus.
3132 1711 3333 1767 Deinde
3362 1726 3429 1767 ne
3469 1710 3613 1765 dicat
3649 1709 3804 1782 quis-

2222 1806 2363 1877 piam
2394 1822 2408 1859 :
2435 1804 2613 1875 Quid?
2637 1819 2756 1875 quae
2778 1813 2834 1858 tu
2859 1803 3012 1869 dicis,
3045 1817 3076 1856 ο
3098 1802 3261 1857 Paule
3278 1842 3294 1869 ,
3323 1816 3386 1857 ea
3413 1811 3535 1858 sunt
3560 1800 3807 1858 Christi?

2222 1905 2562 1969 praeoccupat
2587 1908 2638 1953 et
2669 1895 2773 1952 fide
2797 1895 3013 1966 dignum
3046 1894 3096 1950 id
3124 1894 3394 1959 ostendit,
3446 1905 3501 1951 et
3549 1895 3690 1966 quod
3736 1910 3800 1951 ea

2221 1990 2290 2045 ab
2320 1989 2413 2044 illo
2439 1989 2736 2056 audiverit,
2766 1996 2824 2044 et
2850 1988 2994 2059 quod
3026 2003 3090 2044 ea
3120 2004 3261 2043 nunc
3289 2004 3320 2044 a
3353 1989 3465 2047 Deo
3510 1989 3759 2046 dicantur
3782 2031 3799 2057 ,

2224 2096 2331 2137 non
2378 2080 2550 2135 solum
2589 2093 2721 2136 voce
2771 2093 2867 2149 per
2907 2093 3090 2134 aerem
3138 2080 3370 2148 emissa,
3419 2080 3559 2136 sicut
3603 2081 3802 2139 factum

2224 2180 2308 2228 est
2347 2171 2400 2225 in
2434 2170 2611 2238 Mose,
2661 2168 2756 2225 sed
2805 2168 2972 2241 signis
3014 2184 3132 2240 qua
3185 2169 3383 2226 ﬁebant
3426 2180 3479 2227 et
3510 2172 3672 2229 rebus
3720 2182 3803 2229 te-

2225 2264 2507 2319 stantibus.

2296 2356 2352 2411 4.
2380 2352 2521 2423 Quid
2541 2361 2717 2409 autem
2740 2360 2845 2419 est,
2877 2353 2937 2408 Si
2954 2354 3087 2407 enim
3107 2354 3193 2424 qui
3214 2372 3303 2426 per
3321 2355 3527 2427 angelos
3548 2356 3712 2411 dictus
3733 2366 3806 2411 est

2224 2462 2410 2512 sermo,
2436 2444 2604 2515 {actus
2630 2452 2703 2498 est
2729 2444 2949 2513 ﬁrmus?
2978 2443 3032 2499 In
3063 2444 3295 2516 Epistolis
3325 2463 3540 2519 quoque
3584 2449 3653 2505 ad
3693 2449 3804 2506 Ga-

2226 2538 2361 2594 latas
2388 2535 2467 2592 sic
2490 2534 2622 2591 dicit
2652 2554 2666 2590 :
2698 2533 2959 2605 Disposita
2985 2552 3074 2607 per
3100 2538 3307 2608 angelos
3348 2539 3401 2592 in
3431 2556 3585 2593 manu
3614 2541 3808 2595 media—

2228 2630 2352 2685 toris
2368 2645 2394 2695 ;
2413 2638 2469 2683 et
2491 2642 2699 2693 rursus,
2732 2627 3007 2697 Accepistis
3033 2630 3191 2700 legem
3216 2630 3270 2684 in
3296 2630 3631 2701 dispositione
3652 2650 3812 2705 ange-

2230 2722 2433 2787 lorum,
2458 2729 2506 2775 et
2527 2734 2627 2773 non
2654 2718 2959 2773 custodiistis
2990 2717 3133 2789 (Gal.
3164 2720 3219 2775 3.
3248 2721 3337 2777 l9.
3385 2722 3499 2775 Act.
3529 2723 3579 2776 7.
3609 2723 3699 2793 55)
3720 2739 3735 2788 ;
3757 2732 3811 2779 ct

2232 2812 2428 2883 ubique
2457 2824 2575 2866 eam
2608 2810 2737 2865 dicit
2780 2809 2894 2866 dari
2923 2824 3021 2881 per
3045 2810 3280 2882 angelos.
3315 2811 3569 2867 Nonnulli
3595 2816 3811 2885 quidem

2232 2904 2418 2960 dicunt
2440 2902 2677 2974 Moysem
2710 2902 2876 2958 tacite
2910 2901 3237 2973 significari;
3276 2906 3370 2960 sed
3401 2920 3508 2961 non
3556 2915 3641 2961 est
3682 2921 3815 2962 con-

2232 3008 2547 3054 sentaneum
2575 3012 2590 3050 :
2616 2996 2816 3051 multos
2841 2996 2984 3052 enim
3015 2996 3102 3052 hic
3128 2997 3259 3053 dicit
3288 2998 3532 3068 angelos.
3563 2999 3658 3055 llic
3682 3017 3815 3071 quo-

2234 3102 2339 3159 que
2386 3085 2605 3156 angelos
2645 3100 2740 3141 eos
2768 3086 2899 3140 dicit
2926 3086 3018 3156 qui
3059 3097 3183 3142 sunt
3226 3087 3280 3142 in
3328 3089 3484 3146 caelo.
3515 3088 3652 3157 Quid
3689 3107 3817 3161 ergo

2236 3178 2362 3235 est?
2388 3179 2495 3232 Aut
2518 3176 2831 3248 decaiogum
2878 3177 3009 3233 dicit
3036 3179 3209 3233 solum
3244 3196 3258 3233 :
3292 3179 3403 3235 illic
3432 3183 3575 3237 enim
3608 3185 3818 3255 Moyses

2233 3279 2571 3350 loquebatur,
2603 3287 2659 3332 et
2698 3277 2839 3331 Deus
2879 3274 3242 3346 respondebat
3282 3290 3297 3329 :
3329 3283 3420 3327 aut
3449 3276 3590 3342 quod
3630 3274 3812 3342 angeli

2234 3370 2483 3424 adessent
2513 3368 2623 3422 Deo
2646 3367 2867 3436 iubente
2894 3382 2909 3419 :
2939 3374 3032 3420 aut
3052 3365 3167 3441 haec
3181 3363 3313 3420 dicit
3331 3356 3671 3419 de'omnibus
3696 3379 3815 3433 qnze

2232 3457 2371 3513 dicta
2426 3466 2480 3512 et
2532 3456 2668 3512 facta
2714 3466 2837 3511 sunt
2888 3456 2939 3510 in
2966 3455 3171 3520 Veteri,
3218 3454 3360 3526 quod
3414 3455 3726 3509 societatem
3761 3456 3813 3509 in

2238 3548 2319 3603 liis
2364 3547 2651 3601 habuerint
2700 3546 2897 3616 angeli.
2938 3546 3219 3613 Quomodo
3264 3555 3439 3601 autem
3484 3545 3616 3601 dicit
3663 3547 3809 3612 alibi,

2240 3640 2389 3708 Quod
2420 3639 2501 3693 lea:
2523 3638 2642 3693 data
2671 3640 2768 3709 fuit
2796 3655 2884 3708 per
2911 3637 3105 3692 Mosem
3134 3637 3311 3709 (Joan.
3349 3640 3402 3693 ί.
3435 3638 3522 3702 l7)
3548 3681 3563 3703 ,
3598 3638 3681 3693 hic
3714 3654 3814 3693 au-

2236 3740 2340 3786 tem
2372 3743 2469 3800 per
2509 3729 2765 3803 angelos?
2798 3729 2927 3783 dicit
2963 3730 3106 3784 enim
3132 3771 3147 3795 ,
3183 3728 3251 3781 Et
3296 3728 3547 3783 descendit
3595 3728 3729 3783 Deus
3759 3730 3811 3783 in

2231 3820 2447 3891 caligine
2474 3817 2667 3891 (Exod.
2698 3820 2786 3874 l9.
2812 3819 2929 3889 20).
2961 3820 3019 3874 Si
3049 3820 3181 3873 enim
3202 3820 3287 3889 qui
3314 3835 3400 3886 per
3421 3821 3625 3889 angelos
3649 3819 3811 3873 dictus

2230 3920 2304 3965 est
2329 3926 2514 3975 sermo,
2544 3915 2707 3981 factus
2734 3920 2808 3964 est
2829 3913 3027 3977 ﬁrmus.
3053 3910 3191 3978 Quid
3222 3918 3322 3974 est,
3348 3908 3556 3964 Firmus
3573 3911 3603 3963 ?
3617 3910 3807 3974 Verus,

2233 4012 2291 4055 ut
2314 4002 2385 4057 ita
2413 4002 2609 4069 dicam,
2640 4011 2695 4057 et
2722 4002 2890 4056 tidelis
2922 4019 2937 4056 :
2972 4001 3024 4056 in
3049 4012 3291 4072 tempore
3315 4001 3658 4056 convenienti
3685 4016 3810 4057 eve-

2233 4105 2421 4149 nerunt
2462 4094 2636 4148 omnia
2673 4110 2791 4163 qu:e
2820 4094 2960 4149 dicta
3012 4102 3154 4147 sunt.
3210 4094 3317 4147 Aut
3361 4092 3463 4147 hoc
3505 4093 3664 4159 dicit;
3717 4102 3811 4147 aut

2229 4184 2369 4254 quod
2397 4185 2502 4239 vim
2532 4194 2585 4239 et
2616 4184 2945 4239 dominatum
2976 4184 3234 4249 obtinuit,
3276 4193 3327 4237 et
3368 4184 3523 4237 minus
3554 4183 3622 4236 ad
3666 4182 3810 4237 επε-

2230 4287 2375 4332 ctum
2398 4289 2521 4333 sunt
2553 4279 2825 4343 deduetzc;
2858 4288 2949 4333 aut
2977 4294 3282 4333 sermonem
3307 4277 3436 4332 dicit
3459 4278 3624 4343 jussa.
3646 4276 3807 4332 Multa

2229 4369 2369 4422 enim
2402 4369 2517 4423 sine
2540 4370 2653 4439 iege
2679 4370 2953 4438 jusserunt
2980 4368 3151 4438 angeli
3180 4383 3207 4421 a
3239 4368 3347 4423 Deo
3374 4368 3519 4422 missi
3549 4386 3561 4419 :
3592 4368 3729 4421 sicut
3752 4368 3807 4421 in

2229 4460 2346 4514 loco
2376 4461 2569 4527 luctus,
2602 4471 2840 4529 tempore
2862 4460 3109 4515 iudicum
3140 4462 3189 4513 in
3219 4460 3498 4515 Samsone.
3526 4458 3654 4512 Nam
3685 4476 3807 4528 pro-

2230 4561 2407 4620 pterea
2440 4567 2544 4607 non
2576 4551 2742 4618 dixit,
2772 4552 2879 4607 Lex
2906 4595 2919 4617 ,
2954 4553 3046 4606 sed
3074 4592 3088 4617 ,
3119 4552 3319 4607 Sermo.
3352 4551 3476 4605 Mihi
3508 4560 3686 4604 autem
3719 4550 3806 4605 hic

2229 4644 2394 4712 magis
2426 4642 2562 4697 forte
2588 4644 2797 4699 videtur
2824 4644 3005 4698 dicere
3047 4658 3106 4697 ea
3135 4684 3149 4707 ,
3179 4660 3298 4712 qum
3344 4653 3469 4697 sunt
3497 4642 3805 4711 dispensata

2230 4748 2323 4803 per
2350 4735 2584 4802 angelos.
2622 4734 2757 4801 Quid
2799 4749 2927 4804 ergo
2962 4734 3242 4789 dicemus?
3272 4734 3510 4789 Aderant
3544 4743 3668 4789 tunc
3704 4750 3802 4789 an-

2226 4826 2329 4896 geli
2360 4827 2551 4896 quibus
2583 4836 2708 4881 tnnc
2735 4843 2867 4897 gens
2915 4828 3086 4881 fuerat
3132 4828 3332 4881 credita
3359 4868 3374 4892 ,
3412 4836 3465 4881 ct
3511 4828 3610 4895 ipsi
3664 4827 3805 4882 tubis

2226 4919 2525 4985 canebant;
2556 4929 2609 4975 et
2639 4920 2742 4973 alia
2782 4920 3016 4973 edebant
3036 4961 3049 4983 ,
3080 4935 3273 4988 nempe
3300 4919 3475 4989 ignem
3500 4960 3512 4982 ,
3542 4928 3595 4973 ct
3620 4919 3803 4987 caligi-

2226 5025 2369 5065 nem.
2408 5010 2477 5065 Et
2504 5012 2666 5065 omnis
2691 5053 2705 5077 ,
2748 5011 2956 5080 inquit,
3006 5012 3354 5081 prwvaricatio
3397 5021 3442 5063 et
3471 5011 3809 5065 inobedientia

2227 5104 2415 5174 accepit
2452 5106 2645 5173 justam
2674 5104 2915 5158 mercedis
2942 5104 3345 5158 retributionem.
3391 5104 3505 5158 Non
3543 5106 3656 5159 lucc
3685 5104 3805 5173 qui—

2225 5194 2371 5259 dem,
2405 5194 2490 5247 illa
2515 5203 2693 5249 autem
2714 5210 3070 5265 nequaquam,
3099 5195 3194 5249 sed
3222 5197 3414 5249 omnis.
3446 5194 3587 5249 Nihil
3613 5194 3807 5249 mansit

2226 5286 2449 5339 inultum
2476 5327 2493 5352 ,
2537 5286 2629 5340 sed
2658 5288 2864 5355 Accepit
2882 5289 3077 5355 justam
3106 5289 3348 5341 mercedis
3388 5288 3762 5342 retributionem
3787 5330 3802 5353 ,

2224 5377 2276 5431 id
2305 5387 2407 5440 est,
2433 5379 2834 5448 castigationem
2865 5390 2915 5433 et
2944 5394 3179 5448 pinnam.
3206 5382 3311 5435 Cur
3332 5392 3513 5435 autem
3540 5382 3617 5437 sic
3640 5383 3799 5437 dixit!

2226 5468 2297 5521 Ita
2339 5470 2474 5523 solet
2514 5470 2706 5523 Paulus
2735 5470 3029 5525 dictionum
3063 5488 3167 5525 non
3196 5487 3443 5541 magnam
3472 5472 3671 5527 habere
3715 5488 3799 5526 ra—

2226 5562 2464 5627 tionem,
2498 5562 2591 5617 sed
2624 5564 3085 5619 indiscriminatim
3132 5566 3290 5619 etiam
3338 5566 3389 5618 in
3438 5566 3599 5622 rebus
3648 5566 3802 5622 bonis

2226 5668 2423 5723 ponere
2454 5670 2514 5709 ca
2543 5672 2663 5726 qua:
2693 5657 2886 5711 malam
2914 5657 3111 5713 habent
3140 5659 3588 5726 significationem
3619 5678 3630 5713 :
3663 5659 3805 5714 sicut

2222 5747 2382 5804 etiam
2410 5748 2540 5806 dicit
2566 5750 2715 5819 alibi,
2748 5750 2814 5807 In
2835 5754 3173 5824 captivitatem
3197 5755 3476 5825 redigentcs
3507 5771 3705 5810 omnem
3725 5757 3804 5810 in-
