4112 6344
216 385 282 440 51
1009 383 1078 441 I'N
1117 382 1339 440 EPIST.
1402 382 1497 437 AD
1536 375 1895 437 HEBREOS.
1939 379 2094 436 CAP.
2129 379 2194 438 ll.
2224 380 2461 441 HOMIL.
2505 382 2602 440 Ill.
3457 385 3535 444 $1

224 509 618 570 διακονοῦντας
646 503 782 574 ἡμῖν
809 499 901 556 διὰ
920 499 1010 555 τὸν
1034 501 1189 563 Θεὸν,
1231 499 1326 552 καὶ
1360 499 1441 561 είς
1479 496 1549 551 τά
1585 495 1818 568 μέγιστα

227 590 658 654 διακονοῦντας;
725 585 826 640 Διὰ
861 585 1020 639 τοῦτό
1050 602 1215 656 φησιν
1243 587 1272 638 0
1317 581 1529 645 Παῦλος
1553 597 1569 612 °
1613 580 1816 635 Πάντα

230 675 418 746 ὑμῶν,
462 674 587 728 ειτε
618 672 750 739 ζωὴ,
807 671 928 725 εἴτε
968 671 1249 735 θάνατος,
1271 667 1394 722 ειτε
1413 667 1669 746 κόσμος,
1699 663 1820 717 εἶτε

229 758 550 826 ἐνεστῶτα,
569 756 683 831 [29]
705 755 826 810 ειτε
839 753 1185 825 μέλλοντας
1195 752 1482 823 Ἑπέμφθη
1501 749 1600 821 μιν
1615 745 1709 803 οὖν
1726 747 1820 801 καὶ

229 843 427 910 όΥίὸς,
469 842 585 896 ἀλλ’
603 841 789 911 οὐχώς
803 839 1074 902 διάκονος.
1107 837 1319 900 οὐδὲὼς
1353 831 1819 904 λειτουργδς,ἀλλ’

229 928 301 990 ώς
329 927 460 989 Υίδς
475 926 572 979 καὶ
592 925 906 995 μονογενὴς,
923 924 1017 976 καὶ
1034 921 1102 974 τὰ
1119 922 1260 974 αὐτὰ
1274 920 1352 989 τῷ
1375 917 1550 989 Πατρὶ
1564 915 1820 988 βουλόμεο

229 1010 566 1076 νος.Μᾶλλον
583 1010 642 1062 δέ
652 1009 775 1063 οὐδέ
792 1007 1068 1077 ἐπέμφθη·
1087 1007 1148 1059 οὐ
1166 1006 1275 1076 γὰρ
1289 1007 1353 1058 ἐκ
1365 1004 1534 1057 τόπου
1552 1003 1634 1066 είς
1649 1000 1817 1054 τόπον

229 1095 457 1166 μετέϐη.
481 1094 618 1149 ἀλλά
633 1095 812 1164 σάρκα
837 1091 1098 1145 ἀνέλαϐεν
1123 1105 1137 1120 ’
1180 1085 1328 1144 οὗτοι
1353 1088 1410 1142 δέ
1433 1087 1634 1149 τόπους
1655 1083 1817 1152 ἀμεί-

227 1180 403 1245 ϐουσι,
431 1179 526 1233 καὶ
541 1178 667 1241 τοὺς
683 1174 984 1248 προτέρους
1012 1173 1245 1240 ἀφέντες
1264 1174 1321 1226 ἐν
1349 1167 1433 1235 οἷς
1449 1173 1610 1235 είσιν,
1642 1167 1817 1231 οὕτως

227 1264 309 1324 είς
325 1262 548 1334 ἐτέρους
562 1261 814 1332 ἐρχονται
834 1259 893 1311 ἐν
907 1253 988 1322 οἷς
1014 1257 1114 1310 ούκ
1130 1251 1293 1328 ἦσαν.
1317 1256 1428 1308 Kal
1449 1253 1608 1307 τοῦτο
1622 1252 1680 1306 δι
1698 1251 1816 1305 πά-

227 1344 308 1400 λιν
331 1345 772 1418 παραθαρρύνων
803 1343 1002 1405 αὐτοὺς
1035 1341 1185 1410 λέγει
1219 1357 1233 1371 °
1257 1340 1323 1394 Τί
1353 1339 1658 1403 δεδοίκατε;
1712 1337 1814 1418 ἀγ-

225 1430 376 1500 γελοι
395 1417 740 1484 διακονοῦσιν
767 1429 920 1498 ἡμῖν.
976 1425 1088 1480 Kal
1133 1423 1306 1478 είπὼν
1343 1423 1475 1494 περὶ
1517 1419 1614 1474 τοῦ
1655 1417 1810 1485 Υίοῦ,

225 1516 319 1570 καὶ
353 1515 425 1568 τά
458 1513 602 1570 κατά
650 1512 753 1583 τὴν
795 1509 1132 1580 οίκονομίαν,
1174 1508 1271 1562 καὶ
1299 1507 1370 1561 τὰ
1418 1506 1562 1560 κατὰ
1588 1503 1688 1578 τὴν
1720 1501 1817 1574 δη-

225 1599 541 1673 μιουργίαν,
571 1598 668 1652 καὶ
685 1595 754 1650 τά
786 1595 929 1650 κατά
960 1595 1058 1665 τὴν
1081 1592 1380 1664 βασιλείαν,
1416 1591 1511 1644 καὶ
1534 1588 1599 1673 το
1627 1588 1812 1673 0510:}-

226 1668 327 1756 μον
362 1668 568 1748 δείξας,
615 1681 712 1735 καὶ
743 1680 825 1733 ὅτι
849 1678 927 1741 ώς
973 1676 1257 1747 Δεσπότης
1286 1673 1508 1744 κρατεῖ,
1550 1671 1674 1741 ούχὶ
1702 1668 1814 1723 τῶν

221 1771 319 1824 ἀνθ
328 1770 529 1843 ρώπων
551 1768 733 1839 μόνον,
760 1765 899 1820 ἀλλά
920 1763 1136 1818 καὶτῶν
1161 1762 1276 1817 ἀνω
1299 1759 1604 1843 δυνάμεων,
1625 1757 1815 1843 λοιπὸν

221 1840 537 1926 παρακαλεῖ
577 1851 798 1914 αὐτοὺς,
839 1847 1264 1908 κατασκευάσας
1293 1844 1386 1898 τὸν
1439 1842 1596 1911 λόγον
1618 1840 1811 1926 ,ὥστε

221 1923 515 2012 προσέχειν
544 1938 693 2008 ἡμᾶς
717 1938 831 1999 τοῖς
855 1932 1190 1997 ἀκουσθεῖσι,
1225 1930 1322 1984 καί
1347 1944 1482 2000 φησι
1511 1943 1526 1958 ·
1569 1925 1670 1980 Διὸ
1690 1923 1809 1994 χρὴ

218 2034 667 2106 περισσοτέρως
714 2030 873 2102 ἡμᾶς
898 2028 1227 2099 προσέχειν
1249 2025 1372 2092 τοῖς
1387 2022 1807 2106 ἀκουσθεῖσιν.

231 2105 500 2174 Ἐνταῦθα
545 2116 867 2188 βουλόμενος
914 2116 1113 2177 εἰπεῖν,
1161 2112 1246 2166 ότι
1277 2110 1360 2164 δεῖ
1403 2105 1810 2179 περισσοτέρως

218 2203 314 2257 τοῦ
343 2202 515 2272 νόμου
533 2199 847 2271 προσέχειν,
877 2196 1189 2267 ἐσιώπησαν
1204 2193 1360 2258 αὐτὸ,
1391 2192 1549 2262 δῆλον
1577 2189 1634 2243 δέ
1657 2190 1810 2272 ὅμως

217 2285 380 2340 τοῦτο
395 2271 545 2339 ποιεί
560 2286 618 2338 ἐν
637 2284 704 2354 τῇ
741 2281 1079 2350 κατασκευῇ,
1104 2278 1204 2332 οὐκ
1222 2278 1280 2330 ἐν
1297 2275 1577 2347 συμϐουλῇ
1603 2271 1726 2326 οὐδὲ
1749 2271 1809 2323 ἐν

219 2371 572 2444 παρακλήσει
592 2384 607 2399 ·
653 2367 798 2421 οὕτω
822 2366 929 2437 γὰρ
942 2365 1166 2434 άμεινον
1177 2357 1267 2435 ἦν.
1290 2363 1359 2416 El
1369 2362 1540 2444 τὰρό
1549 2359 1624 2414 δι’
1643 2357 1811 2444 ἀγγέτ

213 2441 345 2512 λειιῦρ
374 2452 668 2522 λαληθεὶς
697 2453 900 2520 λόγος,
939 2448 1128 2519 φησὶν,
1162 2445 1403 2516 ἐγένετο
1422 2443 1691 2510 βέϐαιος,
1709 2441 1807 2496 καί

214 2535 388 2596 πᾶσα
407 2535 746 2606 παράϐασις
761 2533 860 2588 καί
875 2530 1152 2600 παρακοὴ
1175 2531 1396 2586 ἐλαϐεν
1430 2527 1676 2582 ἔνδικον
1706 2543 1800 2598 μιο

213 2619 662 2676 σθαποδοσιανο
681 2615 809 2684 πῶς
822 2616 992 2687 ἡμεῖς
1005 2611 1810 2685 ἐκφευξόμεθα,τηλικαύτης

213 2705 643 2774 ἀμελήσαντες
689 2701 1027 2769 σωτηρίαςς
1099 2697 1233 2767 ἣτις
1291 2697 1493 2766 ἀρχὴν
1531 2695 1808 2750 λαθοῦσα

211 2787 537 2843 λαλεῖσθαι
583 2786 681 2840 διὰ
720 2784 828 2838 τοῦ
870 2783 1128 2852 Κιφίου,
1179 2783 1268 2848 εις
1303 2778 1464 2850 ἡμᾶς
1507 2779 1630 2834 ὑπὸ
1687 2777 1809 2831 τῶν

209 2869 614 2928 ἀκουσάντων
650 2867 988 2935 ἐϐεϐαιώθη.
1013 2867 1110 2920 Διά
1134 2865 1186 2918 τί
1229 2863 1636 2936 περισσοτέρως
1657 2863 1808 2934 ἡμᾶς

211 2955 296 3010 δεῖ
328 2955 624 3026 προσέχειν
650 2955 760 3014 τοῖς
787 2950 1182 3015 άκουσθεῖσιν;
1225 2949 1345 3018 οὐχὶ
1390 2948 1620 3001 κάκεῖνα
1641 2945 1806 3011 Θεοῦ,

209 3042 307 3096 καὶ
365 3039 581 3104 ταῦτα;
644 3037 715 3089 Ἦ
774 3034 954 3088 τοίνυν
1013 3032 1423 3104 περισσοτέρως
1480 3030 1576 3085 τοῦ
1637 3030 1806 3101 νόμου

211 3124 406 3196 φησὶν,
445 3122 478 3192 ἢ
513 3123 594 3175 ὃτι
625 3120 878 3191 μεγάλως
899 3136 913 3150 ·
947 3118 1070 3188 οὐχὶ
1109 3116 1440 3188 συγκρίνων,
1471 3114 1546 3185 μὴ
1568 3115 1803 3183 γένοιτο.

222 3205 446 3277 Ἐπειδὴ
485 3204 595 3274 γάρ
647 3204 752 3257 ὑπὸ
800 3201 896 3255 τοῦ
941 3203 1135 3274 χρόνου
1174 3199 1270 3254 τοῦ
1319 3197 1516 3253 πολλοῦ
1563 3197 1808 3270 μεγάλην

211 3285 362 3362 εῐχον
403 3290 534 3362 περὶ
568 3287 670 3358 τῆς
701 3286 945 3349 Παλαιᾶς
982 3284 1278 3355 ὑπόληψιν,
1324 3284 1498 3337 ταῦτα
1526 3283 1583 3336 δὲ
1615 3281 1691 3345 ὡς
1711 3282 1808 3335 νέα

210 3374 293 3429 ἐτι
356 3373 840 3444 καταπεφρόνητο,
908 3370 1183 3424 δείκνυσιν
1236 3371 1302 3422 ἐκ
1338 3367 1682 3439 περιουσίας,
1723 3366 1806 3419 ὅτι

208 3458 425 3520 τούτοις
479 3457 562 3510 δεῖ
617 3455 819 3528 μᾶλλον
873 3453 1184 3526 προσέχειν.
1261 3453 1426 3520 Πῶς;
1505 3450 1808 3520 Μονονουχὶ

210 3543 412 3612 λέγων,
437 3544 520 3596 ὅτι
561 3541 657 3595 τοῦ
684 3540 823 3594 Θεοῦ
859 3542 959 3611 μὲν
1008 3539 1104 3594 καὶ
1159 3537 1333 3592 ταῦτα
1380 3538 1631 3601 κάκεῖνα,
1689 3536 1806 3589 ἀλλ’

208 3629 308 3700 οὐχ
337 3627 565 3699 ὁμοίως.
615 3627 726 3679 Kal
754 3624 913 3679 τοῦτο
949 3626 1082 3696 ἡμῖν
1112 3623 1341 3694 ὕστερον
1355 3622 1600 3675 δείκνυσι
1619 3637 1633 3652 ο
1665 3621 1804 3682 τέως

209 3712 264 3766 δέ
317 3711 773 3781 ἐπιπολαιότερον
817 3707 950 3763 αὐτὸ
990 3707 1424 3772 κατασκευάζει,
1473 3704 1701 3774 ὕστερον
1747 3703 1805 3757 δὲ

211 3795 617 3868 φανερώτερον,
654 3793 828 3863 λέγων
849 3810 862 3822 ·
937 3795 1008 3847 El
1045 3794 1156 3861 γὰρ
1187 3793 1224 3859 ἡ
1256 3790 1456 3859 πρώτη
1488 3790 1688 3859 ἐκείνη
1727 3786 1806 3860 ἦν

209 3882 518 3952 ἄμεμπτος
547 3895 560 3909 ο
593 3879 690 3931 καὶ
727 3877 913 3943 πάλιν,
949 3876 1019 3930 Τὸ
1059 3876 1168 3946 γὰρ
1199 3877 1650 3944 παλαιούμενον
1702 3874 1803 3929 καί

210 3965 529 4037 γηράσκον
581 3963 763 4033 ἐγγὺς
805 3962 1155 4031 ἀφανισμοῦ
1181 3977 1196 3993 α
1268 3963 1361 4016 καὶ
1422 3961 1594 4014 πολλά
1637 3961 1804 4031 ἐτερα

208 4049 460 4104 τοιαῦτα.
507 4047 651 4100 Ἀλλ’
677 4045 830 4099 οὔπω
852 4045 1029 4117 τολμᾷ
1058 4042 1301 4100 τοιοῦτον
1355 4045 1507 4098 οὐδὲν
1542 4047 1719 4098 είπείν
1744 4046 1803 4098 ἐν

208 4135 544 4208 προοιμίοις,
583 4133 688 4195 ἕως
733 4131 801 4185 ἂν
837 4129 1231 4203 προκαταλάϐῃ
1278 4129 1374 4184 καὶ
1415 4130 1663 4202 κατάσχῃ
1686 4133 1804 4193 ταῖς

207 4219 422 4274 πλείοσι
458 4219 939 4286 προκατασκευαῖς
971 4215 1062 4268 τὸν
1107 4215 1410 4286 ἀκροατήν.
1464 4215 1562 4267 Διὰ
1605 4215 1659 4268 τί
1694 4215 1804 4267 τοί-

208 4305 302 4359 νῦν
350 4303 434 4356 δεῖ
475 4300 890 4372 περισσοτέρως
928 4301 1075 4371 ἡμᾶς
1109 4299 1424 4370 προσέχειν,
1470 4300 1618 4366 είπέ,
1676 4301 1803 4368 Μή-

206 4403 375 4451 ποτε,
555 4385 710 4456 φησὶ,
745 4383 1202 4453 παραρρυῶμεν.
1243 4385 1525 4452 Τουτέστι,
1558 4385 1634 4457 μὴ
1669 4389 1802 4441 ἀπο-

206 4472 454 4544 λώμεθα,
503 4469 578 4541 μὴ
622 4471 971 4540 ἐκπέσωμεν.
1038 4470 1147 4522 Καὶ
1170 4468 1448 4522 δείκνυσιν
1471 4470 1710 4525 ἐνταῦθα
1741 4473 1802 4526 τὸ

206 4555 445 4628 χαλεπὸν
479 4554 577 4624 τῆς
595 4551 949 4620 ἐκπτώσεως,
977 4554 1061 4605 ὅτι
1095 4553 1358 4606 δύσκολον
1393 4553 1453 4606 τὸ
1479 4556 1800 4627 παραρρυὲν

207 4640 373 4694 πάλιν
407 4638 746 4703 ἐπανελθεῖν,
774 4637 963 4692 καθότι
996 4639 1061 4691 ἐκ
1086 4637 1362 4709 ῥᾳθυμίας
1393 4640 1553 4693 τοῦτο
1577 4643 1797 4714 συνέϐη.

209 4724 414 4778 Ἐλαϐε
458 4722 515 4776 δὲ
562 4722 662 4792 τὴν
688 4721 832 4785 λέξιν
865 4721 974 4775 ἀπὸ
1007 4722 1116 4774 τῶν
1141 4722 1484 4792 Παροιμιῶνο
1539 4725 1633 4779 Υἱὲ
1666 4726 1795 4797 γὰρ,

207 4809 364 4877 φησὶ.
397 4807 484 4876 μὴ
529 4805 911 4876 παραρῤυῇς·
957 4805 1138 4860 καὶτὸ
1170 4806 1391 4859 εὕκολον
1439 4806 1534 4860 τοῦ
1582 4809 1800 4866 ὀλίσθου

205 4893 457 4955 δεικνὺς,
497 4893 592 4944 καὶ
633 4892 696 4944 τὸ
743 4893 982 4962 χαλεπὸν
1006 4893 1104 4962 τῆς
1134 4893 1411 4955 ἀπωλείας
1443 4910 1456 4923 ο
1496 4897 1798 4964 τουτέστιν,

205 4978 305 5030 οὐκ
345 4975 633 5038 ἀκίνδυνος
665 4977 792 5046 ἡμῖν
815 4972 850 5044 ὴ
883 4980 1157 5048 παρακοή.
1205 4979 1314 5030 Kal
1351 4979 1418 5030 δι’
1462 4973 1536 5031 ὧν
1570 4980 1669 5050 μὲν
1695 5000 1798 5035 κα-

205 5059 534 5130 τασκευάζει
561 5060 839 5113 δείκνυσιν
865 5061 949 5114 ὃτι
979 5061 1185 5130 μείζων
1212 5064 1245 5132 ἡ
1273 5062 1516 5126 κόλασις.
1576 5065 1799 5136 Ἀφίησι

204 5146 259 5200 δὲ
291 5146 458 5199 πάλιν
521 5145 694 5216 αὐτὴν
733 5145 792 5197 ἐν
829 5147 894 5216 τῇ
945 5145 1328 5217 περιζητὴσει,
1360 5147 1455 5198 καὶ
1485 5148 1584 5199 ούκ
1632 5151 1690 5202 tv
1720 5152 1798 5222 τῷ

207 5231 663 5300 συμπεράσματι.
710 5229 821 5282 Kal
847 5229 958 5302 γὰρ
987 5229 1148 5282 τοῦτό
1207 5233 1355 5284 ἐστιν
1396 5231 1683 5304 ἀνεπαχθῆ
1708 5237 1798 5289 τὸν

204 5314 364 5381 λόγον
418 5315 616 5378 ποιεῖν,
676 5314 752 5384 μὴ
794 5313 888 5383 ἀφ’
940 5313 1136 5368 ἐαυτοῦ
1185 5315 1469 5386 πανταχοῦ
1493 5319 1590 5388 τὴν
1614 5321 1799 5390 κρίσιν

204 5397 485 5464 ἐπάγοντα
545 5397 966 5466 ἀποφαίνεσθαι,
1016 5397 1153 5452 ἀλλὰ
1203 5399 1393 5472 κύριον
1435 5402 1654 5468 ἀφιέναι
1707 5405 1798 5457 τὸν

204 5481 511 5550 ἀκροατὴν,
571 5481 662 5534 ἵνα
715 5482 880 5545 αὐτὸς
924 5483 1126 5555 ἐνέγκῃ
1154 5483 1253 5554 τὴν
1285 5485 1469 5555 ψῆφον
1503 5505 1514 5516 ·
1543 5488 1681 5559 ὅπερ
1703 5492 1797 5542 καὶ

203 5565 750 5636 εὐγνωμονεστέρους
803 5567 974 5620 ἐποίει
1030 5569 1309 5636 γενέσθαι.
1374 5571 1526 5624 Ποιεῖ
1565 5572 1622 5624 δὲ
1663 5575 1797 5628 αὐτὸ

204 5649 301 5702 καὶ
341 5650 400 5701 tv
448 5651 515 5719 τῇ
558 5649 772 5720 Παλαιᾷ
818 5653 846 5703 0
884 5653 1171 5724 προφήτης
1217 5652 1440 5719 Νάθαν,
1498 5657 1594 5710 καὶ
1633 5658 1691 5709 ἐν
1720 5659 1796 5730 τῷ

204 5730 473 5802 Ματθαίῳ
538 5735 568 5786 0
628 5733 866 5804 Χριστὸς
931 5735 1104 5804 λέγων
1155 5753 1168 5766 ·
1256 5739 1316 5790 Τί
1367 5738 1610 5804 ποιήσει
1669 5743 1794 5810 τοῖς

205 5815 484 5885 γεωργοῖς
531 5817 638 5871 τοῦ
688 5817 1048 5887 ἀμπελῶνος
1093 5819 1372 5885 ἐκει’νου;
1443 5823 1541 5876 καὶ
1593 5825 1795 5891 αὐτοὺς

202 5900 535 5971 ἀναγκάζων
558 5901 656 5974 τὴν
682 5901 865 5973 ψῆφον
904 5904 1214 5974 ἐξενεγκεῖν
1244 5922 1258 5936 ⁸
1289 5907 1448 5962 τοῦτο
1475 5907 1585 5979 γὰρ
1623 5910 1654 5981 ἡ
1699 5928 1790 5982 μευ

1927 493 2092 567 γίστη
2117 495 2262 568 νίκη,
2317 493 2452 552 Εἶτα
2475 498 2668 552 είπών·
2718 498 2788 554 Et
2809 500 2920 572 τάρ
2945 501 2980 556 ό
3006 499 3083 554 δι’
3118 499 3396 572 ἀγγέλων
3418 505 3533 556 λα-

1928 580 2138 647 ληθεὶς
2158 583 2345 652 λόγος
2371 581 2894 654 ἐγένετοβέϐαιος,
2921 585 3021 638 οὐκ
3045 586 3319 656 ἐπήγαγε,
3347 583 3530 657 πολλῷ

1930 663 2133 731 μᾶλλον
2167 665 2195 718 ό
2243 665 2336 720 διὰ
2383 666 2477 720 τοῦ
2500 667 2742 738 Χριστοῦ
2769 685 2783 699 ο
2818 667 2958 722 ἀλλά
2999 666 3160 722 τοῦτο
3193 668 3292 739 μὲν
3321 667 3528 734 είασεν,

1925 743 2046 801 εἷπε
2078 749 2224 802 δὲτὸ
2254 751 2499 818 ἔλαττον,
2559 752 2694 820 Πῶς
2735 753 2906 824 ἡμεῖς
2947 753 3382 822 ἐκφευξόμεθα,
3429 770 3532 820 τη-

1922 833 2214 900 λικαύτης
2258 834 2685 906 ἀμελήσαντες
2722 837 3068 906 σωτηρίας;
3119 837 3227 889 Καὶ
3259 837 3363 906 ὅρα
3405 834 3528 898 πῶς

1924 918 2162 970 ποιεῖται
2187 918 2286 988 τὴν
2313 918 2630 991 σύγκρισιν.
2680 922 2750 974 Et
2784 921 2895 990 γὰρ
2942 924 2976 975 ό
3020 920 3095 973 δι’
3133 914 3404 988 ἀγγέλων
3423 918 3530 971 λό-

1921 1014 2028 1067 ⁴νος
2063 1002 2371 1069 λαληθεὶς,
2406 1003 2596 1074 φησίν.
2640 1003 2808 1069 Ἐκεῖ,
2835 1005 2917 1058 Δι’
2942 1004 3244 1073 ἀγγέλων,
3289 999 3529 1055 ἐνταῦθα

1919 1081 2000 1144 δὲ,
2032 1083 2138 1138 Διά
2163 1085 2272 1140 τοῦ
2307 1087 2529 1156 Κιιρίου
2563 1104 2577 1119 ·
2612 1089 2779 1142 κάκεῖ
2821 1089 2922 1159 μὲν
2945 1094 3146 1156 λόγος,
3198 1085 3438 1142 ἐνταῦθα
3468 1085 3528 1139 δέ

1921 1169 2194 1244 σωτηρία.
2245 1166 2402 1237 Εἶτα,
2431 1172 2517 1225 ἵνα
2548 1172 2624 1243 μὴ
2649 1172 2778 1244 εῖπῃ
2803 1189 2909 1237 τις,
2937 1173 2991 1227 τί
3013 1171 3138 1236 δαίς
3167 1171 3203 1226 ά
3233 1171 3300 1225 σὺ
3324 1169 3526 1238 λέγεις,

1919 1243 1966 1303 ὦ
2010 1251 2216 1317 Παῦλε,
2277 1254 2454 1310 ταῦτα
2477 1257 2575 1309 τοῦ
2629 1243 2875 1327 Χριστοῦ
2926 1259 3082 1323 tam;
3117 1255 3527 1325 προλαμϐάνει,

1919 1334 2018 1387 καὶ
2060 1335 2413 1392 ἀποδείκνυσι
2458 1341 2522 1393 τὸ
2556 1338 2876 1405 ἀξιόπιστον
2915 1339 3129 1411 έχοντα.
3173 1338 3266 1410 Τῷ
3299 1356 3362 1393 τε
3391 1341 3526 1409 παρ’

1920 1418 2132 1472 ἐκείνου
2156 1421 2268 1493 γὰρ
2299 1422 2599 1492 ἀκηκοέναι
2632 1423 2772 1477 αὐτὰ
2809 1422 2871 1476 τὸ
2905 1424 3227 1488 ἀξιόπιστον
3255 1422 3523 1485 δείκνυσι,

1918 1503 2013 1556 καὶ
2039 1503 2118 1574 τῷ
2155 1504 2250 1559 νῦν
2273 1503 2378 1559 ὑπὸ
2413 1507 2512 1559 τοῦ
2535 1505 2672 1561 Θεοῦ
2707 1507 2850 1562 αύτά
2882 1506 3165 1576 λέγεσθαι,
3201 1505 3301 1576 οὐχ
3333 1504 3526 1570 ἁπλῶς
3571 1525 3575 1527 ·

1919 1587 2108 1655 φωνῆς
2159 1584 2507 1661 φερομένης,
2559 1590 2815 1661 καθάπερ
2865 1589 2963 1643 ἐπὶ
3009 1591 3334 1655 Μωῦοέως,
3384 1589 3526 1642 ἀλλά

1919 1672 2166 1741 σημείων
2195 1672 2524 1743 γινομένων,
2554 1673 2651 1728 καὶ
2681 1675 3031 1746 πραγμάτων
3065 1672 3520 1745 μαρτυρούντων.

1988 1754 2054 1813 δ’.
2081 1756 2216 1810 Τίδέ
2235 1759 2406 1823 ἐστιν,
2425 1760 2493 1812 El
2523 1759 2637 1828 γὰρ
2661 1761 2696 1814 ό
2719 1758 2794 1812 δι’
2815 1757 3093 1828 ἀγγέλων
3108 1757 3401 1826 λαληθεὶς
3415 1758 3524 1814 λό-

1915 1858 2021 1911 γος
2039 1841 2280 1911 ἐγένετο
2293 1842 2579 1911 ,ϐέϐαιος;
2611 1845 2725 1898 Kal
2753 1844 2814 1896 ἐν
2837 1847 2904 1916 τῇ
2933 1843 3069 1915 πρὸς
3099 1841 3350 1908 Γαλάτας
3370 1842 3518 1898 οὕτω

1915 1942 2034 1989 πως
2072 1927 2240 1998 φησί·
2273 1928 2586 1998 Διαταγεὶς
2616 1927 2693 1982 δι’
2735 1928 3014 1999 ἀγγέλων
3041 1927 3114 1981 ἐν
3157 1927 3311 1996 χειρί
3344 1928 3522 1997 μεσί-

1913 2025 2022 2082 τοο
2046 2025 2060 2038 ·
2099 2010 2192 2063 καὶ
2244 2010 2430 2073 πάλιν,
2457 2010 2737 2066 Ἐλάϐετε
2766 2013 2874 2065 τὸν
2901 2011 3094 2081 νόμον
3114 2011 3203 2076 είς
3231 2009 3522 2080 διαταγὰς

1912 2092 2207 2162 ἀγγέλων,
2272 2093 2373 2147 καί
2427 2096 2540 2148 οὐκ
2572 2094 2954 2164 ἐφυλάξατεθ
2988 2094 3086 2149 καὶ⁵
3138 2095 3420 2167 πανταχοῦ
3447 2095 3520 2150 δι’

1913 2176 2165 2245 ἀγγέλων
2223 2178 2390 2231 αὐτόν
2444 2195 2579 2248 φησι
2615 2178 2883 2234 δίδοσθαι.
2937 2178 3101 2243 Τινές
3137 2178 3240 2248 μὶν
3285 2176 3381 2235 οὖν
3425 2181 3522 2238 τὸν

1912 2262 2157 2316 Μωῦσέα
2194 2264 2361 2333 φασὶν
2400 2263 2738 2319 αίνίττεσθαι
2763 2281 2778 2296 ⁸
2832 2263 2954 2318 ἀλλ’
3006 2264 3107 2318 οὐκ
3153 2264 3271 2338 ἔχει
3316 2265 3517 2335 λόγον·

1913 2345 2179 2416 ἀγγέλους
2211 2350 2324 2418 γὰρ
2354 2347 2595 2402 ἐνταῦθα
2625 2344 2743 2422 [Si]
2778 2347 3016 2412 πολλούς
3058 2365 3216 2420 φησι.
3257 2351 3372 2404 Kal
3416 2352 3522 2421 ἀγ-

1911 2430 2109 2499 γέλους
2136 2431 2194 2485 δέ
2219 2430 2459 2484 ἐνταῦθα
2477 2433 2707 2496 τούτους
2731 2432 2866 2503 φησὶ
2889 2432 3020 2496 τοὺς
3049 2435 3110 2487 ἐν
3133 2433 3213 2504 τῷ
3236 2433 3455 2506 οὐρανῷ
3467 2444 3517 2489 ⁸.

1912 2513 1979 2566 Τί
2005 2509 2100 2568 οὖν
2129 2515 2281 2568 ἐστιν
2309 2515 2524 2580 είπετνς
2563 2517 2724 2571 Ἤτοι
2751 2515 2853 2587 τὴν
2880 2515 3188 2585 δεκάλογόν
3233 2533 3370 2588 φησι
3417 2517 3520 2587 μό-

1910 2615 2040 2653 νονο
2093 2600 2214 2653 ἐκεῖ
2241 2600 2352 2670 γὰρ
2391 2601 2635 2672 Μωῦσῆς
2670 2600 2875 2666 ἐλάλει,
2909 2600 3007 2654 καὶ
3031 2602 3060 2654 0
3113 2600 3248 2666 Θεὸς
3283 2603 3520 2674 ἀπεκρί-

1909 2699 2069 2738 νετο·
2102 2683 2242 2755 ηὸτι
2268 2685 2529 2758 παρῆσαν
2569 2685 2821 2755 ἄγγελοι,
2853 2683 2950 2738 τοῦ
2976 2683 3116 2739 Θεοῦ
3153 2685 3519 2758 διαταττομέ-
3635 2726 3640 2732 .

1910 2786 2006 2824 νου
2028 2785 2043 2800 ο
2097 2768 2133 2840 ἢ
2173 2769 2258 2823 ὅτι
2314 2769 2585 2842 περὶτῶν
2613 2771 2672 2824 ἐν
2701 2772 2770 2842 τῇ
2819 2769 3041 2843 Παλαιᾷ
3074 2770 3394 2842 λεγομένων
3425 2771 3521 2826 καὶ

1911 2853 2310 2925 πραττομένων
2339 2855 2619 2920 ἁπάντων,
2647 2853 2726 2918 ώς
2752 2853 3009 2923 ἀγγέλων
3061 2857 3519 2925 κοινωνησάντων

1911 2937 1970 2989 ἐν
1995 2937 2208 3002 τούτοις
2247 2937 2424 2992 ταῦτά
2467 2951 2624 3008 φησι.
2662 2938 2791 3002 Πῶς
2830 2938 2888 2992 δὲ
2917 2937 3158 3008 ἀλλαχοῦ
3200 2956 3390 3011 φησιν.
3433 2941 3519 2994 ὅτι

1929 3018 1993 3071 '0
2013 3020 2202 3089 νόμος
2233 3019 2330 3073 διὰ
2359 3021 2659 3086 Μωῡσέως
2684 3020 2892 3088 ἐδόθη,
2931 3021 3170 3074 ἐνταῦθα
3205 3022 3263 3075 δέ
3317 3021 3384 3076 δι’
3412 3025 3518 3092 ἀγ-

1910 3102 2120 3172 γέλων;
2160 3105 2296 3174 φησὶ
2345 3104 2476 3175 γάρ,
2519 3104 2629 3158 Καὶ
2670 3103 2892 3173 κατέϐη
2923 3107 2958 3159 ό
3013 3105 3159 3173 Θεὸς
3189 3106 3261 3160 ἐν
3288 3107 3513 3177 γνόφῳ.

1910 3190 1979 3243 Et
2028 3187 2140 3257 γὰρ
2190 3191 2224 3242 ό
2271 3188 2347 3241 δι’
2379 3187 2654 3258 ἀγγέλων
2699 3189 2991 3257 λαληθεὶς
3038 3191 3224 3261 λόγος
3276 3192 3518 3261 ἐγένετο

1903 3271 2172 3337 βέϐαιος.
2223 3271 2290 3323 Τί
2348 3275 2487 3337 ἐστι,
2543 3271 2831 3337 Βέϐαιος;
2878 3272 3138 3344 Ἀληθὴς,
3190 3275 3266 3338 ὡς
3329 3275 3398 3329 ἀν
3430 3294 3518 3341 τις

1908 3355 2075 3422 εῐποι,
2115 3353 2212 3408 καὶ
2261 3353 2494 3415 πιστός·
2535 3353 2672 3407 διότι
2727 3356 2784 3408 tv
2831 3355 2912 3425 τῷ
2948 3359 3287 3427 προσήκοντι
3334 3361 3517 3432 καιρῷ

1909 3440 2090 3494 πάντα
2136 3438 2298 3509 ἐξέϐη
2348 3438 2418 3493 τὰ
2457 3438 2752 3510 λεχθένταο
2783 3438 2816 3510 ἦ
2859 3439 3042 3493 τοίνυν
3065 3441 3228 3495 τοῦτό
3257 3460 3446 3514 φησιν,
3479 3445 3515 3516 ἢ

1909 3523 1991 3576 ὅτι
2024 3522 2052 3564 1³
2081 3522 2386 3593 ἐκράτησε,
2415 3525 2510 3576 xal
2536 3524 2594 3576 αί
2623 3523 2850 3577 ἀπειλαὶ
2875 3525 2953 3588 είς
2983 3524 3145 3594 ἔργον
3179 3527 3412 3596 ἦρχοντο
3431 3545 3445 3558 ο
3479 3528 3514 3599 ἢ

1908 3607 2072 3674 λόγον
2126 3609 2263 3677 φησὶ
2315 3606 2385 3659 τὰ
2412 3607 2840 3678 προστάγματα.
2870 3607 3051 3662 Πολλὰ
3092 3609 3203 3680 γὰρ
3227 3612 3400 3682 χωρὶς
3427 3612 3517 3666 νό-

1911 3709 2014 3763 μου
2051 3689 2399 3762 προσέταξαν
2445 3691 2670 3759 ἀγγελοι
2730 3692 2889 3765 παρὰ
2939 3694 3078 3748 Θεοῦ
3117 3699 3513 3766 πεμπόμενον

1907 3771 2019 3830 οἷον
2050 3775 2144 3828 ἐπὶ
2174 3773 2268 3827 τοῦ
2301 3773 2687 3845 κλαυθμῶνος,
2733 3775 2829 3828 ἐπὶ
2857 3774 2968 3830 τῶν
3014 3777 3261 3849 Κριτῶν,
3293 3781 3387 3834 ἐπὶ
3417 3781 3515 3836 τοῦ

1908 3859 2169 3930 Σαμψών.
2209 3857 2310 3910 Δια
2343 3857 2456 3930 γάρ
2483 3859 2645 3912 τοῦτο
2672 3859 2772 3912 οὐκ
2797 3855 2941 3913 εἰπε·
2968 3860 3174 3932 Νόμος,
3206 3862 3367 3929 ἀλλὰ,
3401 3866 3516 3921 Λό-

1908 3963 2031 4013 γος.
2087 3944 2200 3997 Kal
2257 3943 2400 4014 τάχα
2448 3959 2541 4014 μοι
2591 3943 2742 3997 δοκεῖ
2794 3943 2956 3998 τοῦτο
3008 3945 3195 4014 λέγειν
3222 3947 3399 4018 δηλῶν
3425 3948 3517 4004 διά

1907 4029 2098 4082 τούτου
2132 4027 2333 4099 μᾶλλον
2366 4027 2434 4080 τὰ
2461 4027 2549 4081 διὰ
2572 4027 2683 4082 τῶν
2707 4027 2956 4097 ἀγγέλων
2978 4031 3429 4101 οίκονομηθέντα.
3446 4034 3513 4087 Τί

1907 4109 2002 4166 οὖν
2039 4111 2314 4182 ἐροῦμεν;
2351 4111 2478 4164 Ὅτι
2531 4111 2790 4184 παρῆσαν
2834 4113 2881 4165 οί
2935 4113 3162 4182 άγγελοι
3209 4115 3333 4168 τότε
3373 4118 3422 4169 οί
3451 4116 3515 4169 τὸ

1908 4195 2062 4258 ἔθνος
2113 4194 2648 4266 ἐμπεπιστευμένοι,
2705 4197 2800 4248 καὶ
2859 4196 3016 4249 αὐτοὶ
3063 4197 3166 4256 τὰς
3201 4198 3512 4266 σάλπιγγας

1907 4280 2147 4344 ἐποίουν,
2171 4280 2265 4330 καὶ
2291 4277 2359 4331 τά
2380 4277 2571 4349 ἕτερα,
2594 4277 2656 4330 τὸ
2678 4278 2812 4348 πῦρ,
2836 4279 2930 4332 τὸν
2954 4281 3176 4348 γνόφον.
3201 4283 3307 4335 Καὶ
3342 4282 3513 4337 πάσα

1908 4363 2266 4431 παράϐασις,
2326 4364 2482 4434 φησὶ,
2539 4362 2640 4416 καὶ
2683 4363 2960 4432 παρακοὴ
2997 4364 3219 4419 ἔλαϐεν
3266 4367 3514 4423 ἔνδικον

1902 4447 2415 4515 μισθαποδοσίαν.
2453 4446 2566 4516 Οὺχ
2597 4448 2630 4516 ἠ
2667 4447 2791 4516 μὲν,
2826 4449 2858 4517 ἡ
2905 4448 2962 4502 δέ
3025 4448 3109 4515 οὓ,
3141 4450 3278 4503 ἀλλὰ
3335 4455 3507 4507 πᾶσα.

1907 4531 2076 4584 Ούδὲν
2094 4530 2452 4600 ἀνεκδίκητον
2479 4529 2686 4599 ἔμεινε,
2708 4533 2898 4600 φησὶν,
2932 4531 3050 4585 ἀλλ’
3074 4534 3335 4587 Ἔλαϐεν
3354 4536 3514 4589 ἔνδι-

1906 4632 2018 4668 κον
2049 4613 2544 4684 μισθαποδοσίαν
2571 4630 2584 4644 ο
2621 4616 2742 4668 ἀντὶ
2767 4614 2883 4682 τοῦ,
2910 4616 3158 4671 κόλασιν.
3194 4619 3303 4672 Kal
3333 4621 3386 4672 τί
3417 4621 3511 4691 δή-

1906 4720 2037 4755 ποτε
2066 4702 2242 4766 οὕτως
2287 4698 2475 4768 εἷπεν;
2505 4702 2694 4766 Οὕτως
2730 4703 2852 4768 έθος
2881 4706 2960 4776 τῷ
2987 4706 3187 4777 Παύλῳ
3231 4708 3305 4778 μὴ
3339 4707 3510 4762 πολὺν

1903 4791 2013 4842 τῶν
2043 4789 2243 4855 λέξεων
2274 4789 2549 4842 ποιεῖσθαι
2580 4789 2760 4858 λόγον,
2800 4789 2916 4842 ἀλλ’
2947 4789 3263 4862 ἀδιαφόρως
3293 4795 3389 4846 καὶ
3413 4794 3509 4846 ἐπὶ

1904 4875 2172 4944 εὐφήμων
2195 4873 2408 4927 τιθέναι
2439 4875 2778 4944 κακέμφατα
2800 4893 2814 4906 ·
2856 4871 2968 4928 οἷον
3005 4877 3099 4928 καὶ
3131 4877 3369 4947 ἀλλαχοῦ
3399 4896 3506 4950 φη-

1907 4975 2015 5011 σιν’
2044 4957 2594 5027 Λίχμαλωτίζοντες
2623 4957 2748 5014 πᾶν
2768 4961 2965 5028 νόημα
2995 4963 3081 5026 εις
3098 4960 3212 5029 τὴν
3229 4964 3510 5031 ὑπακοὴν

1906 5045 2012 5098 τοῦ
2064 5045 2344 5113 Χριστοῦ.
2389 5047 2501 5098 Kal
2541 5046 2704 5100 πάλιν
2735 5045 2970 5116 ἀλλαχοῦ
3026 5047 3126 5119 τὴν
3154 5049 3508 5118 ἀντιμισθίαν

1902 5131 2153 5184 τέθεικεν
2195 5131 2317 5182 ἀντὶ
2340 5131 2637 5197 κολάσεως,
2683 5131 2776 5184 καὶ
2825 5132 3064 5184 ἐνταῦθα
3124 5133 3224 5203 τὴν
3283 5133 3507 5187 κόλασιν

1907 5216 2102 5286 μισθὸν
2175 5215 2351 5270 καλεῖ.
2389 5219 2459 5270 El
2496 5218 2753 5276 δίκαιον,
2803 5219 2976 5286 φησι,
3035 5218 3196 5284 παρὰ
3248 5219 3326 5284 τῷ
3383 5220 3506 5285 Θεῷ

1901 5299 2355 5356 ἀνταποδοῦναι
2403 5301 2529 5367 τοῖς
2559 5302 2882 5355 θλίϐουσιν
2937 5300 3094 5370 ὑμᾶς
3132 5301 3372 5369 θλῒψιν,
3406 5303 3504 5357 καί

1903 5385 2047 5450 ὑμῖν
2067 5385 2192 5450 τοῖς
2229 5384 2604 5454 θλιϐομένοις
2638 5384 2872 5438 ἄνεσιν.
2906 5385 3224 5448 Τουτέστιν,
3260 5387 3320 5438 ού
3364 5405 3506 5455 παρ-

1904 5468 2122 5539 εφθάρη
2150 5469 2213 5522 το
2244 5470 2476 5534 δίκαιον,
2529 5470 2645 5522 ἀλλ’
2683 5467 2987 5538 ἐπεξῆλθεν
3028 5470 3056 5520 0
3089 5469 3245 5532 Θεὸς.
3282 5471 3377 5524 xal
3403 5474 3506 5542 τὴν

1903 5553 2060 5625 δίκην
2089 5555 2450 5624 περιέτρεψεν
2473 5555 2566 5607 ἐπὶ
2596 5555 2723 5618 τοὺς
2746 5555 3164 5624 ἡμαρτηκότας
3194 5556 3372 5608 καίτοι
3396 5557 3504 5610 τῶν

1903 5638 2323 5709 ἁμαρτημάτων
2354 5640 2414 5691 οὐ
2453 5639 2673 5692 πάντων
2696 5641 2775 5701 είς
2818 5639 3053 5709 φανερὸν
3085 5639 3412 5708 γινομένων,
3455 5641 3504 5694 εί

1907 5722 1983 5794 μὴ
2011 5722 2358 5794 παραϐαθείη
2403 5723 2474 5776 τὰ
2513 5722 2941 5792 διατεταγμένα.
2980 5723 3111 5790 Πῶς
3141 5719 3256 5778 οὖν
3308 5724 3501 5792 ἡμεῖς,

1967 5862 2154 5934 {gnua
2179 5863 2328 5934 Regi.
2356 5863 2556 5934 ἐνταῦθα
2579 5867 2777 5922 τούτους
2803 5867 2935 5930 φησὶ,
2957 5865 3067 5923 τοὺς
3093 5864 3140 5913 ἐν
3161 5867 3232 5930 τῷ
3255 5866 3463 5932 οὐρανῷ.

1967 5927 1997 5969 b
2024 5927 2174 5977 Saﬁl.
2199 5928 2347 5988 τοίη..
2374 5929 2452 5974 καὶ
2477 5929 2565 5976 ὅτι.
