4112 6344
605 348 677 406 33
1333 350 1390 405 S.
1428 345 1711 405 JOANNIS
1747 335 2231 403 CHRYSOSTOII
2269 333 2588 396 ARCHIEP.
2625 338 3176 400 CONSTANTINOP.
3773 350 3847 407 ει

606 468 798 544 φησὶν,
836 467 1244 541 ἐκφευξόμεθα
1266 505 1281 531 ,
1335 465 1700 533 τηλικαύτης
1765 461 2184 531 ἀμελήσαντες

603 554 938 620 σωτηρίαςς
965 552 1063 604 Διὰ
1095 549 1207 624 [52]
1241 545 1431 601 τούτου
1466 547 1755 617 ἐδήλωσεν.
1783 549 1866 601 ὅτι
1901 548 1962 600 οὑ
2006 545 2174 616 πολλή

606 653 687 700 τις
716 630 783 706 ἧν
813 635 993 703 ἐκείνη
1022 635 1054 702 ή
1085 630 1346 702 σωτηρία.
1370 629 1568 693 Καλῶς
1591 630 1650 682 δὲ
1677 631 1769 683 καὶ
1789 629 1872 694 τὸ,
1899 628 2174 700 Τηλικαύ-

606 735 727 789 της,
752 715 1114 789 προσέθηκεν.
1139 711 1217 767 Οὐ
1250 713 1360 784 7&9
1421 714 1485 765 ἐκ
1519 711 1790 783 πολέμων,
1820 713 2005 783 φησὶν,
2033 715 2182 783 ἡμᾶς

605 799 860 855 διασώσει
909 797 1026 862 νῦν,
1057 797 1179 850 οὐδὲ
1210 797 1311 867 τὴν
1343 795 1447 864 γῆν
1476 795 1572 848 καὶ
1596 795 1665 849 τά
1720 795 1779 848 ἐν
1810 798 1877 866 τῇ
1906 797 1976 865 γῇ
2002 793 2182 863 ἀγαθά

604 881 852 952 παρέξει,
900 879 1034 935 ἀλλὰ
1074 879 1310 933 θανάτου
1356 876 1656 940 κατάλυσις
1681 875 1856 941 ἔσται,
1895 877 2030 930 ἀλλά
2066 876 2183 930 δια-

605 964 762 1018 ϐόλου
812 961 1081 1030 ἀπώλεια,
1133 961 1248 1015 ἀλλ’
1302 960 1550 1032 οὐρανῶν
1592 959 1863 1030 βασιλεία,
1905 959 2043 1013 άλλά
2068 959 2181 1030 ζωὴ

604 1047 847 1111 αίώνιος.
871 1046 1058 1100 Ταῦτα
1095 1045 1203 1115 7&9
1230 1043 1408 1096 πάντα
1435 1044 1496 1096 ἐν
1533 1043 1784 1114 συντόμῳ
1819 1043 2077 1116 ἐνέφηνεν
2107 1045 2183 1096 εξ-

605 1131 746 1199 πὼν,
787 1131 1158 1199 Τηλικαύτης
1195 1125 1618 1196 ἀμελήσαντες
1673 1128 1994 1196 σωτηρίας.
2047 1123 2183 1181 Είτα

607 1216 700 1270 καὶ
732 1215 796 1268 τὸ
827 1213 1140 1279 ἀξιόπιστον
1183 1211 1419 1279 ἐπάγει·
1458 1211 1624 1278 Ἥτις
1669 1211 1867 1283 ἀρχὴν
1907 1210 2183 1266 λαϐοῦσα

604 1297 919 1353 λαλεῖσθαι
948 1296 1047 1351 διὰ
1079 1295 1184 1364 τοῦ
1228 1296 1452 1362 Κυρίου
1480 1311 1494 1326 ·
1533 1296 1805 1362 τουτέστι,
1831 1297 1960 1366 παρ’
2013 1295 2183 1364 αὐτῆς

604 1382 704 1452 τῆς
734 1379 916 1451 πηγῆς
971 1379 1098 1449 ἔσχε
1150 1379 1248 1449 τὴν
1293 1379 1503 1448 ἀρχήν·
1539 1379 1638 1432 οὐκ
1683 1377 1972 1449 ἄνθρωπος
2012 1378 2182 1447 αὐτὴν

603 1461 1031 1532 διεπόρθμευσεν
1064 1463 1143 1524 είς
1163 1459 1261 1530 τὴν
1291 1463 1417 1531 γῆν,
1448 1460 1508 1512 ού
1538 1459 1730 1527 κτιστὴ
1777 1460 2030 1530 δύναμις,
2061 1459 2182 1512 ἀλλ’

604 1545 764 1610 αὐτὸς
792 1547 819 1599 6
846 1545 1175 1616 Μονογενής.
1194 1545 1207 1563 ⁹
1221 1544 1340 1596 Υπό
1361 1543 1480 1596 τῶν
1497 1543 1896 1597 ἀκουσάντων
1923 1546 2010 1608 εὶς
2028 1539 2184 1611 ἡμᾶς

603 1626 937 1696 ἐϐεϐαιώθη.
985 1627 1050 1682 Τί
1100 1629 1268 1687 ἐστιν,
1313 1625 1700 1695 Ἐσεϐαιώθης
1745 1626 2096 1697 Ἐπιστεύθη,
2147 1627 2181 1696 ἢ

605 1711 804 1782 ἐξέϐη·
833 1711 927 1764 τὸν
977 1710 1088 1782 7&9
1117 1711 1438 1782 ἀρραϐῶνα,
1477 1711 1664 1782 φησὶν,
1735 1710 1933 1782 ἔχομεν
1956 1728 1971 1744 ·
2025 1729 2184 1765 τουτ-

612 1799 788 1859 έστιν,
815 1797 915 1849 οὐκ
941 1794 1194 1864 ἐσϐέσθη,
1226 1796 1327 1848 οὐκ
1356 1795 1566 1867 ἔληξεν,
1592 1795 1728 1849 ἀλλά
1752 1799 1949 1868 κρατεῖ
1969 1798 2060 1858 καὶ
2087 1812 2184 1849 πε-

605 1879 892 1951 ριγίνεται.
932 1879 1005 1931 Τὸ
1037 1877 1096 1931 δέ
1125 1878 1317 1946 αίτιον,
1352 1881 1384 1950 ὴ
1416 1878 1536 1932 θεία
1561 1878 1792 1949 δύναμις
1844 1880 2080 1950 ἐνεργεῖ.
2117 1880 2180 1933 Τί

604 1968 773 2026 ἐστιν,
815 1962 961 2015 Ὑπὸ
987 1960 1107 2015 τῶν
1129 1962 1563 2026 ἀκουσάντωνς
1590 1963 1901 2029 Τουτέστιν,
1937 1964 1988 2016 οί
2028 1963 2181 2033 παρὰ

604 2047 696 2102 τοῦ
728 2048 934 2119 Κυρίου
958 2047 1290 2111 ἀκούσαντες
1310 2049 1464 2104 αὐτοὶ
1482 2051 1630 2120 ἡμᾶς
1647 2049 1999 2104 ἐϐεϐαίωσαν.
2020 2052 2180 2119 Μέγα

601 2130 759 2184 τοῦτο
783 2132 876 2185 καὶ
914 2121 1246 2196 ἐῖξιόπιστον.
1277 2133 1456 2202 Ὅπερ
1500 2133 1596 2185 καὶ
1637 2133 1856 2198 Λουκᾶς
1909 2151 2075 2206 φησιν
2120 2135 2179 2187 ἐν

602 2214 745 2284 ἀρχῇ
785 2214 879 2266 τοῦ
913 2212 1246 2282 Εὑαγγελίου
1267 2229 1282 2244 ·
1315 2214 1522 2280 Καθὼς
1560 2214 1905 2282 παρέδοσαν
1933 2216 2079 2285 ἡμῖν
2124 2219 2178 2270 οί

601 2299 706 2354 ἀπ’
741 2297 933 2369 ἀρχῆς
969 2301 1260 2354 αὐτόπται
1285 2300 1385 2353 καί
1413 2299 1702 2369 ὑπηρέται
1733 2303 2039 2371 γενόμενοι
2073 2300 2179 2355 τοῦ

602 2384 810 2452 λόγου.
835 2384 957 2446 Πῶς
977 2379 1069 2436 οὖν
1097 2383 1404 2454 ἐϐεϐαιώθη
1429 2401 1443 2449 ;
1470 2385 1523 2438 τί
1553 2380 1667 2446 οῦν,
1689 2387 1738 2437 εί
1769 2387 1818 2438 οί
1847 2385 2179 2449 ἀκούσαντες

603 2467 862 2531 ἔπλασαν,
895 2467 1057 2539 φησίς
1086 2467 1259 2520 Τοῦτο
1283 2467 1460 2521 τοίνυν
1488 2467 1751 2538 ἀναιρῶν,
1809 2468 1904 2521 καὶ
1961 2468 2177 2532 δεικνὺς

601 2551 702 2603 οὐκ
756 2549 1104 2620 ἀνθρωπίνην
1133 2550 1233 2620 τὴν
1258 2550 1442 2622 χάριν,
1499 2552 1766 2622 ἐπήγαγε,
1802 2554 2173 2622 Συνεπιμαρ-

601 2632 925 2700 τυροῦντος
957 2631 1063 2687 τοῦ
1113 2633 1284 2689 Θεοῦ.
1316 2635 1428 2688 Οὐκ
1477 2633 1544 2696 ἀν
1581 2638 1710 2706 7&9,
1755 2636 1803 2687 εί
1852 2636 2112 2702 ἔπλασαν,
2149 2637 2177 2689 6

603 2715 736 2778 Θεὸς
763 2715 948 2778 αὐτοῖς
984 2716 1355 2787 ἐμαρτύρησε.
1383 2718 1743 2789 Μαρτυροῦσι
1780 2719 1880 2790 μὲν
1909 2721 2171 2785 κάκεῖνοι,

606 2801 876 2870 μαρτυρεῖ
918 2799 975 2852 δέ
1031 2802 1126 2854 καὶ
1158 2803 1185 2854 6
1209 2801 1364 2857 Θεός.
1397 2803 1522 2866 Πῶς
1558 2807 1854 2875 μαρτυρεῖ;
1887 2806 1961 2858 Οὐ
2008 2804 2172 2876 λόγῳ,

604 2882 726 2936 οὐδὲ
757 2886 947 2954 φωνῇ·
994 2878 1063 2954 ἦν
1100 2883 1198 2955 μὲν
1252 2886 1360 2957 γὰρ
1419 2888 1706 2941 καὶτοῦτο
1755 2889 1986 2942 πιστόν·
2038 2889 2174 2943 άλλά

604 2965 754 3031 πῶς-ς
785 2966 1062 3034 Σημείοις
1110 2965 1210 3020 καί
1258 2966 1467 3036 τέρασι
1513 2970 1610 3023 καί
1651 2973 1954 3038 ποικίλαις
1991 2972 2173 3026 δυνά-

601 3064 758 3119 μεσι.
793 3047 986 3111 Καλῶς
1010 3049 1090 3113 τὸ,
1123 3051 1430 3118 Ποικίλαις
1459 3051 1786 3122 δυνάμεσι,
1815 3054 2046 3120 τέθεικε,
2075 3055 2172 3126 τὴν

603 3131 865 3200 ἀφθονίαν
899 3132 1006 3186 τῶν
1028 3135 1386 3204 χαρισμάτων
1419 3135 1594 3206 δηλῶν
1619 3154 1632 3167 ·
1690 3140 1824 3208 ὅπερ
1849 3140 1910 3192 ού
1942 3140 2172 3209 γεγένη·

603 3230 692 3267 ται
724 3215 817 3268 ἐπὶ
861 3214 971 3268 τῶν
1019 3216 1321 3286 προτέρων,
1375 3218 1496 3270 οὐδὲ
1525 3218 1761 3274 τοσαῦτα
1809 3227 2031 3293 σημεῖα,
2078 3225 2173 3277 καὶ

602 3297 746 3351 οὕτω
779 3297 1034 3367 διάφορα.
1065 3297 1379 3363 Τουτέστιν,
1413 3301 1511 3370 οὐχ
1540 3301 1728 3366 άπλῶς
1771 3303 2171 3374 ἐπιστεύσαμεν

601 3381 852 3444 ἐκείνοις,
884 3381 1019 3434 ἀλλά
1054 3380 1143 3433 διά
1166 3381 1412 3451 σημείων
1443 3384 1537 3437 καὶ
1573 3385 1838 3457 τεράτων.
1872 3386 2030 3438 Ὥστε
2072 3388 2169 3440 οὐκ

603 3465 835 3527 ἐκείνοις
860 3463 1210 3534 πιστεύομεν,
1232 3465 1349 3518 ἀλλ’
1377 3466 1526 3537 αὐτῷ
1568 3469 1650 3537 τῷ
1678 3469 1816 3541 Bap.
1849 3469 1957 3524 Καί
1983 3473 2170 3525 Πνεύ-

600 3564 788 3619 ματος
812 3548 986 3617 ἁγίου
1011 3549 1346 3618 μερισμοῖς,
1365 3554 1517 3604 κατὰ
1536 3551 1650 3620 τὴν
1673 3553 1860 3609 αὑτοῦ
1895 3553 2167 3621 θέλησιν.

610 3631 676 3685 Τί
702 3628 814 3697 οὖν,
846 3633 928 3684 ὅτι
962 3635 1052 3684 καὶ
1088 3631 1284 3702 γόητες
1315 3637 1517 3703 σημεῖα
1545 3636 1780 3704 ποιοῦσι,
1808 3638 1902 3690 καὶ
1926 3637 2168 3692 Ἰουδαῖοι

604 3717 664 3768 ἐν
689 3714 1014 3778 Βεελζεϐοὺλ
1045 3713 1228 3782 ἔλεγον
1259 3716 1420 3769 αὑτὸν
1457 3716 1742 3773 ἐκϐάλλειν
1786 3720 1854 3773 τὰ
1880 3720 2166 3791 δαιμόνια;

617 3798 757 3852 Ἀλλ’
809 3799 869 3851 ού
907 3797 1129 3850 τοιαῦτα
1175 3799 1388 3851 ποιοῦσι
1424 3805 1660 3871 σημεῖα·
1697 3802 1786 3856 διά
1833 3803 1991 3858 τοῦτο
2024 3800 2167 3869 εἷπε,

603 3882 914 3948 Ποικίλαις
940 3881 1294 3951 δυνάμεσιν.
1333 3883 1546 3938 Ἐκεῖνα
1566 3885 1674 3957 γάρ
1697 3887 1759 3940 ού
1778 3887 2028 3958 δύναμις,
2053 3890 2166 3944 ἀλλ’

601 3967 856 4021 ἀσθένεια
888 3966 982 4018 καὶ
1023 3966 1292 4035 φαντασία
1315 3968 1408 4020 καὶ
1443 3967 1666 4022 διάκενα
1708 3971 2028 4042 πράγματα.
2070 3973 2169 4026 Διά

605 4047 720 4123 [53]
754 4050 910 4104 τοῦτο
939 4046 1079 4113 εἷπε,
1106 4049 1450 4118 Πνεύματος
1476 4051 1647 4122 ἁγίου
1672 4055 1984 4123 μερισμοῖς
2019 4058 2169 4111 κατὰ

603 4134 717 4203 τὴν
741 4135 924 4190 αὐτοῦ
963 4135 1233 4202 θέλησιν.

677 4215 738 4270 ε’.
757 4216 1016 4270 Ἐνταῦθα
1032 4217 1123 4268 καί
1142 4233 1194 4269 τι
1216 4216 1344 4270 ἀλλο
1364 4218 1698 4273 αἰνίττεσθαί
1723 4237 1812 4290 μοι
1833 4220 2000 4274 δοκεῖ·
2023 4224 2169 4287 είκὸς

605 4303 712 4374 γάρ
746 4304 819 4374 μὴ
848 4296 989 4355 εἶναι
1015 4301 1245 4364 πολλοὺς
1275 4304 1391 4354 ἐκεῖ
1409 4304 1723 4373 χαρίσματα
1747 4303 1987 4375 ἔχοντας,
2017 4307 2169 4362 ἐκλε-

603 4388 845 4440 λοιπέναι
894 4385 949 4438 δὲ
981 4385 1174 4449 ταῦτα,
1227 4385 1320 4438 ἆτε
1349 4387 1699 4456 νωθροτέρων
1727 4388 1908 4442 αὐτῶν
1945 4392 2170 4461 γενομέ-

602 4488 729 4525 νων.
758 4470 855 4523 ’Ὶν’
875 4467 966 4523 οῦν
1015 4470 1209 4532 αὐτοὺς
1239 4470 1331 4522 καὶ
1357 4471 1413 4521 ἐν
1465 4470 1636 4542 τούτῳ
1677 4473 2164 4546 παραμυθήσηται,

605 4554 700 4606 καὶ
736 4553 810 4623 μὴ
833 4555 942 4624 ἀφῇ
973 4556 1321 4616 καταπεσεῖν,
1354 4553 1415 4605 τὸ
1438 4555 1544 4606 πᾶν
1563 4555 1796 4624 ἀνέθηκε
1821 4559 1886 4627 τῇ
1916 4558 2010 4610 τοῦ
2033 4559 2167 4612 ⁸θεοῦ

607 4637 805 4706 βουλῇ·
841 4636 1002 4698 αὐτὸς
1023 4632 1132 4688 οἶδε
1165 4636 1271 4688 τίνι
1295 4636 1348 4686 τί
1395 4637 1684 4707 συμφέρει,
1731 4641 1886 4707 φησὶ,
1913 4644 2005 4694 καὶ
2025 4641 2168 4696 οὕτω

605 4721 965 4791 καταμερίςει
994 4720 1091 4790 τὴν
1119 4719 1297 4790 χάριν·
1333 4720 1468 4789 ὅπερ
1495 4721 1589 4774 καὶ
1615 4724 1671 4774 ἐν
1708 4726 1774 4794 τῇ
1799 4726 1934 4792 πρὸς
1968 4729 2167 4798 Κοριν-

605 4803 755 4866 θίους
807 4806 950 4856 ποιεῖ
1001 4804 1208 4870 λέγων·
1255 4804 1315 4856 '0
1362 4804 1507 4871 Θεὸς
1562 4804 1727 4860 ἔθετο
1770 4807 1878 4861 ἕνα
1905 4810 2168 4865 ἕκαστον

604 4887 791 4957 ἡμῶν,
818 4889 1009 4953 καθὼς
1042 4888 1308 4956 ἠθέλησε
1339 4905 1353 4918 ·
1390 4890 1484 4943 καὶ
1512 4891 1694 4955 πάλιν,
1737 4891 1996 4958 Ἑκάστῳ
2031 4896 2099 4949 δὲ
2127 4899 2166 4966 ὴ

600 4973 935 5041 φανέρωσις
959 4972 1066 5027 τοῦ
1089 4977 1435 5042 Πνεύματος
1467 4975 1694 5030 δίδοται
1724 4979 1874 5045 πρὸς
1899 4980 1963 5032 τὸ
2011 4996 2165 5050 συμ-

600 5057 807 5126 φέρον,
829 5059 980 5111 κατά
1013 5059 1128 5125 τὴν
1157 5058 1344 5112 αὑτοῦ
1383 5058 1654 5127 θέλησιν.
1687 5063 2085 5121 Δείκνυσινδτι
2106 5067 2167 5120 τὸ

601 5141 845 5211 χάρισμα
879 5141 1020 5195 κατὰ
1048 5143 1146 5212 τὴν
1175 5141 1269 5194 τοῦ
1300 5143 1511 5215 Πατρός
1533 5155 1556 5183 ο
1601 5147 1717 5197 ἐστι
1751 5146 1987 5217 θέλησιν.
2026 5150 2167 5204 Πολ-

601 5224 758 5286 λάκις
791 5225 846 5276 δέ
876 5227 967 5278 καὶ
1000 5225 1069 5277 δι’
1105 5226 1420 5296 ἀκάθαρτον
1453 5227 1568 5296 βίον
1599 5230 1693 5281 καί¹
1731 5231 1875 5300 νωθῆ
1915 5233 2016 5286 οὐκ
2037 5233 2162 5286 ξλα-

600 5309 695 5360 ϐον
725 5307 910 5359 πολλοὶ
940 5310 1207 5378 χάρισμα·
1237 5310 1406 5362 ἐνίοτε
1429 5310 1484 5363 δὲ
1509 5312 1604 5364 καὶ⁸
1626 5312 1790 5367 καλὸν
1817 5314 1930 5383 βίον
1951 5316 2164 5387 ἔχοντες

599 5391 697 5444 καὶ
729 5391 967 5459 καθαρὸν
1009 5393 1108 5445 οὐκ
1141 5393 1331 5446 ἔλαϐον
1354 5412 1366 5425 ·
1402 5395 1454 5448 τί
1481 5396 1714 5466 δήποτε;
1754 5399 1914 5452 Ὥστε
1961 5401 2034 5471 μὴ
2077 5405 2167 5454 ἐκ·

598 5473 1050 5545 τραχηλισθῆναι,
1106 5475 1247 5528 ῶστε
1281 5479 1355 5547 μὴ
1389 5480 1746 5550 φυσιωθῆναι,
1781 5482 1919 5536 ὥστε
1963 5485 2036 5556 μὴ
2067 5490 2165 5557 ρᾳ-

660 5727 1088 5802 ιίὶριιιετιίηυερί
1105 5732 1377 5802 βοιηηι-ριη,
1407 5736 1632 5802 κατὰ-τήν
1655 5739 1739 5787 τοῦ
1765 5741 1965 5802 Πατρός.
2005 5749 2057 5790 el
2097 5743 2164 5793 sic

599 5785 993 5867 ἷεκὲυηίθτντοε
1013 5793 1225 5867 ιιεειίιιηε-
1241 5785 1422 5867 ιρο
1443 5800 1564 5867 uaga
1598 5785 1702 5867 ’τις
1854 5785 2162 5867 Ἦῦἐύιᾌᾶτιξῖ

600 5849 859 5918 luamus,
884 5849 1153 5906 .«ecundum
1178 5849 1476 5909 volunlatém
1501 5849 1670 5910 Patris.

2290 458 2623 529 θυμοτέρους
2649 458 2927 528 γενέσθαι,
2959 461 3100 517 ῶστε
3130 462 3206 535 μὴ
3249 460 3413 516 πλέον
3445 462 3769 534 ἐπαρθῆναι.
3801 461 3868 517 ΕΞ

2287 542 2397 612 7&9
2417 544 2511 595 καὶ
2535 542 2704 613 χωρὶς
2731 543 3079 624 χαρίσματος
3122 544 3259 618 αὑτὴ
3285 543 3381 599 τοῦ
3411 544 3655 616 καθαροῦ
3687 545 3806 618 βίου
3833 549 3866 617 ἡ

2285 627 2588 699 συνείδησις
2621 628 2778 697 ίκανὴ
2805 631 3032 702 ἐπᾶραι,
3065 631 3244 703 πολλῷ
3268 630 3490 702 μᾶλλον,
3537 631 3668 684 ὅταν
3704 633 3800 685 καὶ⁸
3834 636 3868 698 ἡ

2281 711 2442 783 χάρις
2473 715 2673 785 προσῇ.
2714 709 2884 767 Ὠστε
2919 718 3035 778 τοῖς
3062 717 3344 779 ταπεινοῖς
3371 716 3464 770 καὶ
3502 718 3614 780 τοῖς
3641 716 3868 784 ἀφελέσι

2285 796 2487 866 μᾶλλον
2538 795 2774 850 ἐδίδοτο·
2818 797 2914 850 καὶ
2969 794 3206 867 μάλιστα
3256 801 3370 862 τοῖς
3411 797 3704 867 ἀφελέσιν·
3763 799 3871 853 Ἐν

2281 880 2605 948 ἀφελότητι
2634 879 2765 950 γάρ,
2793 881 2949 949 φησὶ,
2984 879 3084 934 καί
3111 881 3182 934 ἐν
3205 879 3568 951 ἀγαλλιάσει
3595 880 3868 951 καρδίας.

2281 962 2392 1016 Καὶ
2423 961 2532 1032 7&9
2560 962 2654 1014 καὶ
2680 961 2853 1035 ταύτῃ
2884 961 3224 1034 προέτρεψεν
3264 964 3466 1028 αὐτοὺς
3495 965 3697 1035 μᾶλλον
3718 982 3732 998 ·
3773 968 3872 1020 καὶ

2281 1046 2331 1099 εί
2379 1043 2741 1116 ῥᾳθυμότεροι
2793 1042 2956 1118 ἦσαν,
3002 1047 3325 1112 κατένυξεν.
3366 1046 3426 1101 ’0
3472 1048 3582 1121 γὰρ
3612 1048 3872 1112 ταπεινὸς

2280 1128 2375 1182 καὶ
2399 1129 2473 1200 μὴ
2507 1128 2721 1199 μεγάλα
2741 1147 2807 1183 πε
2817 1130 2870 1201 91
2889 1129 3087 1183 ἐαυτοῦ
3115 1129 3545 1201 φανταζόμενος,
3580 1132 3872 1186 σπουδαιό-

2281 1227 2439 1282 τερος
2474 1211 2708 1281 γίνεται,
2757 1213 2886 1266 ὅταν
2935 1211 3075 1283 λάϐῃ
3102 1212 3373 1284 χάρισμα,
3413 1213 3510 1268 ἅτε
3538 1218 3668 1286 παρ’
3709 1214 3872 1280 ἀξίαν

2285 1293 2542 1366 είληφὼς,
2571 1296 2666 1349 καὶ
2698 1297 2797 1349 οὒκ
2827 1295 2977 1360 ἀξιον
3001 1296 3192 1350 ἐαυτὸν
3221 1293 3358 1351 εἶναι
3391 1300 3593 1368 κρίνων
3616 1315 3629 1328 ·
3659 1301 3689 1351 6
3720 1300 3778 1352 δέ
3808 1316 3863 1353 τι

2285 1378 2706 1449 κατωρθωκέναι
2757 1379 3027 1449 νομίζων,
3077 1378 3297 1450 ὀφειλὴν
3331 1374 3469 1435 εῖναι
3521 1381 3582 1434 τὸ
3637 1384 3868 1454 πρᾶγμα

2282 1461 2588 1532 ⁴ἡγούμενος
2616 1461 2712 1514 καὶ
2743 1455 3104 1531 πεφυσίωται.
3136 1463 3302 1516 Ὥστε
3332 1464 3361 1517 6
3384 1463 3518 1528 Θεὸς
3551 1468 3861 1535 συμφερόν-

2281 1563 2392 1610 τως
2437 1547 2500 1599 τὸ
2546 1548 2784 1618 πρᾶγμα
2834 1549 3110 1618 οἰκονομεῖ
3146 1547 3323 1602 τοῦτο.
3351 1550 3530 1622 Ὅπερ
3581 1553 3675 1605 καὶ
3707 1552 3768 1604 ἐν
3799 1555 3868 1622 τῇ

2295 1629 2593 1702 Ἐκκλησία
2642 1631 2938 1701 συμϐαῖνον
2984 1631 3086 1684 ῖόοι
3142 1648 3226 1696 τις
3254 1630 3354 1687 ἄν·
3386 1631 3416 1684 6
3453 1633 3556 1702 μὲν
3585 1633 3695 1702 7&9
3750 1632 3868 1702 εχει

2281 1712 2440 1781 λόγον
2473 1711 2875 1778 διδασκαλικὸν,
2929 1715 2958 1766 6
2989 1714 3047 1767 δὲ
3087 1713 3208 1767 ούδέ
3239 1715 3422 1786 διᾶραι
3450 1716 3513 1769 τὸ
3554 1716 3728 1785 στόμα
3775 1715 3870 1770 δύ-

2283 1813 2465 1850 ναται.
2489 1796 2699 1866 Μηδεὶς
2721 1797 2904 1850 τοίνυν
2940 1796 3219 1852 λυπείσθω
3250 1798 3341 1852 διὰ
3377 1797 3555 1853 τοῦτο·
3596 1797 3870 1866 Ἐκάστφ

2282 1879 2392 1949 γὰρ
2430 1879 2469 1947 ἠ
2497 1879 2836 1948 φανέρωσις
2860 1880 2967 1934 τοῦ
2988 1881 3338 1951 Πνεύματος
3370 1881 3599 1938 δίδοται
3627 1883 3780 1952 πρὸς
3799 1883 3869 1939 τὸ

2281 1962 2613 2031 συμφέρον.
2659 1961 2724 2015 El
2746 1962 2855 2031 7&9
2876 1961 3167 2034 ἄνθρωπος
3187 1964 3580 2036 οἰκοδεσπότης
3611 1960 3720 2020 οἵδε
3758 1966 3868 2021 τίνι

2281 2047 2333 2099 τί
2368 2045 2684 2116 ἐγχειρίσει,
2733 2045 2920 2117 πολλῷ
2962 2047 3165 2118 μᾶλλον
3202 2051 3229 2101 6
3276 2047 3411 2112 Θεὸς
3441 2050 3470 2102 6
3505 2050 3868 2120 ἐπιστάμενος

2278 2129 2369 2183 τὸν
2392 2129 2516 2183 νοῦν
2543 2129 2651 2182 τῶν
2672 2127 2770 2182 ἀνθ
2779 2127 2998 2200 ρώπων,
3027 2132 3054 2184 6
3073 2129 3142 2184 τά
3165 2132 3343 2185 πάντα
3368 2131 3526 2194 είδὼς
3553 2133 3684 2205 πρὶν
3707 2133 3865 2199 γενέ-

2282 2228 2417 2275 σεως
2453 2209 2763 2268 αὑτῶν.Ἕν
2785 2212 2900 2264 ἐστι
2925 2212 3087 2282 μόνον
3109 2212 3171 2266 τὸ
3191 2212 3368 2284 λύπης
3393 2213 3564 2280 ἄξιον,
3591 2214 3652 2267 τὸ
3685 2216 3867 2286 ἀμαρ-

2277 2295 2460 2348 τάνειν
2489 2292 2629 2366 [54],
2667 2293 2796 2348 ἄλλο
2847 2293 2905 2348 δὲ
2949 2295 3124 2350 οὐδέν.
3156 2297 3248 2368 Μὴ
3279 2297 3467 2368 εἴπῃς,
3522 2297 3624 2352 Διὰ
3656 2299 3708 2352 τί
3762 2298 3866 2353 οὐκ

2277 2379 2386 2451 ἔχω
2415 2379 2673 2449 χρήματα
2691 2394 2705 2442 ;
2725 2377 2783 2447 ἦ,
2806 2378 2871 2431 Εί
2899 2373 3068 2448 εἶχον,
3089 2379 3365 2451 παρέσχον
3391 2381 3458 2434 ἂν
3474 2381 3862 2453 τοῖςπένησιν.

2279 2463 2394 2516 Ούκ
2421 2456 2590 2527 οἶδας,
2618 2462 2667 2512 εί
2691 2455 2857 2530 εῐχες,
2893 2462 2942 2513 εί
2975 2462 3048 2532 μὴ
3078 2463 3277 2533 μᾶλλον
3297 2464 3393 2516 καὶ
3421 2463 3754 2536 πλεονέκτης
3773 2461 3862 2535 ἧς.

2275 2542 2371 2596 νῦν
2404 2543 2503 2614 μὲν
2525 2544 2635 2615 7&9
2659 2542 2833 2596 ταῦτα
2863 2542 3065 2611 λέγεις,
3089 2545 3146 2596 ἐν
3175 2545 3232 2597 δὲ
3265 2548 3331 2616 τῇ
3358 2546 3522 2617 πείρᾳ
3540 2547 3858 2619 γενόμενος,

2275 2627 2460 2698 ἕτερος
2491 2626 2556 2680 ἀν
2582 2622 2672 2698 ἦς.
2691 2626 2846 2680 Ἐπεὶ
2869 2628 2965 2680 καὶ
2999 2628 3125 2680 ὅταν
3160 2622 3312 2699 ὦμεν
3337 2630 3749 2700 κεκορεσμένοι,
3777 2647 3865 2685 νο-

2278 2709 2509 2781 μίζομεν
2535 2711 2618 2764 ὅτι
2651 2709 2929 2779 δυνάμεθα
2952 2709 3252 2780 νηστεύειν·
3283 2712 3414 2767 ὅταν
3440 2712 3496 2766 δέ
3526 2714 3726 2784 μικρὸν
3746 2713 3865 2767 δια-

2274 2793 2790 2864 λείπωμεν,,ἐτερος
2822 2793 2970 2863 ἡμᾶς
2996 2794 3381 2865 ἐπεισέρχεται
3423 2794 3708 2866 λογισμός.
3748 2795 3863 2850 Πά-

2273 2875 2378 2940 λιν,
2403 2877 2532 2929 ὅταν
2549 2867 2702 2946 ὦμεν
2730 2876 2890 2939 ἐκτὸς
2921 2875 3022 2953 τῆς
3056 2877 3247 2947 μέθης,
3272 2877 3568 2948 νομίζομεν
3592 2876 3865 2934 δύνασθαι

2273 2959 2658 3030 περιγενέσθαι
2683 2958 2774 3011 τοῦ
2805 2958 3011 3021 πάθους
3028 2973 3041 2988 ·
3068 2959 3272 3012 ὃτανδέ
3299 2959 3517 3031 ἁλῶμεν
3549 2960 3645 3014 ὑπ’
3667 2960 3862 3033 αὐτῆς,

2286 3041 2490 3095 οὐκέτι.
2514 3041 2607 3113 Μὴ
2624 3040 2804 3112 εῖπῃς,
2822 3042 2914 3104 El;
2927 3042 3092 3095 τίούκ
3112 3041 3270 3112 ἔσχον
3285 3043 3535 3114 χάρισμα
3549 3042 3866 3098 διδασκαλι-

2285 3127 2381 3180 κόν
2399 3145 2412 3193 ;
2431 3127 2488 3197 ἢ,
2513 3127 2576 3180 Εί
2601 3122 2767 3197 εἶχον,
2791 3126 3022 3197 μυρίους
3047 3126 3113 3180 ἂν
3130 3126 3477 3198 ᾠκοδόμησα.
3497 3127 3611 3181 υῦκ
3630 3125 3861 3194 οῐδας,εί

2273 3206 2438 3281 εἶχες,
2457 3209 2533 3280 μὴ
2549 3211 2628 3274 είς
2641 3210 2816 3281 κρίμα
2831 3210 3166 3279 σοιέγένετο,
3181 3211 3258 3282 μὴ
3278 3210 3567 3282 βασκανία,
3591 3211 3664 3283 μὴ
3691 3212 3857 3276 ὄκνος

2271 3294 2656 3364 παρεσκεύαζε
2673 3294 2734 3348 τὸ
2749 3293 3010 3348 τάλαντον
3028 3295 3318 3367 κρύπτειν.
3339 3294 3453 3348 Νῦν
3469 3294 3568 3365 μὲν
3582 3293 3674 3350 οῦν
3687 3297 3861 3352 ἀπάν-

2269 3396 2378 3432 των
2423 3378 2628 3433 τούτων
2654 3378 2986 3449 ἀπήλλαξαι,
3026 3379 3120 3432 καὶ
3159 3380 3219 3432 τὸ
3249 3381 3594 3451 σιτομέτριον
3641 3381 3738 3433 ἐὰν
3776 3379 3853 3452 μὴ

2268 3461 2395 3532 δῷς,
2424 3463 2524 3517 οὐκ
2557 3463 2797 3533 ἐγκαλῇ·
2837 3463 2957 3514 τότε
2997 3461 3053 3515 δέ
3085 3463 3299 3531 μυρίοις
3339 3463 3405 3516 ἀν
3441 3463 3738 3526 ύπεύθυιος
3767 3459 3855 3535 ἧς.

2273 3546 2480 3604 Ἀλλως
2509 3545 2588 3609 δέ,
2618 3546 2736 3598 οὐδὲ
2768 3545 2860 3599 νῦν
2891 3546 3047 3609 ἐκτὸς
3076 3543 3127 3598 εἴ
3153 3546 3247 3599 τοῦ
3278 3548 3637 3618 χαρίσματος.
3673 3545 3857 3611 Δεῖξον

2269 3629 2328 3681 ἐν
2358 3629 2434 3698 τῷ
2466 3628 2667 3699 μικρῷ,
2701 3623 2812 3692 οἷος
2848 3624 2915 3699 ἧς
2937 3630 2985 3693 δ,
3019 3632 3067 3681 εί
3103 3631 3276 3682 ἐκεῖνο
3316 3625 3489 3699 εἶχες·
3524 3629 3594 3682 Et
3635 3629 3744 3701 7&9
3785 3631 3858 3684 ἐν

2269 3712 2349 3778 τῷ
2382 3711 2570 3782 μικρῷ
2590 3715 2660 3766 οὐ
2693 3713 2951 3781 γίνεσθε,
2987 3714 3405 3782 φησὶμπιστοί,
3435 3713 3562 3780 πῶς
3597 3715 3662 3766 τὸ
3699 3713 3856 3783 μέγα

2269 3795 2411 3864 ὑμῖν
2443 3813 2534 3862 τις
2565 3797 2774 3859 δώσεις
2813 3796 2992 3859 Δεῖξον
3022 3796 3097 3859 ὡς
3130 3798 3163 3866 ή
3193 3799 3357 3867 χήρα·
3391 3797 3484 3850 δύο
3505 3799 3612 3868 7‘29
3633 3797 3855 3861 ὀϐολοὺς

2269 3877 2411 3949 εἶχεν
2438 3879 2640 3947 ἐκείνη.
2664 3880 2758 3932 καὶ
2794 3879 2890 3932 ὅλα
2921 3879 3242 3944 κατέλαϐεν,
3265 3881 3365 3932 ὅσα
3396 3881 3679 3949 ἐκέκτητο.
3699 3880 3851 3951 Χρή-

2273 3981 2416 4033 ματα
2456 3962 2636 4032 ζητεῖς
2661 3981 2673 4030 ;
2705 3962 2874 4027 δεῖξον
2903 3961 3112 4016 ὅτιτῶν
3132 3961 3326 4030 ὀλίγων
3351 3967 3731 4031 καταφρονεῖς,
3759 3963 3849 4016 ἴνα

2272 4065 2354 4099 σοι
2391 4048 2665 4099 πιστεύσω
2689 4048 2782 4099 καὶ
2816 4047 3077 4117 περὶτῶν
3118 4046 3360 4100 πολλῶν·
3399 4049 3447 4099 εἱ
3476 4048 3531 4100 δὲ
3566 4048 3700 4117 μηδέ
3727 4047 3851 4100 τού.

2268 4148 2375 4184 των
2406 4133 2786 4202 καταφρονεῖς,
2808 4131 2988 4202 πολλῷ
3020 4130 3221 4202 μᾶλλον
3240 4129 3361 4183 οὐδὲ
3380 4131 3625 4184 ἐκείνων.
3651 4130 3848 4197 Πάλιν,

2271 4215 2328 4266 ἐν
2361 4199 2607 4284 τῷλόγῳ
2625 4213 2796 4279 δεῖξον
2825 4215 2906 4267 ὅτι
2932 4199 3199 4285 κέχρησαι
3227 4213 3456 4278 δεόντως
3489 4216 3553 4284 τῇ
3583 4213 3848 4285 παραινέ-

2272 4314 2352 4350 σει
2380 4297 2474 4350 καὶ
2501 4300 2569 4369 τῇ
2604 4297 2903 4370 συμϐουλῇ,
2924 4299 3038 4350 Ούκ
3062 4299 3205 4369 ἔχεις
3235 4298 3567 4366 εύγλωττίαν
3587 4299 3686 4368 τὴν
3714 4299 3850 4365 ἐξωο

2271 4382 2395 4446 θεν;
2429 4383 2528 4436 οὐκ
2551 4383 2692 4452 ἔχεις
2722 4382 3010 4451 νοημάτων
3033 4384 3329 4451 ἀφθονίαν;
3356 4383 3471 4436 ἀλλ’
3501 4384 3649 4452 ὅμως
3673 4383 3849 4438 ταῦτα

2269 4465 2337 4518 τά
2390 4465 2542 4519 κοινά
2589 4462 2752 4528 οἶδας.
2804 4466 2975 4518 Παῖδα
3033 4467 3202 4536 ἔχεις,
3235 4467 3451 4534 γείτονα
3497 4467 3661 4535 ἔχεις,
3692 4467 3848 4535 φίλον

2271 4549 2430 4619 ἔχεις,
2459 4549 2686 4618 ἀδελφὸν
2711 4550 2871 4619 ἔχεις,
2898 4551 3132 4613 οἰκείους
3157 4551 3302 4620 ἔχεις
3326 4567 3339 4579 ·
3369 4551 3470 4604 κᾶν
3495 4552 3734 4622 δημοσίᾳ
3754 4552 3848 4605 ἐπὶ

2268 4633 2368 4701 τῆς
2410 4631 2703 4702 ἐκκλησίας
2755 4631 2829 4702 μὴ
2872 4632 3002 4705 δύνῃ
3059 4631 3216 4701 λόγον
3266 4634 3549 4687 ἀποτεῖναι
3611 4635 3847 4704 μακρὸν,

2267 4716 2475 4778 τούτοις
2497 4715 2600 4785 ἰδίᾳ
2623 4713 2846 4768 δύνασαι
2874 4719 3189 4786 παραινεῖν·
3217 4715 3449 4768 ἐνταῦθα
3471 4717 3530 4768 ού
3560 4717 3848 4786 ῥητορείας

2268 4798 2446 4869 χρεία,
2477 4799 2596 4851 οὐδὲ
2623 4800 2844 4872 μακρᾶς
2883 4800 3200 4863 ἀποτάσεως
3223 4815 3237 4830 ·
3266 4799 3438 4864 δεῖξον
3482 4800 3576 4852 ἐπὶ
3619 4799 3844 4862 τούτων,

2267 4883 2348 4935 ὅτι
2384 4884 2430 4934 εί
2463 4883 2555 4934 καὶ
2584 4882 2740 4949 λόγον
2765 4877 2930 4951 εἶχες,
2959 4883 3059 4935 οὑκ
3099 4882 3165 4934 ἂν
3193 4883 3496 4952 ἠμέλησας.
3520 4884 3582 4936 El
3610 4883 3666 4935 δὲ
3691 4885 3748 4936 ὲν
3770 4883 3847 4950 τῷ

2272 4966 2451 5036 μικρῷ
2477 4966 2538 5018 ού
2571 4966 2915 5030 σπουδάζεις,
2958 4967 3075 5028 πῶς
3115 4983 3198 5018 σοι
3249 4966 3523 5019 πιστεύσω
3574 4967 3702 5038 περὶ
3749 4968 3846 5019 τοῦ

2271 5050 2543 5119 μεγάλου;
2577 5049 2698 5101 Ὀτι
2741 5049 2849 5120 7&9
2891 5049 3047 5101 τοῦτο
3080 5049 3308 5112 ἕκαστος
3334 5050 3578 5113 δύναται,
3614 5051 3847 5104 ἄκουσον

2268 5134 2383 5196 πῶς
2431 5135 2524 5186 καὶ
2569 5133 2775 5196 λαῖκοῖς
2818 5134 2977 5185 τοῦτο
3005 5133 3306 5204 ἐπέτρεψεν
3332 5136 3358 5186 6
3409 5133 3641 5196 Παῦλος·
3667 5135 3844 5188 ’Ἑκα-

2267 5233 2432 5280 στος,
2458 5217 2641 5284 φησὶν,
2676 5215 3035 5283 οίκοδομεῖτε
3079 5212 3165 5282 εἷς
3209 5217 3316 5268 τὸν
3347 5217 3474 5280 ἕνα,
3505 5217 3697 5283 καθὼς
3746 5217 3845 5270 καί

2266 5300 2504 5352 ποιεῖτε·
2527 5300 2638 5362 καὶ,
2658 5300 3059 5366 Παρακαλεῖτε
3078 5300 3386 5365 ἀλλήλους
3407 5301 3476 5352 ἐν
3500 5300 3622 5366 τοῖς
3645 5301 3847 5369 λόγοις

2266 5385 2518 5449 τούτοις.
2565 5380 2719 5436 Οἶδεν
2751 5387 2777 5436 ὁ
2809 5384 2939 5446 Θεὸς
2967 5385 3080 5447 πῶς
3111 5385 3328 5453 ἑκάστῳ
3367 5383 3635 5456 διανείμῃ.
3657 5386 3746 5454 Μὴ
3779 5387 3845 5438 σὺ

2268 5466 2382 5537 [55]
2415 5467 2505 5519 τοῦ
2539 5468 2812 5529 Μωῡσέως
2851 5463 2902 5518 εἷ
2943 5467 3194 5535 βελτίων;
3235 5468 3501 5519 Ἀκουσον
3549 5469 3666 5530 πῶς
3705 5467 3842 5520 ἀπο·

2265 5551 2540 5602 δυσπετεῖ.
2585 5549 2681 5616 Μὴ
2733 5549 2846 5618 ἐγὼ
2883 5550 3161 5618 δύναμαι.
3195 5551 3351 5618 φησὶ,
3378 5551 3705 5614 βαστάζειν
3735 5553 3847 5605 αὑ·-

2268 5634 2427 5698 τοὶνς,
2460 5633 2546 5686 ὅτι
2568 5634 2732 5698 εἶπές
2761 5630 3076 5704 μοι,⁷Λρον
3097 5635 3335 5700 αὐτοὺς,
3359 5636 3496 5688 ὡσεὶ
3524 5636 3657 5703 ἆραι
3688 5637 3844 5704 τιθη-

2334 5868 2361 5908 b
2383 5868 2563 5922 Οἷοςαι
2588 5864 2690 5920 ἦςτ
