4112 6344
228 404 293 460 55

233 500 561 573 iungentium
589 498 659 551 ad
685 494 1016 551 obediendum
1055 490 1257 545 Christo
1288 485 1362 557 (1.
1396 486 1516 540 Cor.
1538 484 1625 539 10.
1649 482 1725 553 5).
1756 481 1823 537 Et

233 607 419 652 rursus
446 591 576 646 alibi
608 586 876 646 mercedis
901 581 1311 641 retributionem
1341 576 1518 649 posuit
1542 589 1639 646 pro
1666 574 1824 642 puni-

232 688 409 753 tione;
437 694 493 742 et
524 684 614 741 hic
642 680 963 754 supplicium
991 682 1153 733 vocat
1181 669 1511 729 mercedem.
1544 668 1605 724 Si
1624 667 1823 739 justum

229 795 332 850 est,
365 783 559 851 inquit,
594 781 735 849 apud
768 778 935 834 Deum
964 777 1234 833 retribuere
1261 776 1327 828 iis
1350 774 1434 843 qui
1461 787 1549 827 eos
1574 769 1819 825 tribulam

228 877 630 940 tribulationem,
645 884 692 930 et
710 873 849 928 vobis
868 871 957 942 qui
974 867 1287 925 tribulamini
1301 866 1519 935 requiem
1534 861 1613 935 (2.
1631 860 1813 916 Thess.

229 970 280 1026 1.
309 968 389 1040 6.).
419 966 534 1024 Hoc
556 975 659 1032 est,
690 980 797 1019 non
838 971 1092 1033 corrupta
1132 967 1216 1015 est
1256 956 1483 1028 iustitia,
1529 953 1626 1010 sed
1674 953 1816 1029 Deus

227 1075 343 1115 eam
372 1065 460 1116 est
486 1065 811 1127 exsequutus
836 1094 852 1121 ,
880 1062 933 1109 et
974 1064 1163 1124 pmnas
1190 1047 1461 1105 convertit
1505 1047 1557 1100 in
1604 1060 1697 1101 eos
1727 1043 1817 1113 qui

229 1156 623 1220 peccaverunt:
656 1146 865 1202 etiamsi
893 1158 999 1199 non
1026 1141 1204 1197 omnia
1238 1147 1453 1210 peccata
1485 1137 1539 1192 in
1569 1145 1815 1208 apertum

228 1239 590 1311 proferantur.
620 1238 720 1293 nisi
751 1237 860 1292 sint
885 1234 1083 1289 violata
1114 1248 1176 1288 ea
1202 1247 1322 1303 qum
1348 1239 1472 1285 sunt
1501 1227 1815 1284 constituta.

230 1332 501 1399 Quomodo
529 1346 648 1403 ergo
671 1371 688 1397 ,
713 1327 904 1399 inquit,
934 1342 1027 1381 nos
1047 1323 1348 1397 eﬁugiemus
1370 1362 1385 1388 ,
1424 1322 1469 1376 si
1491 1330 1688 1375 tantam
1726 1335 1817 1372 ne-

225 1423 533 1497 qlaerimus
570 1421 832 1478 salutent?
856 1419 961 1475 Per
991 1417 1107 1473 haec
1156 1414 1477 1487 signiﬁcavit
1517 1413 1660 1468 illam
1710 1426 1819 1465 non

226 1532 478 1588 magnam
510 1514 673 1570 fuisse
698 1513 945 1569 salutem.
974 1510 1203 1566 Pulchre
1233 1508 1399 1564 etiam
1421 1504 1647 1571 addidit,
1682 1502 1821 1558 Tan-

226 1619 348 1665 tam.
376 1607 497 1663 Non
526 1606 669 1663 enim
697 1645 713 1671 ,
754 1604 961 1675 inquit,
994 1616 1094 1657 nos
1134 1616 1278 1656 nunc
1316 1598 1552 1657 servabit
1580 1611 1609 1650 a
1643 1594 1818 1655 bellis.

224 1716 403 1773 neque
444 1698 706 1769 praebebit
745 1706 943 1752 terram
980 1704 1033 1748 et
1062 1694 1203 1749 bona
1231 1706 1349 1762 qua:
1397 1698 1522 1744 sunt
1548 1689 1599 1743 in
1634 1698 1817 1753 terra;

224 1790 319 1848 sed
350 1791 545 1846 mortis
572 1789 676 1844 erit
701 1787 925 1853 deletio,
958 1786 1055 1842 sed
1082 1783 1284 1841 diaboli
1316 1782 1589 1848 interitus,
1619 1778 1715 1836 sed
1738 1795 1822 1834 re-

224 1898 390 1954 gnum
419 1882 709 1946 caelorum,
739 1877 834 1934 sed
879 1878 989 1933 vita
1033 1886 1257 1931 aeterna.
1296 1871 1422 1928 Haec
1456 1872 1600 1928 enim
1639 1869 1821 1923 omnia

222 1974 552 2046 compendio
585 1973 839 2035 ostendit,
868 1971 1056 2027 dicens
1082 2012 1095 2034 ,
1128 1969 1190 2024 Si
1216 1976 1410 2022 tantam
1453 1964 1822 2033 neglexerimus

224 2069 465 2123 salutem.
495 2065 699 2122 Deinde
738 2062 1015 2133 subiunxit
1045 2060 1097 2116 id
1140 2060 1283 2131 quod
1326 2073 1438 2113 rem
1469 2056 1575 2112 llde
1605 2056 1821 2126 dignam

225 2159 392 2216 efficit
421 2176 435 2211 :
470 2157 597 2224 Qua
622 2172 737 2211 cum
766 2156 965 2209 initium
995 2153 1269 2223 accepisset
1297 2149 1575 2205 enarrandi
1603 2164 1694 2219 per
1715 2146 1825 2202 Do-

225 2252 445 2305 minum.
473 2249 588 2306 Hoc
614 2257 719 2315 est,
749 2248 818 2303 ab
853 2248 971 2318 ipso
997 2248 1144 2302 fonte
1187 2244 1393 2315 accepit
1442 2243 1651 2298 initium
1675 2255 1692 2295 :
1716 2256 1824 2298 non

226 2344 391 2400 homo
418 2359 538 2399 eam
567 2342 803 2398 traduxit
830 2343 883 2396 in
914 2352 1112 2397 terram
1139 2380 1155 2404 ,
1202 2354 1308 2393 non
1339 2346 1519 2393 creata
1562 2342 1818 2407 potestas,

228 2438 319 2493 sed
354 2437 472 2506 ipse
495 2434 834 2505 Unigenitus.
874 2433 951 2487 Ab
979 2433 1052 2487 eis
1075 2432 1163 2502 qui
1188 2430 1479 2495 audierunt,
1510 2428 1565 2482 in
1586 2443 1679 2482 nos
1698 2442 1823 2479 con-

228 2532 437 2601 ﬁrmata
462 2538 554 2585 est.
586 2528 723 2595 Quid
757 2527 859 2583 sibi
887 2527 997 2582 vult
1036 2525 1186 2590 illud,
1216 2523 1528 2594 Conﬁrmata
1552 2519 1667 2576 est.’
1693 2515 1826 2574 Cre-

226 2622 336 2679 dita
368 2621 492 2688 fuit,
515 2630 607 2675 aut
626 2620 841 2675 evenit:
866 2633 991 2673 nam
1021 2617 1314 2680 Habemus,
1340 2613 1537 2685 inquit,
1561 2609 1776 2667 arrham
1809 2627 1823 2665 :

228 2721 332 2777 hoc
358 2731 465 2785 est,
496 2734 603 2773 non
645 2724 728 2773 est
756 2716 1041 2783 exstincta,
1084 2727 1192 2768 non
1220 2711 1382 2767 desiit
1407 2751 1423 2778 ,
1456 2707 1552 2765 sed
1577 2705 1826 2763 domina-

230 2820 342 2867 tum
371 2810 583 2865 obtinet
606 2816 663 2865 et
689 2814 930 2878 superat.
959 2803 1129 2860 Causa
1146 2811 1327 2858 autem
1349 2809 1435 2858 est
1455 2798 1637 2855 divina
1660 2797 1830 2853 virtus

229 2916 349 2973 quae.
376 2908 655 2971 Operatur.
686 2897 825 2967 Quid
854 2897 1122 2968 signiticat
1147 2892 1278 2950 illud
1300 2935 1316 2961 ,
1347 2892 1422 2946 Ab
1448 2891 1512 2947 iis
1538 2890 1626 2962 qui
1652 2887 1832 2942 audie-

228 2991 524 3049 runtfﬂoc
548 3000 668 3059 est,
710 2991 746 3045 ii
783 2990 873 3060 qui
904 3004 934 3043 a
962 2987 1191 3043 Domino
1232 2984 1520 3039 audierunt
1542 3023 1559 3051 ,
1603 2980 1703 3052 ipsi
1732 2993 1833 3033 nos

230 3087 645 3145 confirmarunt.
668 3082 918 3154 Magnum
950 3089 1036 3137 est
1061 3079 1166 3135 hoc
1193 3087 1250 3135 et
1273 3077 1378 3133 llde
1408 3076 1649 3148 dignum.
1678 3072 1833 3142 Quod

231 3178 449 3253 quidem
476 3177 650 3235 Lucas
668 3190 881 3248 quoque
905 3174 1038 3231 dicit
1066 3172 1122 3228 in
1150 3172 1303 3228 initio
1331 3169 1607 3241 Evangelii
1637 3186 1650 3223 :
1684 3168 1833 3225 Sicut

234 3270 556 3325 tradiderunt
583 3267 724 3321 nobis
745 3266 833 3338 qui
867 3264 928 3318 ab
955 3264 1101 3319 initio
1130 3262 1229 3333 ipsi
1257 3262 1510 3327 uiderunt,
1542 3268 1589 3314 et
1616 3259 1835 3314 ministri

234 3368 442 3436 fuerunt
469 3360 715 3415 sermonis
745 3358 897 3433 (Luc.
928 3359 981 3413 1.
1012 3357 1089 3429 2).
1114 3356 1399 3425 Quomodo
1425 3368 1556 3425 ergo
1578 3353 1676 3409 fuit
1699 3368 1835 3410 con-

236 3457 445 3513 firmata
468 3455 492 3507 ’ἔ
516 3454 653 3523 Quid
683 3455 726 3507 si
758 3453 794 3508 ii
824 3452 915 3523 qui
943 3450 1270 3515 audierunt,
1304 3448 1498 3520 inquit,
1525 3446 1837 3503 ﬁnxerunt?

237 3546 351 3604 lioc
376 3561 510 3617 ergo
537 3544 757 3606 refellit.
782 3552 837 3599 et
861 3541 1097 3598 ostendit
1125 3556 1229 3595 non
1261 3555 1382 3595 esse
1405 3540 1692 3594 humanam
1721 3551 1836 3609 gra-

240 3649 386 3716 tiam,
422 3656 479 3705 et
505 3646 782 3719 subiunxit
814 3661 830 3701 :
860 3645 916 3702 4.
945 3644 1268 3700 Contestaute
1287 3639 1418 3695 Deo.
1459 3636 1645 3709 Neque
1688 3633 1833 3691 enim

242 3742 285 3798 si
312 3740 600 3797 tlnxissent
621 3782 637 3806 ,
668 3739 811 3795 Deus
850 3736 959 3795 illis
987 3734 1362 3793 testimonium
1400 3730 1634 3787 tulisset.
1656 3726 1839 3783 Testi-

246 3834 488 3890 monium
515 3832 733 3905 quidem
762 3831 841 3886 illi
870 3829 1071 3897 ferunt,
1103 3827 1207 3883 fert
1245 3835 1424 3882 autem
1457 3824 1601 3879 Deus
1628 3832 1842 3892 quoque

247 3930 637 3987 testimonium.
670 3926 956 3996 Quomodo
995 3924 1100 3980 fert
1135 3918 1540 3980 testimonium?
1576 3915 1695 3972 Non
1724 3927 1841 3969 ser-

248 4037 432 4088 mone,
468 4035 642 4092 neque
670 4034 804 4076 voce
833 4036 849 4081 ;
882 4033 1006 4074 nam
1048 4026 1195 4073 esset
1232 4014 1447 4085 quidem
1491 4011 1596 4067 hoc
1630 4021 1845 4089 quoque

250 4114 544 4179 credibile;
578 4113 672 4168 sed
716 4108 1025 4183 quomodo?
1054 4107 1231 4181 Signis
1273 4115 1318 4161 et
1348 4103 1593 4177 portentis
1618 4110 1663 4155 et
1692 4097 1848 4153 uariis

251 4208 544 4263 virtutibus.
569 4206 801 4263 Pulchre
828 4205 1005 4278 posuit
1033 4202 1183 4269 illud,
1224 4200 1390 4256 Variis
1410 4195 1699 4259 uirtutibus,
1723 4207 1851 4265 gra~

253 4301 515 4358 tuitorum
584 4298 850 4354 donorum
924 4311 1021 4353 seu
1087 4294 1472 4351 charismatum
1544 4285 1852 4359 significans

254 4393 641 4451 abundantiam
676 4409 692 4452 ;
722 4390 865 4463 quod
892 4389 1110 4461 quidem
1151 4401 1257 4441 non
1302 4376 1498 4440 factum
1531 4388 1614 4437 est
1653 4380 1704 4434 in
1746 4378 1855 4449 pri-

258 4486 443 4543 oribus
471 4528 487 4554 ,
531 4499 705 4557 neque
730 4492 807 4539 tot
846 4483 997 4553 signa
1024 4489 1080 4537 et
1109 4489 1216 4535 tam
1248 4474 1571 4533 differentia.
1608 4472 1720 4528 Hoc
1747 4480 1851 4537 est,

259 4578 376 4636 Non
407 4588 616 4635 temere
642 4592 705 4633 ac
726 4575 922 4632 leviter
947 4574 1055 4630 illis
1081 4571 1433 4633 credidimus,
1465 4565 1562 4623 sed
1591 4580 1683 4636 per
1705 4562 1855 4634 signa

262 4683 317 4731 et
343 4681 617 4745 portenta.
645 4669 1133 4740 Quamobremnon
1162 4666 1268 4722 illis
1286 4663 1577 4729 credimus,
1602 4659 1697 4716 sed
1723 4659 1855 4713 Deo.

265 4765 333 4823 Et
362 4766 599 4836 Spiritus
625 4764 789 4819 sancti
826 4760 1267 4818 distributionibus
1292 4757 1571 4814 secundum
1600 4770 1747 4811 suam
1774 4768 1863 4807 vo-

268 4859 539 4915 luntatem.
568 4854 708 4925 Quid
737 4853 880 4926 quod
904 4862 959 4910 et
984 4851 1406 4924 prasstigiatores
1436 4848 1587 4919 signa
1619 4844 1859 4907 faciunt,

268 4958 323 5006 et
346 4947 520 5005 Judaei
542 4962 663 5003 eum
689 4947 740 5000 in
766 4944 1071 5001 Beelzebub
1100 4941 1351 4999 dicebant
1373 4940 1571 5011 ejicere
1599 4935 1864 4993 daemonia

271 5037 422 5110 (Luc.
456 5037 541 5092 11.
570 5036 698 5109 15)τ
719 5035 826 5092 Sed
853 5050 960 5091 non
992 5033 1198 5090 faciunt
1219 5029 1481 5102 ejusmodi
1521 5028 1673 5099 signa
1704 5044 1719 5082 :
1744 5040 1868 5095 pro-

271 5144 460 5205 pterea
492 5129 663 5196 dixit,
706 5129 875 5186 Variis
925 5126 1213 5184 virtutibus.
1267 5125 1361 5180 llla
1399 5124 1543 5179 enim
1593 5136 1698 5176 non
1744 5130 1871 5175 sunt

273 5226 444 5280 virtus
492 5230 547 5278 et
597 5222 877 5293 potentia,
927 5220 1020 5278 sed
1068 5218 1451 5285 imbecillitas,
1503 5214 1599 5271 sed
1640 5214 1778 5269 visio
1808 5228 1871 5268 ac

278 5315 560 5387 phantasia
603 5324 661 5371 et
702 5330 790 5370 res
833 5315 1042 5371 inanes.
1094 5312 1385 5383 Propterea
1431 5309 1598 5376 dixit,
1648 5307 1874 5377 Spiritus

280 5408 443 5464 sancti
472 5406 908 5462 distributionibus
935 5404 1215 5461 secundum
1241 5419 1387 5458 suam
1414 5400 1749 5457 uoluntatem.

351 5499 407 5555 5.
430 5496 529 5552 llic
550 5496 682 5551 mihi
700 5494 915 5551 videtur
932 5495 1093 5551 etiam
1113 5492 1312 5564 aliquid
1330 5491 1474 5548 aliud
1491 5489 1836 5547 subindicare
1858 5503 1874 5542 :

287 5597 367 5645 est
391 5588 537 5645 enim
558 5585 858 5643 verisimile
884 5601 990 5643 non
1022 5601 1143 5643 esse
1171 5586 1283 5641 illic
1304 5584 1503 5640 multos
1528 5582 1617 5654 qui
1642 5581 1881 5637 habeant

290 5679 649 5744 charismata;
700 5693 764 5735 ea
800 5690 979 5736 autem
1009 5677 1308 5744 defecisse,
1355 5686 1543 5749 utpote
1578 5675 1723 5747 quod
1753 5674 1880 5730 facti

293 5782 473 5829 essent
502 5769 609 5843 ipsi
635 5770 964 5828 hebetiores.
1002 5771 1073 5827 Ut
1103 5785 1232 5842 ergo
1257 5785 1352 5827 eos
1380 5779 1435 5826 ct
1465 5769 1518 5824 in
1561 5770 1663 5823 hoc
1683 5782 1883 5824 conso-

296 5864 452 5937 letur,
484 5874 538 5922 et
575 5878 685 5924 non
724 5863 868 5923 sinat
904 5862 1064 5937 dejici
1092 5862 1299 5933 animo,
1345 5879 1513 5928 totum
1562 5859 1746 5916 tribuit
1790 5859 1885 5916 Dei

1094 375 1160 433 IN
1200 369 1414 433 EPIST.
1458 366 1551 424 AD
1590 360 1955 422 “BER/£05.
1998 356 2151 415 CAP.
2198 354 2263 410 11.
2307 350 2537 408 IlOMlL.
2582 348 2672 405 111.

3462 336 3535 397 51

1917 464 2148 523 consilio
2180 484 2194 519 :
2230 464 2346 535 Ipse
2368 464 2513 518 enim
2544 462 2711 526 novit,
2742 459 2933 531 inquit,
2959 457 3084 530 quid
3113 456 3309 529 cuique
3330 456 3520 513 conle-

1920 569 2025 627 rat,
2054 568 2110 614 et
2130 558 2200 612 ita
2223 556 2449 627 gratiam
2477 552 2769 610 distribuit.
2796 551 2951 620 Quod
2974 550 3189 618 quidem
3212 548 3339 605 facit
3358 549 3521 604 etiam

1921 650 1975 707 in
2006 647 2232 718 epistola
2258 646 2324 701 ad
2350 640 2664 701 Corinthios
2694 643 2882 698 dicens
2914 660 2927 697 :
2965 640 3104 695 Deus
3136 641 3302 709 posuit
3334 656 3525 693 unum-

1920 758 2166 813 quemque
2181 748 2407 794 nostrum
2428 738 2556 793 sicut
2580 736 2737 792 uoluit
2756 753 2776 802 ;
2803 744 2860 791 et
2876 749 3083 799 rursus,
3120 732 3407 803 Unicuique
3434 749 3529 785 au-

1923 842 2022 889 tem
2062 832 2406 903 manifestatio
2432 830 2664 898 Spiritus
2684 829 2838 882 datur
2856 827 2925 881 ad
2942 828 3231 890 utilitatem,
3252 823 3532 879 secundum

1922 924 2035 995 ejus
2070 923 2381 978 uoluntatem
2409 921 2509 995 (1.
2554 917 2676 976 Cor.
2709 918 2799 975 l2.
2848 918 2936 975 18.
2968 916 3055 990 7).
3101 915 3354 974 Ostendit
3378 914 3520 987 quod

1918 1011 2187 1079 charisma
2218 1029 2302 1077 est
2333 1036 2402 1077 ex
2428 1020 2710 1074 voluntate
2736 1017 2934 1073 Patris.
2962 1014 3119 1085 Smpe
3146 1022 3327 1069 autem
3358 1012 3523 1069 etiam

1925 1123 2148 1185 propter
2176 1112 2342 1168 vitam
2386 1110 2718 1167 immundam
2757 1118 2811 1163 et
2855 1108 3136 1164 socordem
3178 1121 3243 1163 ac
3274 1107 3525 1177 ignavam

1920 1207 2076 1264 multi
2122 1221 2229 1261 non
2276 1213 2606 1275 acceperunt
2646 1203 2915 1259 charisma
2955 1219 2971 1257 :
3019 1215 3441 1271 nonnumquam
3473 1206 3529 1255 et

1921 1302 2011 1372 qui
2040 1300 2238 1355 bonam
2268 1298 2469 1354 habent
2499 1298 2662 1352 vitam
2690 1306 2745 1352 et
2783 1310 2997 1367 puram,
3032 1310 3141 1349 non
3172 1299 3524 1361 acceperunt.

1918 1391 2102 1462 Quare
2128 1390 2151 1445 ‘l
2192 1389 2271 1445 Ne
2296 1388 2632 1459 superbiant,
2668 1403 2735 1442 ne
2764 1388 3147 1453 intumescant,
3190 1400 3259 1440 ne
3285 1382 3415 1439 ﬁant
3439 1399 3531 1441 se-

1922 1486 2161 1562 gniores,
2207 1498 2275 1539 ne
2314 1483 2433 1554 plus
2471 1497 2631 1553 quam
2678 1497 2776 1553 par
2815 1483 2885 1536 sit
2928 1482 3280 1537 extollantur.
3321 1478 3456 1535 Nam
3485 1479 3535 1536 si

1926 1579 2087 1634 etiam
2130 1577 2335 1647 absque
2359 1576 2689 1631 charismate
2727 1576 2841 1645 ipsa
2874 1589 3020 1645 pura:
3042 1574 3167 1627 vita:
3196 1573 3531 1628 conscientia

1926 1670 2127 1727 sufﬁcit
2154 1671 2221 1725 ad
2248 1668 2617 1726 extollendum
2653 1685 2668 1724 :
2698 1670 2870 1723 multo
2895 1667 3084 1737 magis,
3120 1667 3339 1737 quando
3369 1666 3534 1735 etiam

1929 1764 2085 1819 adest
2108 1763 2298 1834 gratia.
2323 1762 2686 1831 Quamobrem
2716 1762 2888 1832 magis
2916 1761 3187 1815 dabantur
3208 1760 3536 1815 charismata

1932 1855 2227 1911 humilibus
2272 1864 2327 1911 et
2371 1853 2707 1924 simplicibus
2738 1870 2753 1919 ;
2786 1862 2840 1909 et
2882 1852 3119 1908 maxime
3157 1853 3491 1924 simplicibus
3523 1870 3536 1908 :

1933 1961 2059 2003 nam
2106 1945 2174 2001 In
2221 1946 2581 2017 simplicitate,
2632 1946 2845 2017 inquit,
2892 1952 2941 1998 et
2992 1945 3328 1999 exsultatione
3372 1945 3544 1999 cordis

1934 2038 2072 2113 (Act.
2095 2038 2152 2099 2.
2177 2037 2299 2110 d6).
2328 2038 2441 2094 Hac
2460 2039 2606 2095 enim
2636 2037 3019 2108 rationcipsos
3041 2038 3212 2108 magis
3238 2049 3321 2095 est
3342 2038 3543 2095 exhor-

1936 2139 2102 2197 tatus,
2122 2140 2179 2187 et
2204 2131 2249 2186 si
2270 2139 2426 2186 erant
2447 2131 2723 2201 segniores
2741 2140 2798 2186 et
2823 2130 3271 2202 negligentiores,
3296 2131 3541 2202 pupugit.

1939 2224 2167 2280 Humilis
2193 2225 2359 2289 enim,
2388 2233 2443 2279 et
2467 2226 2557 2294 qui
2604 2239 2671 2280 ex
2692 2222 3003 2294 phantasia,
3034 2239 3228 2296 magna
3254 2224 3325 2280 de
3350 2238 3411 2280 se
3437 2241 3547 2280 non

1939 2316 2315 2388 apprehendit,
2332 2316 2388 2371 llt
2403 2316 2713 2389 diligentior
2724 2324 2780 2373 et
2798 2318 3013 2383 melior,
3032 2318 3249 2395 quando
3278 2318 3550 2375 charisma

1939 2410 2231 2481 acceperit,
2245 2419 2511 2480 tamquam
2537 2409 2627 2481 qui
2652 2419 2846 2479 praeter
2860 2410 3178 2480 dignitatem
3200 2410 3428 2481 accepit,
3449 2425 3552 2465 nec

1943 2516 2005 2557 se
2023 2501 2295 2557 existimat
2314 2515 2437 2557 esse
2456 2500 2677 2571 dignum
2690 2502 2803 2571 :qui
2823 2516 2956 2558 vero
2973 2502 3247 2557 existimat
3272 2518 3331 2558 se
3350 2501 3552 2573 aliquid

1946 2594 2191 2667 praeclari
2230 2593 2448 2662 fecisse,
2496 2594 2551 2650 id
2591 2594 2693 2650 sibi
2739 2576 2983 2651 debitum
3022 2604 3191 2666 putat,
3222 2604 3277 2651 et
3314 2594 3552 2651 inﬂatur.

1947 2687 2309 2766 Quamobrem
2339 2687 2479 2743 Deus
2496 2686 2601 2743 hoc
2621 2687 2828 2744 utiliter
2843 2688 3137 2759 dispensat.
3159 2688 3316 2757 Quod
3337 2690 3556 2761 quidem

1948 2779 2151 2835 videris
2176 2781 2339 2834 etiam
2363 2778 2607 2834 invenire
2627 2778 2680 2834 in
2712 2778 2957 2836 Ecclesia
2989 2797 3003 2838 :
3030 2793 3155 2835 nam
3177 2781 3315 2836 alius
3338 2780 3557 2851 quidem

1951 2874 2113 2929 habet
2140 2886 2451 2929 sermonem
2485 2874 2951 2929 accommodatum
2980 2873 3049 2930 ad
3070 2874 3397 2939 docendum.
3420 2874 3563 2931 alius

1953 2975 2131 3022 autem
2162 2979 2263 3022 nec
2291 2972 2471 3036 potest
2494 2979 2556 3021 os
2591 2967 2826 3037 aperire.
2862 2966 3034 3023 Nemo
3064 2968 3227 3041 igitur
3275 2977 3562 3039 propterea

1953 3059 2141 3115 dolore
2152 3057 2419 3113 afﬁciatur
2436 3075 2449 3113 :
2473 3055 2755 3129 Unicuique
2765 3059 2898 3113 enim
2910 3059 3065 3114 datur
3077 3061 3424 3132 manifestatio
3436 3060 3565 3127 Spi-

1954 3150 2165 3206 ritusad
2184 3150 2455 3205 utilitatem
2480 3150 2557 3222 (1.
2576 3150 2806 3206 Cor.12.
2823 3150 2900 3221 7).
2924 3150 3056 3207 Nam
3074 3153 3119 3207 si
3142 3152 3302 3207 homo
3327 3151 3565 3223 paterfa-

1958 3243 2138 3299 milias
2165 3242 2315 3297 novit
2356 3242 2483 3313 quid
2512 3242 2708 3313 cuique
2744 3242 2940 3308 tradat,
2975 3243 3149 3300 multo
3178 3247 3351 3316 magis
3386 3245 3563 3310 Deus,

1960 3336 2051 3407 qui
2081 3336 2184 3390 scit
2221 3344 2457 3391 mentem
2505 3336 2782 3390 hominum
2805 3377 2821 3403 ,
2869 3337 2959 3407 qui
3012 3339 3163 3393 novit
3194 3339 3375 3393 omnia
3400 3338 3570 3410 prius-

1962 3444 2123 3499 quam
2149 3435 2264 3482 orta
2282 3426 2410 3483 sint.
2434 3425 2612 3483 Unum
2633 3437 2719 3484 est
2734 3428 2914 3484 solum
2936 3428 3005 3486 de
3025 3446 3134 3502 quo
3161 3432 3355 3487 merito
3372 3440 3455 3488 est
3480 3431 3572 3488 do-

1967 3518 2185 3576 lendum
2204 3561 2219 3586 ,
2252 3534 2449 3589 nempe
2470 3529 2791 3589 peccatum;
2823 3520 2960 3577 nihil
2988 3531 3169 3578 autem
3194 3524 3360 3582 aliud.
3392 3524 3471 3581 Ne
3495 3525 3573 3581 di-

1967 3627 2060 3668 cas
2082 3631 2095 3667 :
2114 3611 2223 3667 Cur
2240 3626 2348 3667 non
2371 3610 2546 3667 habeo
2568 3613 2856 3682 pecunias?
2877 3623 2989 3679 aut,
3013 3613 3071 3671 Si
3093 3614 3371 3683 haberem,
3386 3615 3573 3672 darem

1970 3704 2314 3777 pauperibus.
2342 3702 2533 3760 Nescis
2572 3719 2663 3771 an,
2690 3705 2737 3759 si
2766 3704 2997 3761 haberes
3016 3747 3031 3773 ,
3064 3708 3237 3778 magis
3267 3721 3420 3764 esses
3445 3723 3575 3762 ava-

1975 3812 2104 3861 rus;
2137 3809 2279 3851 nunc
2306 3796 2451 3851 enim
2482 3794 2597 3851 haec
2621 3795 2777 3863 dicis,
2808 3795 2904 3852 sed
2935 3798 2981 3852 si
3008 3798 3086 3853 rei
3112 3799 3335 3855 fecisses
3364 3800 3578 3869 pericu-

1976 3894 2110 3955 lum.
2134 3907 2285 3948 esses
2311 3891 2471 3948 alius.
2496 3893 2629 3948 Nam
2657 3897 2820 3950 etiam
2844 3896 3064 3968 quando
3089 3898 3352 3957 fuerimus
3374 3903 3579 3970 satiati,

1972 3986 2343 4041 existimamus
2368 4000 2467 4041 nos
2498 4001 2659 4051 posse
2679 3986 2927 4057 jejunare
2959 4009 2972 4044 :
3005 3980 3224 4059 quando
3247 4002 3426 4048 autem
3456 4009 3583 4066 par-

1974 4094 2101 4133 vum
2132 4078 2501 4135 intercesserit
2538 4078 2771 4149 spatium
2792 4120 2808 4145 ,
2839 4079 2943 4135 alia
2985 4095 3088 4136 nos
3118 4082 3263 4139 subit
3300 4085 3579 4155 cogitatio.

1974 4169 2209 4233 Rursus,
2229 4169 2445 4240 quando
2474 4168 2741 4225 fuerimus
2763 4180 2916 4227 extra
2934 4171 3276 4242 ebrietatem,
3304 4176 3584 4232 existima-

1977 4278 2098 4319 mus
2128 4279 2226 4319 nos
2255 4278 2415 4333 posse
2456 4264 2558 4320 hoc
2590 4266 2781 4321 vitium
2814 4282 3072 4337 superare
3110 4287 3124 4324 :
3156 4271 3373 4341 quando
3397 4286 3580 4329 autem

1974 4369 2036 4410 ea
2065 4371 2165 4411 nos
2198 4356 2425 4426 ceperit.
2462 4374 2568 4411 non
2598 4358 2803 4428 utique.
2837 4358 2918 4414 Ne
2953 4359 3132 4424 dicas,
3154 4363 3258 4419 Cur
3278 4378 3385 4419 non
3420 4365 3583 4421 habui

1976 4448 2242 4502 charisma
2271 4462 2365 4504 seu
2397 4450 2625 4520 gratiam
2654 4449 2884 4506 docendi
2914 4452 2937 4505 ?
2967 4453 3011 4507 si
3036 4452 3316 4521 haberem,
3345 4456 3585 4512 mdilica-

1978 4555 2093 4596 rem
2117 4542 2559 4599 innumerabiles.
2592 4542 2808 4611 Nescis,
2838 4544 2883 4599 si
2911 4544 3170 4615 haberes,
3195 4564 3324 4603 num
3349 4549 3404 4604 id
3436 4560 3586 4606 esset

1978 4634 2074 4689 tibi
2103 4634 2155 4688 in
2188 4634 2474 4705 judicium,
2518 4652 2645 4691 num
2674 4636 2896 4700 invidia.
2940 4655 3069 4695 num
3102 4641 3313 4712 pigritia
3335 4642 3585 4701 efﬁceret

1978 4734 2037 4781 ut
2063 4725 2324 4782 talentum
2347 4727 2733 4785 absconderes.
2754 4729 2930 4800 Atque
2955 4746 3100 4786 nunc
3119 4734 3335 4804 quidem
3359 4749 3421 4791 es
3447 4735 3586 4792 liber

1978 4819 2046 4875 ab
2070 4818 2155 4873 his
2183 4820 2455 4887 omnibus,
2488 4838 2585 4876 nec
2616 4822 2659 4877 si
2693 4821 2948 4879 frumenti
2982 4840 3089 4880 non
3118 4826 3336 4884 dederis
3368 4844 3586 4886 mensu-

1978 4926 2093 4966 ram
2119 4952 2136 4979 ,
2184 4911 2280 4966 tibi
2322 4912 2481 4966 datur
2519 4913 2649 4968 vitio
2689 4932 2700 4967 :
2743 4926 2870 4971 tunc
2914 4926 3093 4974 autem
3124 4934 3276 4976 esses
3313 4921 3586 4981 obnoxius

1981 5002 2479 5059 innumerabilibus.
2510 5003 2767 5076 Alioquin
2795 5016 2974 5063 autem
3000 5024 3100 5064 nec
3129 5027 3271 5067 nunc
3290 5026 3350 5067 es
3374 5012 3586 5070 alienus

1980 5110 2009 5148 a
2040 5094 2387 5153 charismate.
2422 5098 2661 5154 Ostende
2692 5100 2745 5155 in
2777 5117 2947 5172 parvo
2970 5104 3147 5174 qualis
3177 5121 3348 5175 esses,
3377 5109 3421 5162 si
3449 5108 3584 5165 illud

1981 5187 2211 5244 haberes
2238 5206 2251 5243 :
2282 5188 2343 5245 Si
2364 5191 2534 5259 enim,
2569 5192 2761 5264 inquit,
2788 5195 2842 5249 in
2874 5213 3031 5265 paruo
3059 5199 3237 5268 ﬁdeles
3258 5217 3359 5255 non
3387 5204 3583 5273 fuistis,

1980 5280 2234 5349 quomodo
2264 5281 2402 5351 quod
2429 5300 2672 5355 magnum
2712 5295 2788 5340 est
2824 5287 2967 5343 uobis
3016 5289 3157 5344 dabit
3193 5291 3381 5364 aliquis
3408 5292 3582 5367 (Luc.

1984 5372 2072 5426 16.
2116 5371 2266 5443 ll)?
2305 5371 2545 5431 Ostende
2595 5376 2736 5432 sicut
2776 5377 2939 5435 vidua
2984 5397 2998 5435 :
3040 5381 3130 5437 illa
3176 5382 3407 5441 habebat
3447 5387 3587 5445 duos

1983 5465 2193 5531 obolos,
2223 5476 2277 5521 et
2306 5476 2476 5523 totum
2507 5469 2651 5540 quod
2684 5471 2870 5528 habuit
2901 5473 3142 5529 immisit.
3173 5478 3385 5545 Quaeris
3412 5494 3581 5550 pecu-

1984 5558 2154 5613 nias?
2193 5559 2421 5615 ostende
2464 5561 2605 5632 quod
2644 5577 2845 5633 paucas
2884 5564 3184 5637 despicias,
3221 5578 3278 5624 ut
3313 5572 3477 5627 etiam
3521 5573 3592 5631 de

1984 5648 2169 5705 multis
2188 5650 2283 5706 tibi
2305 5652 2522 5708 credam
2553 5671 2567 5708 :
2592 5655 2634 5709 si
2660 5665 2839 5712 autem
2870 5674 2938 5715 ne
2961 5659 3060 5716 bas
3086 5661 3304 5732 quidem
3327 5664 3590 5739 despicis,

1986 5741 2157 5798 multo
2185 5743 2357 5816 magis
2397 5758 2500 5800 nec
2540 5745 2681 5802 illas.
2714 5748 2926 5805 Rursus
2970 5751 3025 5807 in
3074 5768 3329 5813 sermone
3357 5764 3592 5817 ostende

1988 5842 2041 5892 te
2070 5844 2217 5893 recte
2245 5850 2403 5894 usum
2435 5850 2557 5895 esse
2586 5838 2958 5899 admonitione
2983 5854 3037 5899 et
3068 5848 3317 5904 consilio.
3350 5850 3464 5907 Non
3496 5852 3592 5909 ba-
