4112 6344
603 338 677 397 '55
1361 341 1422 397 S.
1462 333 1738 395 JOANNIS
1770 318 2239 389 CIIRYSOSTOMI
2278 318 2591 377 ARCHIEP.
2631 313 3162 374 CONSTANTINOP.
3791 302 3863 363 ‘56

528 470 533 475 α
589 454 689 508 hes
713 455 988 502 externam
1021 441 1316 498 facundiam
1345 446 1368 494 ’ρ
1395 456 1499 494 non
1531 439 1628 494 tibi
1650 439 1848 494 allatnn
1875 450 2163 509 suppetunt

585 552 784 593 sensus
809 547 862 592 et
893 534 1171 591 sententia:
1193 535 1217 587 ?
1243 531 1334 588 sed
1366 534 1470 588 scis
1498 542 1675 587 tamen
1703 532 1815 586 haec
1835 532 2159 586 communia.

591 629 785 684 Filium
813 628 1000 692 habes,
1030 625 1260 679 vicinum
1290 623 1477 691 habes,
1507 624 1723 679 fratrem
1758 622 1943 685 habes.
1973 622 2160 677 dome-

592 722 757 775 sticos
784 717 950 772 habes
996 727 1051 770 et
1089 716 1423 770 necessarios
1463 733 1476 769 :
1522 714 1729 769 etiamsi
1772 728 1876 767 non
1911 713 2083 782 possis
2112 710 2164 767 in

597 811 818 866 ecclesia
856 807 1062 877 prolixa
1091 808 1165 861 uti
1195 808 1461 872 oratione,
1494 820 1586 862 eos
1615 816 1766 875 potes
1795 805 2041 875 privatim
2076 804 2170 859 ad-

595 916 813 957 monere
841 909 895 954 et
942 899 1169 953 hortari.
1211 898 1308 953 llic
1334 907 1452 952 arte
1490 896 1702 951 dicendi
1747 911 1851 951 non
1884 904 1966 950 est
1991 910 2125 964 opus
2150 936 2167 961 ,

596 1010 768 1065 neque
799 993 912 1049 fusa
944 992 1184 1046 oratione
1214 1009 1227 1044 :
1260 992 1312 1045 in
1338 992 1420 1044 his
1446 990 1686 1051 ostende,
1717 987 1858 1058 quod
1888 988 1932 1043 si
1959 987 2169 1043 dicendi

598 1086 825 1141 haberes
872 1083 1215 1149 facultatem,
1261 1098 1366 1136 non
1406 1081 1753 1151 neglexisses.
1801 1079 1859 1136 Si
1897 1090 2075 1136 autem
2118 1081 2172 1135 in

601 1191 764 1245 parvo
801 1190 905 1229 non
932 1173 1153 1228 adhibes
1181 1172 1411 1227 studium
1444 1178 1497 1226 et
1527 1171 1877 1240 diligentiam,
1906 1170 2173 1240 quomodo

600 1267 651 1320 in
696 1282 885 1335 magno
915 1265 1006 1319 tibi
1039 1263 1252 1318 credam
1280 1263 1304 1316 l
1333 1262 1463 1316 Nam
1492 1262 1634 1331 quod
1675 1263 2041 1333 unusquisque
2073 1263 2174 1318 hoc

603 1357 789 1426 possit,
832 1355 955 1409 audi
985 1353 1254 1424 quomodo
1284 1354 1480 1408 Paulus
1510 1353 1611 1408 hoc
1643 1355 1950 1423 permiserit
1979 1355 2129 1409 laicis
2158 1370 2172 1408 :

606 1443 888 1514 didiﬁcate
910 1486 924 1510 ,
956 1444 1159 1514 inqttit,
1192 1444 1319 1499 alter
1347 1444 1561 1498 alterum
1601 1444 1732 1497 sicut
1770 1454 1815 1497 et
1853 1446 2055 1515 facitis;
2092 1452 2175 1511 et,

606 1537 953 1591 Consolamini
995 1535 1204 1589 invicem
1243 1535 1296 1588 in
1337 1535 1415 1590 his
1458 1535 1771 1590 sermonibus
1802 1535 1879 1606 (1.
1917 1535 2093 1591 Thess.
2123 1537 2177 1592 5.

607 1630 695 1693 H,
726 1638 772 1681 et
796 1628 850 1681 4.
881 1626 988 1698 17).
1018 1624 1176 1682 Novit
1223 1627 1362 1682 Deus
1391 1627 1662 1696 quomodo
1685 1628 1972 1699 unicuique
1997 1628 2181 1683 distri-

608 1720 758 1773 buat.
803 1716 937 1772 Num
982 1727 1037 1772 tu
1082 1732 1141 1773 es
1182 1718 1361 1789 Moyse
1402 1704 1637 1773 melior?
1676 1718 1816 1774 Audi
1854 1734 2012 1788 quam
2042 1733 2183 1787 aegre

610 1821 664 1867 et
687 1812 913 1866 moleste
934 1811 1090 1867 ierat.
1121 1811 1261 1865 Num
1282 1828 1393 1881 ego,
1426 1810 1618 1880 inquit,
1644 1827 1843 1880 possum
1860 1826 1943 1865 eos
1960 1819 2181 1879 portare,

610 1902 748 1971 quod
795 1900 967 1955 dixisti
1007 1901 1154 1967 mihi,
1210 1900 1353 1954 Tolle
1394 1916 1478 1954 eos
1527 1902 1656 1955 sicut
1701 1903 1874 1955 nutrix
1921 1900 2186 1955 luctantem

613 1992 817 2061 (Nam.
849 1992 936 2047 11.
975 1991 1119 2063 12)?
1155 1992 1299 2060 Quid
1336 2008 1463 2049 vero
1493 1993 1683 2051 Deus?
1724 1993 1938 2049 Exemit
1966 1993 2035 2049 de
2069 1994 2187 2064 ejus

612 2084 825 2154 spiritu,
856 2092 912 2139 et
937 2082 1083 2139 dedit
1110 2084 1249 2148 aliis,
1277 2086 1574 2141 ostendens
1600 2086 1741 2157 quod
1782 2101 1957 2157 neque
1978 2087 2189 2157 quando

617 2189 714 2231 eos
740 2175 1023 2245 portabat,
1070 2175 1187 2246 ejus
1216 2185 1335 2232 erat
1367 2178 1639 2232 charisma
1667 2219 1683 2245 ,
1717 2178 1812 2234 sed
1851 2178 2101 2249 Spiritus.
2133 2179 2190 2235 Si

619 2262 847 2319 haberes
885 2264 1154 2319 charisma
1173 2307 1189 2332 ,
1219 2281 1363 2337 saepe
1389 2267 1583 2323 fuisses
1614 2269 1812 2336 elatus,
1838 2284 1980 2341 sape
2003 2270 2192 2326 fuisses

619 2366 842 2407 eversus
870 2369 889 2404 :
922 2361 977 2407 tu
1010 2353 1239 2423 teipsum
1263 2370 1367 2410 non
1396 2357 1561 2423 nosti,
1593 2365 1652 2411 ut
1681 2366 1733 2412 te
1764 2358 1902 2412 Deus
1928 2360 2093 2413 novit.
2118 2358 2195 2414 Ne

634 2452 894 2517 dicamus,
926 2450 1008 2505 Ad
1036 2451 1161 2520 quid
1188 2450 1291 2505 hoc
1315 2462 1369 2506 et
1396 2467 1491 2507 cur
1514 2451 1539 2506 ?
1561 2453 1772 2524 quando
1799 2455 1938 2509 Deus
1966 2456 2191 2527 dispen-

630 2550 733 2607 sat,
760 2557 829 2597 ne
852 2541 1109 2597 rationem
1140 2541 1207 2597 ab
1230 2556 1297 2597 eo
1322 2543 1594 2614 exigamus
1625 2562 1640 2598 :
1669 2544 1770 2599 hoc
1797 2546 1940 2601 enim
1975 2556 2057 2602 est
2097 2548 2198 2603 im-

633 2632 841 2701 pietatis
880 2641 1133 2688 extrema:
1179 2641 1235 2688 et
1280 2636 1617 2704 arrogantiae.
1667 2634 1818 2691 Servi
1868 2652 2089 2705 sumus,
2141 2648 2197 2695 et

629 2722 769 2775 servi
812 2722 1033 2777 multum
1079 2720 1338 2778 distantes
1386 2739 1414 2777 a
1464 2724 1712 2791 Domino,
1762 2741 1829 2782 ne
1874 2740 1937 2781 ea
1978 2728 2192 2797 quidem

629 2811 861 2867 scientes
906 2828 1024 2883 quas
1066 2822 1187 2868 sunt
1226 2829 1337 2883 pra:
1376 2814 1620 2886 pedibus.
1662 2816 1739 2872 Ne
1779 2816 1941 2888 igitur
1980 2820 2191 2876 curiose

629 2912 930 2959 scrutemur
961 2904 1054 2959 Dei
1084 2906 1387 2972 consilium,
1415 2908 1508 2962 sed
1536 2907 1674 2977 quod
1704 2908 1851 2963 dedit
1882 2908 1981 2964 hoc
2009 2924 2192 2967 serve-

630 3010 773 3062 mus,
804 2995 1011 3050 etiamsi
1052 2997 1120 3051 sit
1149 3012 1389 3066 parvum,
1420 2999 1627 3054 etiamsi
1654 3000 1919 3067 ultimum,
1949 3010 2003 3056 et
2028 3002 2189 3071 plane

628 3085 829 3139 erimus
858 3086 1006 3155 probi
1032 3097 1086 3141 et
1113 3087 1163 3141 in
1196 3088 1332 3143 bona
1357 3091 1749 3148 existimatione
1785 3110 1798 3145 :
1830 3094 1938 3147 imo
1968 3109 2094 3149 vero
2119 3110 2188 3151 ex

626 3172 719 3228 Dei
741 3175 894 3230 donis
916 3177 1116 3232 nullum
1146 3186 1229 3233 est
1249 3194 1486 3249 parvum.
1510 3181 1666 3236 Doles
1694 3183 1834 3253 quod
1866 3199 1969 3239 non
1993 3185 2189 3241 habeas

620 3266 819 3321 donum
861 3267 1163 3325 doctrinae?
1197 3271 1284 3327 dic
1322 3272 1448 3326 mihi
1473 3314 1488 3339 ,
1532 3274 1656 3343 quid
1698 3276 1789 3329 tibi
1832 3276 2040 3331 videtur
2067 3292 2187 3333 esse

622 3355 815 3425 majus,
845 3357 1042 3413 donum
1073 3359 1347 3426 doctrinm,
1373 3376 1440 3416 an
1480 3362 1675 3417 donum
1704 3364 2005 3434 expellendi
2044 3382 2181 3421 mor-

619 3444 715 3500 bos
745 3445 769 3498 ?
805 3446 917 3503 Hoc
949 3449 1150 3518 utique.
1182 3450 1318 3517 Quid
1344 3453 1518 3507 vero?
1555 3469 1661 3508 non
1690 3453 1785 3510 tibi
1820 3456 2029 3511 videtur
2063 3472 2185 3513 esse

622 3535 814 3605 majus,
844 3538 1002 3593 etscis
1028 3539 1155 3595 dare
1179 3540 1393 3596 visum?
1419 3558 1522 3598 non
1562 3546 1654 3601 tibi
1692 3546 1903 3601 videtur
1925 3564 2045 3605 esse
2070 3566 2184 3605 ma-

614 3626 723 3695 jus,
768 3636 1002 3685 mortuos
1028 3632 1297 3699 excitare,
1325 3648 1484 3703 quam
1525 3637 1740 3692 morbos
1765 3640 1993 3693 curare?
2043 3640 2181 3707 Quid

618 3730 766 3783 vero,
794 3717 881 3773 dic
919 3735 1102 3789 quaeso
1127 3721 1150 3775 2
1175 3722 1374 3778 umbris
1402 3734 1459 3778 et
1485 3725 1713 3781 sudariis
1739 3727 1842 3782 hoc
1868 3728 2045 3785 facere
2072 3746 2177 3786 non

617 3805 710 3859 tibi
736 3807 942 3862 videtur
969 3823 1087 3865 esse
1114 3811 1303 3882 majus,
1331 3829 1489 3883 quam
1519 3816 1724 3871 verbo?
1748 3817 1883 3885 Quid
1910 3834 2039 3889 ergo
2075 3822 2175 3889 vis,

615 3894 701 3950 dic
726 3912 924 3966 quzeso,
954 3901 1153 3956 umbris
1191 3911 1245 3957 et
1283 3904 1514 3961 sudariis
1552 3907 1785 3962 excitare
1824 3919 2081 3978 mortuos,
2109 3926 2175 3966 an

615 3987 815 4045 habere
842 3990 1041 4046 donum
1083 3992 1337 4050 doctrinae
1364 3996 1387 4050 ?
1416 3997 1569 4053 Dices
1612 4001 1847 4067 omnino,
1894 4002 2095 4058 umbris
2122 4012 2179 4059 et

613 4077 841 4134 sudariis
869 4092 1105 4141 mortuos
1130 4086 1381 4143 excitare.

685 4166 737 4220 6.
771 4169 966 4225 Caritas
990 4183 1062 4227 est
1082 4174 1331 4229 charisma
1360 4180 1583 4234 omnium
1597 4183 1859 4249 optimum.
1881 4212 1953 4224 —-
1970 4183 2023 4241 Si
2047 4200 2174 4257 ergo

613 4256 705 4311 tibi
743 4261 1046 4331 ostendero,
1073 4265 1211 4335 quod
1256 4268 1478 4324 alterum
1523 4270 1720 4327 donum
1752 4283 1838 4329 est
1865 4275 1965 4331 hoc
2017 4256 2172 4348 longe

610 4349 803 4440 majus,
834 4362 887 4407 et
915 4368 1035 4409 cum
1083 4357 1175 4411 tibi
1218 4358 1375 4415 liceat
1414 4364 1676 4433 accipere,
1707 4366 1751 4421 si
1798 4381 1903 4421 non
1947 4370 2165 4440 accipis,

604 4437 748 4507 jnste
773 4456 832 4496 es
853 4444 932 4498 eis
959 4446 1194 4514 privatus
1226 4467 1240 4504 :
1270 4451 1393 4518 quid
1422 4452 1605 4509 dices?
1627 4455 1693 4509 Et
1718 4456 1820 4511 hoc
1838 4457 2037 4515 donum
2062 4437 2166 4516 non

609 4531 699 4584 uni
742 4544 797 4587 et
824 4534 1009 4603 alteri,
1054 4540 1147 4594 sed
1189 4543 1439 4597 omnibus
1482 4545 1680 4602 habere
1721 4548 1862 4603 licet.
1906 4550 2028 4607 Scio
2075 4568 2168 4608 vos

610 4629 828 4689 stupere
851 4633 903 4678 et
928 4626 1200 4696 admirari,
1228 4632 1272 4685 si
1302 4633 1430 4689 estis
1455 4634 1688 4690 audituri
1714 4640 1852 4706 quod
1886 4641 2040 4698 liceat
2068 4658 2164 4698 vo-

606 4720 691 4776 bis
718 4722 913 4778 habere
953 4726 1125 4793 majus
1153 4725 1353 4783 donum
1396 4745 1553 4799 quam
1600 4735 1859 4791 suscitare
1901 4752 2162 4811 mortuos,

606 4826 661 4869 et
681 4815 848 4869 visum
870 4817 997 4871 dare
1031 4819 1213 4884 etscis,
1243 4830 1295 4874 et
1322 4820 1407 4875 illa
1449 4822 1620 4877 facere
1648 4841 1765 4895 quas
1795 4826 1993 4885 ﬁebant
2033 4843 2170 4889 tem-

606 4920 735 4974 pore
760 4908 1121 4975 apostolorum
1150 4928 1162 4962 :
1192 4921 1243 4964 et
1285 4910 1512 4966 fortasse
1545 4914 1645 4969 hoc
1676 4917 1887 4973 videtur
1909 4922 2057 4978 vobis
2087 4926 2170 4979 in-

605 4998 880 5053 credibile.
925 4999 1075 5066 Quud
1116 5009 1197 5056 est
1237 5016 1363 5071 ergo
1412 5003 1511 5058 hoc
1537 5004 1776 5061 donum?
1802 5009 2029 5067 Caritas.
2062 5013 2167 5070 Sed

607 5089 736 5143 mihi
766 5092 985 5157 credite,
1034 5108 1138 5147 non
1168 5103 1250 5151 est
1292 5110 1443 5149 meus
1486 5111 1685 5165 sermo,
1714 5102 1806 5155 sed
1833 5103 2029 5160 Christi
2075 5108 2167 5161 lo-

606 5196 819 5247 quentis
861 5198 954 5253 per
981 5184 1224 5240 Paulum.
1266 5186 1403 5255 Quid
1446 5191 1587 5244 enim
1616 5192 1782 5247 dicit?
1826 5194 2168 5254 Αῐηιιιιαηιὶηἰ

605 5272 908 5326 charismata
954 5276 1196 5341 meliora,
1255 5287 1300 5331 et
1347 5280 1514 5333 adhuc
1559 5297 1807 5337 summam
1856 5290 1985 5340 viam
2029 5291 2167 5343 vobis

604 5364 809 5415 ostendo
836 5363 912 5433 (1.
936 5363 1052 5418 Cor.
1086 5366 1175 5419 12.
1207 5367 1319 5438 51).
1349 5369 1485 5436 Quid
1534 5380 1637 5438 est,
1668 5372 1848 5428 Adhuc
1878 5382 2163 5436 summam?

604 5451 755 5519 Quod
796 5454 925 5508 dicit
957 5466 1039 5511 est
1078 5457 1337 5525 ejusmodi
1369 5479 1381 5513 :
1410 5461 1674 5518 Corinthii
1715 5479 1774 5519 se
1806 5466 1959 5522 valde
1983 5468 2155 5538 jacta‘

606 5543 753 5610 bant,
784 5558 837 5601 et
866 5548 965 5603 sibi
1012 5549 1291 5619 placebant
1342 5567 1563 5623 propter
1610 5558 1952 5631 charismata,
1994 5573 2047 5618 et
2075 5566 2166 5636 qui

605 5636 810 5707 linguas
851 5639 1133 5709 habebant,
1158 5644 1297 5713 quod
1324 5657 1406 5701 est
1444 5649 1718 5707 minimum
1761 5653 1980 5721 donum,
2010 5656 2163 5714 inﬂa-

605 5725 797 5784 bantur
825 5729 1080 5788 adversus
1120 5743 1366 5794 exteros.
1402 5737 1536 5796 Dicit
1564 5756 1711 5815 ergo,
1736 5743 1908 5801 Vultis
1946 5750 2165 5805 omnino

2291 428 2649 486 charismata?
2702 441 2801 497 ego
2838 425 3065 481 ostendo
3117 424 3256 479 viam
3296 420 3713 489 charismatum,
3754 436 3862 477 non

2293 521 2465 577 solum
2486 519 2855 582 excellentem,
2874 516 2968 572 sed
2991 518 3153 573 etiam
3174 529 3455 571 summam.
3484 514 3687 571 Deinde
3706 514 3861 582 dicit,

2295 612 2357 667 Si
2383 610 2567 681 linguis
2597 611 2776 678 loquar
2803 609 3123 678 angelorum,
3146 607 3406 661 caritatem
3434 618 3605 660 autem
3634 623 3734 661 non
3765 608 3862 661 ha-

2294 706 2457 767 beam,
2487 704 2617 757 nihil
2640 719 2751 757 sum
2780 718 2799 755 :
2828 711 2875 755 et
2903 702 2948 755 si
2977 701 3189 755 habeam
3221 700 3371 768 ﬁdem
3400 709 3454 751 ut
3475 710 3665 754 montes
3692 710 3864 755 trans-

2294 800 2476 867 feram,
2497 796 2754 847 caritatem
2775 801 2941 845 autem
2986 807 3087 844 non
3133 789 3361 854 habeam,
3388 788 3516 843 nihil
3553 806 3666 843 sunt
3700 789 3864 859 (Ibid.

2297 889 2386 944 1'5.
2410 889 2460 941 1.
2481 887 2560 956 2).
2582 885 2772 941 Vidisti
2798 884 3103 939 charisma?
3132 881 3409 938 Emulare
3432 883 3533 937 hoc
3559 884 3827 937 charisma
3849 900 3864 945 ;

2297 981 2400 1034 hoc
2426 979 2598 1047 majus
2628 988 2711 1033 est
2740 992 2897 1048 quam
2926 985 3165 1030 mortuos
3190 975 3448 1041 excitare,
3477 974 3582 1029 hoc
3605 975 3723 1029 aliis
3750 990 3869 1029 om-

2298 1071 2456 1127 nibus
2484 1080 2567 1126 est
2594 1072 2750 1141 longe
2780 1068 2992 1123 melius.
3018 1068 3086 1122 Et
3111 1067 3252 1137 quod
3286 1064 3387 1120 hoc
3408 1066 3478 1119 ita
3503 1065 3715 1132 habeat,
3743 1064 3867 1121 audi

2298 1164 2421 1234 quid
2445 1161 2587 1218 dicat
2610 1162 2854 1218 Christus
2881 1161 3108 1231 loquens
3134 1158 3447 1228 discipulis:
3478 1156 3545 1211 In
3575 1159 3668 1212 hoc
3689 1161 3867 1223 scient,

2298 1256 2433 1323 quod
2459 1253 2699 1322 discipuli
2722 1253 2818 1306 mei
2844 1252 2987 1314 estis,
3010 1251 3054 1303 si
3080 1267 3165 1304 vos
3194 1250 3405 1307 invicem
3432 1249 3657 1320 diligatis
3688 1250 3868 1321 (Joan.

2302 1346 2387 1398 15.
2425 1343 2537 1413 55).
2570 1343 2769 1397 Deinde
2798 1340 3085 1396 ostendens
3117 1341 3167 1394 in
3210 1356 3338 1410 quo,
3383 1356 3489 1395 non
3534 1341 3665 1395 dixit
3704 1342 3872 1395 mira-

2302 1436 2443 1501 cula,
2485 1434 2579 1489 sed
2608 1434 2773 1503 quid?
2804 1433 2865 1488 Si
2893 1432 3211 1486 dilectionem
3239 1432 3449 1485 invicem
3480 1432 3777 1485 habueritis.
3804 1430 3875 1487 Et

2302 1540 2486 1582 rursus
2511 1525 2639 1579 dicit
2668 1524 2813 1579 Patri
2844 1541 2856 1577 :
2895 1523 2962 1577 In
2994 1523 3087 1577 hoc
3113 1523 3270 1576 scient
3309 1520 3445 1591 quod
3474 1530 3526 1573 tu
3557 1537 3633 1574 me
3672 1522 3872 1585 misisti,

2296 1646 2340 1683 st
2362 1630 2464 1682 sint
2490 1643 2648 1680 unum
2676 1625 2855 1692 (Joan.
2887 1624 2981 1679 .17.
3007 1620 3123 1692 21).
3150 1618 3270 1689 Ipse
3294 1633 3507 1688 quoque
3548 1616 3760 1671 dicebat
3788 1616 3875 1671 di-

2296 1719 2515 1788 scipulis
2544 1737 2559 1769 :
2592 1717 2894 1771 Mandatum
2925 1730 3107 1768 novum
3145 1713 3211 1765 do
3249 1709 3408 1773 vobis,
3438 1719 3490 1764 ut
3520 1708 3748 1779 diligatis
3788 1710 3876 1761 in—

2298 1809 2453 1861 vicem
2479 1809 2660 1879 (Joan.
2694 1808 2778 1861 15.
2805 1807 2917 1875 54).
2953 1804 3021 1859 lis
3050 1820 3180 1874 ergo
3206 1804 3295 1873 qui
3323 1812 3566 1856 mortuos
3594 1801 3876 1867 suscitant,

2298 1900 2384 1953 hic
2411 1908 2493 1952 est
2519 1898 2797 1953 honestior
2822 1910 2875 1952 et
2900 1896 3241 1968 praeclarior:
3267 1903 3322 1948 et
3351 1892 3566 1947 merito.
3589 1890 3721 1946 Nam
3746 1890 3877 1946 illud

2292 1987 2508 2057 quidem
2536 1996 2617 2041 est
2651 1995 2817 2041 totum
2850 1986 2944 2041 Dei
2988 1986 3210 2055 gratiae;
3260 1982 3365 2037 hoc
3395 1990 3573 2035 autem
3606 1991 3689 2035 est
3714 1982 3878 2035 etiam

2292 2077 2455 2131 studii
2500 2085 2558 2132 et
2580 2076 2892 2147 diligentiae.
2928 2074 3042 2130 Hoc
3068 2082 3151 2129 est
3180 2086 3370 2128 revera
3395 2070 3730 2127 Christiani:
3777 2070 3879 2125 hoc

2295 2169 2535 2224 ostendit
2576 2168 2776 2223 Christi
2823 2166 3165 2237 discipulum,
3198 2165 3288 2235 qui
3318 2172 3403 2219 est
3449 2162 3755 2229 crucifixus,
3788 2162 3877 2232 qui

2294 2261 2427 2314 nihil
2461 2260 2623 2315 habet
2648 2274 2930 2315 commune
2959 2260 3010 2313 in
3041 2268 3183 2313 terra
3218 2275 3232 2311 :
3280 2255 3486 2326 absque
3510 2256 3614 2310 hoc
3643 2270 3710 2310 ne
3738 2268 3878 2309 mar-

2296 2351 2493 2421 tyrium
2524 2352 2736 2421 quidem
2767 2358 2948 2421 potest
2970 2348 3258 2419 quidquam
3307 2346 3582 2417 prodesse.
3616 2345 3686 2399 Et
3712 2354 3769 2399 ut
3794 2344 3878 2398 di-

2292 2432 2438 2508 scas,
2472 2440 2575 2497 hoc
2608 2440 2728 2496 vide
2759 2439 3013 2502 dilucide.
3038 2439 3154 2495 Duo
3180 2438 3263 2494 vel
3287 2437 3466 2509 potius
3494 2438 3592 2491 tria
3618 2436 3877 2491 virtutum

2292 2534 2573 2590 cacumina
2600 2534 2832 2603 sumpsit
2862 2533 3056 2589 beatus
3082 2531 3304 2596 Paulus,
3324 2545 3444 2601 quae
3463 2538 3589 2586 sunt
3616 2528 3668 2583 in
3689 2527 3877 2598 signis,

2291 2640 2409 2695 quae
2434 2625 2486 2678 in
2514 2624 2848 2696 cognitione,
2878 2639 3000 2695 qua:
3028 2631 3156 2678 sunt
3196 2622 3251 2676 in
3282 2622 3388 2676 vita
3419 2638 3433 2674 :
3462 2630 3518 2676 et
3546 2619 3751 2688 absque
3778 2616 3880 2671 hoc

2295 2715 2409 2771 hac
2436 2716 2569 2770 nihil
2597 2730 2722 2771 esse
2741 2715 2896 2769 dixit.
2925 2713 3206 2781 Quomodo
3226 2720 3406 2769 autem
3437 2711 3552 2767 haec
3576 2710 3712 2766 nihil
3739 2710 3867 2775 sint,

2289 2822 2390 2878 ego
2418 2808 2561 2874 dico.
2612 2807 2728 2863 Etsi
2758 2808 3063 2862 distribuere
3110 2807 3163 2867 in
3193 2806 3328 2861 cibos
3374 2821 3657 2876 pauperum
3699 2819 3874 2858 attines

2291 2900 2559 2970 facultates
2587 2916 2745 2964 meas,
2774 2901 3041 2953 caritatem
3068 2908 3240 2952 autem
3265 2914 3369 2951 non
3389 2896 3622 2962 habeam,
3650 2896 3781 2951 nihil
3799 2904 3875 2950 est

2291 2992 2370 3061 (1.
2396 2991 2514 3046 Cor.
2544 2992 2632 3047 1'5.
2666 2990 2744 3062 5).
2789 2990 2933 3045 Fieri
2984 2990 3127 3044 enim
3172 2996 3350 3059 potest
3389 2996 3446 3042 ut
3470 2988 3563 3058 qui
3594 2986 3873 3041 facultates

2292 3086 2343 3139 in
2390 3084 2541 3140 cibos
2590 3083 2889 3148 distribuat,
2950 3097 3057 3137 non
3106 3082 3179 3136 sit
3225 3080 3453 3136 caritate
3493 3078 3771 3151 praeditus,
3818 3087 3874 3134 et

2292 3175 2575 3245 profundat
2605 3176 2878 3245 pecunias.
2912 3173 2980 3228 Et
3012 3172 3083 3229 de
3127 3172 3212 3227 bis
3238 3170 3454 3243 quidem
3487 3172 3617 3225 satis
3646 3185 3675 3223 a
3716 3170 3872 3226 nobis

2289 3269 2491 3325 dictum
2516 3278 2602 3325 est
2625 3268 2680 3325 in
2711 3270 2831 3325 loco
2858 3268 2927 3323 de
2950 3266 3195 3334 caritate,
3224 3275 3278 3321 et
3300 3266 3428 3321 illuc
3458 3263 3871 3319 transmittimus

2290 3360 2521 3417 lectores
2546 3379 2559 3415 :
2591 3359 2808 3415 interim
2851 3366 3054 3422 autem,
3078 3356 3218 3412 sicut
3247 3356 3379 3419 dixi,
3410 3355 3725 3410 aemulemur
3742 3352 3872 3410 cha-

2288 3454 2475 3517 risma,
2501 3452 2641 3508 alter
2663 3452 2894 3507 alterum
2914 3450 3239 3521 diligamus;
3271 3458 3326 3505 et
3355 3448 3504 3504 nullo
3530 3448 3703 3504 altero
3732 3447 3871 3503 indi-

2287 3545 2533 3615 gebimus
2561 3544 2627 3599 ad
2660 3559 2758 3598 nos
2784 3554 2930 3599 recte
2965 3541 3230 3613 gerendus
3257 3541 3309 3596 in
3339 3542 3551 3605 virtute,
3591 3540 3687 3596 sed
3711 3549 3872 3596 erunt

2290 3637 2442 3692 nobis
2466 3638 2646 3693 omnia
2678 3636 2854 3691 facilia
2881 3635 3083 3705 absque
3124 3632 3438 3701 sudoribus,
3469 3639 3524 3688 et
3556 3633 3725 3688 multo
3753 3641 3871 3688 stu-

2289 3731 2377 3785 dio
2414 3740 2469 3786 et
2510 3729 2781 3802 diligentia
2829 3737 2975 3783 recte
3016 3742 3265 3797 geremus
3310 3725 3512 3781 omnia.
3561 3724 3668 3781 Sed
3713 3740 3866 3793 ecce,

2289 3822 2476 3892 inquit,
2517 3823 2813 3877 etiamnum
2843 3819 3115 3890 diligimus
3157 3832 3255 3873 nos
3288 3817 3519 3872 invicem
3556 3834 3570 3871 :
3613 3831 3736 3871 nam
3774 3816 3869 3873 ille

2287 3914 2500 3984 quidem
2548 3915 2711 3968 habet
2741 3914 2875 3969 duos
2917 3912 3002 3968 vel
3054 3919 3164 3966 tres
3193 3911 3413 3977 amicos,
3447 3908 3534 3965 hic
3576 3923 3707 3965 vero
3734 3924 3870 3982 qua-

2292 4014 2431 4059 tuor.
2466 4005 2572 4060 Sed
2620 4004 2722 4059 hoc
2752 4019 2857 4059 non
2886 4013 2971 4059 est
2998 4003 3223 4070 diligere
3274 4011 3493 4072 propter
3543 4000 3736 4067 Deum,
3769 4001 3869 4058 sed

2289 4089 2431 4155 quod
2462 4089 2573 4157 ipse
2597 4089 2892 4145 redemeris
2917 4107 2932 4144 :
2966 4102 3183 4161 propter
3207 4094 3378 4149 Deum
3403 4108 3581 4156 autem
3608 4100 3858 4175 diligere,

2287 4190 2394 4229 non
2423 4175 2524 4233 hoc
2546 4178 2866 4251 principium
2890 4181 3051 4238 habet
3070 4185 3342 4253 caritatis;
3372 4188 3467 4244 sed
3494 4204 3585 4260 qut
3603 4202 3689 4249 est
3713 4194 3863 4265 ejus-

2283 4267 2448 4333 modi,
2477 4271 2741 4327 aﬂicietur
2784 4274 2839 4327 in
2883 4289 3071 4331 omnes
3114 4286 3381 4350 tamquam
3433 4281 3485 4337 in
3516 4282 3732 4354 fratres,
3764 4302 3860 4346 eos

2284 4356 2498 4425 quidem
2529 4358 2621 4428 qui
2669 4370 2795 4417 sunt
2825 4362 3086 4434 ejusmodi
3141 4368 3263 4424 ﬁdei
3308 4369 3540 4442 diligens
3585 4383 3859 4447 tamquam

2281 4462 2566 4518 germanos
2612 4451 2839 4520 fratres;
2888 4456 3173 4515 haereticos
3216 4470 3417 4528 autem,
3460 4474 3515 4521 et
3539 4465 3757 4525 Graecos
3807 4480 3861 4526 et

2282 4540 2518 4609 Judaeos,
2542 4546 2633 4613 qui
2654 4547 2948 4603 secundum
2977 4559 3219 4607 naturam
3244 4554 3461 4623 quidem
3489 4568 3616 4613 sunt
3644 4559 3857 4630 fratres,

2281 4632 2411 4687 mali
2439 4643 2617 4689 autem
2648 4647 2776 4692 sunt
2801 4649 2856 4693 et
2881 4639 3123 4707 inutiles,
3148 4644 3433 4713 miserans,
3462 4658 3514 4703 et
3554 4665 3649 4720 pro
3678 4652 3757 4709 eis
3782 4662 3863 4709 ta-

2282 4724 2509 4781 bescens
2534 4736 2590 4783 et
2618 4726 2940 4801 lacrymans.
2976 4733 3032 4788 ln
3066 4735 3168 4789 hoc
3196 4736 3398 4793 erimus
3428 4739 3538 4795 Deo
3565 4741 3789 4807 similes.
3814 4746 3861 4801 si

2280 4832 2470 4873 omnes
2498 4818 2783 4891 diligamus
2825 4824 2989 4879 etiam
3032 4826 3309 4903 inimicos,L
3354 4846 3461 4886 non
3508 4834 3554 4888 si
3595 4835 3745 4906 signa
3776 4835 3859 4891 fa-

2282 4911 2507 4968 ciamus.
2545 4913 2676 4969 Nam
2716 4916 2883 4971 Deum
2926 4919 3254 4977 admiramur
3280 4925 3493 4994 quidem
3540 4929 3698 4983 etiam
3735 4946 3859 4987 cum

2283 5001 2407 5058 Eieit
2436 5007 2693 5063 miracula
2721 5026 2736 5076 ;
2780 5012 2949 5066 multo
2976 5022 3155 5069 autem
3187 5018 3378 5087 magis,
3410 5020 3625 5090 quando
3651 5033 3735 5079 est
3762 5024 3857 5080 be-

2281 5096 2491 5165 nignus,
2524 5099 2763 5155 clemens
2789 5112 2844 5157 et
2892 5104 3120 5172 patiens.
3170 5104 3225 5161 Si
3276 5123 3405 5179 ergo
3450 5111 3612 5166 etiam
3662 5114 3715 5169 in
3745 5115 3855 5172 Deo

2283 5187 2410 5243 illud
2435 5200 2517 5245 est
2543 5192 2695 5247 valde
2718 5194 3041 5263 mirandum,
3075 5199 3243 5253 multo
3273 5202 3442 5273 magis
3472 5202 3525 5258 in
3552 5204 3858 5264 hominibus

2277 5279 2379 5335 hoc
2403 5292 2484 5336 est
2527 5287 2889 5354 perspicuum,
2927 5288 3067 5360 quod
3096 5289 3197 5346 hoc
3241 5308 3339 5348 nos
3380 5294 3555 5352 reddit
3583 5298 3855 5357 admiran-

2276 5371 2391 5426 dos.
2439 5372 2549 5430 lloc
2576 5391 2705 5446 ergo
2747 5378 3082 5449 mmulemur,
3113 5391 3165 5438 et
3211 5383 3377 5439 Paulo
3418 5396 3473 5443 et
3499 5388 3660 5446 Petro
3693 5401 3748 5447 et
3790 5393 3857 5448 iis

2276 5464 2364 5533 qui
2395 5464 2808 5525 innumerabiles
2830 5482 3071 5527 mortuos
3109 5474 3435 5542 excitarunt,
3460 5480 3629 5537 nihilo
3653 5484 3855 5541 erimus

2276 5554 2579 5623 inferiores,
2607 5560 2815 5617 etiamsi
2842 5562 3044 5619 febrem
3077 5582 3184 5621 non
3228 5571 3493 5638 possimus
3540 5576 3845 5645 expellere;

2272 5647 2475 5719 absque
2524 5650 2617 5705 illa
2649 5662 2848 5719 autem,
2880 5656 3092 5712 etiamsi
3142 5660 3346 5729 majora
3393 5661 3651 5724 faciamus
3702 5670 3852 5742 signa

2272 5756 2431 5813 quam
2462 5746 2713 5816 apostoli,
2746 5748 2955 5806 etiamsi
3006 5751 3153 5810 mille
3202 5756 3453 5827 periculis
3498 5776 3599 5818 nos
3627 5762 3841 5837 objicia-
