4112 6344
250 396 319 453 36
1096 386 1163 443 IN
1206 381 1423 440 EPIST.
1457 378 1551 435 AD
1584 374 1860 435 ΠΕΒΠιΕ(

1990 375 2146 429 (ΛΡ.
2189 373 2255 431 η.
2296 372 2533 429 ιιοΜιι..
2578 372 2669 428 Ill.
3498 381 3573 442 δῦ

253 518 356 584 νὸς
404 513 517 569 τὸν
557 510 933 582 θηλάζοντα;
979 505 1045 560 Τί
1087 500 1181 559 06v
1208 501 1435 566 ὁΘεόςς
1474 497 1711 563 Ἐξεῖλεν
1739 492 1851 549 ἀπὸ

254 617 345 669 τοῦ
371 612 687 680 πνεύματος
713 606 903 671 αὑτοῦ,
942 604 1039 658 καὶ
1072 602 1243 656 ἔδωκε
1269 601 1382 662 τοῖς
1408 596 1613 661 ἀλλοις,
1639 593 1853 655 δεικνὺς

244 710 331 763 εὸτι
373 708 495 762 οὐδὲ
518 709 609 761 ὅτε
642 701 944 766 ἐϐάσταζεν
972 698 1191 763 αὐτοὺς,
1218 693 1387 749 αὑτοῦ
1414 692 1575 746 τοῦτο
1605 690 1667 743 τὸ
1693 687 1855 760 χάρι-

256 824 369 878 σμα
396 800 490 877 ἦν,
520 803 659 858 ἀλλά
705 800 797 854 τοῦ
848 798 1189 869 Πνεύματος.
1213 796 1276 850 Εἰ
1307 794 1371 847 τὸ
1408 790 1658 863 χάρισμα
1687 782 1853 858 εἶχες,

256 902 521 965 πολλάκις
550 901 616 955 6v
651 897 924 969 ἐπήρθης,
966 893 1231 955 πολλάκις
1272 892 1341 945 ἂν
1383 888 1727 961 ὲξετράπης·
1757 887 1857 938 οὐκ

254 994 403 1060 οἶδας
440 997 507 1049 σὺ
543 993 763 1059 σαυτὸν,
782 993 857 1056 ὡς
885 993 914 1045 6
938 990 1070 1053 Θεός
1102 1005 1161 1041 σε
1182 985 1315 1040 οἶδε.
1341 985 1433 1055 Μὴ
1464 984 1737 1053 λέγωμεν·
1763 982 1858 1045 Είς

256 1095 305 1148 τί
339 1093 525 1159 τοῦτο,
569 1093 666 1147 καὶ
708 1090 795 1145 διά
843 1090 897 1143 τί
943 1088 1142 1154 10610;
1176 1087 1309 1139 ὅταν
1346 1083 1609 1152 οίκονομῇ
1640 1081 1669 1133 6
1701 1078 1854 1142 Θεὸς,

259 1192 332 1263 μὴ
363 1191 691 1260 ἀπαιτῶμεν
736 1186 899 1241 αὐτὸν
945 1184 1214 1247 εὐθύνας*
1248 1179 1408 1234 τοῦτο
1457 1180 1568 1249 γάρ
1620 1174 1859 1245 ὲσχάτης

255 1288 517 1351 ἀσεϐείας
562 1287 659 1341 καὶ
685 1283 945 1348 ἀπονοίας
974 1283 1115 1335 έστί.
1149 1277 1341 1333 Δοῦλοί
1371 1277 1566 1347 έσμεν,
1598 1275 1694 1327 καὶ
1736 1272 1860 1325 δοῦ-

256 1388 334 1441 λοι
368 1385 507 1439 πολὺ
532 1384 627 1438 τοῦ
654 1382 929 1436 Δεσπότου
961 1376 1336 1444 διεστηκότες,
1364 1374 1486 1427 0661
1513 1370 1583 1423 16
1610 1371 1668 1423 ιν
1699 1368 1858 1421 ποσὶν

256 1484 633 1553 έπιστάμενοι.
665 1480 758 1550 Μὴ
796 1477 863 1549 δὴ
903 1477 1005 1547 τὴν
1034 1474 1229 1546 βουλήν
1255 1470 1349 1526 τοῦ
1379 1470 1517 1524 Θεοῦ
1556 1482 1857 1539 περιεργα-

257 1580 507 1650 ζώμεθα,
536 1578 653 1631 ἀλλ’
686 1577 821 1647 ὅπερ
860 1573 1083 1637 δέδωκε,
1119 1569 1281 1624 τοῦτο
1331 1568 1717 1638 φυλάττωμεν,
1754 1562 1858 1618 κᾶν

259 1677 457 1748 μικρὸν
484 1671 546 1748 ᾗ,
578 1674 682 1728 κᾶν
724 1672 973 1743 ἔσχατον,
1005 1671 1101 1724 καὶ
1126 1669 1348 1730 πάντως
1380 1664 1822 1733 εύδοκιμήσομεν
1841 1675 1855 1689 ο

263 1772 468 1843 μᾶλλον
502 1771 581 1836 δὲ,
607 1770 761 1823 οὐδὲν
794 1766 991 1839 μικρὸν
1014 1765 1124 1819 τῶν
1145 1762 1241 1817 τοῦ
1270 1761 1408 1815 Θεοῦ
1438 1758 1665 1829 δωρεῶν
1688 1760 1854 1811 ἐστιν·

257 1869 447 1938 ἀλγεῖς
476 1870 559 1922 δτι
590 1867 691 1921 οὐκ
720 1865 867 1936 ἔχεις
893 1864 1143 1935 χάρισμα
1183 1857 1573 1923 διδασκαλίας;
1623 1856 1747 1910 εἰπὲ
1794 1854 1858 1926 δή

263 1983 373 2036 μοι,
406 1964 461 2017 τί
497 1979 579 2016 σοι
610 1962 761 2015 δοκεῖ
794 1960 983 2031 μεῖζον
1010 1955 1169 2023 εἶναι,
1206 1957 1452 2027 χάρισμα
1485 1950 1855 2016 διδασκαλίας,

259 2063 291 2132 ἦ
320 2064 574 2134 χάρισμα
603 2060 882 2131 ίαμάτων;
904 2057 1130 2118 Πάντως
1158 2052 1336 2109 10610.
1362 2045 1422 2103 Τί
1444 2050 1526 2115 δὲ,
1547 2048 1643 2103 106
1667 2047 1859 2110 νόσους

262 2160 592 2217 ἀπελαύνειν
616 2160 679 2213 06
706 2158 859 2212 δοκεῖ
888 2172 970 2209 σοι
1000 2155 1186 2225 μεῖζον
1216 2148 1357 2207 εἶναι
1383 2150 1449 2203 τὸ
1476 2147 1714 2217 τυφλοὺς
1757 2148 1860 2218 ὁμ-

264 2256 497 2328 ματοῦν;
520 2255 581 2308 06
607 2254 755 2307 δοκεῖ
785 2268 869 2306 σοι
900 2251 1086 2321 μεῖζον
1114 2246 1255 2302 εἶναι
1272 2246 1334 2299 τὸ
1355 2245 1587 2315 νεκροὺς
1608 2243 1856 2314 ἀνιστᾷνς

260 2353 323 2407 Τί
353 2353 431 2417 δὲ,
460 2351 583 2406 είπέ
628 2367 756 2421 μοις
801 2346 897 2403 τοῦ
924 2346 1069 2418 λόγῳ
1100 2344 1263 2399 τοῦτο
1296 2344 1468 2397 ποιεῖν
1499 2340 1563 2394 06
1589 2340 1739 2393 δοκεῖ
1776 2354 1860 2391 σοι

266 2450 451 2519 μεῖζον
466 2444 609 2502 εῖναι
619 2447 687 2500 τὸ
701 2444 886 2508 σκιαῖς
900 2443 997 2497 καὶ
1015 2440 1320 2513 σουδαρίοις
1332 2438 1493 2493 τοῦτο
1505 2435 1857 2509 έργάζεσθαι;

264 2545 329 2601 Τί
350 2541 445 2600 06v
470 2545 667 2608 θέλεις,
692 2542 813 2596 εἰπέ
842 2558 954 2611 μοι,
986 2541 1165 2602 σκιαῖς
1182 2540 1277 2592 καὶ
1302 2535 1607 2607 σουδαρίοις
1630 2532 1859 2603 νεκροὺς

264 2643 509 2713 ἀνιστᾷν,
547 2641 581 2713 ἢ
612 2640 676 2693 τὸ
707 2639 958 2709 χάρισμα
987 2634 1089 2706 τῆς
1112 2632 1464 2695 διδασκαλίας
1501 2631 1683 2702 ἔχειν;
1716 2628 1860 2683 Πάνυ

266 2758 372 2803 τως
407 2740 615 2804 έκεῖνο,
654 2737 827 2809 ἐρεῖς,
848 2733 912 2789 τὸ
938 2735 1120 2800 σκιαῖς
1154 2732 1251 2787 καὶ
1276 2728 1590 2803 σουδαρίοις
1629 2728 1860 2802 νεκροὺς

263 2836 515 2907 ἀνιστᾷν.

339 3139 417 3207 ς’.
446 3140 547 3194 Ἂν
574 3134 669 3192 06v
688 3154 771 3191 σοι
788 3136 969 3204 δείξω,
994 3136 1079 3191 611
1097 3133 1282 3205 πολλῷ
1297 3132 1488 3188 τούτου
1509 3132 1692 3203 μεῖζόν
1713 3133 1861 3187 ἐστιν

268 3245 460 3316 ἓτερον
494 3244 765 3316 χάρισμα,
798 3241 894 3296 καῖ
917 3240 1040 3306 ἰξόν
1070 3256 1157 3293 001.
1186 3237 1401 3303 λαϐεῖν,
1428 3237 1492 3292 06
1536 3236 1857 3309 λαμϐάνων,

268 3341 496 3405 δικαίως
541 3339 639 3394 καὶ
687 3337 897 3392 τούτων
948 3334 1347 3405 ἀπεστέρησαι,
1394 3332 1447 3387 τί
1486 3333 1664 3403 ἑρεῖςς
1712 3332 1860 3404 Πλὴν

270 3438 429 3496 τοῦτο
458 3439 521 3493 τὸ
546 3437 798 3510 χάρισμα
827 3435 927 3507 οὐχ
950 3436 1052 3499 ἑνὶ,
1090 3432 1211 3488 0666
1237 3430 1499 3504 δευτέρῳ,
1524 3429 1663 3484 6116
1692 3431 1861 3485 πᾶσιν

271 3538 483 3605 ἰξεστιν
519 3536 687 3607 ἔχειν.
714 3528 845 3587 υίδα
878 3533 962 3587 ὄτι
993 3534 1266 3603 κεχήνατε
1295 3530 1389 3585 καὶ
1413 3529 1781 3597 ὲξεπλάγητε,
1814 3527 1867 3580 εἴ

270 3656 336 3709 γε
368 3635 627 3708 μέλλοιτε
655 3632 1010 3697 ἀκούσεσθαι,
1034 3631 1117 3684 ὃτι
1148 3629 1358 3699 ἔξεστιν
1395 3628 1526 3698 ὑμῖν
1555 3626 1741 3698 μεῖζον
1765 3627 1864 3697 χά-

275 3751 448 3808 ρισμα
476 3731 624 3801 ἔχειν
653 3727 750 3783 τοῦ
777 3728 1009 3799 νεκροὺς
1032 3726 1281 3798 ἀνιστᾷν,
1304 3725 1400 3779 καὶ
1422 3723 1660 3794 τυφλοὺς
1684 3724 1863 3794 ὀμμα-

274 3829 422 3894 τοῦν,
452 3830 548 3882 καὶ
565 3827 749 3881 ἐκεῖνα
778 3827 954 3878 ποιεῖν
977 3822 1014 3878 6
1038 3822 1133 3877 καὶ
1160 3820 1383 3876 ἐπὶτῶν
1409 3819 1746 3875 ἀποστόλων*
1769 3820 1864 3872 καὶ

273 3927 418 3997 τάχα
448 3924 544 3979 καὶ
571 3923 801 3977 ἄπιστον
823 3922 956 3992 ὑμῖν
989 3915 1129 3974 εἶναι
1166 3918 1332 3973 δοκεῖ.
1358 3917 1425 3972 Τί
1451 3912 1545 3970 06v
1565 3914 1723 3969 τοῦτό
1747 3916 1863 3967 ἐστι

274 4025 335 4078 16
362 4023 648 4095 χάρισμας
686 4020 752 4074 Ἠ
794 4018 1009 4089 ἀγάπη.
1055 4014 1581 4086 ’Λλλάξπιστεύσατέ
1618 4029 1729 4085 μοι·
1761 4013 1864 4067 οὐκ

277 4123 408 4195 ἐμὸς
441 4122 552 4192 γάρ
582 4114 786 4183 οῦτοςό
816 4119 995 4186 λόγος,
1030 4116 1167 4170 6116
1196 4113 1292 4169 106
1321 4111 1560 4186 Χριστοῦ
1586 4112 1677 4168 616
1711 4111 1864 4166 Παύ-

278 4222 373 4277 λου
397 4218 801 4292 φθεγγομένου.
837 4218 906 4271 Τί
947 4217 1055 4286 γάρ
1086 4232 1220 4286 φησι
1245 4231 1260 4281 ;
1290 4213 1556 4282 Ζηλοῦτε
1591 4212 1665 4267 τά
1699 4214 1865 4282 χαρί-

278 4334 480 4389 σματα
503 4317 576 4370 τὰ
607 4316 937 4384 κρείττονα,
966 4313 1061 4367 καί
1085 4312 1174 4366 ἔτι
1198 4309 1329 4367 καθ’
1352 4308 1698 4379 ὑπερϐολὴν
1718 4309 1865 4365 ὁδὸν

278 4414 421 4484 ὑμῖν
446 4412 740 4479 δείκνυμι.
772 4409 838 4462 Τί
865 4410 1037 4472 εστιν,
1074 4410 1204 4464 Ἔτι
1228 4409 1357 4462 καθ’
1379 4405 1761 4475 ὺπερδσλήη
1796 4408 1861 4459 Ὃ

282 4508 397 4583 [56]
424 4510 577 4576 λέγει
614 4505 862 4561 τοιοῦτόν
898 4506 1012 4559 έστι
1036 4522 1051 4538 ·
1087 4505 1365 4577 Κορίνθιοι
1418 4503 1563 4575 μέγα
1596 4503 1861 4574 ἐφρόνουν

280 4606 374 4660 ἀπὶ
405 4607 522 4669 τοῖς
548 4603 859 4675 χαρίσμασι
877 4602 1023 4667 τότε,
1055 4600 1150 4655 καὶ
1175 4601 1228 4653 οί
1257 4600 1478 4672 ἔχοντες
1506 4599 1783 4669 γλώσσας,
1800 4597 1862 4651 τὸ

281 4705 565 4777 έλάχιστον
621 4701 893 4774 χάρισμα.
922 4698 1249 4769 ἑφυσιοῦντο
1296 4700 1441 4754 κατά
1486 4698 1596 4752 τῶν
1631 4697 1858 4755 λοιπῶν.

283 4800 444 4870 Λέγει
477 4793 593 4853 οὖν’
620 4797 802 4863 Ὀλως
838 4796 1024 4851 θέλετε
1059 4796 1411 4868 χαρίσματα;
1468 4794 1589 4864 ἐγὼ,
1612 4794 1863 4866 δείκνυμι

284 4898 410 4966 ὑμῖν
457 4897 577 4950 666v
618 4893 999 4967 χαρισμάτων,
1052 4894 1152 4964 οὐχ
1212 4891 1403 4955 ἁπλῶς
1460 4890 1861 4962 ὑπερέχουσαν,

282 4992 414 5047 ἀλλά
447 4993 571 5046 καθ’
596 4989 921 5062 ὑπερϐολήν.
948 4986 1085 5045 Εἶτά
1114 5005 1301 5061 φησιν,
1337 4986 1473 5042 Ἐὰν
1501 4985 1632 5053 ταῖς
1663 4986 1862 5056 γλώσ-

285 5104 423 5157 σαις
450 5088 570 5143 τῶν
593 5087 866 5159 ἀγγέλων
891 5086 1082 5149 λαλῶ,
1115 5084 1364 5156 ἀγάπην
1390 5084 1458 5138 δὲ
1480 5082 1565 5153 μὴ
1599 5082 1740 5152 ἔχω,
1762 5084 1865 5137 οὐ-

286 5186 392 5242 δένὅ
412 5189 531 5257 ειμι
557 5203 574 5218 ·
612 5185 713 5240 καί
738 5186 846 5240 ἐὰν
862 5186 981 5254 ἔχω
1008 5184 1237 5247 πίστιν,
1274 5180 1431 5236 ὥστε
1449 5183 1556 5249 ὄρη
1584 5180 1867 5250 μεθιστάρ

286 5304 432 5353 νειν,
466 5284 712 5356 ἀγάπην
754 5283 825 5338 δὲ
868 5283 954 5354 μὴ
994 5282 1133 5352 ἔχω,
1184 5280 1367 5336 οὐδέν
1412 5281 1549 5349 ειμι.
1582 5276 1737 5343 Εἶδες
1765 5278 1867 5351 χά-

291 5400 492 5456 ρισμα;
522 5379 734 5437 Οὐκοῦν
762 5380 1006 5452 ζήλωσον
1028 5378 1186 5433 τοῦτο
1202 5380 1264 5431 τὸ
1288 5379 1556 5449 χάρισμα.
1578 5377 1750 5432 Τοῦτο
1769 5376 1864 5433 τοῦ

289 5480 514 5551 νεκροὺς
536 5478 774 5549 ἐγείρειν
804 5475 988 5547 μεῖζον
1011 5494 1025 5508 υ
1056 5475 1216 5529 τοῦτο
1248 5473 1359 5528 τῶν
1386 5474 1562 5530 ἀλλων
1610 5476 1867 5531 ἁπάντων

292 5574 466 5648 πολλῷ
501 5574 733 5646 βέλτιον.
758 5574 870 5628 Καὶ
896 5575 980 5628 ὅτι
1034 5572 1197 5627 τοῦτο
1245 5570 1419 5636 οὕτως
1452 5572 1589 5643 ἔχει,
1636 5574 1868 5628 ἄκουσον

290 5673 341 5725 τί
376 5689 541 5745 φησιν
577 5673 607 5725 6
660 5669 896 5745 Χριστὸς
948 5674 1063 5736 τοῖς
1111 5670 1381 5743 μαθηταῖς
1427 5670 1817 5743 διαλεγόμενος
1847 5687 1862 5703 ·

302 5770 401 5826 Ἐν
443 5772 635 5837 τούτῳ
675 5772 1011 5843 γνώσονται
1052 5772 1297 5838 πάντες,
1320 5772 1411 5825 ὅτι
1455 5770 1586 5841 ἐμοὶ
1609 5774 1869 5842 μαθηταί

292 5866 451 5937 ἐστε,
474 5869 586 5924 ἐὰν
599 5868 869 5940 ἀγαπᾶτε
888 5868 1220 5935 ἀλλήλους.
1248 5864 1379 5922 Εἶτα
1395 5867 1610 5931 δεικνὺς
1632 5868 1690 5923 έν
1708 5869 1865 5941 ποίῳ,

291 5965 384 6020 οὐκ
415 5961 539 6022 εἷπε
563 5967 629 6022 16
662 5967 939 6037 θαύματα,
969 5966 1102 6022 6116
1122 5968 1174 6022 τί
1199 5986 1214 6033 ς
1251 5966 1395 6023 Ἐὰν
1417 5967 1660 6037 ἀγάπην
1686 5968 1866 6039 ἔχητε

1959 490 2030 543 ἐν
2080 491 2401 561 ἀλλήλοις.
2442 493 2552 545 Καὶ
2609 492 2773 547 πάλιν
2805 493 2943 565 πρὸς
2974 492 3066 547 τὸν
3098 495 3319 570 Πατέρα
3355 497 3523 573 φησίν
3548 518 3569 536 ⁸

1975 590 2084 641 Ἐν
2108 590 2298 656 τούτῳ
2326 589 2687 660 γνώσονται,
2715 592 2805 646 ὅτι
2833 594 2914 646 σύ
2935 610 3010 663 με
3041 594 3432 665 ἀπέστειλας,
3457 599 3570 654 ἐὰν

1968 681 2123 741 ὦσιν
2147 687 2237 742 ἐν.
2266 689 2379 743 Καὶ
2402 689 2569 752 6616;
2593 690 2750 757 έλεγε
2784 690 2921 763 πρὸς
2945 692 3074 756 τοὺς
3106 693 3357 764 μαθητάς
3386 712 3400 728 ⁸
3446 696 3569 750 Ἑν-

1960 786 2153 853 τολὴν
2196 786 2416 854 καινὴν
2453 786 2664 856 δίδωμι
2696 787 2860 856 ὑμῖν,
2899 788 2999 841 ἵνα
3054 788 3325 859 ἀγαπᾶτε
3375 792 3568 854 6.1.115-

1963 887 2143 949 λους.
2183 884 2305 938 Τῶν
2339 872 2522 940 τοίνύν
2547 888 2677 951 τοὺς
2708 891 2939 958 νεκροὺς
2972 889 3323 943 ἀνιστώντων
3370 895 3570 962 σεμνό-

1964 1000 2125 1053 τερος
2150 986 2177 1036 6
2198 984 2443 1046 1010610;
2480 985 2577 1038 καὶ
2603 984 2991 1057 λαμπρότερος
3020 1002 3034 1018 ·
3066 986 3316 1052 εἰκότως.
3360 990 3570 1043 Ἐκεῖνο

1968 1081 2075 1151 μὶν
2112 1080 2224 1152 γὰρ
2283 1081 2405 1135 ὅλον
2436 1080 2535 1151 τῆς
2580 1080 2678 1133 τοῦ
2712 1080 2851 1135 Θεοῦ
2890 1082 3115 1156 χάριτός
3147 1085 3287 1151 ἔστι,
3322 1084 3482 1140 τοῦτο
3510 1087 3569 1141 δὲ

1966 1178 2063 1232 καὶ
2100 1178 2204 1248 τῆς
2262 1178 2362 1247 σῆς
2429 1179 2690 1250 σπουδῆς.
2742 1180 2913 1233 Τοῦτο
2960 1181 3132 1245 ὄντως
3182 1183 3519 1254 Χριστιανοῦ
3550 1202 3565 1216 ο

1965 1273 2131 1328 τοῦτο
2155 1275 2398 1329 δείκνυσι
2423 1275 2517 1329 τὸν
2548 1276 2643 1329 τοῦ
2669 1276 2908 1347 Χριστοῦ
2943 1277 3220 1349 μαθητὴν,
3253 1281 3344 1334 τὸν
3366 1283 3567 1335 ἐσταυ-

1966 1372 2234 1446 ρωμένον,
2272 1372 2364 1425 τὸν
2386 1372 2543 1426 οὐδὲν
2569 1372 2768 1444 έχοντα
2789 1374 2969 1427 κοινὸν
3007 1377 3065 1427 ὲν
3115 1378 3183 1447 τῇ
3216 1378 3289 1447 γῇ
3318 1392 3331 1405 ·
3371 1377 3568 1431 τούτου

1964 1468 2141 1539 χωρὶς
2188 1468 2310 1522 οὐδὲ
2353 1468 2659 1540 μαρτύριον
2720 1468 3004 1538 ὠφελῆσαί
3058 1488 3112 1523 τι
3162 1472 3406 1526 δύναται.
3457 1474 3568 1526 K61

1967 1570 2059 1623 ῖνα
2092 1568 2290 1640 μάθῃς,
2342 1568 2445 1637 ὅρα
2497 1567 2660 1622 τοῦτο
2711 1567 2901 1636 σαφῶς
2930 1584 2941 1595 ·
2980 1567 3141 1620 ἔλαϐε
3173 1568 3267 1621 δύο
3320 1571 3567 1639 κορυφὰς

1965 1667 2179 1739 ἀρετῶν
2215 1668 2243 1719 6
2273 1668 2547 1738 μακάριος
2584 1666 2823 1733 Παῦλος,
2854 1666 3060 1737 μᾶλλον
3094 1668 3153 1720 δὲ
3180 1670 3353 1738 τρεῖς,
3378 1668 3477 1734 τάς
3506 1670 3567 1723 ὲν

1963 1767 2078 1829 τοῖς
2114 1764 2384 1836 σημείοις,
2428 1766 2525 1829 τάς
2568 1766 2627 1819 ὲν
2671 1769 2740 1836 τῇ
2789 1765 3012 1834 γνώσει,
3048 1766 3151 1829 16;
3194 1766 3254 1818 ὲν
3295 1764 3377 1836 τῷ
3415 1765 3516 1839 βίῳ
3546 1782 3563 1798 ο

1964 1865 2060 1919 καὶ
2108 1862 2316 1934 ταύτης
2351 1863 2480 1918 ἄνευ
2526 1860 2679 1916 οὐδὲν
2711 1862 2918 1933 έφησεν
2940 1858 3086 1917 εἶναι
3123 1861 3322 1916 ταῦτα.
3354 1862 3479 1927 Πῶς
3506 1864 3565 1917 δὲ

1962 1961 2121 2016 οὐδέν
2149 1963 2268 2014 ἐστι
2314 1960 2513 2026 ταῦτα,
2557 1958 2670 2029 ἐγὼ
2716 1960 2883 2027 λέγω·
2952 1959 3099 2014 Ἐὰν
3136 1961 3391 2030 ψωμίσω
3417 1979 3564 2031 μου,

1965 2060 2122 2131 φησὶ,
2187 2060 2262 2114 τὰ
2288 2057 2663 2127 ὑπάρχοντα,
2702 2058 2949 2127 ἀγάπην
2975 2058 3045 2111 δὲ
3081 2056 3168 2127 μὴ
3200 2057 3342 2127 ἔχω,
3383 2057 3567 2113 οὐδέν

1963 2161 2101 2227 ειμι.
2138 2159 2298 2211 Ἔστι
2339 2158 2449 2228 γάρ
2496 2155 2590 2210 καὶ
2618 2154 2940 2227 ψωμίζοντα
2977 2154 3053 2226 μὴ
3091 2151 3232 2208 εἶναι
3283 2155 3567 2225 ἀγαπητι-

1965 2256 2085 2320 κὸν,
2117 2255 2213 2308 καὶ
2255 2255 2515 2326 χρήματα
2562 2251 2851 2307 κενοῦντα.
2890 2252 3001 2305 Καὶ
3029 2250 3251 2323 εἴρηται
3298 2250 3400 2322 μὲν
3431 2253 3565 2323 ήμῖν

1962 2353 2137 2407 ταῦτα
2171 2350 2488 2426 ἀρκούντως
2510 2350 2569 2405 έν
2599 2350 2679 2423 τῷ
2716 2350 2870 2420 τόπῳ
2898 2348 2976 2420 τῷ
3007 2350 3138 2420 περὶ
3177 2350 3277 2421 τῆς
3314 2349 3562 2420 ἀγάπης,

1963 2451 2128 2504 κάκεῖ
2175 2448 2630 2521 παραπέμπομεν
2682 2448 2812 2511 τοὺς
2872 2448 3312 2517 ἐντυγχάνοντας
3366 2464 3380 2479 ο
3424 2447 3565 2513 τέως

1961 2548 2039 2613 δὲ,
2066 2549 2206 2619 ὅπερ
2236 2547 2398 2619 έφην,
2439 2545 2779 2616 ζηλώσωμεν
2804 2545 2867 2597 τὸ
2918 2544 3194 2617 χάρισμα,
3250 2546 3562 2617 ἀγαπήσω-

1966 2663 2066 2718 μεν
2096 2645 2384 2718 ἀλλήλους,
2418 2645 2511 2698 καὶ
2541 2643 2759 2707 οὐδενὸς
2788 2643 2983 2714 ἑτέρου
3006 2642 3394 2715 δεηθησόμεθα
3419 2642 3563 2714 πρὸς

1960 2747 2061 2817 τὴν
2095 2745 2194 2816 τῆς
2217 2744 2422 2815 ἀρετῆς
2446 2742 2812 2811 κατόρθωσιν,
2838 2740 2979 2795 ἀλλά
3011 2739 3192 2795 πάντα
3219 2742 3354 2812 ἡμῖν
3398 2740 3562 2796 ἔσται

1961 2841 2162 2896 εῦκολα
2201 2840 2375 2912 χωρὶς
2422 2838 2689 2910 ἱδρώτων,
2732 2838 2831 2893 καὶ
2859 2839 3079 2892 ἅπαντα
3133 2838 3564 2912 κατορθώσομεν

1964 2939 2106 3011 μετά
2140 2936 2343 3007 πολλῆς
2379 2935 2481 3008 τῆς
2510 2936 2773 3007 σπουδῆς.
2817 2935 2960 2990 Ἀλλ’
2996 2936 3108 2990 ίδοὺ
3150 2938 3246 2990 καὶ
3280 2934 3396 3004 νῦν,
3450 2936 3564 3009 φηί-

1965 3038 2072 3103 σὶν,
2103 3034 2413 3108 ἀγαπῶμεν
2461 3034 2728 3104 ἀλλήλους
2780 3052 2797 3068 ο
2845 3036 2876 3089 6
2933 3037 3033 3108 μὲν
3063 3034 3173 3106 γάρ
3204 3036 3320 3108 ἔχει
3374 3037 3565 3107 φίλους

1961 3134 2077 3201 δύο,
2109 3134 2143 3205 ἢ
2199 3136 2368 3206 τρεῖς,
2409 3131 2525 3205 [57]
2552 3134 2581 3185 6
2636 3132 2696 3185 δὲ
2730 3132 3026 3207 τέτταρας.
3081 3133 3243 3188 Ἀλλὰ
3276 3134 3438 3188 τοῦτο
3462 3134 3564 3188 οὐκ

1964 3235 2082 3289 ἔστι
2114 3233 2204 3287 616
2225 3232 2318 3289 16v
2343 3233 2478 3288 Θεὸν
2504 3233 2752 3304 ἀγαπᾷν,
2784 3232 2924 3286 ἀλλὰ
2949 3233 3037 3287 616
3056 3234 3119 3287 16
3151 3232 3432 3303 φιλεῖσθαι
3458 3249 3471 3264 ·
3501 3235 3565 3288 16

1963 3333 2021 3388 δὲ
2049 3332 2140 3387 616
2163 3333 2255 3387 16v
2299 3331 2434 3385 Θεὸν
2477 3331 2725 3402 ἀγαπᾷν,
2756 3331 2819 3383 06
2850 3330 3058 3403 ταύτην
3088 3331 3206 3403 εχει
3233 3331 3335 3404 τὴν
3386 3330 3564 3404 ἀρχὴν

1964 3445 2062 3514 τῆς
2085 3443 2329 3512 ἀγάπης,
2361 3440 2499 3495 ἀλλά
2532 3440 2671 3513 πρὸς
2715 3440 2955 3507 πάντας,
2989 3441 3067 3506 ὼς
3100 3440 3238 3514 πρὸς
3265 3443 3561 3514 ἀδελφοὺς,

1965 3545 1993 3597 6
2039 3540 2285 3605 1010610;
2342 3538 2705 3605 διακείσεται,
2741 3540 2870 3603 τοὺς
2922 3540 3021 3611 μὶν
3069 3540 3425 3611 ὀμοπίστους,
3466 3542 3565 3597 άτε

1964 3641 2225 3715 γνησίους
2252 3639 2414 3703 ὄντας
2442 3637 2733 3708 ἀδελφοὺς,
2776 3638 2969 3708 φιλῶν,
2998 3640 3127 3703 τοὺς
3157 3638 3217 3693 δὲ
3246 3642 3566 3711 αίρετικοὺς

1966 3740 2062 3795 καὶ
2098 3736 2372 3809 Ἕλληνας
2402 3735 2499 3789 καὶ
2539 3734 2853 3800 Ἰουδαίους,
2876 3734 2953 3797 dp;
2977 3734 3249 3805 ἀδελφοὺς
3284 3735 3385 3807 μέν
3419 3737 3566 3791 κατά

1965 3837 2065 3909 τήν
2095 3836 2283 3905 φύσιν,
2318 3831 2565 3902 φαύλους
2599 3830 2660 3885 δὲ
2692 3831 3066 3901 τυγχάνοντας
3096 3835 3195 3885 καὶ
3223 3832 3563 3905 ἀχρήστους,

1965 3934 2159 4000 έλεῶν,
2191 3933 2289 3987 καὶ
2322 3932 2628 4002 τηκόμενος
2656 3930 2799 4000 ὑπὲρ
2831 3928 3016 3983 αὐτῶν
3035 3930 3131 3983 καὶ
3156 3929 3435 4003 δακρύων.
3475 3933 3567 3985 Ἐν

1965 4032 2141 4104 τούτῳ
2164 4033 2347 4103 ὅμοιοι
2392 4029 2633 4099 ἐσόμεθα
2661 4028 2740 4099 τῷ
2771 4026 2914 4097 Θεῷ,
2948 4027 3045 4082 ὶάν
3091 4027 3303 4092 πάντας
3331 4029 3565 4096 ἀγαπῶο

1969 4153 2091 4208 μεν,
2151 4134 2249 4188 καὶ
2291 4131 2422 4193 τοὺς
2473 4128 2728 4200 ἐχθροὺς,
2759 4128 2863 4181 οὐκ
2897 4126 2993 4181 έάν
3042 4129 3247 4199 σημεῖα
3292 4126 3563 4198 ποιῶμεν.

1978 4234 2134 4290 Ἐπεὶ
2162 4236 2259 4288 καὶ
2302 4231 2396 4287 16v
2420 4228 2556 4284 Θεὸν
2585 4227 2949 4299 θαυμάζομεν
2982 4227 3083 4298 μὲν
3125 4227 3222 4280 καὶ
3250 4226 3385 4280 ὅταν
3433 4226 3567 4280 066-

1969 4352 2118 4406 ματα
2164 4330 2495 4403 ἐργάζηται,
2529 4326 2713 4397 πολλῷ
2768 4325 2825 4380 δὲ
2858 4325 3046 4389 πλέον,
3091 4324 3222 4379 ὅταν
3252 4324 3567 4397 φιλανθρω-

1968 4433 2229 4505 πεύηται,
2278 4430 2410 4483 ὃταν
2462 4425 2791 4497 ἀνεξικακῇ.
2837 4424 2902 4479 Εἰ
2950 4422 3135 4477 τοίνυν
3186 4423 3281 4476 καὶ
3340 4424 3432 4475 ὲπὶ
3464 4421 3563 4476 τοῦ

1969 4532 2103 4588 Θεοῦ
2133 4532 2313 4585 έκεῖνο
2338 4525 2539 4582 πολλοῦ
2589 4525 2873 4595 θαύματος
2921 4522 3094 4590 ἀξιον,
3141 4519 3327 4593 πολλῷ
3361 4522 3564 4592 μᾶλλον

1967 4631 2055 4685 ἐπ’
2087 4626 2394 4701 ἀνθρώπων
2422 4624 2645 4697 εὔδηλον
2678 4634 2704 4664 ι
2734 4622 2815 4676 δτι
2846 4620 3007 4676 τοῦτο
3032 4621 3181 4693 ἡμᾶς
3212 4620 3566 4693 θαυμαστοὺς

1967 4730 2372 4806 ἀπεργάζεται.
2408 4728 2583 4784 Τοῦτο
2633 4725 2815 4781 τοίνυν
2844 4723 3184 4797 ζηλώσωμεν
3229 4741 3244 4755 ·
3280 4725 3377 4778 καὶ⁵
3414 4725 3565 4779 Παύ-

1965 4836 2061 4890 λου
2119 4834 2216 4889 καὶ
2270 4831 2483 4904 Πέτρου
2540 4829 2638 4884 καὶ
2696 4827 2807 4883 τῶν
2861 4826 3093 4898 μυρίους
3136 4826 3567 4890 ἀναστησάντων

1966 4934 2197 5005 νεκροὺς
2226 4930 2382 4985 οὐδὲν
2422 4928 2648 4983 ἔλαττον
2682 4927 2902 4997 ἕξομεν,
2936 4927 3042 4979 κᾶν
3088 4924 3329 4998 πυρετὸν
3361 4928 3567 4985 ἀπελάο

1970 5051 2059 5087 σαι
2091 5031 2167 5103 μὴ
2194 5027 2481 5099 δυνώμεθα
2514 5043 2529 5057 ⁸
2558 5025 2777 5095 ἐκείνης
2804 5022 2861 5077 δὲ
2888 5023 3082 5096 χωρὶς,
3110 5022 3216 5077 κάν
3240 5024 3423 5078 αὐτῶν
3453 5026 3566 5081 τῶν

1967 5128 2283 5185 ἀποστόλων
2341 5124 2565 5197 μείζονα
2611 5122 2990 5194 ἐργασώμεθά
3032 5125 3260 5192 σημεῖα,
3302 5124 3408 5178 κᾶν
3456 5143 3561 5195 μυ-

1972 5218 2107 5301 ρίοις
2134 5224 2404 5288 κινδύνοις
2438 5224 2669 5286 ἑαυτοὺς
2706 5221 2850 5292 ὑπὲρ
2888 5220 2992 5291 τῆς
3027 5220 3267 5286 πίστεως
3311 5225 3566 5295 παρασά-

1968 5328 2170 5397 λωμεν.
2203 5323 2358 5378 οὐδὲν
2388 5323 2521 5393 ήμῖν
2552 5321 2708 5375 ἔσται
2740 5319 2956 5389 δφελος.
2983 5320 3094 5374 K61
3126 5320 3302 5377 16616
3328 5326 3431 5377 οὐκ
3452 5324 3565 5393 ἐγὼ

1970 5424 2136 5493 λέγω,
2166 5421 2281 5476 ἀλλ’
2308 5420 2471 5483 6616;
2500 5421 2528 5473 6
2557 5419 2657 5483 τῆς
2687 5419 2913 5488 ἀγάπης
2941 5418 3215 5489 τρόφιμος
3244 5420 3420 5474 ταῦτα
3440 5421 3566 5475 ἐπί-

1973 5540 2168 5578 σταται
2191 5537 2203 5549 ·
2234 5519 2432 5591 ἐκείνῳ
2455 5519 2638 5571 τοίνυν
2681 5515 3028 5585 πειθώμεθα.
3062 5516 3227 5573 Οῦτω
3254 5518 3365 5591 γάρ
3401 5520 3567 5593 δυνη-

1973 5620 2182 5692 σόμεθα
2224 5619 2506 5687 ἐπιτυχεῖν
2537 5616 2647 5669 τῶν
2704 5615 3145 5687 ἐπηγγελμένων
3181 5618 3409 5687 ἀγαθῶν
3438 5634 3457 5651 ⁶
3486 5611 3564 5675 ὧν

1970 5719 2184 5789 γένοιτο
2234 5718 2444 5780 πάντας
2476 5715 2625 5786 ἡμᾶς
2660 5717 2978 5786 μετασχεῖν,
3013 5716 3199 5786 χάριτι
3243 5716 3339 5771 καὶ
3374 5714 3567 5787 φιλαν-

2036 5971 2052 5996 ⁸
2077 5970 2295 6022 Dunaeus
2316 5982 2377 6017 ex
2408 5968 2648 6033 lluuano,
2671 5969 2774 6018 ὅθεν
2805 5968 3004 6030 εὔδηλον
