4112 6344
247 435 309 490 :7
1137 436 1199 491 ix
1242 434 1454 490 El‘tST.
1498 432 1590 513 sn
1633 429 1809 485 nem:

2039 424 2193 480 CAP.
2220 422 2279 481 II.
2309 421 2540 479 IIO)III..
2572 420 2664 481 IV.
3441 420 3511 480 δῖ

234 564 490 621 nms.pro
519 548 645 614 lide,
682 546 834 602 nobis
886 543 1016 598 nihil
1067 544 1305 615 prodest.
1339 544 1405 597 Et
1438 542 1551 599 haec
1578 558 1681 598 non
1712 559 1813 613 ego

231 639 368 703 dico,
421 637 515 692 sed
560 636 680 693 hcc
724 638 835 706 ipse
884 636 985 688 scit
1023 634 1112 703 qui
1142 644 1223 688 est
1262 634 1510 688 alumnus
1537 635 1811 690 caritatis:

233 731 307 785 illi
337 745 467 800 ergo
490 743 795 799 pareamus.
821 726 909 781 Sic
938 726 1082 781 enim
1113 724 1412 794 poterimus
1436 724 1647 793 assequi
1674 723 1811 779 bona

233 820 498 891 promissa
529 838 543 873 :
572 831 693 889 quas
722 815 939 887 quidem
967 814 1127 870 detur
1153 813 1310 869 nobis
1337 814 1591 869 omnibus
1616 828 1811 871 conse-

1738 986 1759 989 κ.
1778 983 1821 991 ..-
1834 984 2180 994 --ρ-..ᾕα--δα

1554 983 2199 1098 "Messana:

233 1142 362 1196 Car.
393 1140 449 1194 2.
482 1156 534 1193 ν.
563 1137 618 1196 6.
652 1138 775 1195 Non
816 1139 949 1193 enim
980 1138 1180 1210 angelis
1225 1135 1435 1203 subiecit
1485 1133 1620 1188 Deus
1649 1132 1821 1188 orbem

309 1241 462 1286 terra
487 1234 739 1303 futurum,
763 1232 824 1285 de
867 1246 966 1300 quo
995 1230 1268 1299 loquimur.
1288 1227 1346 1282 ϐ.
1368 1226 1600 1280 Testatus
1628 1234 1698 1278 est
1726 1240 1817 1277 au-

307 1334 409 1379 tem
437 1324 489 1377 in
510 1323 729 1393 quodam
753 1322 864 1376 loco
883 1322 1015 1391 quis,
1035 1321 1207 1374 dicens
1226 1334 1244 1372 :
1265 1318 1401 1386 Quid
1424 1326 1493 1371 est
1516 1317 1665 1370 homo
1686 1314 1822 1385 quod

306 1429 498 1467 ntemor
534 1429 584 1467 es
624 1412 780 1482 ejus?
830 1421 918 1464 aut
963 1410 1102 1480 ﬁlius
1133 1409 1353 1463 hominis
1386 1408 1625 1478 quoniam
1650 1406 1821 1459 oisitas

306 1521 422 1558 eum
445 1504 471 1558 l
511 1504 563 1557 7.
610 1501 847 1557 Minuisti
872 1518 985 1557 eum
1013 1501 1167 1571 paulo
1212 1504 1380 1554 minus
1409 1500 1473 1554 ab
1505 1498 1721 1569 angelis.

309 1681 365 1735 l.
397 1681 600 1737 Vellem
627 1690 811 1751 aperte
853 1680 1014 1747 scire,
1044 1696 1111 1734 an
1141 1677 1301 1748 aliqui
1330 1692 1450 1733 cum
1482 1690 1548 1733 eo
1592 1690 1698 1745 quo
1726 1690 1821 1745 par

234 1785 319 1832 est
363 1774 541 1832 studio
570 1774 786 1829 audiant
812 1788 936 1844 qua:
977 1772 1249 1835 dicuntur,
1277 1784 1347 1826 ne
1386 1770 1537 1840 juxta
1571 1769 1706 1822 viam
1734 1767 1822 1838 ja-

233 1869 442 1921 ciamus
491 1866 696 1921 semina
744 1882 757 1917 :
810 1866 889 1921 sic
936 1864 1078 1920 enim
1130 1863 1528 1933 promptioriet
1571 1861 1819 1916 alacriori

236 1959 421 2013 animo
442 1958 778 2014 traderemus
799 1956 1118 2013 doctrinam.
1152 1957 1401 2012 Dicemus
1424 1959 1591 2021 enim,
1606 1954 1817 2010 etiamsi

238 2064 399 2103 nemo
428 2048 629 2113 audiat,
673 2057 895 2118 propter
938 2058 1161 2110 metum,
1194 2047 1285 2117 qui
1332 2046 1607 2116 impendet
1633 2061 1661 2100 a
1690 2046 1822 2102 Ser-

236 2153 442 2197 vatore.
489 2141 807 2197 Contestare
837 2141 1001 2207 enim,
1037 2139 1229 2211 inquit,
1265 2139 1389 2194 huic
1418 2140 1614 2210 popqu
1650 2148 1743 2193 :et
1772 2138 1815 2193 si

237 2247 344 2287 non
390 2231 678 2298 audierint,
708 2232 825 2301 ipse
853 2245 959 2286 non
989 2232 1097 2286 eris
1124 2231 1297 2301 culpa:
1323 2230 1519 2285 afﬁnis.
1552 2230 1608 2285 Si
1636 2238 1817 2285 autem

236 2322 367 2376 mihi
396 2331 545 2377 esset
571 2336 888 2391 persuasum
921 2320 989 2376 de
1017 2328 1197 2375 vestro
1235 2320 1413 2376 studio
1439 2328 1493 2375 et
1518 2319 1815 2389 diligentia,

238 2428 341 2468 non
374 2418 549 2468 solum
583 2412 819 2469 dicerem
870 2421 1092 2483 propter
1137 2421 1360 2476 metum,
1383 2410 1478 2467 sed
1524 2409 1626 2466 hoc
1657 2408 1818 2465 etiam

235 2504 473 2562 facerem
518 2520 641 2560 cum
687 2505 978 2574 voluptate.
1026 2502 1180 2558 Nune
1204 2505 1371 2568 enim,
1398 2501 1612 2559 etiamsi
1658 2514 1820 2557 nemo

233 2600 453 2665 audiat,
485 2598 696 2654 etiamsi
746 2612 832 2653 res
878 2597 1006 2652 mihi
1039 2596 1108 2652 sit
1148 2597 1351 2666 absque
1382 2596 1618 2666 periculo
1672 2609 1821 2651 meas

235 2700 415 2758 partes
448 2688 717 2757 implenti,
746 2688 839 2743 sed
871 2696 1048 2742 tamen
1095 2686 1301 2757 absque
1348 2686 1621 2757 voluptate
1672 2687 1822 2741 labor

232 2779 546 2848 suscipitur.
575 2776 708 2832 Nam
736 2778 863 2848 quid
895 2778 1139 2849 prodest,
1170 2776 1385 2848 quando
1415 2777 1467 2831 in
1496 2791 1583 2832 me
1607 2775 1822 2847 quidem

235 2869 378 2924 nulla
416 2869 689 2925 confertur
722 2869 903 2939 culpa,
938 2883 1096 2924 nemo
1121 2879 1299 2924 autem
1332 2869 1592 2939 juvatur?
1633 2867 1687 2925 Si
1731 2870 1821 2939 qui

235 2970 422 3018 autem
467 2962 578 3017 sint
604 2962 843 3017 animum
875 2961 1191 3025 adhibituri,
1221 2978 1331 3018 non
1384 2972 1585 3017 tantam
1637 2962 1821 3033 capie-

230 3070 353 3109 mus
384 3054 665 3109 utilitatem
703 3069 769 3109 ex
805 3068 872 3109 eo
899 3053 1042 3124 quod
1072 3069 1177 3109 non
1218 3054 1523 3123 puniamur,
1563 3063 1821 3126 quantum

228 3162 299 3201 ex
329 3158 512 3201 vestro
538 3145 801 3215 profectu.
826 3145 1105 3214 Quomodo
1129 3161 1258 3216 ergo
1287 3146 1390 3203 hoc
1429 3148 1596 3203 sciam
1622 3148 1646 3201 ?
1686 3147 1821 3203 Cum

224 3239 590 3295 observavero
616 3254 682 3293 ex
714 3240 868 3294 vobis
896 3238 1104 3308 aliquos
1133 3239 1223 3309 qui
1254 3253 1360 3293 non
1406 3241 1643 3295 animum
1672 3241 1826 3296 adhi-

224 3330 414 3397 beant,
459 3341 586 3385 tunc
614 3344 858 3386 seorsum
889 3329 1217 3387 conveniens
1262 3346 1358 3387 eos
1403 3332 1645 3403 rogabo:
1692 3342 1744 3389 ct
1776 3334 1819 3389 si

225 3423 489 3477 invenero
518 3423 815 3478 retinentes
840 3421 1017 3493 aliqua
1036 3437 1101 3478 ex
1128 3423 1194 3479 iis
1215 3439 1335 3493 qua:
1364 3424 1509 3479 dicta
1538 3432 1680 3489 sunt,
1714 3441 1820 3480 non

223 3512 353 3567 dico
394 3513 606 3577 omnia;
654 3528 760 3567 non
792 3522 875 3568 est
900 3514 1043 3567 enim
1073 3513 1178 3569 hoc
1209 3516 1359 3570 vobis
1393 3515 1585 3583 facile;
1612 3517 1706 3573 sed
1738 3519 1820 3573 vel

223 3620 400 3674 pauca
440 3621 504 3660 es
554 3606 756 3671 multis,
802 3615 884 3661 est
932 3608 1272 3677 perspicuum
1318 3609 1461 3679 quod
1501 3610 1568 3665 de
1608 3612 1819 3666 caeteris

221 3707 414 3765 postea
442 3713 548 3751 non
576 3696 849 3753 dubitabo.
887 3698 951 3751 Et
979 3700 1262 3767 Oportebat
1287 3700 1503 3770 quidem
1543 3718 1663 3767 nos,
1687 3719 1809 3758 cum

219 3804 336 3843 non
368 3788 819 3857 praedisissemus,
853 3805 918 3844 ex
950 3790 1241 3859 improviso
1272 3806 1366 3845 vos
1396 3793 1613 3863 aggredi
1648 3812 1660 3849 :
1695 3812 1801 3851 cte-

219 3890 403 3935 terum
446 3891 659 3951 gratum
710 3882 833 3947 erit,
885 3883 929 3935 si
986 3882 1067 3936 vel
1099 3884 1176 3937 sic
1234 3885 1504 3952 possimus
1555 3890 1811 3959 assequi;

218 3972 339 4027 imo
368 3986 496 4025 vero
546 3973 623 4027 sic
653 3987 867 4042 quoque
910 3987 1127 4041 possum
1160 3988 1254 4027 vos
1306 3974 1549 4032 incautos
1575 3980 1815 4049 aggredi.

215 4061 361 4117 Nam
414 4063 638 4132 prtedixi
675 4064 890 4133 quidem
914 4064 1056 4133 quod
1102 4079 1197 4119 vos
1223 4066 1321 4119 sim
1356 4068 1812 4140 interrogaturus:

213 4152 443 4223 quando
490 4164 669 4208 autem
719 4154 818 4208 sim
852 4154 1305 4225 interrogaturus,
1340 4158 1578 4213 nondum
1610 4164 1815 4231 aperio.

214 4244 387 4299 Forte
437 4246 579 4298 enim
632 4244 817 4309 hodie,
880 4245 1014 4298 forte
1059 4260 1218 4310 cras,
1272 4246 1407 4301 forte
1459 4259 1636 4305 autem
1695 4264 1814 4320 post

219 4336 424 4406 viginti
456 4346 544 4391 aut
576 4336 791 4408 triginta
827 4337 962 4403 dies,
990 4336 1127 4393 forte
1163 4348 1341 4394 autem
1373 4350 1493 4411 post
1516 4342 1824 4411 pauciores.

216 4428 368 4483 forte
400 4438 579 4483 autem
616 4439 737 4500 post
765 4430 965 4501 plures.

304 4516 490 4572 Mortis
536 4528 729 4589 tempus
769 4537 860 4573 cur
894 4522 1035 4578 nobis
1078 4526 1323 4578 incertum
1347 4524 1430 4577 sit.
1454 4554 1521 4563 —
1548 4523 1637 4579 Sic
1664 4525 1823 4579 etiam

216 4608 372 4663 diem
400 4610 588 4663 mortis
618 4610 772 4665 nobis
804 4612 941 4667 Deus
972 4613 1098 4669 fecit
1126 4617 1427 4670 incertum:
1459 4631 1638 4685 neque
1671 4614 1827 4669 nobis

214 4702 445 4772 aperuit
474 4718 542 4757 an
575 4702 754 4768 hodie,
800 4719 865 4757 an
894 4721 1108 4771 cras,an
1134 4716 1252 4778 post
1296 4717 1464 4762 totum
1505 4723 1725 4771 annum,
1759 4723 1825 4764 an

212 4802 349 4859 post
375 4792 572 4846 multos
612 4809 782 4849 annos
810 4797 880 4850 sit
904 4797 1205 4864 adfuturus,
1238 4809 1293 4853 ut
1321 4811 1537 4869 propter
1566 4800 1827 4855 incertam

212 4889 692 4951 expectationem
716 4901 814 4940 nos
844 4888 895 4941 in
926 4891 1125 4944 virtute
1147 4903 1405 4961 perpetuo
1423 4892 1825 4947 contineamus:

212 4984 274 5027 et
298 4973 443 5028 dixit
459 4976 672 5045 quidem
702 4979 843 5048 quod
872 4982 1040 5036 simus
1060 4986 1358 5049 excessuri;
1384 4986 1596 5055 quando
1622 4998 1827 5055 autem,

212 5066 477 5120 minime.
514 5067 590 5121 Ita
626 5084 725 5137 ego
754 5087 969 5141 quoque
995 5074 1103 5127 dixi
1138 5091 1221 5129 me
1257 5086 1588 5145 rogaturum,
1613 5077 1828 5148 quando

209 5168 433 5218 autem.
454 5173 560 5211 non
581 5158 783 5226 addidi,
806 5164 994 5217 volens
1011 5179 1104 5217 vos
1121 5180 1240 5219 esse
1259 5176 1513 5235 perpetuo
1535 5166 1822 5223 SOIIICIIOS.

210 5248 336 5303 Nec
362 5247 509 5302 dicat
537 5250 825 5320 quispiam,
856 5257 999 5308 Ante
1032 5264 1281 5323 quatuor,
1312 5268 1407 5311 aut
1442 5258 1698 5329 quinque,
1730 5268 1821 5312 aut

217 5344 397 5396 etiam
428 5341 615 5410 plures
646 5342 1015 5401 hebdomadas
1046 5349 1157 5402 haec
1179 5349 1379 5416 audivi,
1405 5366 1579 5420 neque
1611 5350 1827 5420 possum

220 5436 510 5491 retinere:
541 5438 740 5493 etenim
779 5456 899 5495 eum
928 5443 1018 5510 qui
1056 5443 1205 5497 audit
1240 5444 1363 5499 volo
1388 5445 1464 5499 sic
1496 5446 1745 5509 retinere,
1777 5456 1830 5500 nt

218 5544 344 5582 non
383 5528 793 5586 obliviscentem
837 5548 936 5587 nec
964 5535 1242 5589 evanidam
1273 5536 1465 5591 habeat
1495 5540 1829 5603 memoriam,

218 5634 337 5675 nec
382 5630 606 5691 respuat
632 5638 750 5691 qum
771 5623 1041 5679 dicuntur.
1074 5626 1208 5681 \‘olo
1231 5628 1373 5682 enim
1412 5644 1507 5683 vos
1553 5631 1790 5684 retinere
1814 5674 1828 5693 ,

1936 538 2047 608 qui,
2070 536 2241 608 gratia
2266 543 2321 589 et
2343 532 2675 602 benignitate
2705 524 2915 582 Domini
2952 522 3123 578 nostri
3152 520 3281 577 Jcsu
3306 518 3529 584 Christi,

1935 645 2057 686 cum
2088 641 2195 698 quo
2225 625 2369 681 Patri
2401 621 2671 691 simulque
2696 624 2887 673 sancto
2926 614 3153 685 Spiritui
3200 610 3394 682 gloria,
3438 625 3531 681 po-

1938 731 2127 787 testas,
2160 719 2355 786 honor,
2388 730 2531 772 nunc
2555 723 2611 771 et
2634 727 2875 783 semper,
2901 718 2959 766 et
2996 709 3048 765 in
3078 707 3279 764 sarcula
3304 708 3536 762 siccato—

1938 831 2081 871 rum.
2110 815 2308 869 Amen.

3127 987 3441 997 -ν-η-ι-...να
3456 988 3480 994 κ-

1925 1130 2028 1189 Sed
2057 1135 2179 1205 quia
2209 1147 2271 1187 ea
2302 1148 2425 1205 qua
2452 1132 2519 1187 ad
2554 1131 2860 1188 cautionem
2894 1131 3197 1186 necessaria
3242 1136 3401 1185 erant
3441 1126 3529 1181 di-

1927 1224 2122 1288 ximus,
2162 1222 2273 1292 jam
2321 1238 2437 1279 rem
2480 1222 2723 1293 incipere
2767 1231 3002 1291 oportet.
3052 1220 3191 1289 Quid
3219 1235 3350 1290 ergo
3372 1220 3530 1274 nobis

1929 1313 2086 1370 hodie
2118 1313 2448 1383 propositum
2492 1323 2577 1368 est
2602 1312 2784 1367 dicere
2809 1309 2976 1366 ?Non
3017 1312 3177 1377 enim,
3205 1310 3401 1380 inquit,
3430 1326 3529 1364 art-

1927 1404 2053 1473 gelis
2078 1405 2292 1474 subjecit
2336 1403 2509 1458 orbem
2551 1412 2698 1457 terra:
2728 1403 2962 1471 futurum
3014 1402 3079 1456 de
3118 1418 3220 1473 quo
3250 1401 3527 1471 loquimur.

1926 1494 2194 1567 Numquid
2226 1494 2295 1551 de
2322 1495 2506 1566 aliquo
2536 1492 2644 1550 alio
2692 1495 2824 1550 orbe
2875 1504 3035 1549 terra:
3082 1493 3354 1563 loquitur?
3386 1491 3531 1547 Fieri

1932 1602 2039 1642 non
2073 1595 2273 1657 potest,
2305 1586 2402 1642 sed
2434 1585 2502 1641 de
2538 1584 2663 1641 hoc.
2695 1585 2984 1656 Propterea
3012 1584 3157 1641 enim
3193 1581 3419 1647 addidit,
3452 1581 3534 1637 De

1926 1696 2026 1750 quo
2066 1680 2343 1749 loquimur,
2393 1693 2462 1734 ne
2508 1677 2651 1734 sinat
2694 1687 2930 1733 mentem
2985 1676 3327 1732 aberrantem
3364 1675 3530 1729 alium

1928 1785 2192 1843 quaerere.
2240 1771 2255 1801 ³
2286 1768 2571 1837 Quomodo
2598 1784 2728 1839 ergo
2754 1767 2879 1824 eum
2903 1767 3035 1824 dicit
3070 1767 3351 1822 futurum?
3379 1767 3535 1824 Sicut

1927 1863 2090 1919 etiam
2133 1862 2265 1917 dicit
2293 1861 2445 1927 alibi,
2491 1860 2593 1928 Qui
2621 1870 2695 1916 est
2722 1861 2892 1933 ﬁgura
2920 1860 3082 1929 futuri
3117 1859 3295 1930 (Rom.
3326 1860 3380 1915 5.
3416 1861 3529 1930 14),

1928 1953 1999 2010 de
2026 1952 2234 2008 Adamo
2263 1951 2454 2008 dicens
2474 1963 2530 2008 et
2554 1950 2771 2008 Christo
2790 1952 2845 2008 in
2872 1951 3116 2022 Epistola
3142 1951 3209 2006 ad
3234 1951 3532 2017 Romanos,

1931 2046 2112 2101 habita
2169 2047 2383 2102 ratione
2438 2056 2761 2118 temporum,
2805 2045 2999 2100 Adami
3042 2043 3283 2101 futurum
3330 2061 3533 2101 vocans

1928 2139 2202 2197 Christum
2242 2140 2544 2197 secundum
2574 2155 2823 2196 carnem:
2859 2148 2977 2195 erat
3006 2140 3151 2196 enim
3186 2139 3425 2195 futurus:
3456 2141 3529 2195 ita

1927 2246 2073 2287 nunc
2103 2247 2340 2303 quoque,
2388 2232 2642 2303 quoniam
2683 2231 2837 2298 dixit,
2870 2228 2938 2285 Et
2979 2248 3096 2286 cum
3139 2231 3321 2286 iterum
3366 2232 3533 2286 intro-

1926 2323 2065 2378 ducit
2111 2322 2518 2394 Primogenitunt
2547 2326 2601 2379 in
2646 2323 2817 2379 orbem
2862 2332 3050 2389 terra;
3089 2339 3158 2380 ne
3187 2325 3532 2381 existimares

1926 2429 2051 2471 eum
2074 2415 2258 2472 dicere
2280 2416 2448 2472 alium
2480 2416 2669 2471 orbem
2702 2424 2885 2481 teme,
2910 2430 2977 2471 ex
3001 2416 3187 2471 multis
3215 2415 3267 2472 id
3298 2415 3528 2487 probat,

1925 2516 1983 2563 et
2010 2522 2077 2562 ex
2109 2520 2175 2563 eo
2198 2506 2343 2578 quod
2371 2507 2569 2562 dixerit
2596 2507 2773 2577 ipsum
2808 2506 3083 2562 futurum:
3130 2508 3341 2563 futurus
3382 2509 3528 2564 enim

1935 2597 2212 2654 eratorbis
2236 2609 2426 2665 teme;
2458 2598 2631 2654 Filius
2655 2613 2835 2653 autem
2868 2598 2960 2653 Dei
2990 2613 3208 2668 semper
3236 2598 3355 2655 fuit.
3381 2600 3535 2655 Hune

1946 2698 2076 2753 ergo
2120 2685 2219 2755 qui
2265 2691 2384 2737 erat
2435 2681 2691 2750 futurus,
2740 2696 2847 2737 non
2898 2681 3133 2751 subjecit
3174 2687 3407 2757 angelis,
3458 2690 3553 2743 sed

1943 2770 2178 2827 Christo.
2205 2770 2362 2840 Quod
2387 2779 2567 2828 autem
2595 2772 2665 2826 ad
2686 2770 2881 2827 Filium
2908 2771 3116 2829 dictum
3149 2777 3239 2844 sit,
3273 2786 3354 2833 cst
3385 2781 3546 2833 mani-

1945 2863 2141 2920 festum
2162 2883 2176 2919 :
2196 2880 2318 2919 nam
2338 2864 2659 2935 nequeillud
2677 2864 2944 2935 quispiam
2956 2864 3174 2937 dixerit,
3194 2870 3335 2939 quod
3353 2860 3553 2925 dictum

1944 2954 2015 3010 sit
2041 2955 2109 3011 ad
2153 2956 2395 3027 angelos.
2427 2955 2637 3011 Deinde
2663 2956 2826 3011 etiam
2868 2960 3106 3015 alterum
3136 2960 3359 3017 adducit
3406 2966 3536 3017 testi-

1944 3047 2206 3112 monium,
2236 3055 2291 3102 et
2316 3046 2481 3103 dicit:
2517 3046 2756 3102 Testatus
2783 3064 2859 3106 est
2890 3062 3063 3106 autem
3104 3053 3157 3105 in
3186 3055 3409 3122 quodam
3442 3055 3553 3109 loro

1942 3138 2073 3207 quis,
2102 3138 2293 3193 dicens.
2318 3137 2429 3194 Cur
2456 3154 2567 3195 non
2598 3138 2737 3198 dixit
2768 3158 2965 3199 nomen
2998 3146 3302 3215 prophetze,
3337 3147 3429 3201 sed
3458 3163 3548 3203 oc-

1942 3231 2198 3285 cultavit?
2234 3230 2348 3287 Hoc
2384 3241 2563 3288 autem
2604 3231 2737 3291 facit
2784 3238 2948 3291 etiam
2974 3238 3026 3292 in
3054 3239 3175 3294 aliis
3207 3242 3551 3304 testimoniis,

1942 3332 2000 3377 ut
2019 3323 2231 3394 quando
2256 3323 2423 3380 dicit:
2453 3326 2584 3381 Cum
2618 3341 2789 3383 autem
2821 3330 3003 3383 iterum
3032 3332 3311 3385 introducit
3346 3333 3549 3387 Primo.

1941 3416 2164 3485 genitum
2192 3415 2245 3469 in
2271 3416 2441 3471 orbem
2478 3429 2649 3487 terrte,
2681 3421 2824 3486 dicit,
2861 3422 2924 3476 Et
2962 3423 3180 3477 adorent
3220 3442 3337 3478 eum
3378 3443 3551 3481 omnes

1941 3505 2109 3577 angeli
2140 3505 2272 3572 Dei;
2301 3517 2357 3563 et
2403 3525 2617 3580 rursus,
2650 3510 2767 3584 Ego
2815 3530 2899 3567 ero
2931 3516 2975 3568 ei
3010 3514 3067 3569 in
3097 3512 3335 3571 Patrem.
3388 3517 3456 3572 Et
3484 3525 3550 3573 ad

1945 3597 2159 3666 angelos
2182 3599 2389 3669 quidem
2419 3603 2581 3656 dicit:
2606 3602 2708 3670 Qui
2741 3605 2867 3675 facit
2899 3608 3109 3675 angelos
3140 3624 3259 3662 suos
3287 3611 3501 3677 spiritus
3532 3635 3549 3669 :

1939 3689 2007 3740 ad
2051 3686 2249 3743 Filium
2276 3708 2426 3757 vero,
2463 3692 2529 3747 Et
2569 3704 2622 3746 tu
2669 3695 2720 3747 in
2757 3698 3049 3765 principio,
3086 3698 3334 3765 Domine,
3363 3713 3550 3756 terram

1938 3780 2190 3849 fundasti.
2238 3784 2312 3838 Ita
2362 3785 2449 3841 hic
2478 3801 2725 3855 quoque;
2762 3786 3002 3842 Testatus
3044 3801 3114 3844 est
3144 3802 3312 3846 autem
3344 3795 3396 3848 in
3425 3812 3553 3862 quo-

1937 3870 2056 3924 dam
2087 3872 2201 3927 loco
2223 3876 2336 3943 quis
2366 3876 2559 3930 dicens.
2603 3876 2910 3947 lloeipsum
2953 3889 3134 3937 autem
3166 3883 3358 3951 opinor
3386 3886 3549 3941 etiam

1936 3977 2059 4019 esse
2099 3966 2445 4033 occultantis,
2479 3978 2531 4022 et
2563 3968 2851 4024 ostendere
2881 3984 2975 4026 eos
3007 3986 3130 4028 esse
3160 3975 3319 4030 valde
3346 3977 3551 4046 peritos

1934 4053 2359 4125 Scripturarum,
2385 4060 2526 4127 quod
2553 4076 2658 4115 non
2682 4071 2844 4130 ponat
2871 4077 2992 4117 eum
3024 4066 3115 4135 qui
3142 4066 3275 4121 dixit
3304 4071 3542 4125 testimo-

1938 4146 2107 4212 nium,
2139 4146 2235 4202 sed
2266 4136 2589 4217 introducat,
2627 4160 2683 4205 ut
2713 4152 2856 4221 quod
2885 4154 3043 4224 vulgo
3060 4156 3467 4216 circumleratur
3496 4175 3551 4216 et

1936 4236 2007 4288 sit
2027 4236 2390 4293 manifestum.
2419 4239 2560 4305 Quid
2586 4252 2658 4296 est
2682 4242 2833 4297 homo
2859 4247 2994 4313 quod
3010 4264 3200 4301 memor
3215 4267 3268 4304 es
3289 4252 3398 4321 ejus
3417 4253 3443 4305 ξ)
3460 4264 3551 4306 aut

1936 4327 2074 4394 ﬁlius
2108 4328 2326 4382 hominis
2356 4331 2491 4399 quod
2516 4334 2689 4386 visitas
2715 4336 2870 4388 eum?
2898 4337 2948 4389 7.
2983 4336 3215 4393 dlinuisti
3246 4359 3360 4395 eum
3388 4350 3545 4413 paulo

1936 4423 2106 4476 minus
2141 4422 2201 4476 ab
2228 4425 2421 4495 angelis
2455 4440 2473 4477 :
2503 4426 2669 4497 gloria
2698 4437 2744 4480 et
2786 4429 2976 4483 honore
3020 4436 3273 4486 coronasti
3333 4452 3467 4501 eum,
3501 4449 3549 4491 et

1934 4520 2238 4573 constituisti
2263 4538 2375 4574 eum
2406 4538 2559 4593 super
2587 4540 2744 4592 opera
2772 4541 3018 4579 manuum
3042 4536 3243 4582 tuarum
3266 4548 3282 4584 :
3304 4532 3355 4585 8.
3374 4550 3547 4586 omnia

1932 4610 2187 4675 subiecisti
2207 4611 2299 4663 sub
2318 4613 2530 4681 pedibus
2556 4616 2667 4683 ejus
2687 4604 2869 4684 (Psal.
2898 4617 2951 4672 8.
2984 4617 3130 4690 5-7).

1931 4697 1934 4701 ’
2003 4701 2057 4755 Ξ.
2112 4703 2236 4758 llaec
2282 4716 2460 4759 autem
2509 4708 2721 4762 etiamsi
2782 4710 2923 4764 dicta
2978 4712 3087 4767 sint
3141 4714 3209 4768 de
3271 4724 3544 4774 communi

1934 4794 2265 4849 humanitate
2287 4838 2301 4861 ,
2334 4799 2504 4867 magis
2536 4801 2755 4868 proprie
2788 4810 2968 4857 tamen
2997 4809 3355 4861 convenerint
3380 4812 3541 4865 (λιιι-ἱ·

1932 4898 2017 4943 sto
2046 4890 2339 4943 secundum
2380 4906 2598 4947 carnem
2634 4910 2647 4945 :
2679 4894 2805 4948 illud
2837 4897 2981 4949 enim
3010 4938 3025 4961 ,
3061 4897 3249 4952 Omnia
3282 4902 3545 4971 subjeciin

1931 4981 2021 5034 sub
2049 4981 2257 5051 pedibus
2286 4984 2436 5053 ejus,
2480 4986 2650 5055 magis
2694 4996 2775 5041 est
2828 4986 3012 5054 illius,
3062 5007 3223 5059 quant
3271 5006 3537 5050 nostrum.

1933 5073 2026 5129 Dei
2068 5074 2211 5130 enim
2262 5074 2429 5132 Filius
2479 5093 2609 5143 nos,
2668 5094 2788 5134 cum
2844 5082 2973 5136 nihil
3018 5098 3298 5151 essemus,
3353 5089 3542 5143 visita-

1931 5165 2045 5231 vit,
2105 5176 2159 5221 ct
2209 5183 2330 5221 cum
2388 5169 2437 5223 id
2489 5170 2634 5239 quod
2686 5182 2926 5228 nostrum
2986 5186 3067 5230 est
3118 5180 3446 5248 suscepisset
3488 5194 3545 5237 et

1931 5258 2031 5311 sibi
2061 5261 2286 5327 nuisset,
2323 5261 2492 5318 factus
2518 5275 2599 5319 est
2630 5266 2882 5321 omnibus
2911 5270 3180 5337 superior.
3224 5270 3284 5323 In
3313 5289 3369 5325 eo
3396 5277 3536 5328 enim

1930 5350 2067 5418 quod
2092 5353 2265 5404 omnia
2295 5355 2341 5405 ei
2367 5353 2619 5423 subjecit,
2653 5356 2782 5409 nihil
2804 5358 2996 5412 dimisit
3026 5377 3127 5413 non
3152 5361 3438 5433 subjectum
3468 5370 3533 5422 ei.

1933 5438 2086 5494 Nunc
2110 5453 2282 5497 autem
2311 5445 2526 5498 necdum
2556 5446 2782 5501 videmus
2809 5454 2980 5502 omnia
3021 5452 3248 5520 subjecta
3275 5455 3338 5507 ei.
3385 5457 3537 5522 Quod

1927 5541 2107 5586 autem
2136 5532 2265 5587 dicit
2305 5546 2387 5589 est
2420 5535 2750 5606 hujnsmodi.
2779 5539 3044 5605 Quoniam
3071 5545 3307 5612 dixerat,
3344 5546 3519 5603 Donec

1926 5642 2110 5694 ponam
2154 5627 2385 5683 inimicos
2423 5640 2535 5685 tuos
2574 5632 2851 5687 scabellunt
2887 5635 3070 5703 pedum
3104 5647 3304 5693 tuorum
3330 5682 3342 5702 ,
3378 5657 3523 5696 vert-

216 5724 344 5763 nnn
373 5719 432 5763 ut
458 5710 589 5765 mihi
619 5711 827 5777 dicatis,
863 5714 959 5770 scd
984 5724 1043 5770 ut
1072 5732 1167 5773 vos
1196 5718 1509 5774 lucremini:
1546 5722 1725 5776 ethoc
1748 5734 1832 5775 est
1926 5719 2103 5774 simile
2128 5732 2307 5776 autem
2345 5733 2461 5777 erat
2492 5738 2588 5779 eos
2627 5726 2802 5781 adhuc
2833 5730 2952 5798 angi
3000 5741 3053 5783 et
3096 5732 3312 5786 tristitia
3345 5734 3483 5789 allici
3510 5754 3519 5789 ;

215 5804 379 5873 quod
401 5820 610 5876 magna:
641 5816 725 5861 est
762 5807 890 5863 mihi
921 5824 1085 5871 curm.
1114 5821 1165 5864 et
1192 5812 1259 5867 de
1290 5830 1395 5883 quo
1431 5814 1583 5869 ialde
1623 5814 1827 5871 laboro.

561 5901 831 5962 Parum.
866 5904 984 5964 (in.
1032 5904 1253 5966 LXIII.

1985 5832 1997 5860 ¹
2038 5828 2127 5879 Hic
2152 5830 2199 5879 in
2226 5828 2508 5881 Colbertino
2535 5834 2703 5897 incipit
2730 5833 2924 5884 homilia
2950 5843 3137 5899 quarta.

3178 5922 3215 5981 3
