4112 6344
617 419 686 474 ὖτ)
1368 418 1427 475 S.
1468 416 1742 475 JOANNIS
1778 406 2247 471 CHRYSOSTOMI
2285 404 2598 463 ARCIIIEP.
2639 401 3165 462 CONSTANTINOP.
3786 393 3855 452 tu

626 510 821 564 deinde
850 511 1029 579 paucis
1049 510 1359 581 interjectis,
1388 510 1488 565 hoc
1509 510 1783 580 subjunxit
1806 511 2187 573 testimonium,

629 599 754 653 illud
796 600 1137 655 confirmans.
1172 601 1302 655 Nam
1342 615 1406 655 ne
1449 600 1721 666 dicerent,
1765 600 2044 668 Quomodo
2088 601 2190 654 ini-

627 693 792 746 micos
823 695 995 761 posuit
1024 694 1123 748 sub
1151 694 1370 763 pedibus
1417 693 1528 747 suis
1552 734 1567 758 ,
1614 707 1735 748 cum
1766 708 1864 749 nos
1890 702 1994 747 tam
2023 694 2188 747 multa

629 783 765 849 passi
795 783 999 836 simus?
1042 784 1169 836 satis
1195 783 1405 852 quidem
1448 792 1501 838 et
1543 785 1593 837 in
1640 784 2065 853 prmcedentibus
2094 784 2193 838 hoc

625 886 795 940 ipsum
848 873 1004 925 tacite
1048 872 1358 941 significavit
1390 892 1401 925 :
1434 873 1563 927 illud
1607 874 1783 939 enim,
1819 872 1989 926 Donec
2016 914 2030 937 ,
2080 889 2185 927 non

623 960 762 1029 quod
786 962 969 1032 statim
998 963 1054 1015 fit
1083 963 1447 1031 signiﬁcabat,
1482 964 1574 1018 sed
1602 964 1742 1033 quod
1770 964 1825 1017 fit
1847 965 1896 1017 in
1920 972 2187 1033 tempore:

624 1049 709 1103 hic
738 1061 912 1103 autem
943 1066 1057 1105 rem
1088 1052 1303 1107 uberius
1331 1054 1689 1122 persequitur.
1736 1052 1812 1107 Ne
1851 1054 2016 1118 enim,
2049 1069 2185 1122 quo-

622 1142 784 1206 niam,
817 1141 1020 1210 inquit,
1064 1143 1296 1197 nondum
1339 1154 1461 1197 sunt
1499 1143 1759 1212 subjecti,
1788 1143 2062 1199 existimes
2094 1160 2193 1200 nee

622 1231 807 1298 subjici
843 1250 856 1283 :
890 1247 1012 1284 nam
1057 1247 1215 1301 quam
1244 1232 1385 1300 quod
1424 1232 1609 1300 subjici
1654 1247 1867 1300 semper
1898 1242 2184 1301 oporteat,

620 1327 700 1371 est
728 1320 1064 1387 perspicuum
1104 1339 1114 1371 :
1148 1322 1344 1374 etenim
1375 1330 1651 1388 propterea
1674 1320 1817 1375 dicta
1845 1333 1927 1374 est
1955 1322 2187 1391 praphe-

621 1408 687 1458 tia
723 1424 736 1457 :
768 1405 834 1460 In
864 1425 923 1461 eo
942 1410 1071 1462 enim
1095 1450 1109 1474 ,
1146 1411 1346 1478 inquit,
1379 1411 1513 1478 quod
1542 1412 1713 1464 omnia
1739 1414 1781 1466 ei
1801 1413 2031 1484 subjecit,
2065 1416 2189 1468 nihil

618 1498 804 1551 dimisit
851 1514 949 1552 non
998 1500 1273 1569 subjectum
1316 1501 1380 1555 ei.
1433 1501 1713 1568 Quomodo
1762 1518 1889 1573 ergo
1922 1518 2028 1558 non
2062 1514 2187 1559 sunt

617 1587 793 1641 omnia
841 1589 888 1641 ei
939 1589 1216 1658 subjecta?
1250 1589 1511 1655 Quoniam
1561 1603 1683 1645 sunt
1730 1592 2083 1661 subjicienda.
2132 1594 2185 1649 Si

617 1691 745 1747 ergo
793 1679 968 1732 omnia
1018 1680 1347 1748 subjicienda
1376 1720 1389 1745 ,
1444 1680 1670 1735 necdum
1716 1690 1893 1737 tamen
1942 1685 2181 1753 subjecta

616 1779 773 1831 sunt,
818 1784 883 1823 ne
911 1784 1049 1838 aegre
1079 1769 1220 1823 feras
1250 1784 1349 1825 nec
1382 1772 1632 1825 turberis.
1665 1771 1797 1825 Nam
1829 1774 1872 1827 si
1902 1788 2021 1828 cum
2064 1773 2181 1827 finis

616 1862 830 1929 quidem
858 1861 1195 1929 advenisset,
1242 1872 1296 1916 et
1324 1865 1502 1917 omnia
1533 1873 1714 1919 essent
1743 1864 1982 1937 subjecta
2013 1907 2025 1929 ,
2067 1867 2180 1920 haec

616 1951 895 2019 patereris,
920 1953 1111 2007 merito
1140 1953 1350 2007 doleres
1381 1970 1396 2007 :
1422 1968 1562 2007 nunc
1578 1965 1752 2008 autem
1782 1954 2013 2008 nondum
2035 1955 2185 2008 vide-

615 2056 733 2095 mus
754 2042 931 2096 omnia
957 2043 1003 2097 ei
1026 2043 1281 2111 subjecta,
1314 2043 1423 2096 Rex
1450 2043 1679 2097 noodum
1707 2059 1834 2112 pure
1855 2043 2183 2098 dominatum

615 2132 859 2185 obtinuit.
892 2131 1025 2199 Quid
1062 2146 1188 2200 ergo
1231 2133 1562 2186 conturbaris
1613 2133 1752 2188 male
1780 2135 2021 2201 patiens?
2051 2150 2186 2189 non-

613 2221 736 2274 dum
767 2236 953 2275 omnes
980 2221 1251 2290 superavit
1282 2220 1630 2291 pra-dicatio;
1675 2224 1906 2278 nondum
1933 2235 2017 2279 est
2048 2236 2185 2279 tem—

524 2301 528 2309 ’
614 2329 712 2383 pus
741 2322 797 2367 ut
823 2312 1053 2382 perfecte
1076 2313 1444 2381 subjicianlur.
1477 2313 1678 2368 Deinde
1708 2330 1891 2369 rursus
1920 2316 2021 2369 alia
2051 2332 2183 2371 con-

614 2405 821 2469 solatio,
852 2405 1110 2473 siquidem
1162 2405 1205 2458 is
1241 2406 1328 2474 qui
1379 2416 1456 2459 cst
1499 2419 1685 2460 omnes
1738 2404 2010 2461 habiturus
2061 2409 2185 2462 sub-

610 2495 780 2564 jectos
808 2537 820 2561 ,
850 2494 964 2564 ipse
1003 2510 1214 2565 quoque
1261 2504 1341 2548 est
1390 2505 1650 2560 mortuus,
1676 2507 1732 2548 et
1782 2496 2184 2551 innumerabilia

615 2603 913 2659 perpessus.
935 2588 987 2642 9.
1016 2586 1145 2640 Eum
1172 2597 1358 2653 autem,
1378 2590 1461 2655 qui
1488 2588 1681 2641 modico
1708 2604 1857 2655 quam
1886 2588 2051 2658 angeli
2080 2589 2183 2640 mi-

613 2685 816 2735 noratus
842 2690 933 2742 est,
980 2680 1198 2733 uidemus
1221 2678 1391 2733 Iesum
1433 2690 1633 2750 propter
1663 2682 1940 2749 passionem
1986 2681 2177 2734 mortis.

612 2771 810 2826 Deinde
843 2786 1025 2825 rursus
1071 2772 1343 2839 subjunxit
1383 2787 1499 2841 qua:
1539 2781 1663 2826 sunt
1692 2773 1829 2826 bona
1861 2789 1874 2823 :
1909 2771 2083 2825 Gloria
2127 2782 2170 2827 et

612 2862 800 2913 honore
835 2870 1149 2914 coronatum.
1190 2861 1369 2913 Vidisti
1397 2861 1663 2929 quomodo
1688 2861 1735 2915 ei
1765 2862 1938 2915 omnia
1968 2862 2185 2930 adapta-

612 2950 787 3005 verit?
816 2966 935 3003 nam
967 2950 1094 3004 illud
1142 2951 1344 3004 Modico
1365 2992 1379 3017 ,
1414 2951 1484 3004 illi
1513 2950 1680 3023 magis
1709 2953 2009 3021 congruerit
2032 2992 2048 3018 ,
2090 2951 2185 3020 qui

618 3055 731 3100 tres
758 3046 872 3098 dies
902 3044 1043 3098 solos
1073 3044 1167 3095 fuit
1205 3040 1341 3109 apud
1373 3038 1568 3093 inferos
1595 3079 1609 3100 ,
1655 3053 1759 3091 non
1793 3038 1944 3090 nobis
1982 3040 2069 3105 qut
2096 3036 2186 3089 diu

620 3144 674 3188 ct
720 3136 937 3189 multum
967 3132 1358 3199 corrumpimur
1389 3147 1401 3181 :
1443 3111 1689 3182 similiter
1724 3136 1775 3180 et
1816 3126 1942 3179 illud
1966 3166 1980 3189 ,
2011 3124 2187 3179 Gloria

618 3237 664 3280 et
696 3227 883 3278 honore
908 3265 922 3288 ,
957 3224 1029 3276 illi
1062 3223 1217 3291 longe
1260 3221 1430 3288 magis
1457 3261 1471 3285 ,
1505 3234 1661 3288 quam
1694 3216 1849 3271 nobis
1880 3215 2182 3269 conveniet.

620 3321 823 3373 Rursus
868 3331 1079 3370 crucem
1108 3316 1185 3369 eis
1216 3320 1428 3367 revocat
1470 3312 1522 3365 in
1566 3310 1873 3365 memoriam
1900 3348 1913 3371 ,
1963 3306 2070 3360 duo
2110 3305 2186 3359 fa-

616 3412 762 3464 ciens
793 3426 806 3461 :
842 3424 1035 3476 nempe
1059 3416 1113 3461 et
1149 3422 1330 3461 curam
1362 3407 1477 3473 ejus
1526 3403 1579 3457 iu
1622 3416 1719 3456 nos
1751 3400 2041 3456 ostendens
2068 3439 2081 3461 ,
2128 3404 2187 3450 et

615 3502 843 3555 suadens
871 3509 930 3552 ut
955 3500 1129 3552 omnia
1161 3510 1424 3564 generoso
1445 3504 1497 3549 et
1525 3494 1648 3547 forti
1681 3493 1864 3545 animo
1895 3491 2088 3553 ferant,
2114 3489 2181 3543 ad

618 3592 927 3661 Magistrum
974 3588 1310 3658 aspicientes.
1354 3585 1484 3639 Nam
1514 3585 1556 3637 si
1591 3584 1634 3637 is
1662 3583 1750 3651 qui
1779 3581 2029 3635 adorator
2053 3618 2065 3639 ,
2097 3580 2181 3632 iu-

616 3684 768 3752 quit,
821 3681 890 3734 ab
914 3682 1113 3749 angelis
1139 3720 1152 3741 ,
1203 3678 1449 3731 sustinuit
1484 3674 1735 3743 quiddam
1767 3673 1940 3726 minus
1980 3670 2178 3723 habere

616 3790 772 3845 quam
802 3772 978 3842 angcii
1004 3780 1219 3840 pr0ptcr
1246 3777 1298 3823 te
1324 3767 1525 3822 :multo
1550 3763 1717 3833 magis
1746 3774 1802 3817 tu
1819 3762 1905 3830 qui
1928 3776 1987 3815 es
2010 3760 2183 3813 minor

614 3866 855 3935 angelis,
896 3862 1058 3917 debes
1083 3859 1259 3914 omnia
1294 3859 1433 3911 ferre
1478 3864 1696 3924 prOpter
1738 3854 1930 3921 ipsum.
1980 3849 2182 3904 Deinde

615 3956 849 4010 ostendit
875 3952 1013 4023 quod
1045 3967 1174 4005 crux
1202 3950 1272 4003 sit
1302 3949 1473 4001 honor
1499 3955 1552 4001 et
1590 3945 1756 4013 gloria
1791 3960 1803 3997 :
1833 3940 2102 4011 quomodo
2128 3951 2182 3995 et

613 4049 725 4116 ipse
750 4061 866 4100 eam
896 4058 1106 4112 semper
1131 4052 1322 4105 vocat,
1352 4040 1535 4093 dicens
1563 4054 1576 4091 :
1615 4035 1759 4089 Venit
1789 4036 1915 4087 hora
1946 4044 1995 4085 ut
2020 4032 2177 4103 glori-

612 4139 786 4206 ﬁcatur
815 4135 983 4189 Filius
1012 4133 1227 4187 hominis
1251 4131 1431 4196 (Joan.
1466 4132 1548 4183 ll.
1574 4130 1649 4197 ι).
1677 4128 1730 4182 Si
1765 4140 1891 4195 ergo
1919 4125 2008 4179 ille
2029 4133 2181 4179 vocat

608 4228 827 4298 gloriam
859 4242 918 4280 ea
965 4240 1081 4294 quae
1126 4237 1313 4293 passus
1356 4232 1439 4275 est
1488 4229 1704 4289 propter
1748 4231 1979 4271 servos:
2011 4216 2179 4268 multo

610 4320 774 4387 magis
803 4326 855 4369 tu
886 4332 944 4371 ea
974 4331 1090 4384 qua:
1118 4316 1311 4383 pateris
1344 4320 1558 4382 propter
1586 4310 1892 4363 Dominum.

678 4409 849 4462 Crucis
877 4411 1087 4474 fructus.
1136 4433 1207 4444 ——
1245 4403 1401 4457 Vides
1441 4410 1673 4471 quantus
1704 4401 1771 4454 sit
1802 4400 2005 4453 fructus
2052 4412 2175 4451 cru-

604 4501 715 4552 cis?
745 4499 873 4551 item
903 4514 1004 4550 non
1035 4494 1254 4549 formida
1284 4512 1296 4548 :
1329 4494 1419 4547 tibi
1449 4492 1663 4561 quidem
1697 4492 1903 4545 videtur
1936 4505 2022 4545 res
2054 4505 2175 4544 esse

606 4591 768 4644 tristis
793 4633 807 4655 ,
843 4591 980 4658 parit
1022 4598 1197 4642 autent
1231 4588 1366 4641 bona
1396 4585 1821 4639 innumerabilia.
1854 4585 1926 4637 Ex
1981 4584 2065 4637 his
2088 4599 2175 4637 os-

606 4684 771 4736 tendit
802 4683 1078 4734 utilitatem
1114 4680 1435 4734 tentationis.
1472 4678 1672 4732 Deinde
1700 4678 1828 4731 dicit
1859 4696 1871 4729 :
1907 4676 1976 4731 Ut
2008 4678 2172 4746 gratia

604 4775 698 4827 Dei
747 4790 836 4841 pro
889 4771 1113 4825 omnibus
1161 4780 1383 4841 gustaret
1439 4778 1663 4821 mortem.
1718 4767 1784 4820 Ut
1827 4769 1993 4837 gratia
2036 4766 2165 4831 Dei,

600 4865 788 4931 inquit.
836 4863 900 4916 Et
930 4863 1016 4916 ille
1042 4862 1252 4931 quidem
1288 4861 1398 4913 huic
1426 4873 1610 4927 passus
1637 4867 1717 4911 est
1748 4869 1969 4927 propter
1997 4858 2087 4911 Dei
2116 4860 2167 4910 in

599 4968 697 5006 nos
728 4952 950 5020 gratiam
978 4968 989 5002 :
1027 4950 1125 5016 Qui
1152 4952 1359 5019 proprio
1392 4948 1549 5013 Filio,
1584 4947 1773 5017 inquit,
1797 4964 1895 5001 non
1929 4949 2163 5017 pepercit,

596 5042 681 5093 sed
711 5058 805 5110 pro
834 5042 973 5095 nobis
1003 5044 1229 5095 omnibus
1260 5042 1465 5094 tradidit
1509 5042 1676 5109 ipsum
1703 5043 1719 5110 (
1751 5040 1897 5095 Rom.
1929 5043 1981 5095 8.
2026 5040 2090 5095 52
2115 5041 2157 5106 ).

591 5132 829 5197 Quanam
864 5131 929 5186 de
958 5147 1116 5185 causa
1140 5133 1161 5183 ?
1188 5132 1300 5185 Non
1334 5135 1431 5186 hoc
1461 5134 1613 5186 nobis
1641 5133 1885 5194 debebat.
1914 5133 2005 5188 sed
2041 5133 2163 5186 fecit

590 5223 779 5288 gratia.
809 5223 874 5275 Et
893 5238 1073 5277 rursus
1104 5224 1154 5277 in
1176 5223 1408 5291 Epistula
1428 5223 1490 5277 ad
1515 5223 1781 5279 Romanos
1804 5225 1931 5279 dicit
1955 5244 1966 5279 :
1998 5223 2160 5278 Multo

593 5313 753 5381 magis
793 5314 955 5381 gratia
990 5313 1116 5377 Dei,
1166 5324 1210 5365 ct
1254 5315 1439 5367 donum
1478 5316 1527 5367 in
1559 5316 1721 5384 gratia
1762 5318 1905 5368 unius
1946 5317 2159 5370 hominis

592 5400 715 5453 Jesu
763 5401 945 5453 Christi
990 5403 1043 5454 in
1092 5404 1257 5471 plures
1305 5405 1572 5458 abundavit
1612 5404 1786 5467 (Hom.
1914 5407 2036 5476 l5).
2093 5405 2159 5461 Ut

594 5492 761 5557 gratia
804 5489 896 5544 Dei
943 5508 1035 5558 pro
1078 5494 1304 5547 omnibus
1334 5506 1554 5564 gustaret
1604 5506 1808 5550 mortem
1861 5513 1877 5548 :
1924 5513 2025 5550 non
2067 5513 2160 5566 pio

596 5585 840 5639 ﬁdelibus
867 5587 1063 5652 solum,
1104 5588 1195 5641 sed
1227 5604 1320 5656 pro
1351 5590 1595 5642 universo
1628 5590 1756 5644 orbe
1803 5598 1992 5653 terrae;
2037 5604 2155 5643 nam

597 5676 711 5742 ipse
757 5678 964 5744 quidem
998 5688 1238 5731 mortuus
1285 5685 1367 5731 est
1416 5692 1507 5747 pro
1539 5680 1803 5732 onmibus.
1856 5680 1990 5746 Quid
2043 5689 2151 5733 tum

594 5774 767 5820 autem
790 5806 807 5834 ,
837 5767 879 5821 si
909 5783 1011 5822 non
1044 5784 1230 5824 omnes
1254 5768 1636 5825 crediderunt?
1670 5772 1787 5840 lpse
1824 5770 1963 5840 quod
2004 5786 2155 5825 suum

2287 523 2400 569 erat
2445 510 2702 582 implerit.
2751 506 2817 561 Et
2861 503 3077 575 proprie
3124 500 3300 563 dixit,
3355 494 3457 550 Pro
3489 492 3717 549 euntibus
3756 507 3847 560 gu-

2287 614 2439 661 staret
2467 610 2695 656 mortem.
2720 598 2835 651 Non
2861 595 3014 659 dixit,
3048 592 3341 646 Moreretur
3374 603 3387 639 ε
3420 600 3540 640 nam
3574 593 3631 637 ut
3655 582 3742 653 qui
3772 595 3845 648 re;

2286 680 2409 749 vera
2436 702 2661 747 mortem
2685 694 2970 759 gustasset,
2999 697 3120 737 cum
3147 683 3200 735 in
3223 694 3283 734 ea
3311 677 3447 731 adeo
3479 688 3642 745 parvo
3671 671 3862 727 fuisset

2292 784 2570 840 intervallo
2602 824 2615 847 ,
2649 780 2829 835 statim
2858 776 3111 831 surrexit.
3152 774 3323 841 Atque
3360 766 3585 823 dicendo
3616 761 3858 834 quidem,

2289 878 2391 932 Per
2421 877 2708 945 passionem
2735 870 2907 923 mortis
2932 908 2947 934 ,
2994 879 3173 919 veram
3221 858 3537 931 signiﬁcavit
3583 861 3810 953 mortem
3844 867 3858 902 :

2288 966 2512 1022 dicendo
2542 974 2739 1027 autem,
2763 959 2942 1012 Melior
2967 954 3182 1026 angelis,
3227 949 3459 1007 ostendit
3505 949 3861 1001 resurrectio-

2290 1074 2429 1114 nem.
2459 1056 2609 1110 Sicut
2627 1054 2769 1107 enim
2793 1048 3050 1111 medicus,
3070 1058 3191 1098 cum
3221 1058 3325 1096 non
3353 1039 3421 1093 sit
3450 1051 3669 1093 necesse
3692 1043 3745 1088 ut
3763 1048 3863 1102 gu-

2289 1160 2393 1205 stet
2411 1148 2556 1203 cibos
2578 1154 2778 1216 mgroto
2803 1148 3013 1212 paratos
3035 1180 3047 1202 ,
3075 1144 3293 1207 propter
3308 1146 3489 1187 curam
3522 1129 3672 1182 illius
3698 1141 3858 1197 quam

2289 1245 2442 1316 gerit,
2467 1243 2579 1312 ipse
2606 1239 2748 1308 prior
2768 1243 2967 1306 gustat,
2984 1240 3040 1285 ut
3067 1227 3382 1300 persuadeat
3398 1232 3595 1316 aegroto
3620 1231 3673 1274 ut
3693 1218 3860 1316 eonfi-

2289 1310 2695 1390 denterraudeat
2720 1326 2895 1381 cibum
2926 1334 3139 1378 sumere
3171 1337 3186 1373 :
3209 1319 3279 1372 ita
3300 1315 3547 1371 Christus
3568 1353 3586 1377 ,
3607 1310 3858 1380 quoniam

2287 1440 2474 1480 omnes
2504 1421 2743 1477 homines
2769 1424 2992 1470 mortem
3022 1412 3397 1473 extimuerant,
3434 1406 3510 1461 eis
3532 1398 3865 1473 persuadens

2289 1524 2345 1570 ut
2372 1518 2421 1570 in
2449 1528 2564 1568 eam
2603 1517 2781 1565 essent
2819 1504 3065 1567 audaces,
3103 1501 3215 1569 ipse
3240 1511 3447 1567 quoque
3465 1508 3581 1547 eam
3608 1489 3857 1559 gustavit,

2285 1624 2405 1663 cum
2452 1621 2553 1659 non
2600 1612 2739 1658 esset
2774 1600 2821 1655 ei
2852 1609 3090 1653 necesse.
3122 1592 3266 1648 Venit
3296 1591 3436 1644 enim
3458 1629 3471 1652 ,
3502 1586 3689 1656 inquit,
3718 1583 3864 1651 prin-

2288 1701 2403 1753 ceps
2428 1686 2603 1739 mundi
2630 1684 2801 1752 huius,
2831 1696 2874 1738 et
2897 1686 2947 1736 in
2971 1700 3049 1736 me
3071 1683 3197 1736 nihil
3218 1683 3397 1737 invenit
3417 1680 3592 1749 (Joan.
3617 1682 3706 1735 Η.
3734 1681 3855 1749 50).

2289 1777 2375 1833 Sic
2406 1786 2459 1831 et
2487 1776 2627 1846 quod
2658 1774 2820 1839 dicit,
2857 1773 3032 1827 Gratia
3058 1814 3074 1839 ,
3116 1782 3166 1827 et
3199 1772 3326 1826 illud
3353 1811 3369 1838 ,
3406 1770 3472 1826 Ut
3499 1787 3592 1840 pro
3631 1770 3863 1826 onmibus

2290 1878 2497 1918 mortem
2543 1874 2799 1935 gustaret,
2847 1865 2946 1919 hoc
2990 1865 3282 1918 constituit.
3328 1863 3414 1917 10.
3464 1862 3681 1917 Docebat
3727 1863 3862 1915 enim

2289 1974 2401 2010 eum
2433 1966 2633 2023 propter
2670 1971 2811 2023 quem
2856 1955 3064 2019 omnia.,
3113 1969 3157 2005 et
3188 1969 3277 2021 per
3319 1968 3463 2022 quem
3507 1952 3675 2005 omnia
3706 1992 3721 2015 ,
3770 1952 3860 2018 qui

2290 2048 2470 2099 multos
2511 2046 2647 2115 ﬁlios
2682 2046 2732 2099 in
2768 2047 2982 2114 gratiam
3010 2046 3333 2111 adduxerat,
3380 2052 3637 2097 auctorem
3679 2042 3861 2097 salutis

2289 2152 2455 2188 eorum
2488 2152 2575 2203 per
2599 2135 2882 2205 passionem
2922 2151 3285 2187 consummare.

2358 2226 2411 2278 '5.
2456 2225 2529 2278 De
2559 2224 2713 2279 Patre
2745 2225 2829 2277 hic
2855 2223 3002 2277 dicit.
3059 2224 3220 2278 Vides
3273 2226 3541 2293 quomodo
3583 2243 3767 2284 rursus
3809 2232 3862 2285 ei

2287 2313 2499 2383 adaptat
2531 2315 2683 2380 illud,
2710 2314 2810 2367 Per
2831 2330 2975 2380 quem
2999 2314 3151 2369 ?Hoc
3175 2330 3278 2369 non
3305 2314 3541 2380 fecisset,
3568 2320 3612 2374 si
3640 2321 3691 2374 id
3718 2328 3864 2375 esset

2287 2405 2671 2470 diminutionis,
2700 2416 2753 2459 et
2781 2403 2913 2459 Filio
2943 2405 3119 2459 solum
3141 2407 3470 2461 conveniret.
3500 2408 3653 2476 Quod
3681 2422 3859 2465 autem

2287 2497 2415 2552 dicit
2444 2506 2524 2551 est
2550 2496 2811 2565 ejusmodi
2843 2515 2854 2549 :
2891 2496 3074 2561 Fecit,
3122 2498 3324 2566 inquit,
3372 2514 3487 2568 qua:
3515 2500 3671 2571 digna
3705 2514 3862 2557 erant

2285 2603 2377 2640 sua
2424 2588 2744 2657 benignitate
2770 2630 2783 2653 ,
2827 2588 2966 2658 quod
3007 2588 3252 2642 omnibus
3283 2588 3627 2645 illustriorem
3677 2591 3863 2648 fecerit

2286 2679 2720 2748 Primogenitum,
2766 2687 2817 2731 et
2848 2688 2903 2732 ut
2932 2688 3197 2747 tamquam
3227 2678 3379 2734 fortis
3408 2681 3607 2735 athleta
3637 2692 3690 2736 et
3714 2684 3852 2739 alios

2285 2784 2611 2839 exsuperans
2637 2812 2650 2835 ,
2700 2770 2819 2823 aliis
2846 2778 2988 2824 esset
3031 2771 3325 2838 exemplar.
3368 2772 3636 2825 Auctorem
3678 2775 3864 2830 salutis

2284 2876 2457 2912 eorunt
2487 2860 2561 2927 (α)
2593 2876 2604 2911 :
2642 2860 2743 2913 hoc
2768 2870 2847 2913 est
2870 2900 2885 2923 ,
2932 2873 3146 2913 causam
3174 2860 3380 2915 salutis.
3418 2861 3579 2916 Vides
3604 2876 3860 2931 quantum

2285 2950 2523 3004 intersit?
2553 2959 2604 3004 et
2633 2949 2717 3002 hic
2740 2960 2819 3003 est
2842 2950 3026 3011 Filius,
3058 2959 3111 3003 et
3133 2966 3231 3005 nos
3253 2951 3366 3015 filii;
3391 2952 3482 3006 sed
3509 2954 3620 3023 ipse
3644 2954 3857 3023 quidem

2283 3049 2491 3105 servat,
2521 3054 2617 3093 nos
2645 3054 2941 3093 servantur.
2982 3040 3170 3094 Vidisti
3199 3041 3466 3109 quomodo
3498 3058 3596 3097 nos
3626 3045 3859 3113 conjun-

2282 3140 2368 3199 gat
2393 3140 2443 3183 et
2470 3131 2733 3193 conciliet,
2764 3138 2818 3183 et
2844 3130 3135 3199 distinguat
3162 3146 3223 3185 ac
3251 3134 3496 3200 separet?
3522 3134 3623 3198 Qui
3649 3139 3858 3202 multos,

2285 3220 2471 3289 inquit,
2525 3222 2658 3287 ﬁlios
2708 3221 2759 3273 in
2792 3220 3004 3289 gloriam
3032 3222 3339 3275 adduxerat.
3385 3223 3481 3278 Hie
3507 3226 3814 3280 eonciliavit
3840 3245 3858 3282 :

2289 3314 2552 3365 Auctorem
2598 3313 2777 3365 salutis
2826 3328 2995 3365 eorum
3029 3329 3048 3364 :
3076 3322 3128 3367 et
3170 3328 3358 3369 rursus
3386 3314 3627 3370 distinxit
3659 3326 3713 3371 et
3742 3318 3858 3371 dis-

2278 3401 2469 3468 juuxit.
2494 3401 2597 3454 Per
2618 3403 2872 3470 passiones
2892 3420 3255 3457 consummare.
3278 3403 3561 3461 Passiones
3584 3422 3715 3477 ergo
3738 3420 3861 3463 sunt

2284 3492 2540 3559 perfectio
2588 3501 2641 3545 et
2679 3507 2836 3545 causa
2884 3493 3090 3547 salutis.
3138 3493 3323 3548 Videu'
3362 3496 3503 3563 quod
3551 3498 3690 3552 male
3735 3512 3860 3554 esse

2290 3598 2523 3654 passum,
2557 3599 2665 3637 non
2691 3586 2757 3638 sit
2788 3600 2971 3639 eorum
3004 3586 3093 3654 qui
3118 3595 3242 3640 sunt
3264 3587 3553 3641 derelicti?

2365 3674 2653 3728 Incarnatio
2694 3687 2739 3728 et
2768 3677 2948 3730 Passio
2978 3676 3172 3731 Christi
3216 3679 3383 3743 major
3426 3680 3781 3737 creatione.-—
3802 3679 3860 3735 Si

2278 3781 2404 3834 ergo
2424 3766 2563 3819 Deus
2592 3766 2761 3834 primo
2778 3766 2967 3819 Filium
2988 3767 3286 3831 honoravit,
3308 3768 3448 3837 quod
3473 3784 3564 3837 per
3584 3772 3861 3838 passiones

2278 3856 2581 3921 deduxerit;
2606 3871 2820 3911 carnem
2845 3858 3164 3925 suscepisse,
3189 3875 3357 3927 eaque
3375 3870 3617 3929 suscepta
3643 3874 3860 3929 passum

2279 3963 2417 4014 esse,
2445 3949 2599 4018 longe
2625 3957 2710 4003 est
2735 3948 2904 4016 majus
2917 3964 3099 4004 revera
3119 3965 3276 4019 quam
3305 3949 3559 4003 mundum
3589 3950 3777 4005 fecisse
3805 3960 3863 4006 et

2280 4054 2345 4093 ex
2385 4041 2549 4093 nihilo
2591 4039 2925 4107 produxisse.
2960 4039 3033 4093 Et
3077 4040 3183 4095 hoc
3228 4040 3441 4109 quidem
3492 4041 3859 4110 benignitatis.

2281 4130 2413 4184 illud
2454 4147 2580 4185 vero
2628 4131 2785 4201 longe
2832 4132 3077 4200 amplius.
3130 4131 3195 4185 Et
3238 4131 3339 4185 hoe
3369 4133 3539 4201 ipsum
3573 4133 3686 4201 ipse
3721 4150 3861 4202 quo-

2279 4236 2383 4288 que
2412 4220 2699 4273 ostendens
2723 4262 2735 4282 ,
2766 4221 2892 4275 dicit
2925 4236 2938 4274 :
2974 4220 3038 4274 Ut
3067 4223 3346 4274 ostenderet
3373 4221 3426 4274 in
3453 4224 3652 4276 saeculis
3677 4239 3860 4293 super-

2284 4312 2588 4366 venientibus
2613 4314 2925 4364 abundantes
2953 4314 3150 4364 divitias
3172 4314 3350 4381 gratia:
3375 4330 3497 4376 sure,
3524 4326 3569 4366 et
3595 4331 3862 4368 conresus-

2274 4393 2439 4446 citat-it
2465 4406 2511 4447 et
2535 4399 2798 4453 consedere
2818 4415 2931 4452 cum
2959 4416 3018 4453 eo
3038 4401 3155 4469 fecit
3180 4402 3232 4455 in
3257 4404 3535 4459 celestibus
3561 4408 3613 4461 in
3652 4408 3856 4464 Christo

2273 4480 2413 4536 Iesu.
2451 4485 2665 4540 Decebat
2707 4491 2839 4543 enim
2870 4508 3011 4556 eum,
3052 4504 3256 4562 prapter
3289 4513 3434 4565 quem
3464 4501 3654 4566 omnia,
3687 4511 3735 4555 et
3760 4516 3855 4566 per

2273 4591 2417 4641 quem
2444 4580 2611 4630 omnia
2631 4623 2645 4643 ,
2674 4581 2759 4649 qui
2801 4582 2986 4636 multos
3017 4585 3152 4651 ﬁlios
3192 4587 3243 4639 in
3286 4589 3502 4656 gratiam
3530 4593 3845 4657 adduxerat,

2274 4676 2525 4718 auctorem
2576 4670 2754 4722 salutis
2804 4688 2974 4725 eorum
3027 4692 3115 4742 per
3167 4677 3451 4742 passionem
3498 4698 3855 4739 consummare

2275 4754 2486 4823 (Ep/tes.
2521 4758 2574 4809 2.
2619 4760 2669 4812 7.
2718 4761 2793 4829 6).
2825 4762 3115 4832 Oportebat
3146 4768 3285 4821 enim
3308 4811 3321 4834 ,
3359 4770 3565 4841 inquit,
3601 4791 3719 4829 eum
3753 4781 3843 4847 qui

2276 4861 2456 4900 curam
2504 4851 2669 4918 gerit,
2704 4862 2755 4906 et
2791 4856 2967 4908 omnia
3009 4866 3063 4909 ut
3106 4869 3285 4914 essent
3324 4864 3601 4932 produxit,
3638 4870 3852 4926 tradere

2275 4936 2467 4992 Filium
2498 4956 2592 5008 pro
2620 4943 2789 4997 salute
2819 4946 3164 5015 reliquorum,
3198 4967 3357 5006 unum
3387 4970 3481 5024 pro
3512 4959 3705 5014 multis.
3741 4962 3849 5019 Sed

2275 5044 2377 5082 non
2409 5031 2483 5084 sic
2511 5032 2661 5094 dixit,
2693 5036 2806 5101 sed,
2842 5036 2945 5090 Per
2971 5042 3227 5108 passiones
3255 5062 3634 5114 consumtttare,‘
3665 5064 3853 5109 osten-

2273 5121 2349 5174 dit
2397 5123 2534 5189 quod
2578 5127 2666 5194 qui
2700 5143 2794 5195 pro
2842 5130 3019 5201 aliquo
3049 5143 3132 5187 est
3184 5152 3389 5203 passus,
3427 5156 3530 5195 non
3570 5145 3739 5199 solum
3769 5146 3849 5201 illi

2277 5214 2508 5281 prodest,
2538 5217 2631 5271 sed
2661 5220 2818 5273 etiam
2868 5221 2978 5290 ipse
3022 5224 3078 5279 fit
3119 5230 3425 5295 prmelarior
3453 5244 3506 5286 et
3538 5236 3845 5304 perfectior.

2275 5306 2383 5361 lloc
2400 5317 2573 5361 autem
2598 5310 2722 5364 dicit
2765 5313 3025 5380 fidelibus,
3050 5318 3127 5371 eis
3143 5320 3374 5375 animum
3389 5324 3609 5391 addens,
3635 5339 3685 5382 et
3714 5331 3849 5384 red-

2273 5396 2402 5449 deus
2414 5398 2738 5454 audaciores.
2760 5402 2962 5457 Etenim
2983 5406 3223 5462 Christus
3245 5418 3365 5465 tunc
3388 5413 3477 5466 fuit
3497 5417 3844 5487 glorificatus,

2272 5488 2481 5554 quando
2500 5500 2577 5542 est
2596 5506 2801 5559 passus.
2828 5494 3046 5560 Quando
3067 5512 3241 5553 autem
3269 5501 3408 5567 dico,
3437 5505 3555 5558 Fuit
3579 5508 3848 5576 glorificat-

2276 5588 2374 5641 tus,
2398 5596 2462 5632 ne
2483 5583 2753 5636 existimes
2769 5585 2912 5640 abeo
2928 5598 3247 5655 assumptam
3272 5606 3389 5646 esse
3405 5596 3661 5661 gloriam:
3690 5599 3839 5657 illam

2273 5674 2413 5724 enim
2444 5682 2642 5726 naturae
2663 5678 2881 5743 gloriam
2926 5695 3138 5748 semper
3173 5682 3352 5738 habuit
3376 5686 3505 5740 nihil
3542 5702 3842 5761 assumpto.

2354 5787 2425 5849 (α)
2450 5786 2537 5837 llic
2559 5788 2716 5839 hiatus
2741 5804 2941 5853 magnus
2966 5804 3035 5843 est
3064 5796 3107 5843 in
3133 5796 3407 5851 Cullwrt'tno
3431 5802 3620 5855 Codice.
