4112 6344
222 369 281 425 ιι
960 330 969 336 ’
1115 369 1178 427 ιΝ
1221 370 1432 427 EPIST.
1481 370 1570 427 an
1609 364 1971 424 assumes.
2013 362 2165 421 (ιιι).
2191 362 2259 418 ιι.
2298 363 2622 422 ιιοιιιωγ.

231 477 311 528 ll.
345 472 451 537 Qui
470 470 604 525 enim
647 470 949 539 sanctiﬁcat,
982 478 1031 525 et
1057 472 1141 542 qui
1165 473 1563 541 sancti/itautur,
1622 491 1687 528 ea:
1712 492 1812 529 uno

229 581 417 621 cannea.
456 563 676 635 Propter
700 580 853 633 quam
894 580 1101 619 causam
1134 580 1235 618 non
1262 566 1595 637 confunditur
1626 571 1811 637 fratrea

227 672 307 710 eos
348 670 546 709 vocare.
600 652 737 709 Ecce
788 667 975 709 rursus
1022 652 1292 724 quomodo
1320 669 1416 710 eos
1456 656 1706 712 conciliat
1748 672 1812 713 ac

226 744 505 815 conjungit
534 752 592 799 et
634 742 906 798 bonorans
948 750 1005 798 et
1049 744 1342 799 consolans
1378 754 1433 801 et
1478 760 1575 802 eos
1614 746 1815 803 faciens

231 835 424 891 fratres
451 835 674 902 Christi,
703 850 771 890 ex
797 849 863 892 eo
891 834 1037 905 quod
1063 835 1173 891 sint
1200 852 1266 892 ex
1298 852 1425 892 uno.
1458 837 1664 895 Deinde
1692 855 1815 895 rur-

230 942 320 983 sus
353 942 473 982 rem
502 926 896 992 communiens,
934 935 990 982 et
1018 926 1309 985 ostendens
1346 942 1407 984 se
1436 927 1616 986 dicere
1645 930 1715 986 de
1750 946 1819 987 eo

231 1016 374 1088 quod
418 1026 505 1074 est
552 1015 848 1073 secundum
890 1032 1131 1081 carnem,
1177 1018 1499 1089 subiunxit:
1544 1019 1643 1086 Qui
1684 1022 1819 1076 enim

232 1109 544 1177 sanctiﬁcat,
570 1118 618 1163 et
642 1110 728 1179 qui
752 1108 1160 1176 sanctiﬁcantur.
1186 1106 1351 1163 Vides
1370 1118 1624 1180 quantum
1652 1112 1820 1167 inter-

234 1198 346 1255 sit?
378 1199 469 1255 ille
501 1198 717 1270 quidem
746 1195 1070 1264 sanctificat,
1110 1211 1208 1251 nos
1233 1212 1363 1253 vero
1403 1199 1819 1257 sanctiﬁcamur.

236 1289 305 1346 Et
349 1289 603 1360 superius
650 1303 774 1345 eum
822 1287 958 1343 dixit
1002 1296 1279 1343 auctorem
1326 1288 1535 1346 salutis.
1570 1289 1716 1348 Unus
1750 1300 1824 1347 est

233 1383 369 1437 enim
400 1379 562 1446 Deus,
594 1396 657 1434 ea:
688 1395 787 1449 quo
818 1378 1009 1433 omnia.
1039 1376 1263 1446 Propter
1302 1394 1454 1449 quam
1477 1396 1684 1435 causam
1724 1398 1825 1437 non

237 1475 487 1530 erubescit
525 1489 612 1529 eos
655 1488 833 1527 vocare
874 1476 1079 1542 fratres.
1125 1470 1287 1526 Vides
1319 1471 1592 1542 quomodo
1637 1488 1826 1530 rursus

239 1564 493 1622 ostendat
521 1562 935 1619 excellentiam?
961 1560 1150 1617 Dicere
1191 1560 1358 1626 enim,
1400 1560 1519 1617 Non
1547 1565 1825 1632 erubescit,

237 1654 479 1712 Ostendit
524 1663 691 1708 totum
737 1666 862 1708 esse
908 1666 1015 1707 non
1066 1652 1141 1707 rei
1189 1660 1415 1715 naturae,
1447 1652 1541 1708 sed
1573 1653 1690 1724 ejus
1737 1656 1828 1724 qui

250 1764 358 1803 non
412 1744 681 1803 erubescit
729 1742 1119 1800 benevolentia:
1164 1752 1219 1799 et
1264 1744 1447 1800 multa:
1492 1745 1827 1803 humilitatis.

239 1840 371 1896 Nam
418 1835 630 1893 etiamsi
670 1836 841 1890 simus
870 1849 935 1890 ex
966 1848 1095 1897 uno.
1127 1833 1217 1889 ille
1254 1834 1471 1905 quidem
1509 1838 1828 1905 sanctiﬁcat,

258 1936 358 1978 nos
386 1931 568 1979 autem
614 1924 1028 1981 sanetilicamur.
1079 1927 1303 1983 Multum
1355 1930 1598 1987 interest.
1642 1933 1707 1988 Et
1754 1932 1847 1991 ille

255 2014 473 2087 quidem
524 2031 591 2072 ex
632 2015 811 2083 Patre,
866 2028 1133 2090 tamquam
1173 2035 1333 2076 verus
1372 2031 1424 2077 et
1468 2024 1715 2093 proprius
1750 2023 1843 2080 Fi-

253 2106 379 2175 lius,
411 2104 515 2163 hoc
542 2117 647 2174 est,
682 2122 748 2163 ex
776 2108 893 2178 ejus
923 2116 1154 2165 «sentis
1180 2127 1195 2176 ;
1234 2126 1335 2167 nos
1362 2122 1539 2169 autem
1572 2123 1841 2186 tamquam

250 2206 525 2264 creatura,
556 2197 658 2254 hoc
684 2206 790 2264 est,
823 2214 888 2255 ex
921 2200 1113 2256 nihilo.
1137 2201 1358 2258 Multum
1389 2204 1567 2275 itaque
1591 2206 1838 2263 interest.

252 2289 613 2357 Quamobrem
643 2289 792 2357 dicit,
823 2289 947 2346 Non
970 2293 1217 2349 erubescit
1255 2295 1393 2367 ipsos
1419 2312 1599 2353 uocare
1627 2299 1835 2368 fratres,

252 2380 483 2434 dicens:
534 2378 622 2435 12.
668 2377 934 2435 Nuntiabo
982 2398 1165 2438 nomen
1208 2393 1350 2438 tuum
1394 2386 1641 2457 fratribus
1692 2389 1835 2444 meis.

255 2470 390 2526 Nam
423 2485 587 2527 carne
627 2470 865 2541 indutus,
934 2473 1105 2529 induit
1145 2476 1305 2531 etiam
1328 2476 1738 2546 fraternitatem,
1783 2489 1838 2537 et

251 2560 413 2616 simul
444 2562 607 2616 etiam
639 2560 879 2632 ingressa
906 2572 990 2617 est
1019 2578 1141 2618 cum
1169 2579 1331 2622 carne
1360 2565 1686 2623 fraternitas.
1728 2568 1835 2626 Sed

251 2649 352 2705 hoc
394 2649 613 2721 quidem
648 2652 843 2708 merito
880 2653 1141 2710 adducit:
1172 2655 1303 2711 illud
1346 2666 1561 2722 autem.
1590 2659 1678 2715 15.
1724 2660 1833 2733 Ego

249 2761 341 2798 ero
374 2746 638 2814 conﬁdens
677 2748 729 2801 in
757 2762 889 2810 euut,
922 2747 1049 2817 quid
1093 2748 1194 2803 sibi
1233 2749 1539 2806 vult?Nam
1595 2762 1653 2809 ct
1691 2755 1833 2824 quod

247 2837 432 2897 postea
480 2828 696 2898 quidem
726 2830 993 2901 sequitur,
1035 2837 1228 2889 merito
1259 2853 1273 2889 :
1303 2833 1435 2890 Ecce
1479 2853 1572 2908 ego
1609 2846 1655 2892 et
1686 2841 1832 2908 pueri

242 2934 367 2986 quos
398 2918 524 2972 mihi
547 2918 687 2973 dedit
719 2918 878 2973 Deus.
913 2918 1063 2975 Sicut
1092 2922 1236 2977 etiim
1268 2922 1355 2980 hic
1382 2925 1621 2996 seipsum
1647 2941 1831 2986 osten-

243 3008 321 3063 dit
352 3008 586 3075 Patrem,
619 3011 691 3064 ita
718 3009 827 3065 illic
864 3010 1083 3066 fratrem
1118 3030 1131 3066 :
1159 3012 1511 3082 Annuutiabo,
1537 3018 1707 3086 enim,
1736 3020 1831 3075 in-

239 3098 375 3169 quit,
408 3114 590 3154 nomen
640 3109 781 3154 tuum
804 3100 1049 3170 fratribus
1076 3104 1218 3158 meis.
1252 3103 1318 3160 Et
1357 3120 1547 3162 rursus
1587 3111 1828 3168 ostendit

241 3190 466 3244 multam
498 3190 894 3258 excellentiam,
923 3199 979 3248 et
1018 3192 1160 3263 quod
1198 3195 1421 3251 multum
1462 3198 1701 3267 intersit,
1730 3216 1829 3272 per

235 3295 297 3335 ea
324 3294 447 3350 qua:
471 3279 724 3352 deinceps
752 3293 1048 3352 sequuntur
1070 3301 1084 3337 :
1103 3284 1191 3340 is.
1217 3285 1351 3353 Quia
1376 3302 1496 3359 ergo
1520 3291 1665 3360 pueri
1687 3307 1825 3348 eam-

234 3373 617 3426 munit-atterunt
642 3374 787 3427 carni
815 3383 864 3428 et
889 3376 1152 3446 sanguini.

302 3465 359 3521 4.
407 3461 571 3517 Vides
622 3462 713 3518 ubi
763 3463 833 3519 sit
882 3465 1218 3529 similituin
1270 3484 1467 3541 nempe
1522 3475 1818 3533 secundum

232 3568 474 3609 carnem.
507 3550 572 3608 Et
623 3555 734 3624 ipse
757 3555 995 3612 similiter
1020 3560 1342 3631 participavit
1366 3565 1577 3622 eisdem.
1612 3567 1820 3628 Erube-

229 3655 381 3700 scaut
410 3658 597 3701 omnes
617 3644 876 3714 haeretici,
909 3662 1020 3719 prae
1051 3650 1253 3720 pudore
1279 3667 1339 3711 se
1367 3656 1702 3717 abscondant
1726 3665 1817 3734 qui

226 3737 413 3793 dicunt
442 3752 565 3793 cum
607 3737 889 3796 advenisse
917 3756 1015 3813 per
1041 3746 1275 3814 speciem
1305 3746 1406 3821 (ιι),
1441 3766 1545 3808 non
1590 3754 1703 3824 ipsa
1734 3759 1816 3815 rei

226 3830 474 3884 veritate.
517 3828 635 3884 Non
665 3831 841 3886 solum
878 3834 1021 3888 enim
1064 3835 1219 3903 dixit,
1260 3837 1361 3895 His
1386 3844 1729 3915 porticipavit,
1760 3859 1817 3906 et

224 3921 424 3985 tacuit;
471 3936 821 3993 quamquam,
850 3924 1060 3981 etiamsi
1092 3928 1171 3983 sic
1199 3929 1446 4001 dixisset,
1478 3936 1609 3992 satis
1637 3951 1812 4010 esset;

230 4012 325 4069 sed
374 4012 576 4083 aliquid
619 4013 761 4069 aliud
805 4014 978 4085 majus
1025 4018 1220 4087 posuit,
1274 4037 1486 4095 nempe,
1537 4026 1809 4089 Similiter.

232 4102 347 4158 Non
399 4116 500 4173 per
541 4102 773 4172 speciem
804 4112 860 4159 et
886 4105 1193 4177 imaginem,
1223 4110 1413 4181 inquit,
1446 4115 1544 4171 sed
1588 4120 1814 4177 veritate

226 4194 524 4251 ostendens
550 4208 669 4251 csse
695 4194 1080 4253 fraternitatem
1107 4217 1120 4255 :
1148 4201 1387 4274 alioquin
1416 4206 1572 4276 illud,
1605 4209 1805 4268 Simili-

230 4297 325 4355 ter,
363 4302 479 4342 non
501 4296 686 4346 staret.
716 4291 919 4349 Deinde
946 4292 1099 4349 affert
1136 4297 1295 4353 etiam
1330 4313 1546 4355 causam
1587 4300 1806 4373 dispen-

208 4378 437 4434 sationis
468 4396 483 4433 :
516 4374 584 4436 Ut
609 4396 707 4450 per
742 4392 963 4439 mortem
988 4385 1267 4442 destrueret
1307 4404 1442 4455 um,
1480 4391 1568 4461 qui
1594 4392 1807 4449 habebat

208 4471 385 4525 monis
447 4470 755 4541 imperium,
805 4474 902 4528 hoc
948 4485 1041 4544 est,
1089 4476 1368 4534 diabolum.
1421 4480 1522 4537 Hic
1566 4482 1804 4540 οςιειιύἱι

204 4560 345 4627 quod
396 4570 491 4617 est
513 4561 784 4627 mirabile,
812 4580 1004 4637 nempe
1032 4569 1171 4639 quod
1200 4586 1295 4639 per
1322 4587 1481 4642 quam
1517 4573 1640 4629 vicit
1674 4574 1795 4630 dia-

204 4649 380 4715 holus,
421 4665 530 4723 per
570 4667 689 4709 eam
734 4654 910 4712 victus
955 4656 1073 4726 fuit,
1117 4668 1313 4732 etquae
1357 4673 1513 4719 erant
1566 4663 1615 4720 ei
1650 4679 1800 4721 arma

204 4741 375 4797 valida
415 4741 683 4800 adversus
714 4747 901 4803 orbem
930 4757 1108 4814 terrm,
1140 4768 1335 4823 nempe
1363 4770 1530 4823 mors,
1563 4772 1661 4827 per
1687 4773 1804 4814 eam

202 4832 350 4886 illum
372 4830 631 4889 Christus
653 4833 798 4891 feriit
817 4855 832 4893 :
850 4838 991 4908 quod
1018 4840 1135 4910 ejus
1162 4842 1249 4912 qui
1272 4844 1394 4899 vicit
1412 4859 1658 4917 magnam
1679 4847 1807 4904 indi-

202 4932 285 4977 cat
317 4924 648 4994 potentiam.
698 4926 863 4984 Vides
889 4941 1147 4998 quantum
1180 4933 1380 4991 bonum
1409 4952 1553 4992 mors
1581 4937 1805 4996 iecerit!

206 5012 288 5068 15.
328 5013 399 5068 Et
425 5014 672 5071 liberaret
692 5032 805 5085 eos,
829 5020 914 5090 qui
934 5021 1113 5077 timore
1141 5025 1317 5079 mortis
1344 5041 1436 5095 per
1465 5036 1623 5082 totam
1652 5031 1806 5085 vitam

203 5102 408 5159 obnoxii
456 5115 608 5161 erant
638 5108 890 5164 servituti.
914 5110 1044 5178 Cur,
1074 5112 1264 5182 inquit,
1296 5116 1571 5172 horretis?
1594 5119 1719 5190 quid
1738 5121 1805 5176 ti-

202 5190 357 5245 metis
373 5205 524 5257 cam,
550 5206 672 5262 quae
688 5201 771 5248 est
781 5194 979 5250 abolita
1000 5197 1263 5268 planeque
1281 5209 1334 5255 et
1352 5199 1527 5257 inanis
1542 5211 1594 5257 et
1608 5205 1805 5261 otiosa?

202 5278 312 5335 Non
336 5291 426 5338 est
450 5282 689 5353 amplius
730 5284 1007 5353 terribilis,
1063 5290 1156 5345 sed
1195 5301 1278 5345 est
1314 5297 1647 5363 conculcata,
1677 5311 1806 5353 con-

204 5380 425 5442 tempta,
458 5372 589 5428 vilis
615 5374 912 5445 etabjecta,
941 5387 994 5433 et
1027 5381 1181 5449 plane
1213 5382 1411 5439 nullius
1443 5388 1621 5457 pretii.
1667 5389 1804 5461 Quid

202 5473 278 5517 est
294 5473 507 5531 autem,
529 5464 638 5519 Eos
656 5468 743 5537 qui
764 5469 941 5523 timore
957 5473 1132 5527 mortis
1159 5491 1249 5543 per
1265 5484 1421 5530 totout
1438 5480 1803 5537 citomobnoxii

202 5568 339 5609 erant
359 5552 630 5611 seruitutii
656 5560 781 5629 quid
809 5562 910 5618 hoc
937 5562 1046 5619 est?
1074 5565 1226 5633 Quod
1256 5569 1345 5639 qui
1377 5580 1602 5628 mortem
1632 5572 1800 5641 timet.

281 5806 357 5865 (α)
385 5804 465 5855 De
490 5803 582 5854 bac
607 5801 786 5852 haresi
813 5808 970 5852 actam
997 5809 1070 5854 est
1095 5804 1140 5855 in
1164 5804 1468 5862 i‘rtr'i'uiono.

3451 358 3516 413 ιε

1914 490 1997 536 est
2024 494 2233 545 servus,
2262 487 2319 534 ct
2351 478 2577 532 sustinet
2604 473 2784 529 omnia
2818 487 2884 527 nc
2924 470 3184 527 moriatur
3217 488 3229 524 :
3262 479 3357 525 aut
3382 471 3507 525 illud

1914 568 2057 639 quod
2096 582 2285 624 omnes
2310 575 2465 622 erant
2504 564 2644 620 servi
2672 563 2883 630 mortis,
2916 570 2971 617 ct
3000 559 3145 631 quod
3177 574 3239 616 ea
3270 557 3508 615 nondum

1916 669 2061 717 esset
2086 659 2308 725 abolita,
2338 658 2454 728 ejus
2481 652 3134 712 dominatu-tenebantur:
3164 660 3276 717 aut,
3298 649 3439 722 quod
3457 652 3511 705 iu

1919 761 2175 823 perpetuo
2203 759 2355 807 metu
2382 748 2627 804 viverent
2654 746 2923 812 homines,
2956 758 3173 814 semper
3198 754 3513 813 exspectan-

1920 852 2002 899 tes
2028 856 2087 898 se
2116 842 2427 905 morituros,
2450 847 2507 895 et
2522 845 2755 893 mortem
2781 834 3155 899 formidantes,
3191 834 3389 888 nullius
3417 847 3515 887 vo-

1922 935 2137 1005 luptatis
2155 948 2373 989 scnsnm
2397 930 2923 1003 poterantaccipere,
2940 942 3064 982 cum
3092 926 3181 981 hic
3208 940 3425 994 semper
3437 925 3517 980 eis

1923 1027 2139 1083 adesset
2153 1038 2329 1082 metus
2356 1042 2371 1078 :
2399 1024 2655 1080 hoccnim
2684 1021 3067 1087 subiudicavit,
3092 1017 3416 1083 dicens,Pcr
3434 1028 3484 1070 to
3501 1048 3517 1057 -

1924 1129 2029 1173 tam
2055 1119 2225 1172 vitam.
2246 1117 2345 1173 ilic
2365 1115 2603 1172 ostendit
2629 1128 2725 1170 eos
2744 1114 2834 1183 qui
2858 1110 3191 1179 al'tliguntur,
3220 1108 3521 1179 quicxpel-

1927 1210 2221 1281 luntur,qui
2246 1210 2521 1279 privautur
2534 1206 2700 1276 patria
2716 1213 2771 1260 et
2783 1203 3011 1259 fortunis
3032 1210 3089 1257 et
3101 1201 3222 1256 aliis
3250 1199 3520 1261 omnibus,

1922 1302 2210 1373 jucundius
2229 1315 2292 1355 ac
2314 1299 2533 1356 liberius
2548 1297 2934 1368 degere,quam
2950 1294 2985 1349 ii
2999 1292 3088 1362 qui
3109 1292 3237 1347 olim
3260 1291 3524 1361 degebant

1932 1394 1986 1449 in
2015 1392 2224 1448 deliciis
2243 1432 2259 1458 ,
2291 1404 2448 1461 quam
2482 1389 2516 1443 ii
2546 1387 2741 1459 quibm
2770 1384 2902 1439 nihil
2925 1382 3199 1439 acciderat
3221 1381 3486 1451 ejusmodi
3508 1424 3523 1446 ,

1929 1497 2089 1551 quam
2122 1480 2313 1549 quibus
2342 1486 2496 1533 erant
2532 1492 2621 1533 res
2663 1474 2917 1531 secunda:
2950 1491 2963 1527 :
2994 1470 3261 1543 siquidem
3295 1471 3370 1526 illi
3401 1473 3531 1541 qui-7

1932 1573 2054 1627 dem
2106 1586 2201 1641 per
2238 1579 2402 1624 totam
2437 1568 2601 1623 vitam
2646 1575 2801 1621 erant
2842 1564 2968 1619 huic
3016 1561 3184 1617 metui
3214 1560 3431 1616 obnoxii
3475 1573 3528 1616 ct

1931 1663 2095 1727 servi;
2121 1662 2220 1733 ipsi
2244 1672 2421 1718 autem
2448 1669 2573 1716 sunt
2597 1659 2668 1716 ab
2695 1674 2761 1717 eo
2786 1658 3022 1723 liberati,
3048 1665 3105 1713 et
3127 1656 3353 1714 irrident
3379 1656 3525 1727 quod

1931 1753 2006 1808 illi
2036 1752 2378 1808 horruerant.
2414 1752 2558 1809 idem
2603 1752 2746 1807 enim
2779 1766 2921 1806 nunc
2940 1759 3056 1815 cst;
3099 1757 3158 1803 ut
3186 1749 3228 1802 si
3262 1746 3527 1820 quispiam

1930 1857 2051 1899 cum
2105 1843 2197 1913 qui
2230 1842 2440 1898 vinctus
2478 1840 2755 1899 ducendus
2800 1849 2883 1895 est
2922 1839 2988 1894 ad
3043 1849 3295 1905 mortem,
3324 1847 3381 1893 et
3426 1836 3529 1891 hoc

1928 1948 2146 2005 semper
2198 1942 2498 2004 exspectat,
2551 1932 2732 1988 multis
2773 1931 3070 2003 impinguet
3111 1930 3323 1986 deliciis
3364 1947 3377 1984 :
3421 1930 3529 1984 tale

1929 2025 2203 2096 quidpiam
2244 2040 2391 2081 mors
2431 2035 2548 2081 erat
2594 2024 2746 2081 olim.
2790 2023 2942 2079 Nunc
2982 2032 3161 2079 autem
3199 2023 3331 2078 utsi
3373 2023 3524 2094 quis.

1931 2126 2075 2173 metu
2119 2117 2213 2173 illo
2261 2116 2456 2190 ejecta,
2488 2132 2611 2175 cum
2664 2115 2875 2172 deliciis
2916 2114 3198 2171 denuntiet
3239 2128 3364 2170 esse
3410 2128 3528 2169 cer-

1931 2210 2173 2279 tandum,
2222 2219 2277 2267 et
2317 2218 2585 2281 proponat
2624 2218 2921 2273 certamen,
2950 2215 3142 2262 utnon
3180 2206 3414 2277 amplius
3456 2207 3524 2262 ad

1929 2314 2199 2368 mortem,
2256 2302 2353 2358 sed
2402 2301 2471 2357 ad
2506 2316 2730 2373 regnum
2768 2299 3019 2367 adducat,
3076 2313 3143 2355 ex
3199 2297 3524 2370 quibusnam

1928 2412 2047 2454 esse
2088 2395 2363 2452 volueris?
2391 2409 2456 2450 ex
2502 2394 2640 2450 iisne
2680 2393 2772 2465 qui
2816 2397 2869 2447 in
2918 2405 3138 2447 carcere
3182 2390 3523 2462 impinguau-

1930 2501 2034 2554 tur,
2069 2489 2272 2546 interea
2311 2486 2551 2559 quotidie
2584 2484 2961 2558 proferendam
3002 2494 3382 2555 exspectantes
3403 2498 3529 2539 sen-

1931 2582 2290 2639 tentiamzsn
2343 2594 2412 2635 ex
2461 2579 2526 2635 iis
2563 2579 2651 2649 qui
2707 2577 2933 2633 multum
2988 2576 3291 2644 decertant,
3333 2584 3389 2631 et
3441 2575 3526 2631 lu-

1933 2676 2126 2731 bentes
2154 2672 2405 2728 laborant
2454 2679 2512 2725 ut
2554 2670 2663 2724 sint
2703 2668 2940 2724 redimiti
2984 2669 3133 2741 regni
3180 2667 3528 2724 diademate?

1934 2766 2093 2822 Vides
2133 2763 2407 2836 quomodo
2446 2777 2636 2820 eorum
2679 2763 2855 2817 erexit
2883 2761 3144 2828 animum,
3177 2776 3381 2833 eosque
3409 2776 3529 2818 sus-

1930 2872 2126 2929 pensos
2153 2856 2323 2913 tenuit
2346 2865 2402 2913 et
2424 2854 2715 2911 excitavit?
2738 2852 2988 2909 Ostendit
3013 2862 3193 2910 autem
3220 2868 3329 2909 non
3354 2853 3525 2909 solam

1927 2964 2172 3006 cessasse
2200 2956 2455 3014 mortem,
2489 2946 2582 3003 sed
2616 2961 2714 3018 per
2739 2960 2861 3003 eam
2890 2945 3042 3001 illum
3069 2960 3284 3017 quoque
3311 2961 3403 3017 qut
3433 2947 3528 3002 ad-

1926 3054 2144 3096 versum
2193 3054 2294 3097 nos
2338 3054 2557 3110 semper
2596 3038 2791 3093 bellum
2832 3039 2972 3109 gerit
3010 3037 3374 3109 implacabile,
3405 3037 3525 3094 dia-

1928 3132 2131 3197 bolum,
2161 3132 2401 3202 inquam,
2427 3144 2549 3187 esse
2580 3130 2805 3186 fractum
2825 3141 2880 3213 et
2911 3138 3259 3200 prostratum.
3278 3130 3411 3187 Nam
3435 3132 3525 3201 qui

1928 3233 2158 3280 mortem
2188 3238 2294 3278 non
2326 3224 2501 3290 timet,
2535 3230 2621 3279 est
2650 3231 2807 3278 extra
2840 3221 3038 3277 diaboli
3071 3221 3434 3293 tyrannidem.
3465 3222 3525 3280 Si

1926 3317 2071 3372 enim
2120 3315 2317 3387 pellem
2367 3328 2464 3385 pro
2515 3314 2679 3384 pelle,
2721 3323 2777 3370 et
2825 3314 3007 3369 omnia
3054 3313 3207 3370 dabit
3256 3316 3379 3384 quis
3428 3330 3530 3384 pro

1927 3411 2105 3465 anima
2149 3424 2245 3465 sua
2281 3406 2401 3481 (Job
2439 3411 2494 3461 Ξ.
2549 3406 2605 3478 ι)
2636 3424 2650 3461 :
2679 3405 2895 3478 quando
2937 3406 3101 3463 etiam
3147 3408 3316 3479 ipsam
3362 3420 3527 3464 ausus

1927 3500 2086 3555 fuerit
2118 3497 2422 3570 despicere,
2451 3498 2735 3569 cujusnam
2773 3497 2883 3567 jam
2913 3498 3016 3553 crit
3042 3499 3274 3557 servus?
3310 3498 3523 3554 Nullum

1929 3592 2102 3658 timet,
2147 3591 2355 3647 nullum
2405 3589 2661 3646 formidat
2694 3609 2708 3646 :
2746 3598 2832 3646 est
2874 3590 3127 3646 omnibus
3168 3593 3437 3663 superior,
3470 3603 3528 3648 st

1928 3681 2178 3739 omnibus
2225 3682 2401 3753 magis
2430 3681 2587 3738 liber.
2619 3682 2719 3749 Qui
2762 3681 2905 3737 enim
2950 3682 3185 3738 animam
3229 3696 3383 3737 suam
3428 3674 3527 3740 dc-

1925 3774 2106 3847 spicit,
2142 3772 2515 3845 multomagis
2553 3774 2678 3829 alia.
2711 3772 2940 3842 Quando
2985 3783 3169 3832 autem
3218 3775 3379 3831 talem
3410 3777 3527 3832 ani-

1925 3879 2067 3919 mam
2094 3863 2365 3920 invenerit
2390 3863 2655 3927 diabolus,
2687 3863 2820 3919 nihil
2850 3880 2913 3921 ex
2945 3865 3011 3920 iis
3036 3880 3158 3936 quae
3184 3881 3281 3921 sua
3308 3875 3439 3923 sunt
3467 3870 3523 3924 lu

1924 3971 1985 4012 ea
2022 3957 2221 4028 poterit
2249 3953 2487 4012 efﬁcere.
2517 3955 2655 4024 Quid
2682 3955 2848 4021 enim,
2883 3956 3202 4027 pecunizcne
3232 3957 3525 4014 minabitur

1925 4048 2335 4115 detrimentum,
2369 4058 2426 4105 et
2451 4049 2721 4104 infamiam
2751 4062 2806 4106 et
2835 4050 3084 4107 exsilium
3116 4066 3145 4105 a
3172 4052 3386 4122 patriai
3412 4050 3519 4109 Sed

1925 4141 2039 4197 haec
2083 4156 2243 4211 parva
2271 4151 2401 4198 sunt
2436 4142 2577 4213 apud
2604 4157 2749 4209 eum,
2776 4143 2867 4214 qui
2911 4158 2982 4200 ne
3018 4145 3254 4200 animam
3299 4144 3521 4217 quidem

1922 4248 2074 4289 suam
2120 4234 2283 4291 habet
2323 4236 2634 4306 pretiosam,
2667 4245 2725 4291 ut
2764 4236 2839 4291 ait
2876 4236 3065 4292 beatus
3095 4238 3317 4294 Paulus.
3353 4238 3515 4296 Vides

1921 4326 2065 4400 quod
2097 4328 2286 4386 mortis
2312 4328 2532 4401 expulsa
2562 4328 2865 4402 tyrannide,
2897 4329 3056 4387 simul
3084 4330 3248 4389 etiam
3295 4330 3518 4390 confre-

1920 4420 1997 4488 git
2025 4420 2165 4474 vires
2196 4420 2432 4476 diaboli?
2461 4421 2593 4477 Nam
2621 4422 2710 4493 qui
2743 4422 2812 4479 de
2843 4426 3245 4482 resurrectione
3271 4425 3374 4482 scit
3406 4426 3522 4495 plu-

1913 4509 2107 4565 rimum
2145 4511 2539 4585 philosophari,
2566 4517 2842 4588 quomodo
2874 4518 3059 4573 timeat
3090 4501 3343 4582 mortem.
3374 4535 3511 4590 quo-

1908 4600 2070 4656 modo
2096 4602 2314 4659 horreat
2334 4604 2403 4660 de
2427 4607 2654 4661 extero?
2675 4606 2752 4663 Ne
2773 4622 2905 4679 ergo
2932 4609 3147 4665 tristitia
3170 4608 3506 4674 ailiciamiui.

1906 4690 2150 4749 dicentes
2179 4711 2193 4748 :
2221 4691 2329 4749 Cur
2357 4694 2474 4751 lucc
2502 4706 2555 4753 et
2588 4697 2675 4752 illa
2717 4699 2859 4768 passi
2891 4699 3115 4755 sumus?
3152 4702 3231 4755 sic
3268 4700 3412 4755 enim
3451 4701 3511 4757 lit

1906 4782 2109 4840 clarior
2151 4784 2408 4849 victoria;
2441 4802 2539 4843 nec
2578 4787 2767 4844 fuisset
2805 4790 2973 4856 clara,
3006 4790 3107 4845 nisi
3139 4799 3313 4847 morte
3356 4806 3506 4847 mor-

1909 4880 2013 4926 tem
2046 4873 2316 4931 solvisset.
2363 4876 2478 4933 lloc
2519 4887 2603 4935 est
2642 4888 2823 4935 autem
2867 4880 3207 4948 admirabile,
3236 4882 3381 4953 quod
3411 4896 3508 4955 per

1905 4977 1968 5017 ea
1998 4962 2175 5035 ipsum
2205 4968 2395 5023 vicerit
2428 4985 2525 5039 per
2552 4986 2672 5041 qum
2700 4982 2816 5028 erat
2858 4972 3015 5029 fortis
3055 4984 3109 5031 et
3140 4985 3354 5046 potens,
3385 4977 3506 5031 ubi-

1904 5067 2008 5123 que
2048 5056 2347 5115 ostendcus
2394 5070 2594 5131 quanta
2631 5062 2734 5119 sibi
2777 5074 3026 5135 suppetat
3060 5064 3309 5132 facultas,
3345 5076 3400 5123 et
3437 5069 3505 5123 ad

1904 5156 1993 5197 res
2036 5147 2300 5215 gerendas
2348 5151 2589 5207 solertia.
2643 5150 2724 5209 Ne
2771 5155 3063 5225 prodamus
3111 5156 3313 5212 donum
3359 5160 3505 5228 quod

1903 5236 2060 5291 nobis
2090 5235 2189 5292 fuit
2220 5238 2401 5297 datum
2433 5261 2446 5297 :
2479 5241 2600 5298 Non
2626 5246 2759 5300 enim
2785 5248 3096 5317 accepimus,
3125 5248 3320 5319 inquit,
3351 5250 3507 5321 spiri-

1904 5340 2009 5383 tum
2038 5330 2253 5397 timoris,
2285 5334 2375 5389 sed
2400 5336 2636 5405 spiritum
2664 5340 2861 5394 virtutis
2890 5350 2937 5394 et
2966 5341 3195 5395 caritatis
3231 5352 3280 5396 et
3332 5342 3507 5396 mode-

1902 5420 2205 5490 stia2(Rom.
2234 5423 2288 5479 8.
2316 5426 2402 5483 t5.
2434 5428 2626 5483 colt.2.
2662 5429 2795 5485 Tim.
2826 5431 2877 5487 1.
2908 5432 2983 5503 7).
3009 5431 3228 5489 Stemus
3252 5448 3383 5507 ergo
3405 5432 3515 5490 for-

1906 5512 2032 5568 titer
2061 5526 2292 5571 mortem
2315 5516 2622 5574 irridentes.

1972 5603 2027 5659 5.
2063 5601 2333 5675 Exsequias
2353 5605 2648 5665 (it-wearum
2678 5627 2822 5666 more
2852 5623 2970 5668 tunc
2997 5613 3051 5667 in
3087 5631 3182 5669 usu
3211 5616 3497 5687 vituperon-

1904 5705 2006 5749 tur.
2029 5726 2095 5737 -
2113 5696 2217 5753 Sed
2244 5699 2373 5755 mihi
2404 5703 2549 5757 venit
2572 5704 2624 5757 in
2646 5714 2881 5762 mentem
2904 5706 3096 5762 acerbe
3122 5708 3493 5778 ingemiscere.

1904 5790 2201 5857 rcptttandn
2228 5808 2459 5863 quonam
2494 5794 2742 5853 Christus
2783 5814 2881 5854 nos
2921 5798 3222 5867 adduxerit,
3273 5811 3327 5856 cl
3366 5818 3499 5871 que-
