4112 6344
596 343 660 395 43
1332 348 1387 404 S.
1430 344 1703 404 JOANNIS
1737 342 2203 400 CllliYSOSTOMI
2250 342 2558 397 ABCIHEP.
2601 344 3127 399 CONSTAN'HXOP.
3778 349 3849 404 Η

608 468 728 506 nam
762 467 857 507 nos
886 450 1280 506 demiseriums.
1308 448 1437 502 Nam
1466 446 1680 517 quando
1727 444 1881 499 video
1926 444 2013 513 qui
2048 442 2178 496 fiunt

607 546 657 597 in
694 542 812 599 foro
843 544 1105 613 planctus,
1134 551 1187 596 et
1216 540 1441 610 ejulatus
1473 547 1738 608 proptere
1764 537 1895 590 vivis
1916 532 2176 590 exceden-

608 647 705 700 tcs,
741 636 1071 704 ululatusque
1102 643 1156 690 et
1206 630 1610 687 lamentationes
1640 639 1693 683 et
1734 629 1837 682 alia
1886 642 2003 696 quae
2046 626 2177 679 liunt

607 727 861 781 indecore
894 744 906 779 :
940 726 1163 791 credite,
1192 738 1277 777 me
1328 721 1488 789 pudet
1516 721 1841 785 Graecorum,
1872 718 2175 773 Judteorum

608 827 659 868 et
690 817 1061 870 haereticorum
1091 814 1179 883 qui
1204 813 1403 878 vident,
1428 821 1482 868 et
1506 827 1603 866 nos
1627 822 1901 881 propterea
1931 808 2174 862 irrident.

609 904 738 959 Nam
770 905 1023 975 quidquid
1053 904 1119 959 de
1144 914 1344 959 cmtero
1386 904 1592 967 dixero,
1625 902 1812 955 frustra
1858 901 2030 955 dicam
2064 900 2178 970 phi-

613 993 897 1061 losophans
908 993 973 1045 de
992 994 1402 1048 resurrectione.
1427 991 1637 1060 Quare?
1653 990 1912 1056 Quoniam
1932 1005 2037 1044 non
2058 1004 2177 1058 quae

608 1101 637 1138 a
667 1100 752 1138 me
780 1083 1026 1138 dicuntur
1070 1083 1352 1139 attendunt
1377 1082 1547 1137 Graeci
1577 1124 1591 1149 ,
1643 1082 1735 1135 sed
1786 1096 1906 1151 qua:
1958 1097 1985 1133 a
2027 1080 2177 1135 vobis

610 1177 742 1229 ﬁunt
775 1193 787 1227 :
818 1174 993 1228 statim
1040 1174 1181 1229 enim
1230 1174 1454 1228 dicent:
1496 1170 1719 1237 Quando
1758 1171 1951 1241 poterit
1991 1186 2056 1225 ex
2095 1169 2177 1222 his

608 1266 885 1333 quisquam
916 1271 1141 1317 mortem
1172 1263 1472 1330 despicere,
1517 1260 1605 1331 qui
1638 1276 1704 1314 ne
1749 1269 1923 1329 potest
1963 1259 2174 1329 quidem

606 1355 765 1407 alium
790 1354 971 1407 videre
998 1352 1305 1406 mortuum?
1336 1351 1560 1406 Pulchra
1589 1360 1713 1405 sunt
1740 1366 1858 1420 qua:
1887 1348 2026 1404 dicta
2054 1358 2177 1404 sunt

608 1459 635 1496 a
676 1442 859 1507 Paulo,
914 1452 967 1497 et
1004 1440 1159 1511 digna
1215 1442 1360 1496 etclis
1399 1440 1600 1509 Deique
1642 1440 2009 1509 benignitate:
2052 1439 2175 1508 quid

606 1533 749 1587 enim
770 1532 931 1587 dicit?
955 1531 1018 1584 Et
1044 1532 1271 1585 liberabit
1295 1546 1378 1584 eos
1406 1532 1492 1601 qui
1522 1531 1698 1583 timore
1725 1531 1897 1584 mortis
1918 1546 2007 1600 per
2024 1540 2177 1583 totam

606 1627 758 1678 vitam
786 1624 986 1678 obnoxii
1016 1634 1159 1677 erant
1188 1623 1428 1676 servituti.
1462 1621 1567 1677 Sed
1595 1636 1698 1676 non
1727 1622 1899 1676 sinitis
1940 1637 2037 1676 nos
2064 1622 2177 1676 Iura

605 1717 844 1785 credere,
880 1731 972 1789 per
1004 1716 1119 1787 ipsa
1144 1716 1278 1771 facta
1319 1715 1591 1771 vobiscum
1623 1725 1915 1787 pugnantes
1947 1730 1959 1769 :
1991 1729 2176 1788 quam-

607 1826 764 1881 quam
799 1812 935 1864 Deus
973 1809 1227 1863 adversus
1256 1808 1357 1862 hoc
1400 1809 1564 1863 multa
1592 1807 1799 1863 dederit
1827 1808 2174 1877 munimenta,

611 1908 669 1951 ut
697 1898 834 1955 hanc
868 1914 1086 1968 pravam
1134 1901 1349 1957 tolleret
1400 1902 1857 1957 consuetudinem.
1908 1902 2061 1968 Nam,
2089 1901 2177 1956 dic

610 1989 763 2055 mihi,
813 1991 939 2059 quid
976 1992 1076 2047 sibi
1118 1993 1299 2047 volunt
1338 1994 1495 2048 clarae
1541 1994 1845 2063 lampades?
1873 2009 2050 2048 annon
2085 2008 2179 2049 eos

610 2090 879 2149 tamquam
920 2082 1145 2136 athletas
1173 2082 1522 2137 deducimus?
1560 2084 1685 2153 quid
1726 2094 1903 2138 autem
1943 2084 2178 2154 hymni?

607 2185 786 2226 annon
811 2173 972 2226 Deum
993 2172 1349 2243 glorificamus
1369 2183 1420 2229 et
1437 2175 1632 2245 gratias
1651 2176 1875 2245 agimus,
1893 2174 2034 2245 quod
2051 2190 2176 2230 eum

608 2264 697 2333 qui
730 2266 960 2319 excessit
992 2266 1102 2333 jam
1131 2268 1487 2333 eoronaverit,
1516 2267 1658 2338 quod
1687 2282 1717 2321 a
1746 2267 2015 2323 laboribus
2041 2268 2175 2323 libe-

608 2357 825 2421 raverit,
854 2356 992 2425 quod
1031 2357 1201 2425 ejecto
1228 2368 1370 2411 metu
1408 2372 1528 2412 eum
1555 2358 1694 2426 apud
1722 2373 1781 2414 se
1816 2358 2043 2413 habeat?
2069 2373 2174 2413 non

608 2444 730 2498 ideo
771 2454 895 2499 sunt
941 2446 1164 2516 hymni?
1192 2462 1296 2501 non
1325 2449 1443 2503 ideo
1467 2448 1811 2518 psalmodizn?
1844 2450 1969 2504 Hzec
1995 2450 2171 2504 omnia

606 2546 729 2590 sunt
756 2536 1047 2591 laetantium
1081 2554 1094 2591 :
1121 2536 1213 2591 Est
1239 2540 1368 2593 enim
1394 2540 1662 2609 quispiam,
1696 2540 1886 2609 inquit,
1915 2541 2030 2595 ltrto
2057 2542 2171 2595 ani-

603 2626 722 2678 mo?
761 2626 946 2693 psallat
994 2625 1156 2696 (Jac.
1197 2627 1253 2681 5.
1296 2626 1418 2700 15).
1464 2628 1569 2684 Sed
1613 2631 1709 2684 hos
1739 2644 1845 2685 non
1892 2630 2171 2685 attendunt

604 2717 795 2771 ϐιαταὶ.
828 2716 903 2770 Nc
950 2716 1075 2771 mihi
1107 2716 1247 2771 enim
1268 2759 1282 2783 ,
1313 2718 1517 2788 inquit,
1545 2718 1743 2775 dixeris
1780 2735 1933 2786 eum,
1984 2720 2074 2790 qui
2103 2720 2169 2775 ab

602 2808 763 2862 animi
791 2818 932 2862 metu
961 2818 1196 2863 remotus
1244 2803 1690 2880 philoSOphaturf
1719 2810 1820 2866 hoc
1851 2812 1994 2866 enim
2033 2810 2167 2866 nihil

601 2909 684 2955 est
708 2915 954 2971 magnum
982 2915 1081 2955 nec
1109 2900 1421 2957 admirabile
1446 2918 1461 2968 ;
1508 2903 1729 2957 ostende
1774 2903 1903 2958 mihi
1931 2918 2051 2957 eum
2076 2903 2167 2972 qui

599 2992 652 3045 in
682 2992 864 3047 dolore
892 2991 1006 3061 ipso
1036 2991 1466 3061 philosophetur,
1508 3002 1561 3048 et
1590 3003 1712 3049 tunc
1750 2994 1961 3048 credam
1985 3007 2166 3049 resur-

598 3081 848 3136 rectioni.
882 3076 949 3136 Et
972 3082 1112 3151 quod
1143 3082 1243 3137 hoc
1282 3082 1476 3138 faciant
1502 3083 1715 3154 quidem
1767 3086 2018 3141 mulieres
2046 3098 2165 3155 qua:

598 3174 650 3227 in
681 3174 836 3244 hujus
866 3176 985 3229 vitae
1010 3174 1153 3230 curis
1173 3185 1467 3243 versantur,
1500 3192 1603 3230 non
1631 3186 1711 3232 est
1738 3177 1951 3242 mirum,
1980 3193 2165 3248 quam-

595 3281 753 3335 quam
780 3266 882 3321 hoc
907 3282 1117 3336 quoque
1155 3266 1225 3321 sit
1255 3267 1449 3320 tualum
1492 3277 1545 3323 et
1581 3284 1740 3336 grave
1769 3283 1928 3322 :nam
1981 3269 2047 3325 ab
2100 3269 2165 3325 iis

594 3372 807 3427 quoque
853 3358 1037 3412 eadem
1092 3358 1319 3428 exigitur
1370 3359 1702 3429 philosophia
1760 3378 1772 3413 :
1817 3361 2160 3431 quamobrem

595 3451 789 3505 Paulus
820 3465 1029 3520 quoque
1054 3448 1180 3505 dicit
1213 3466 1226 3503 :
1259 3448 1337 3504 De
1360 3451 1720 3505 dormientibus
1740 3462 1908 3505 autem
1936 3453 2052 3506 nolo
2076 3470 2161 3507 vos

591 3544 844 3612 ignorare,
875 3543 1078 3610 fratres,
1106 3551 1160 3594 ut
1207 3559 1307 3596 non
1348 3543 1725 3611 contristemini,
1756 3544 1882 3597 sicut
1918 3552 1965 3596 et
1994 3545 2162 3598 διειρνὶ

590 3634 677 3704 qui
702 3649 839 3701 spem
860 3648 959 3685 non
986 3632 1165 3686 habent
1188 3632 1205 3702 (
1228 3633 1275 3687 l.
1311 3632 1484 3687 Thess.
1507 3634 1559 3688 4.
1591 3632 1658 3688 η
1680 3634 1721 3703 ).
1739 3632 1854 3688 Νοιι
1883 3633 1997 3688 haec
2024 3634 2160 3688 scri-

590 3724 752 3780 bebat
780 3725 1077 3791 monachis,
1123 3740 1223 3781 nec
1265 3726 1327 3780 iis
1353 3741 1471 3796 qua:
1506 3741 1718 3795 semper
1747 3736 1869 3781 sunt
1899 3726 2158 3797 virgines,

591 3814 688 3869 sed
709 3816 773 3868 iis
802 3815 959 3870 etiam
989 3829 1106 3884 quae
1145 3824 1422 3870 versantur
1448 3815 1500 3870 in
1524 3816 1741 3877 mundo,
1770 3832 1888 3886 quae
1914 3816 2161 3871 dicuntur

588 3904 894 3959 saecularcs.
926 3902 1031 3958 Sed
1070 3918 1178 3959 non
1216 3913 1294 3958 est
1339 3904 1440 3959 hoc
1464 3904 1597 3959 adeo
1635 3906 1829 3960 malum
1855 3916 1909 3961 et
1948 3921 2107 3976 grave
2140 3924 2153 3961 :

588 3996 802 4066 quando
824 4004 1001 4051 autem
1032 3996 1115 4050 vel
1149 3997 1338 4051 mulier
1356 3997 1553 4066 aliqua,
1579 3997 1664 4052 vel
1687 3998 1767 4052 vir
1789 3999 2049 4068 quiSpiam
2078 3999 2159 4053 di-

587 4101 714 4140 cens
734 4101 791 4141 se
812 4100 931 4141 esse
952 4084 1149 4141 mundo
1172 4086 1504 4152 cruciﬁxum,
1538 4086 1625 4142 hic
1649 4086 1862 4156 quidem
1892 4088 2039 4144 vellit
2066 4103 2157 4143 ca-

588 4178 765 4246 pillos,
795 4178 881 4231 illa
908 4192 1035 4232 vero
1065 4177 1217 4232 valde
1241 4177 1402 4247 ejulat
1426 4195 1440 4232 :
1472 4177 1597 4248 quid
1624 4187 1709 4233 est
1747 4178 1848 4234 hoc
1876 4180 2077 4248 turpius
2103 4190 2157 4236 ct

585 4270 757 4339 magis
801 4268 1146 4323 indecorum?
1186 4267 1399 4324 Credite
1444 4267 1574 4323 mihi
1614 4268 1852 4324 dicenti:
1884 4280 2156 4340 oporteret

584 4376 675 4415 cos
702 4358 790 4429 qui
813 4367 936 4413 sunt
958 4357 1279 4427 hujusmodi,
1308 4356 1466 4427 longo
1494 4367 1731 4427 tempore
1758 4360 1925 4413 arceri
1954 4373 1982 4413 a
2014 4360 2154 4414 limi-

583 4450 735 4505 nibus
762 4449 1021 4504 ecclesiae.
1064 4448 1161 4515 Qui
1190 4448 1330 4503 enim
1370 4457 1493 4503 sunt
1529 4448 1670 4518 digni
1725 4458 1783 4503 ut
1835 4450 1905 4504 ita
1937 4449 2154 4520 lugean-

583 4550 687 4603 tur,
722 4539 757 4592 ii
785 4547 908 4592 sunt
933 4538 1022 4607 qui
1049 4546 1274 4593 mortem
1301 4536 1472 4593 adhuc
1498 4537 1687 4593 timent
1711 4547 1764 4593 et
1792 4538 2028 4606 horrent,
2060 4542 2150 4610 qui

578 4646 684 4683 non
709 4628 933 4685 credunt
955 4628 1352 4683 resurrectioni.
1377 4628 1445 4683 At
1467 4642 1571 4683 non
1597 4642 1736 4693 sum,
1764 4631 1952 4702 inquit,
1986 4647 2086 4707 ego
2107 4635 2152 4689 is

578 4722 665 4789 qui
697 4736 801 4775 non
829 4720 1041 4775 credam
1070 4719 1469 4787 resurrectionl,
1501 4720 1592 4775 sed
1622 4722 1833 4791 requiro
1861 4736 2149 4781 consuetu-

579 4813 781 4869 dinem.
805 4811 914 4867 Cur
942 4828 1089 4879 vero,
1123 4813 1210 4867 die
1232 4813 1380 4879 mihi,
1402 4813 1616 4883 quando
1644 4815 1789 4870 Vadis
1815 4832 2037 4887 peregre
2057 4859 2071 4885 ,
2096 4828 2151 4875 et

579 4905 793 4973 longam
818 4904 1044 4974 suscipis
1086 4904 1584 4975 peregrinationem,
1616 4920 1721 4961 non
1764 4907 1948 4963 eadem
1979 4907 2148 4964 facis?

576 4996 681 5051 Sed
711 5005 835 5051 tunc
864 5011 1074 5067 quoque
1099 4996 1222 5061 ﬂeo,
1254 4996 1442 5068 inquit,
1470 5006 1524 5053 et
1555 4999 1817 5054 lamentor
1846 5003 2142 5072 requirens.

578 5086 684 5143 Sed
712 5087 837 5142 illud
861 5086 1076 5157 quidem
1094 5102 1280 5142 revera
1299 5099 1380 5143 est
1400 5103 1593 5143 eorum
1609 5091 1695 5161 qui
1721 5095 1997 5163 requirunt
2014 5113 2144 5154 con-

568 5180 935 5247 suetudinem;
976 5180 1078 5237 hoe
1128 5190 1305 5238 autem
1344 5191 1427 5239 est
1469 5184 1585 5253 ejus
1622 5199 1741 5254 qua:
1790 5188 2037 5254 desperat
2070 5186 2139 5242 de

570 5270 764 5326 reditu.
796 5270 978 5341 Cogita
1009 5273 1133 5342 quid
1163 5274 1358 5344 pSallas
1393 5275 1482 5330 illo
1507 5284 1747 5345 tempore
1777 5293 1791 5330 :
1821 5273 2135 5345 Convertere,

569 5363 761 5432 inquit,
780 5363 950 5417 animo
971 5380 1099 5430 mea,
1125 5365 1179 5418 in
1204 5369 1421 5434 requiem
1440 5375 1600 5434 tuam,
1627 5367 1743 5437 quia
1772 5365 2019 5423 Dominus
2050 5370 2135 5421 be-

572 5454 753 5524 uefecil
783 5456 906 5520 tibi;
943 5464 995 5510 et
1022 5470 1225 5523 rursus,
1260 5456 1380 5511 Non
1425 5458 1604 5512 limbo
1632 5459 1788 5525 mala,
1819 5459 2057 5529 quoniam
2084 5468 2137 5511 tu

572 5565 765 5601 mecum
791 5565 841 5603 es
857 5565 877 5614 ;
905 5557 957 5604 et
990 5564 1172 5604 rursus
1190 5590 1205 5616 ,
1234 5549 1312 5605 Tu
1340 5565 1389 5604 cs
1423 5551 1545 5604 mihi
1590 5550 1841 5622 refugium
1870 5568 1902 5603 ιι
1929 5550 2139 5604 tribula-

573 5640 709 5692 tione
760 5655 873 5709 quae
911 5657 988 5693 me
1039 5640 1319 5695 circumdat
1372 5640 1553 5711 (Psal.
1612 5642 1732 5696 ιιι.
1766 5643 1818 5695 7.
1864 5652 1909 5695 et
1959 5639 2049 5695 22.
2082 5641 2135 5693 4.

575 5741 617 5782 ct
647 5730 731 5786 51.
764 5728 851 5800 9).
881 5731 1060 5804 Cogita
1083 5731 1209 5804 quid
1231 5732 1330 5789 sibi
1358 5732 1540 5787 volunt
1580 5731 1631 5786 hi
1663 5732 1869 5802 psalmi.
1900 5732 2001 5788 Sed
2036 5745 2138 5787 non

2284 440 2530 504 attendis,
2592 455 2773 495 verum
2804 457 2861 497 es
2888 458 2915 495 a
2966 443 3109 498 luctu
3141 444 3339 499 ebrius.
3384 444 3479 501 Vel
3525 446 3576 501 in
3626 444 3851 500 aliorum

2282 532 2549 601 exsequiis
2589 532 2871 602 diligenter
2900 536 3179 592 considera
3206 580 3220 603 ,
3266 548 3321 592 ut
3377 538 3429 592 in
3474 540 3575 592 tuis
3613 538 3853 593 invenias

2283 622 2750 679 medicamentum.
2785 624 3296 693 Couvertere,anima
3347 645 3477 696 mea,
3528 631 3580 682 in
3634 630 3801 698 requie

2283 724 2418 766 tuam
2436 755 2451 779 ,
2477 716 2713 783 quoniam
2742 714 2989 770 Daminus
3016 717 3254 789 bettefecit
3283 720 3387 785 tibi,
3414 721 3565 785 dicis,
3600 730 3652 774 et
3678 720 3853 792 lacry-

2282 804 2477 858 maris?
2501 820 2676 861 annon
2700 805 2813 865 lucc
2834 816 2958 861 sunt
2976 808 3129 866 ludus
3150 819 3201 862 et
3220 810 3525 867 histrionica
3546 811 3854 866 simulatio?

2281 895 2411 952 Nam
2443 898 2485 951 si
2538 911 2723 952 revera
2772 899 2945 953 credis
2989 900 3051 955 iis
3100 916 3218 970 qua:
3248 902 3408 969 dicis,
3452 917 3853 973 supervacaneo

2282 990 2429 1058 luges
2454 998 2507 1044 et
2535 991 2839 1046 lamentaris
2866 1010 2878 1051 ;
2908 992 2951 1046 si
2978 1001 3154 1047 autem
3184 993 3321 1047 ludis
3341 1004 3393 1048 et
3414 994 3633 1065 simulas
3657 1004 3710 1050 et
3737 994 3854 1050 base

2284 1089 2433 1148 putas
2457 1096 2576 1135 esse
2597 1081 2819 1145 fabulas,
2850 1097 2945 1137 cur
2975 1083 3189 1151 psallis?
3217 1099 3311 1137 cur
3338 1086 3495 1139 etiam
3523 1100 3615 1141 eos
3638 1086 3726 1155 qui
3753 1086 3840 1140 ad~

2281 1178 2403 1243 sunt
2429 1172 2663 1239 pateris?
2684 1186 2778 1225 cur
2803 1186 2906 1227 non
2929 1188 3020 1227 eos
3044 1174 3133 1243 qui
3161 1175 3391 1243 psallunt
3411 1177 3612 1247 abigis?
3636 1180 3704 1230 At
3728 1176 3851 1243 hoc,

2281 1260 2467 1329 inquit,
2502 1269 2584 1315 est
2610 1262 2914 1317 furentium.
2959 1263 3091 1318 illud
3134 1275 3311 1320 autem
3343 1267 3511 1321 multo
3543 1268 3728 1337 magis.
3756 1271 3853 1322 At-

2280 1364 2382 1418 que
2422 1350 2627 1407 intcritn
2692 1353 2906 1421 quidem
2960 1353 3251 1420 admoneo;
3304 1356 3625 1424 procedente
3670 1367 3852 1412 autem

2282 1451 2523 1510 tempore
2576 1442 2712 1498 hanc
2768 1459 2880 1499 rem
2931 1460 3219 1514 persequar
3251 1449 3666 1502 vehementius:
3700 1449 3854 1503 valde

2280 1533 2420 1586 enim
2450 1535 2610 1588 timeo
2639 1550 2705 1589 ne
2726 1534 2825 1588 hoc
2846 1537 3003 1590 modo
3019 1538 3192 1606 gravis
3218 1538 3408 1606 aliquis
3430 1539 3642 1593 morbus
3662 1539 3855 1594 subeat

2282 1623 2594 1678 Ecclesium.
2630 1627 2800 1695 Atque
2824 1626 3066 1695 planctus
3091 1628 3306 1697 quidem
3338 1637 3521 1697 postea
3547 1632 3849 1700 corrigam;

2279 1712 2490 1767 interim
2538 1722 2714 1768 autem
2746 1714 3026 1781 denuntio,
3071 1716 3366 1787 divitesque
3409 1728 3461 1772 et
3512 1733 3769 1788 pauperes
3799 1729 3852 1775 et

2282 1803 2531 1859 mulieres
2559 1805 2802 1875 virOSque
2837 1805 2988 1860 valde
3020 1807 3274 1861 obtestor.

2351 1897 2586 1965 Prw/iere
2614 1897 2666 1951 in
2711 1898 2966 1969 funeribus
3005 1908 3237 1952 arcentur
3292 1915 3323 1951 a
3376 1897 3751 1970 Chrysostomo.
3781 1932 3855 1945 —

2279 1986 2561 2059 Contingat
2587 1989 2799 2060 quidem
2842 1992 2993 2045 vobis
3019 1992 3267 2047 omnibus
3319 1988 3373 2046 ut
3417 1994 3619 2063 absque
3651 1995 3795 2051 luctu
3821 2013 3854 2053 e

2281 2083 2384 2136 vita
2411 2082 2701 2145 excedatis,
2729 2090 2783 2137 et
2804 2097 2863 2136 ea
2886 2097 2987 2151 qua
3015 2098 3111 2152 par
3130 2093 3213 2137 est
3238 2084 3374 2154 lege,
3410 2094 3583 2154 patres
3608 2090 3697 2157 qui
3724 2105 3854 2144 con-

2281 2181 2571 2229 senuerunt
2598 2172 2930 2227 deducantur
2958 2187 2986 2226 a
3029 2173 3171 2240 (iliis,
3204 2184 3257 2228 et
3288 2184 3484 2229 matres
3509 2192 3539 2230 a
3570 2178 3776 2234 filiabus
3800 2186 3856 2237 et

2282 2263 2560 2333 nepotibus
2589 2274 2643 2318 et
2674 2264 3052 2333 pronepotibus
3083 2265 3133 2317 in
3161 2264 3297 2318 bona
3325 2274 3379 2320 et
3407 2262 3663 2335 profunda
3692 2286 3854 2326 seue-

2280 2363 2452 2419 ctute,
2484 2362 2537 2409 et
2559 2368 2814 2423 nusquam
2835 2354 2903 2409 sit
2925 2369 3071 2408 mors
3100 2355 3398 2410 immatura.
3426 2356 3535 2412 lloc
3565 2373 3694 2428 ergo
3721 2376 3854 2415 con-

2284 2447 2467 2516 tingat,
2498 2448 2679 2501 ethoc
2718 2455 2844 2515 OplO
2884 2456 2937 2500 et
2978 2461 3169 2516 precor
3200 2465 3212 2500 :
3247 2448 3607 2518 prcesidesque
3658 2461 3713 2506 et
3760 2467 3856 2509 vos

2279 2552 2465 2594 omnes
2494 2552 2623 2608 rogo
2643 2546 2695 2592 et
2715 2536 2900 2591 hortor
2925 2546 2981 2592 ut
3010 2540 3171 2592 Deum
3193 2541 3326 2593 alter
3347 2555 3441 2609 pro
3468 2541 3639 2596 altero
3665 2546 3853 2612 oretis,

2280 2640 2333 2685 et
2358 2642 2640 2683 commune
2662 2627 2763 2682 hoc
2787 2627 2855 2681 sit
2878 2636 3115 2681 vestrum
3142 2638 3321 2683 votum
3349 2647 3362 2681 :
3392 2630 3438 2683 si
3484 2642 3682 2700 autem,
3711 2636 3856 2704 quod

2279 2719 2418 2775 absit
2444 2734 2616 2788 neque
2656 2718 2883 2784 accidat,
2929 2719 3121 2773 acerba
3168 2734 3312 2774 mors
3359 2720 3539 2790 aliqua
3614 2724 3856 2779 evenerit

2281 2810 2300 2881 (
2318 2809 2530 2875 acerba,
2555 2808 2792 2876 inquam,
2824 2822 2929 2861 non
2960 2816 3144 2861 natura
3168 2823 3338 2877 neque
3369 2811 3512 2864 enim
3542 2822 3624 2867 est
3652 2813 3717 2868 de
3744 2830 3855 2869 cae-

2282 2912 2394 2957 tero
2420 2915 2564 2956 mors
2589 2900 2816 2965 acerba;
2841 2914 2871 2953 a
2902 2914 3090 2954 somno
3117 2900 3258 2954 enim
3290 2901 3417 2955 nihil
3450 2902 3630 2959 dill‘ert
3652 2921 3665 2971 ;
3691 2907 3786 2962 sed
3808 2907 3855 2963 si

2280 3003 2461 3052 nostra
2492 3000 2759 3062 Spectetur
2786 2990 3020 3060 affectio)
3050 3009 3063 3045 :
3088 2991 3133 3045 si
3172 2992 3329 3059 igitur
3345 2993 3535 3048 acerba
3560 3010 3703 3049 mors
3723 3012 3851 3052 eve.

2286 3089 2457 3151 nerit,
2506 3094 2560 3139 et
2614 3084 2802 3154 aliquis
2833 3082 2930 3139 bas
2979 3099 3097 3153 qua:
3129 3083 3488 3139 lamententur
3512 3085 3861 3152 conduxerit,

2286 3175 2415 3229 mihi
2438 3175 2637 3229 credite
2657 3175 2851 3231 dicenti
2878 3193 2890 3226 :
2916 3190 3019 3228 non
3042 3173 3195 3228 aliter
3219 3175 3360 3228 enim
3388 3176 3528 3242 dico,
3552 3191 3708 3246 quam
3740 3192 3861 3233 sum

2285 3265 2539 3331 allectus;
2568 3266 2655 3335 qui
2685 3266 2807 3319 velit
2834 3268 3090 3319 irascatur
3117 3282 3130 3317 :
3159 3280 3279 3319 eum
3321 3266 3479 3335 longo
3508 3274 3749 3337 tempore
3772 3283 3861 3322 ar-

2283 3357 2521 3410 cebimns
2550 3356 2615 3409 ab
2647 3356 2890 3421 ecclesia,
2931 3366 3196 3425 tamquam
3239 3356 3572 3412 idololatram
3617 3357 3766 3429 (Col.
3799 3360 3855 3414 5.

2285 3444 2375 3513 5).
2406 3443 2536 3498 Nam
2566 3446 2608 3498 si
2641 3444 2834 3498 Paulus
2856 3459 3073 3499 avarum
3104 3454 3257 3500 vocat
3282 3446 3615 3501 idololatram
3641 3464 3654 3501 :
3686 3449 3858 3505 multo

2282 3534 2594 3603 magiseum
2642 3534 2731 3601 qui
2760 3549 2919 3604 super
2944 3534 3153 3589 fidelem
3182 3549 3243 3589 ea
3270 3537 3555 3592 introducit
3583 3554 3700 3608 qua:
3729 3549 3857 3595 sunt

2283 3624 2699 3679 idololatrarum.
2731 3624 2970 3692 Quanam
2995 3625 3138 3680 enim
3168 3626 3235 3681 de
3274 3642 3430 3682 causa
3456 3669 3472 3694 ,
3524 3628 3606 3683 die
3634 3644 3816 3700 quaeso
3835 3670 3853 3695 ,

2281 3728 2442 3769 vocas
2483 3714 2823 3786 presbyteros
2870 3725 2925 3770 et
2960 3730 3054 3771 eos
3097 3718 3187 3786 qui
3214 3718 3612 3787 psalluntinon
3640 3729 3695 3774 ut
3717 3736 3853 3776 con-

2280 3805 2509 3862 soleris?
2539 3822 2641 3861 non
2672 3816 2727 3861 ut
2767 3823 2889 3863 eum
2916 3806 3148 3863 honores
3170 3810 3259 3879 qui
3289 3812 3557 3866 excessit?
3581 3810 3689 3866 Cur
3723 3828 3853 3883 ergo

2278 3914 2400 3955 eum
2428 3901 2744 3956 contumelia
2765 3901 2964 3956 silicis?
2990 3917 3085 3957 cur
3111 3902 3379 3957 traducis?
3399 3919 3493 3959 cur
3518 3913 3693 3961 autem
3713 3905 3855 3961 ludis

2281 4000 2547 4063 tamquam
2592 3992 2645 4046 in
2691 3992 2892 4047 scena?
2940 3991 3051 4048 Nos
3100 3994 3343 4049 venimus
3368 3994 3435 4049 de
3463 3997 3854 4055 resurrectione

2278 4083 2733 4153 philosophantes,
2761 4098 2949 4139 omnes
2964 4082 3286 4147 erudientes,
3301 4085 3462 4140 etiam
3484 4100 3578 4141 eos
3601 4087 3691 4156 qui
3721 4101 3857 4143 non—

2276 4174 2401 4227 dum
2441 4184 2565 4228 sunt
2615 4175 2738 4241 icti,
2789 4189 2883 4244 per
2929 4174 3190 4229 honorem
3247 4175 3334 4244 qui
3377 4176 3450 4229 illi
3503 4176 3763 4244 habetur,
3793 4186 3855 4234 ut

2276 4266 2318 4319 si
2349 4265 2474 4335 quid
2501 4266 2762 4335 ejusmodi
2791 4265 3092 4335 contigerit,
3118 4264 3326 4320 fortiter
3352 4265 3561 4320 ferant:
3596 4277 3649 4323 tu
3670 4278 3851 4324 autem

2275 4372 2369 4411 eos
2424 4356 2683 4421 adducis,
2728 4357 2852 4426 qui,
2892 4355 3033 4425 quod
3076 4354 3143 4409 ad
3189 4356 3335 4426 ipsos
3384 4366 3623 4426 spectat,
3667 4366 3855 4415 nostra

2275 4448 2583 4503 destruunt?

2341 4656 2394 4708 ϐ.
2428 4652 2562 4722 Quid
2606 4655 2705 4709 hoc
2746 4656 2854 4710 risu
2883 4665 2938 4712 et
2983 4656 3081 4711 hac
3128 4655 3490 4711 luditicatione
3527 4667 3611 4713 est
3657 4660 3852 4731 pejus?

2271 4746 2395 4815 quid
2420 4756 2502 4801 est
2518 4746 2733 4816 gravius
2750 4746 2848 4801 hac
2862 4747 3248 4817 inaequalitate?
3266 4746 3575 4802 Erubescite
3604 4758 3660 4804 et
3683 4750 3852 4819 pudo-

2270 4852 2329 4890 re
2356 4836 2720 4890 suﬁ’undimini
2751 4852 2765 4894 :
2800 4837 2845 4891 si
2868 4852 2973 4891 non
3004 4840 3186 4901 vultis,
3208 4851 3303 4891 nos
3334 4838 3665 4906 perniciosos
3696 4840 3848 4908 ejus-

2268 4928 2409 4981 modi
2434 4940 2610 4981 mores
2638 4943 2742 4981 non
2765 4928 2988 4982 sinimus
3004 4927 3056 4981 in
3073 4928 3361 4983 Ecclesiatn
3381 4928 3632 4984 inducere
3664 4948 3677 4984 :
3708 4929 3851 4986 Poc-

2266 5026 2432 5072 canles
2453 5016 2615 5083 enim,
2647 5017 2834 5087 inquit,
2862 5034 3033 5072 coram
3061 5019 3290 5072 omnibus
3320 5035 3476 5087 argue
3502 5020 3575 5087 (l.
3610 5019 3744 5075 Tim.
3777 5022 3838 5077 5.

2264 5106 2377 5177 9.8).
2405 5106 2515 5161 Illis
2540 5116 2719 5161 autem
2750 5107 3053 5163 infelicibus
3080 5119 3135 5164 et
3164 5110 3375 5165 miseris
3403 5110 3712 5166 mulieribus
3742 5127 3847 5183 per

2262 5215 2358 5253 vos
2387 5199 2749 5269 prohibemus,
2768 5215 2834 5255 ne
2852 5216 3099 5271 umquam
3130 5202 3496 5271 ingrediantur
3518 5204 3569 5256 in
3600 5204 3844 5261 ﬁdelium

2263 5289 2449 5345 funera
2477 5304 2595 5361 qua:
2641 5290 2956 5355 cll‘eruntur,
2988 5308 3053 5348 ne
3078 5308 3265 5347 revera
3296 5293 3437 5362 ipsas
3463 5308 3717 5365 cogamus
3740 5310 3844 5352 sua

2263 5383 2399 5436 mala
2422 5382 2640 5449 deﬂere,
2694 5393 2747 5439 et
2786 5384 3094 5439 erudiamns
3142 5400 3233 5440 eas
3273 5401 3378 5440 non
3425 5387 3475 5440 in
3517 5387 3706 5442 alienis
3738 5389 3846 5447 hoc
3934 5432 3945 5447 κ

2264 5472 2457 5537 facere,
2479 5474 2571 5529 sed
2592 5489 2713 5529 suas
2733 5475 2908 5543 pctius
2938 5474 3221 5544 deplorare
3242 5477 3591 5531 calamitates.
3620 5478 3843 5536 Etenim

2260 5575 2410 5633 pater
2436 5581 2647 5635 quoque
2674 5565 2985 5633 benevolus,
3009 5566 3220 5637 quando
3252 5566 3409 5620 habet
3436 5567 3752 5623 insolentem
3786 5579 3848 5630 et

2263 5656 2639 5712 immodestum
2672 5658 2855 5723 ﬁlium,
2889 5674 2993 5713 non
3042 5658 3113 5713 illi
3143 5660 3239 5713 soli
3283 5658 3471 5713 suadet
3509 5676 3575 5715 nc
3604 5675 3855 5720 consue-

2263 5748 2495 5805 tudinem
2520 5748 2715 5807 babcat
2740 5766 2859 5807 cum
2893 5750 3182 5822 improbis,
3215 5751 3306 5808 sed
3350 5750 3448 5807 hos
3478 5767 3687 5822 quoque
3718 5761 3855 5812 tet:-

3960 5902 3971 5937 ἲ

3984 5798 3991 5809 ι

3982 5882 3991 5889 ν

3984 5896 3989 5903 .

3996 5806 4011 5825 ι.
