4112 6344
237 378 301 435 ιδ
1152 364 1217 421 IN
1258 360 1470 419 EPIST.
1511 354 1600 411 AD
1638 348 2008 411 HEBRA‘ZOS.
2045 348 2197 404 CAP.
2238 347 2301 403 ll.
2348 343 2579 402 llOMIL.
2614 346 2704 399 IV.
3422 338 3495 391 δί

222 493 392 547 ταῦτα
426 490 776 545 πιστεύεσθαι
810 490 999 559 ὑμεῖς,
1051 484 1347 555 μαχόμενοι
1376 477 1465 532 διὰ
1492 474 1597 528 τῶν
1625 473 1800 559 ἔργων

224 579 443 641 αὐτοῖς’
504 576 682 631 καίτοι
734 558 902 631 πολλά
948 570 1383 641 ἐπιτειχίσαντος
1428 561 1521 616 τοῦ
1548 559 1683 614 Θεοῦ
1714 558 1801 626 γί-

225 664 405 718 νεσθαι
456 666 593 737 πρὸς
639 664 825 727 τοῦτο,
882 662 969 716 ῖνα
1007 661 1172 729 ἀνέλῃ
1202 656 1300 726 τὴν
1332 651 1576 724 πονηράν
1599 648 1803 737 ταύτην

228 736 534 823 συνήθειαν.
590 753 725 805 Εἰπὲ
755 750 865 821 γάρ
899 766 1007 818 μοι,
1039 746 1093 799 τί
1126 746 1406 816 βούλονται
1436 741 1492 795 αί
1522 736 1804 808 λαμπάδες

230 842 281 892 at
313 840 568 909 φαιδραί;
618 839 716 907 οὑχ
760 838 836 901 ὡς
864 834 1104 905 ἀθλητάς
1140 832 1335 894 αὐτοὺς
1366 826 1801 900 προπέμπομεν;

228 925 277 978 τί
304 926 363 978 δέ
395 927 443 976 ot
476 924 674 993 ὕμνοις
723 922 843 991 οὐχὶ
875 921 965 974 τὸν
997 920 1128 973 Θεὸν
1158 916 1475 985 δοξάζομεν,
1516 912 1610 965 καὶ
1641 910 1804 978 εὐχα-

230 1008 518 1080 ριστοῦμεν
549 1010 630 1061 ὃτι
659 1007 844 1061 λοιπὸν
873 1004 1221 1074 ἐστεφάνωσε
1252 1001 1345 1054 τὸν
1371 998 1696 1062 ἀπελθόντα,
1726 996 1805 1047 ὅτι

227 1095 335 1149 τῶν
369 1097 548 1149 πόνων
581 1094 908 1166 ἀπήλλαξεν,
943 1096 1025 1147 ὅτι
1056 1092 1154 1161 τῆς
1184 1088 1385 1150 δειλίας
1420 1084 1665 1139 ἐκϐαλὼν
1692 1082 1805 1153 ἔχει

228 1184 359 1252 παρ’
382 1180 588 1251 έαυτῷς
623 1181 683 1233 οὐ
721 1180 807 1233 διά
831 1179 988 1232 τοῦτο
1014 1178 1202 1248 ῦμνοι;
1237 1176 1296 1229 οὐ
1324 1173 1413 1226 διὰ
1439 1172 1594 1226 τοῦτο
1618 1168 1805 1240 ψαλμ-

225 1269 413 1338 ῳδίαις
461 1269 647 1322 Ταῦτα
666 1269 841 1322 πάντα
866 1266 1164 1337 χαιρόντων
1187 1263 1353 1317 ἐστίν·
1380 1257 1649 1328 Εὐθυμεῖ
1674 1255 1806 1327 γὰρ,

228 1357 384 1425 φησὶ,
416 1355 538 1422 dc;
589 1352 889 1423 ψαλλέτω.
934 1351 1071 1405 Ἀλλ’
1098 1350 1159 1404 οὐ
1204 1348 1415 1410 τούτοις
1451 1343 1808 1417 προσέχουσιν

230 1442 513 1512 Ἕλληνες.
564 1441 655 1511 Μὴ
682 1441 787 1510 γάρ
818 1456 929 1510 μοι,
974 1439 1168 1507 φησὶν,
1217 1436 1377 1505 εῖπῃς
1410 1433 1501 1487 τὸν
1530 1431 1689 1493 ἐκτὸς
1715 1427 1808 1482 τοῦ

230 1530 440 1593 πάθους
493 1527 889 1597 φιλοσοφοῦντα
914 1566 929 1586 .
985 1525 1146 1579 τοῦτο
1178 1523 1287 1593 7&9
1322 1520 1473 1573 οὐδὲν
1506 1518 1646 1588 μέγα
1688 1514 1810 1569 οὗδὶ

226 1616 545 1686 θαυμαστὸν
572 1654 588 1681 ,
640 1614 779 1669 ἀλλά
824 1614 994 1678 δεῖξόν
1022 1629 1113 1682 μοι
1154 1610 1244 1664 τὸν
1278 1610 1336 1661 ἐν
1367 1604 1515 1675 αὐτῷ
1546 1602 1624 1675 τῷ
1650 1603 1811 1657 πάθει

227 1705 643 1775 φιλοσοφοῦντα,
676 1703 769 1758 καὶ
792 1703 913 1755 τότε
942 1699 1220 1755 ¹πιστεύσω
1250 1699 1317 1768 τῇ
1344 1693 1659 1750 ἀναστάσει.
1698 1690 1810 1746 Καὶ

226 1793 287 1844 τὸ
322 1791 425 1860 μὲν
475 1788 732 1861 βιωτικάς
763 1789 1027 1855 γυναῖκας
1058 1785 1218 1838 τοῦτο
1244 1785 1418 1836 ποιεῖν
1442 1821 1459 1845 ,
1495 1778 1812 1861 θαυμαστὸν

229 1856 401 1932 οὐδέν·
438 1856 615 1931 καίτοι
642 1892 705 1943 γε
740 1874 834 1929 καὶ
860 1874 991 1927 αὐτὸ
1019 1870 1193 1925 δεινόν
1213 1887 1226 1901 ο
1266 1870 1362 1923 καὶ
1388 1867 1497 1937 7&9
1530 1866 1625 1919 καὶ⁸
1653 1856 1815 1919 αὗται

229 1965 326 2035 τὴν
355 1965 528 2034 αὐτὴν
568 1961 925 2017 ἀπαιτοῦνται
952 1958 1271 2029 φιλοσοφίαν
1296 1972 1310 1987 ⁸
1366 1953 1447 2007 διὸ
1480 1953 1574 2006 καὶ
1603 1950 1815 2015 Παῦλος

230 2067 364 2121 φησι
392 2068 406 2079 ’
464 2047 604 2116 Περὶ
644 2047 712 2101 δὲ
757 2046 876 2100 τῶν
912 2042 1357 2113 κεκοιμημένων
1384 2043 1456 2094 οὐ
1487 2039 1637 2093 θέλω
1662 2036 1816 2107 ὑμᾶς

228 2134 474 2205 ἀγνοεῖν
497 2175 512 2199 ,
569 2136 670 2188 ἵνα
707 2133 792 2203 μὴ
821 2130 1135 2200 λυπῆσθε,
1184 2129 1379 2193 καθὼς
1409 2126 1506 2179 καὶ
1536 2127 1589 2178 οι
1614 2123 1815 2179 λοιποί

230 2226 285 2276 οι
331 2221 421 2291 μὴ
473 2223 721 2290 ἔχοντες
766 2218 1003 2274 ἐλπίδα.
1057 2216 1191 2287 Οὐχὶ
1242 2214 1565 2287 μονάζουσιν
1608 2211 1818 2284 ἔγραφε

230 2308 407 2362 ταῦτα
434 2308 555 2360 οὐδὲ
587 2306 992 2378 άειπαρθένοις,
1040 2302 1175 2356 ἀλλά
1204 2302 1301 2355 καὶ
1332 2301 1623 2370 κοσμικαῖς
1652 2298 1818 2368 γάμῳ

229 2394 631 2465 όμιλησάσαις,
689 2394 784 2447 καὶ
833 2392 1127 2463 βιωτικοῖς.
1186 2387 1333 2460 Πλὴν
1383 2388 1497 2441 ἀλλ’
1534 2388 1635 2457 οὐχ
1676 2384 1819 2439 οὕτω

232 2482 408 2534 δεινὶν
433 2480 593 2534 τοῦτο
614 2497 628 2513 ο
672 2480 801 2533 ὅταν
825 2479 883 2532 δέ
912 2495 1019 2543 τις,
1049 2477 1082 2547 ἢ
1114 2476 1276 2546 γυνὴ,
1310 2475 1343 2545 ἢ
1370 2474 1509 2545 ἀνὴρ
1540 2472 1819 2543 ἐσταυρῶο

236 2567 359 2621 σθαι
398 2566 515 2639 [ιη
543 2567 619 2637 τῷ
645 2567 837 2637 κόσμῳ
861 2564 1058 2633 λέγων,
1093 2564 1121 2616 ό
1147 2563 1248 2634 μὶν
1276 2563 1470 2632 τρίχας
1494 2560 1671 2635 τίλλῃ,
1707 2563 1741 2633 ή
1764 2561 1820 2616 δέ

234 2655 427 2725 κωκύῃ
458 2654 706 2725 μεγάλα,
740 2654 794 2707 τί
824 2652 1015 2706 τούτου
1049 2650 1553 2722 ἀσχημονέστερον;
1593 2649 1821 2702 Πιστεύ·

238 2742 366 2796 σατέ
396 2759 487 2813 μοι
516 2742 764 2810 λέγοντι·
802 2741 917 2808 εῖγε
948 2740 1023 2804 ὡς
1047 2739 1215 2809 ἐχρῆν
1242 2736 1481 2806 ἐγίνετο,
1518 2736 1689 2790 πολὺν
1714 2736 1820 2790 ἔδει

235 2831 426 2902 χρόνον
468 2831 593 2894 τοὺς
626 2828 901 2891 τοιούτους
933 2826 1213 2898 εῖργεσθαι
1244 2825 1353 2878 τῶν
1381 2824 1555 2879 ούδῶν
1584 2823 1694 2878 τῶν
1723 2825 1822 2894 τῆς

234 2918 553 2987 ἐκκλησίας.
598 2918 661 2969 Οί
692 2917 797 2985 γὰρ
828 2916 997 2979 ὄντως
1027 2914 1167 2979 ἄξιοι
1202 2913 1452 2977 πένθους,
1486 2907 1632 2966 οὗτοί
1660 2914 1818 2977 είσιν,

233 3005 281 3056 οῖ
327 3003 421 3057 τὸν
464 3003 692 3056 θάνατον
721 3001 1021 3064 δεδοικότες
1070 3000 1150 3054 ἔτι
1179 3002 1274 3053 καὶ
1304 3000 1640 3071 φρίττοντες,
1674 2999 1724 3050 οί
1755 3001 1821 3067 τῇ

234 3090 528 3145 ἀναστάσει
557 3088 981 3150 διαπιστοῦντες.
1018 3086 1157 3140 Ἀλλ’
1192 3086 1253 3139 οὐ
1286 3090 1353 3157 τῇ
1397 3084 1691 3140 ἀναστάσει
1743 3085 1823 3138 δι-

234 3176 472 3240 απιστῶ,
506 3176 672 3247 φησὶν
691 3216 706 3241 ,
742 3175 877 3229 ἀλλά
906 3174 1002 3246 τὴν
1034 3175 1326 3245 συνήθειαν
1358 3174 1621 3242 ἐπιζητῶ.
1647 3170 1746 3224 Διά
1770 3170 1823 3224 τί

234 3260 351 3326 οὖν,
379 3263 503 3315 εἰπέ
529 3280 643 3332 μοι,
671 3264 801 3318 ὅταν
824 3262 1098 3333 ἀποδημῇ,
1126 3262 1221 3316 καὶ
1242 3260 1554 3331 ἀποδημίαν
1582 3260 1821 3329 μακράν,

230 3352 294 3402 ού
331 3351 398 3403 τὰ
431 3351 570 3403 αὐτὰ
600 3352 811 3415 ποιεῖςς
847 3348 1007 3402 Ἀλλά
1038 3348 1210 3402 κλαίω
1240 3349 1334 3401 καὶ
1360 3348 1501 3413 τότε,
1534 3347 1690 3418 φησὶ,
1728 3346 1821 3400 καὶ

236 3437 423 3508 θρηνῶ
451 3434 811 3507 ἐπιζητοῦσα.
850 3434 986 3490 Ἀλλ’
1010 3436 1188 3488 ἐκεῖνο
1216 3435 1313 3505 μὶν
1336 3432 1505 3497 ὅντως
1533 3434 1823 3504 συνήθειαν

234 3524 607 3593 ἐπιζητούσης
652 3524 804 3590 ἐστὶ,
856 3521 1013 3576 τοῦτο
1039 3522 1096 3574 δὲ
1128 3522 1513 3590 ἀπεγνωκυίας
1535 3520 1633 3589 τὴν
1657 3521 1823 3575 ἐπάν-

233 3611 373 3662 οδον.
408 3609 695 3680 Ἐννόησον
724 3608 775 3661 τί
808 3608 1031 3678 ψάλλεις
1058 3608 1200 3661 κατὰ
1230 3608 1321 3659 τὸν
1351 3608 1543 3677 καιρὸν
1573 3609 1781 3661 ἐκεῖνον
1805 3625 1817 3639 ’

250 3697 680 3763 Ἐπίστρεψον,
709 3693 877 3763 ψυχή
898 3711 1037 3764 μου,
1064 3697 1151 3760 εὶς
1174 3694 1288 3761 τὴν
1309 3695 1658 3749 ἀνάπαυσιν
1682 3712 1820 3758 σου,

236 3783 325 3837 ὅτι
352 3785 572 3851 Κύριος
597 3780 961 3852 εὐηργέτησέ
985 3798 1080 3836 σε·
1118 3784 1208 3836 καὶ
1239 3782 1423 3847 πάλιν,
1457 3785 1539 3836 Οὐ
1567 3782 1825 3850 φοϐηθή-

232 3886 421 3938 σομαι
457 3867 633 3932 κακὰ,
671 3868 757 3922 ὅτι
792 3868 872 3922 σὺ
910 3869 1039 3937 μετ’
1065 3868 1209 3938 ἐμοῦ
1239 3865 1295 3923 εἷ
1318 3884 1331 3896 ·
1389 3869 1484 3923 καὶ
1521 3869 1702 3935 πάλιν,
1739 3871 1821 3923 Σύ

226 3973 348 4023 μου
399 3952 460 4009 εἷ
511 3954 825 4024 καταφυγὴ
874 3955 992 4009 ἀπὸ
1042 3956 1304 4023 θλίψεως
1354 3955 1463 4023 τῆς
1515 3959 1823 4024 περιεχού-

228 4061 351 4113 σης
395 4064 499 4115 με.
542 4046 824 4115 Ἐννόησον
875 4046 925 4098 τί
972 4044 1253 4115 βούλονται
1303 4040 1449 4100 οὗτοι
1502 4048 1551 4099 οί
1594 4048 1821 4119 ψαλμοί.

242 4134 387 4188 Ἀλλ’
421 4135 487 4187 οὐ
521 4134 839 4204 προσέχεις,
891 4132 1027 4186 ἀλλά
1060 4132 1280 4203 μεθύεις
1314 4134 1419 4186 ὑπὸ
1444 4134 1538 4187 τοῦ
1568 4137 1819 4200 πένθους.

228 4222 349 4276 Κᾶν
378 4224 444 4275 ἐν
472 4223 583 4284 τοῖς
613 4220 815 4291 ἐτέρων
839 4220 1145 4291 κηδεύμασι
1186 4221 1524 4291 κατανόησον
1550 4223 1818 4294 ἀκριϐῶς,

227 4310 317 4363 ἵνα
368 4310 512 4380 ἔχῃς
559 4308 847 4379 φάρμακον
897 4310 956 4362 ἐν
1004 4311 1120 4371 τοῖς
1176 4311 1312 4371 σοῖς.
1379 4310 1822 4381 Ἐπίστρεψον,

225 4397 399 4467 ψυχή
462 4414 612 4465 μου,
667 4398 754 4462 είς
801 4395 916 4465 τὴν
939 4396 1291 4451 ἀνάπαυσιν
1315 4411 1453 4462 σου,
1488 4399 1577 4454 ὅτι
1607 4403 1825 4470 Κύριος

224 4482 608 4554 conprimat
640 4499 734 4549 σε,
782 4482 981 4552 λέγεις,
1033 4485 1129 4536 καὶ
1155 4483 1445 4555 δακρύειςς
1496 4486 1617 4557 οὐχὶ
1649 4488 1824 4561 σκηνὴ

224 4569 404 4624 ταῦτά
462 4572 653 4637 ἐστιν,
711 4570 807 4641 οὐχ
856 4570 1174 4641 ὑπόκρισις;
1239 4572 1300 4624 El
1353 4572 1453 4642 μὶν
1496 4573 1606 4644 γάρ
1657 4574 1824 4639 δντως

225 4656 513 4720 πιστεύεις
544 4651 626 4721 οἷς
652 4656 853 4727 λέγεις,
878 4657 1148 4727 περιττῶς
1172 4658 1410 4722 πενθεῖς·
1444 4662 1491 4712 εἱ
1517 4661 1573 4714 δὲ
1603 4662 1823 4726 παίζεις

223 4745 317 4796 καὶ
371 4742 655 4816 ὑποκρίνῃ
706 4746 799 4798 καὶ
834 4744 1038 4814 μύθους
1090 4744 1230 4798 αύτά
1264 4740 1405 4798 εἶναι
1436 4745 1715 4815 νομίζεις,
1768 4754 1824 4808 τι

223 4832 318 4885 καὶ
366 4832 639 4901 ψάλλειςς
698 4831 749 4884 τί
805 4831 899 4884 καὶ
947 4830 1116 4902 ἀνέχῃ
1168 4832 1277 4886 τῶν
1327 4836 1821 4905 παραγινομένωνς

222 4917 307 4972 διά
354 4920 407 4973 τί
470 4918 554 4988 μὴ
600 4916 924 4981 ἀπελαύνεις
957 4919 1084 4980 τοὺς
1116 4917 1452 4987 ψάλλονταςς
1492 4920 1658 4975 Ἀλλὰ
1694 4941 1823 4993 μαι-

223 5007 473 5078 νομένων
503 5004 686 5072 τοῦτο,
721 5005 874 5077 φησί.
926 5006 1161 5059 Κάκεῖνο
1192 5006 1375 5077 πολλῷ
1407 5006 1630 5078 μᾶλλον.
1669 5011 1818 5076 Τέως

224 5096 322 5165 μέν
365 5091 467 5149 οὖν
512 5094 765 5164 παραινῶ
789 5110 802 5124 ⁸
854 5095 949 5149 τοῦ
978 5095 1170 5165 χρόνου
1196 5094 1252 5147 δὲ
1284 5096 1567 5168 προϊόντος
1595 5098 1820 5169 σφοδρ6ο

220 5199 379 5254 τερον
436 5178 522 5250 τῷ
574 5180 862 5250 πράγματι
912 5181 1227 5253 χρήσομαι·
1286 5182 1518 5254 καὶγὰρ
1556 5184 1819 5251 μειζόνως

220 5270 460 5336 δέδοικα,
502 5266 584 5339 μὴ
609 5267 783 5338 τούτῳ
812 5266 889 5337 τῷ
912 5269 1096 5339 τρόπῳ
1126 5268 1341 5340 χαλεπή
1369 5287 1449 5333 τις
1479 5271 1634 5334 νόσος
1664 5274 1722 5325 ἐν
1748 5276 1816 5345 τῇ

235 5355 545 5427 Ἐκκλησία
582 5354 893 5430 ὑπεισέλθη.
953 5356 1153 5410 Τοῦτον
1190 5357 1289 5426 μὲν
1326 5353 1418 5411 οὖν
1456 5358 1547 5412 τὸν
1586 5360 1818 5415 κοπετὸν

222 5443 453 5518 ὓστερον
516 5442 1069 5515 ἐπανορθωσώμεθα’
1137 5445 1273 5507 τέως
1328 5444 1385 5498 δέ
1445 5444 1815 5517 παραγγέλλω

224 5534 313 5589 καὶ
367 5532 830 5605 διαμαρτύρομαι
891 5534 984 5586 καὶ
1022 5534 1302 5599 πλουσίοις
1338 5536 1433 5589 καὶ
1460 5536 1681 5607 πένησι,
1720 5539 1812 5591 καὶ

222 5624 437 5690 γυναιῇ
470 5622 578 5676 καὶ
606 5622 857 5693 ἀνδράσι.

287 5738 507 5796 Γένοιτο
541 5734 646 5806 μὲν
674 5729 768 5789 οὖν
802 5735 1003 5800 πάντας
1038 5736 1180 5809 ὑμᾶς
1210 5737 1545 5812 ἁπενθήτονς
1580 5740 1671 5794 τὸν
1700 5742 1811 5812 βίον

1911 466 2151 531 ἐξελθεῖν
2178 504 2192 529 ,
2248 465 2342 518 καὶ
2391 463 2532 516 κατά
2563 460 2727 530 νόμον
2762 459 2850 512 τὸν
2878 458 3224 528 προσήκοντα
3255 453 3496 524 πατέρας

1912 554 2016 607 ὑπὸ
2063 554 2172 605 τῶν
2221 551 2355 605 υίῶν
2388 549 2770 619 γεγηρακότας
2802 543 3225 615 προπέμψεσθαι
3269 538 3363 593 καὶ
3394 555 3499 608 μη·-

1911 642 2074 711 τέρας
2106 638 2208 693 ὑπὸ
2238 637 2551 707 θυγατέρων
2606 635 2699 688 καὶ
2736 634 2977 701 ἐγγόνων
3027 630 3121 685 καὶ
3155 625 3500 698 μετεγγόνων

1912 730 1969 783 ἐν
1995 728 2211 797 λιπαρῷ
2237 727 2315 799 τῷ
2335 728 2503 798 γήρᾳ,
2533 724 2630 777 καὶ
2656 720 2911 795 μηδαμοῦ
2933 717 3187 790 γενέσθαι
3211 717 3391 786 ἄωρον
3409 714 3503 769 θά-

1914 833 2093 870 νατον.
2153 816 2189 867 Γ
2194 815 2367 867 ένοιτο
2420 812 2520 883 μὲν
2545 807 2639 864 οὖν
2686 808 2845 862 τοῦτο
2866 849 2880 873 ,
2932 806 3027 861 καὶ
3055 805 3214 858 τοῦτο
3242 801 3499 872 εῦχομαι,

1915 902 2007 955 καὶ
2049 902 2173 963 τοὺς
2205 899 2502 970 προέδρους
2532 897 2588 949 δέ
2622 896 2717 949 καὶ
2748 895 2957 956 πάντας
2984 893 3129 963 ὑμᾶς
3160 889 3303 961 ὑπὲρ
3332 886 3501 958 ἀλλή-

1912 990 2020 1042 λων
2047 985 2348 1057 παρακαλῶ
2374 985 2635 1055 δεηθῆναι
2666 983 2761 1036 τοῦ
2792 981 2929 1035 Θεοῦ
2959 1021 2974 1045 ,
3040 980 3135 1033 καὶ
3170 976 3285 1051 [48]
3320 975 3502 1043 κοινὴν

1916 1076 2244 1145 ποιήσασθαι
2276 1075 2480 1144 ταύτην
2512 1071 2678 1143 εὐχήν
2703 1088 2717 1101 '
2756 1073 2804 1124 εί
2834 1072 2912 1135 δὲ,
2949 1071 3086 1138 ὅπερ
3142 1066 3309 1134 ἀπείη
3369 1063 3504 1135 μηδὲ

1918 1162 2159 1232 συμϐαίη
2188 1207 2202 1228 ,
2260 1162 2458 1231 πικρός
2503 1176 2589 1222 τις
2644 1159 2867 1231 γένηται
2917 1157 3146 1220 θάνατος
3188 1156 3208 1221 (
3223 1153 3419 1225 πικρὸς
3448 1152 3506 1205 δέ

1914 1250 2079 1317 λέγω,
2112 1252 2172 1303 οὐ
2202 1253 2268 1319 τῇ
2295 1249 2479 1319 φύσειο
2509 1249 2628 1302 οὐδέ
2654 1248 2761 1316 γάρ
2788 1248 2906 1299 ἐστι
2932 1245 3120 1298 λοιπὸν
3143 1243 3341 1315 πικρὸς
3360 1243 3389 1295 ό
3410 1240 3506 1294 θά-

1918 1353 2095 1399 νατος·
2130 1335 2301 1389 ὕπνου
2326 1336 2438 1405 7&9
2462 1335 2613 1388 οὐδὲν
2645 1335 2980 1405 διενήνοχεν·
3028 1331 3165 1386 ἀλλά
3196 1328 3395 1402 πικρδς
3415 1328 3506 1385 λέ-

1917 1441 2028 1489 γω,
2085 1424 2221 1492 πρὸς
2276 1423 2377 1495 τὴν
2423 1423 2701 1494 ἡμετέραν
2756 1420 3050 1491 διάθεσιν)·
3104 1420 3153 1473 εί
3204 1413 3296 1473 οῦν
3349 1410 3509 1481 οὗτος

1922 1510 2166 1582 συμϐαίη
2194 1551 2209 1574 ,
2272 1511 2364 1565 καί
2416 1527 2563 1574 τινες
2608 1509 2703 1571 τάς
2730 1508 3037 1582 θρηνούσας
3064 1508 3271 1569 ταύτας
3299 1504 3506 1575 μισθώο

1921 1615 2126 1664 σαιντο,
2164 1597 2492 1651 πιστεύσατέ
2525 1614 2614 1667 μοι
2646 1595 2882 1663 λέγοντι,
2910 1594 3010 1647 οὐκ
3034 1592 3211 1656 άλλως
3236 1592 3346 1664 γὰρ
3374 1591 3505 1662 ἐρῶ,

1921 1687 2036 1742 ἀλλ’
2065 1688 2141 1749 ὡς
2167 1685 2277 1756 ιχω
2300 1702 2313 1717 ·
2351 1686 2381 1736 ό
2413 1684 2739 1756 βουλόμενος
2767 1681 3073 1753 όργιζέσθω
3093 1697 3105 1711 δ
3147 1680 3316 1734 πολὺν
3347 1680 3509 1733 αὐτὸν

1921 1774 2110 1844 χρόνον
2141 1755 2239 1842 τῆς
2266 1771 2561 1841 ἐκκλησίας
2593 1755 2844 1842 ἀπείρξω
2870 1771 2947 1833 ὠς
2968 1768 3063 1824 τὸν
3089 1768 3508 1838 είδωλολάτρην.

1922 1862 1985 1914 El
2013 1861 2119 1932 7&9
2145 1862 2236 1914 τὸν
2262 1860 2593 1929 πλεονέκτην
2621 1857 3016 1929 είδωλολάτρην
3043 1857 3199 1910 καλεῖ
3223 1858 3251 1910 ό
3275 1853 3508 1919 Παῦλος,

1923 1948 2103 2018 πολλῷ
2134 1948 2336 2020 μᾶλλον
2377 1946 2469 2000 τὸν
2514 1948 2610 2000 ἐπὶ
2638 1943 2830 1999 πιστοῦ
2872 1945 2943 1999 τά
2975 1942 3081 1997 τῶν
3106 1942 3511 2011 είδωλολατρῶν

1924 2036 2338 2107 ἐπεισφέροντα.
2374 2034 2532 2097 Τίνος
2558 2034 2667 2103 γάρ
2690 2032 2900 2099 ἕνεκεν,
2928 2032 3049 2085 εἰπέ
3076 2048 3189 2101 μοι,
3212 2030 3514 2101 πρεσϐυτέο

1926 2141 2051 2196 ρους
2084 2122 2271 2186 καλεῖς
2297 2161 2312 2185 ,
2365 2120 2461 2174 καὶ
2499 2120 2628 2182 τοὺς
2658 2119 2992 2191 ψάλλοντας;
3030 2118 3127 2188 οὐχ
3158 2116 3300 2171 ὥστε
3332 2133 3513 2188 παρα-

1928 2212 2274 2284 μυθήσασθαι
2300 2255 2315 2279 ,
2374 2211 2471 2281 οὐχ
2520 2208 2663 2263 ὥστε
2688 2208 2923 2279 τιμῆσαι
2956 2208 3050 2261 τὸν
3078 2206 3410 2272 ἀπελθόντα;
3446 2206 3513 2259 Τί

1926 2302 2104 2357 τοίνυν
2130 2301 2293 2355 αὐτὸν
2324 2299 2601 2370 ὑδρίζειςς
2631 2298 2684 2352 τί
2708 2297 2764 2350 δὲ
2794 2295 3348 2367 παραδειγματίζειςς
3378 2293 3430 2348 τί
3453 2294 3512 2348 δὲ

1928 2387 2144 2454 παίζεις
2165 2428 2180 2453 ,
2213 2386 2405 2457 ῶσπερ
2435 2388 2493 2439 ἐν
2523 2387 2730 2456 σκηνῆς
2765 2385 2957 2455 Ἡμεῖς
2988 2383 3263 2455 ἐρχόμεθα
3289 2384 3357 2437 τὰ
3383 2383 3512 2454 περὶ

1927 2478 2277 2541 ἀναστάσεως
2333 2474 2793 2546 φιλοσοφοῦντες,
2858 2474 3069 2537 πάντας
3121 2472 3470 2535 παιδεύοντες
3495 2511 3511 2534 ,

1930 2568 2022 2622 καὶ
2054 2569 2182 2631 τοὺς
2213 2565 2438 2636 μηδέπω
2470 2564 2917 2635 πεπληγμένους,
2952 2561 3040 2616 διά
3068 2561 3167 2631 τῆς
3197 2563 3277 2625 είς
3304 2560 3517 2615 ἐκεῖνον

1927 2660 2115 2729 τιμῆς,
2144 2655 2347 2709 εἴποτε
2378 2653 2621 2725 συμδαίη
2650 2671 2704 2707 τι
2729 2652 2992 2718 τοιοῦτον,
3020 2650 3210 2721 φέρειν
3230 2648 3514 2718 γενναίωςο

1931 2746 1995 2799 σὺ
2040 2745 2098 2798 δὲ
2149 2742 2305 2811 ἄγεις
2348 2743 2474 2805 τοὺς
2519 2740 2586 2794 τά
2630 2741 2874 2811 ἡμέτερα
2910 2737 3332 2809 καθαιροῦντας,
3366 2737 3429 2790 τό
3452 2753 3517 2805 γε

1929 2830 2107 2886 αὐτῶν
2140 2832 2334 2902 μέρος

2002 3005 2075 3073 ς’.
2099 3006 2164 3058 Τί
2184 3003 2374 3057 τούτου
2395 3001 2487 3056 τοῦ
2505 3001 2741 3072 γέλωτος
2760 3003 2853 3055 καὶ
2874 3000 2973 3070 τῆς
2999 3000 3287 3071 χλευασίας
3304 3001 3485 3071 χεῖρον
3503 3015 3517 3064 ;

1929 3095 1981 3148 τί
2010 3094 2215 3162 ταύτης
2256 3092 2355 3160 τῆς
2404 3088 2721 3160 ἀνωμαλίας
2778 3087 3118 3159 βαρύτερον;
3178 3087 3518 3159 Αἰσχύνθητε

1931 3182 2027 3236 καὶ⁵
2055 3180 2363 3252 ἐντράπητε
2398 3194 2412 3207 ο
2450 3178 2499 3229 εί
2532 3174 2589 3228 δὲ
2630 3175 2705 3247 μὴ
2746 3174 3023 3242 βούλεσθε,
3057 3177 3219 3246 ήμεῖς
3263 3176 3364 3229 οὐκ
3422 3176 3517 3229 ἀνο

1932 3268 2170 3338 εχόμεθα
2204 3267 2301 3337 ἔθη
2322 3264 2547 3318 τοιαῦτα
2575 3261 2798 3333 ὀλέθρια
2826 3265 2894 3334 τῇ
2928 3261 3196 3333 ἐκκλησίᾳ
3222 3265 3517 3333 ἐπεισαγα-

1930 3359 2081 3425 γεῖνο
2124 3354 2268 3419 Τοὺς
2330 3352 2440 3422 7&9
2497 3349 2973 3420 ἁμαρτάνοντας,
3018 3350 3204 3419 φησὶν,
3258 3350 3519 3406 ἐνώπιον

1932 3445 2171 3498 πάντων
2193 3441 2427 3509 ἔλεγχε.
2469 3438 2771 3501 Κάκείναις
2793 3437 2849 3491 δὲ
2870 3440 2991 3499 ταῖς
3017 3436 3389 3509 ταλαιπώροις
3426 3441 3521 3492 καὶ

1930 3530 2143 3592 ἀθλίαις
2173 3529 2241 3582 δι’
2282 3525 2439 3597 ὑμῶν
2473 3523 2915 3596 ἀπαγορεύομεν,
2942 3524 3213 3594 μηδέποτε
3247 3527 3370 3589 ταῖς
3408 3526 3519 3579 τῶν

1933 3617 2140 3671 πιστῶν
2170 3617 2433 3686 ἐκφοραῖς
2454 3613 2777 3674 ἐπεισιέναι,
2809 3612 2896 3665 ἵνα
2924 3614 2999 3683 μὴ
3052 3612 3223 3676 ὅντως
3245 3614 3313 3665 τὰ
3339 3616 3520 3673 οίκεῖα

1930 3706 2102 3769 αὐτὰς
2132 3704 2535 3772 ἀναγκάσωμεν
2565 3700 2784 3772 θρηνεῖν
2812 3702 2979 3765 κακά,
3006 3701 3100 3754 καὶ
3131 3701 3519 3774 παιδεύσωμεν

1935 3796 2008 3865 μὴ
2046 3796 2102 3846 ἐν
2158 3790 2462 3861 ἀλλοτρίοις
2503 3788 2679 3842 ταῦτα
2732 3791 2936 3853 ποιεῖν,
2980 3788 3118 3843 ἀλλά
3158 3790 3259 3853 τάς
3306 3792 3520 3857 οἰκείας

1936 3881 2220 3951 συμφοράς
2270 3876 2469 3947 μᾶλλον
2514 3874 2802 3943 ὀδύρεσθαι
2839 3892 2851 3904 ·
2885 3877 2979 3929 καὶ
3022 3874 3133 3947 7&9
3193 3878 3283 3930 καὶ
3333 3881 3519 3952 πατὴρ

1934 3968 2325 4036 φιλόστοργος,
2378 3964 2506 4017 ὅταν
2552 3962 2668 4015 υἱὸν
2712 3962 2948 4016 ἄτακτον
3010 3962 3129 4035 ἔχῃ,
3180 3964 3280 4017 ούκ
3325 3965 3519 4035 ἐκείνῳ

1935 4058 2096 4125 μόνον
2136 4054 2395 4123 παραινεῖ
2434 4049 2511 4122 μή
2540 4049 2867 4121 πλησιάζειν
2901 4053 3014 4113 τοῖς
3054 4055 3336 4123 πονηροῖς,
3380 4053 3518 4109 ἀλλά

1932 4143 2027 4197 καὶ
2054 4142 2296 4203 ἐκείνους
2313 4140 2468 4209 φοϐεῖ
2496 4153 2543 4193 ιι.
2590 4138 2720 4193 Ἰδοὺ
2748 4138 2927 4191 τοίνυν
2951 4139 3044 4192 καὶ
3075 4139 3207 4210 ὑμῖν
3233 4141 3519 4206 κάκείναις

1932 4231 1998 4285 δι’
2054 4230 2208 4300 ὑμῶν
2266 4228 2540 4299 παραινῶ,
2590 4226 2733 4280 ῶστε
2795 4227 2935 4298 μήτε
2991 4228 3136 4297 ὑμᾶς
3190 4227 3374 4281 καλεῖν
3418 4231 3519 4293 τὰς

1932 4319 2206 4383 τοιαύτας,
2246 4317 2383 4387 μήτε
2407 4316 2625 4380 ἐκείνας
2659 4314 3085 4385 παραγίνεσθαι.
3156 4316 3267 4369 Καὶ
3308 4318 3520 4384 γένοιτο

1937 4407 2037 4476 μέν
2064 4405 2156 4458 τὸν
2190 4403 2348 4472 λόγον
2381 4420 2433 4457 τι
2466 4402 2806 4473 ἐργάσασθαι
2834 4401 2995 4455 πλέον
3022 4402 3116 4455 καὶ
3162 4402 3260 4475 τὴν
3290 4403 3520 4477 ἀπειλήν

1937 4494 2152 4565 ἰσχῦσαι
2178 4510 2192 4524 ο
2226 4492 2375 4557 εἰδὲ,
2410 4493 2549 4563 ὅπερ
2579 4491 2771 4560 ἀπείη,
2800 4492 3330 4563 καταφρονηθῶμεν,
3361 4494 3524 4565 ἀναγ.

1933 4580 2329 4653 κασθησόμεθα
2366 4579 2557 4634 λοιπὸν
2590 4581 2669 4643 είς
2696 4578 2861 4649 ἔργον
2885 4581 3117 4650 ἀγαγεῖν
3139 4577 3240 4651 τήν
3263 4580 3518 4653 ἀπειλὴν,

1934 4672 2078 4739 ὑμᾶς
2116 4670 2213 4741 μὲν
2236 4671 2348 4734 τοῖς
2380 4669 2566 4739 νόμοις
2606 4667 2957 4731 παιδεύοντες
2988 4670 3099 4731 τοῖς
3126 4669 3520 4739 ἐκκλησιαστι-

1933 4761 2069 4821 κοῖς,
2103 4757 2316 4819 ἐκείνας
2344 4758 2401 4811 δὲ
2425 4757 2500 4820 ὡς
2534 4754 2774 4819 ἐκείναις
2814 4753 3095 4825 προσῆκόν
3130 4755 3303 4810 ἐστιν.
3365 4758 3427 4811 El
3460 4759 3518 4813 δέ

1930 4863 2016 4909 τις
2046 4844 2592 4913 ἀπαυθαδιαζόμενος
2618 4844 2976 4914 καταφρονεῖ,
3013 4840 3129 4915 [49]
3153 4843 3401 4899 ἀκουέτω
3420 4847 3516 4900 τοῦ

1930 4929 2169 5000 Χριστοῦ
2227 4930 2478 4999 λέγοντος
2523 4930 2617 4983 καὶ
2674 4928 2774 4983 νῦν
2805 4943 2819 4957 ·
2869 4928 3006 4983 Ἐὰν
3034 4933 3066 4984 ό
3093 4929 3359 5001 ἀδελφός
3398 4948 3517 4989 σου

1930 5017 2241 5087 ἁμαρτήσῃ
2274 5019 2361 5083 εις
2391 5016 2486 5080 σὲ,
2535 5016 2748 5086 ὕπαγε,
2780 5014 3034 5086 ἔλεγξον
3067 5019 3256 5071 αὑτὸν
3285 5020 3517 5090 μεταξὺ

1928 5106 2046 5159 σοῦ
2077 5106 2173 5159 καί
2216 5104 2403 5159 αὑτοῦ
2433 5105 2663 5174 μόνου·
2714 5105 2766 5157 εί
2799 5103 2866 5155 δὲ
2894 5107 2980 5173 μὴ
3017 5107 3297 5167 πείθοιτο,
3323 5109 3515 5177 παρά-

1926 5194 2073 5247 λαϐε
2104 5193 2257 5261 μετὰ
2294 5189 2557 5245 σεαυτοῦ
2602 5190 2711 5244 ἕνα
2745 5190 2783 5259 ἣ
2822 5190 2933 5245 δύο
2967 5208 2981 5221 ο
3010 5194 3064 5244 εί
3084 5191 3153 5245 δὲ
3188 5194 3287 5247 καί
3324 5195 3514 5263 οὕτως

1926 5279 2256 5350 ἀντιλέγοι,
2304 5282 2434 5333 εἰπὲ
2467 5278 2538 5346 τῇ
2603 5277 2973 5348 Ἐκκλησίᾳο
3026 5281 3078 5334 ει
3133 5278 3202 5333 δὲ
3245 5281 3345 5335 καὶ
3402 5283 3513 5352 τῆς

1939 5368 2295 5436 Ἐκκλησίας
2340 5369 2818 5435 παρακούσειεν,
2871 5368 3028 5424 ἔστω
3058 5382 3156 5422 σοι
3188 5370 3264 5432 ὡς
3292 5372 3324 5423 ό
3351 5370 3509 5424 ἐθνι-

1984 5566 2009 5594 “
2035 5566 2223 5617 Caetera
2244 5578 2403 5627 usque
2428 5565 2486 5614 ad
2512 5566 2659 5627 ﬁnem
2671 5566 2887 5627 hominm
2905 5566 3201 5615 deﬁciuntiu
3225 5566 3512 5617 Colbcrtino

1920 5625 2647 5699 (twice).egwqgfeqsﬁmpilig
2700 5626 2870 5699 quiqu
2901 5627 3095 5699 οιηίςξις
3122 5628 3423 5699 ,ψιῲυεόεηι
3450 5630 3512 5677 ab

1920 5689 2063 5795 nihilo
2085 5690 2249 5795 lzlgeis,
2292 5689 2466 5750 incipit
2500 5690 2559 5738 ab
2584 5689 2660 5738 his
2679 5689 2846 5739 verbis
2876 5705 2885 5737 :
2917 5692 2979 5751 μή
3002 5690 3089 5753 γὰρ
3112 5689 3276 5746 ἁπλῶς
3295 5696 3511 5753 προσχῆς

1920 5765 1986 5811 τῳ
2049 5766 2243 5811 εχκεντι.
