4112 6344
225 396 288 457 13
1105 390 1172 449 IN
1213 384 1429 445 EPIST.
1473 382 1563 441 Al)
1602 376 1969 438 llEBRAZOS.
2008 372 2163 431 CAP.
2225 370 2289 427 li.
2335 368 2568 426 IIOMIL.
2611 364 2677 420 Ὺ.
3459 360 3527 417 ω

229 522 306 566 ret
338 508 439 584 (α).
467 509 607 565 Ecce
636 524 767 581 ergo
797 522 894 564 nos
938 522 1152 578 quoque
1172 515 1228 561 et
1256 520 1351 561 vos
1374 492 1429 561 et
1456 504 1576 559 illas
1600 519 1696 576 per
1716 516 1814 557 vos

228 600 528 668 hortamur,
555 612 612 656 ut
637 616 737 656 nec
764 614 859 654 vos
912 598 1029 654 illas
1058 598 1281 663 vocetis,
1314 611 1487 677 neque
1524 594 1630 650 illa:
1660 609 1816 650 accc-

241 698 391 750 daut.
425 696 494 751 Et
522 696 656 752 faxit
683 696 899 768 quidem
931 698 1072 753 Deus
1096 706 1165 767 ιιι,
1178 711 1360 753 sermo
1390 694 1589 768 aliquid
1620 694 1820 751 emciat

236 788 485 857 amplius.
527 796 582 845 et
606 790 819 844 valeant
846 788 1006 844 mium
1038 806 1051 841 :
1083 788 1167 844 sln
1216 797 1421 855 autem,
1470 786 1613 857 quod
1655 784 1819 853 absit,

236 882 564 950 contemptui
595 881 766 937 simus
794 879 985 945 habiti,
1004 894 1227 937 necesse
1254 879 1514 934 habemus
1526 877 1595 933 de
1618 884 1819 932 caetero

239 971 409 1027 minas
438 972 707 1027 deducere
726 972 792 1027 ad
831 972 1106 1037 eﬂ'ectum,
1143 985 1241 1028 vos
1263 970 1481 1042 quidem
1506 968 1817 1025 erudientes

239 1062 445 1134 legibus
470 1062 886 1130 ecclesiasticis,
932 1063 1050 1118 illas
1098 1069 1277 1117 autem
1308 1070 1367 1116 ut
1408 1059 1515 1116 illis
1545 1056 1796 1115 convenit

235 1154 290 1210 Si
319 1155 441 1225 quis
462 1164 639 1211 autem
667 1162 982 1225 arroganter
1004 1163 1059 1209 et
1096 1153 1393 1209 insolenter
1419 1167 1479 1208 se
1504 1165 1697 1221 gerens
1717 1147 1818 1203 de-

237 1247 415 1315 spicit,
446 1247 627 1302 audiat
671 1226 946 1304 Christum
979 1261 1123 1301 nunc
1171 1261 1385 1317 quoque
1414 1245 1681 1301 dicentem
1714 1260 1728 1297 :
1760 1241 1822 1297 Si

239 1337 516 1406 peccauerit
541 1337 592 1391 in
620 1346 667 1391 te
690 1337 849 1408 frater
875 1346 1010 1405 tuus,
1037 1336 1183 1404 vade,
1207 1352 1367 1407 argue
1393 1352 1507 1390 eum
1539 1336 1671 1389 inter
1696 1344 1743 1388 te
1776 1341 1822 1387 et

235 1427 405 1496 ipsum
429 1426 591 1481 solum
620 1442 640 1482 .'
668 1426 715 1482 si
737 1435 904 1481 autem
922 1444 1024 1481 non
1052 1435 1246 1499 pareat,
1277 1428 1450 1497 accipe
1469 1434 1635 1480 tecum
1662 1440 1822 1478 unum

236 1529 324 1572 aut
345 1518 475 1573 duos
496 1535 516 1574 :
537 1520 582 1574 si
602 1528 769 1577 autem
792 1518 945 1573 etiam
970 1520 1045 1573 sic
1073 1516 1406 1583 contradicat,
1435 1517 1515 1572 dic
1536 1515 1778 1571 Ecclesiae
1803 1528 1824 1568 :

236 1610 279 1663 si
305 1619 475 1664 autem
506 1608 790 1665 Ecclesium
818 1626 1014 1679 quoque
1041 1626 1141 1663 non
1176 1609 1353 1662 audiat
1375 1649 1391 1676 ,
1444 1608 1509 1663 sit
1564 1607 1657 1661 tibi
1693 1616 1825 1659 tam-

236 1716 390 1771 quam
423 1701 652 1755 ethnicus
679 1708 725 1755 et
754 1699 1054 1772 publicanus
1080 1699 1099 1771 (
1122 1698 1313 1754 llattlt.
1345 1699 1430 1755 18.
1463 1699 1529 1753 15
1556 1727 1585 1740 -
1613 1698 1731 1764 17).
1764 1696 1820 1752 Sl

237 1800 415 1846 autem
443 1806 569 1846 eum
596 1790 685 1861 qui
718 1791 769 1845 in
802 1805 887 1846 me
921 1799 1126 1860 peccat,
1153 1804 1275 1846 cum
1298 1805 1403 1845 non
1449 1787 1712 1859 paruerit,
1745 1787 1825 1842 sic

234 1882 384 1952 jubet
409 1881 646 1937 aversari
678 1900 691 1937 :
722 1883 774 1936 in
805 1896 952 1949 eum,
974 1882 1063 1953 qui
1092 1882 1143 1937 in
1168 1896 1228 1937 se
1249 1889 1435 1951 peccat
1460 1887 1516 1935 et
1536 1880 1589 1933 in
1630 1879 1822 1942 Deum,

237 1972 510 2045 quomodo
536 1986 623 2027 me
648 1987 839 2042 gerere
873 1970 1099 2027 debeam
1130 1986 1225 2026 vos
1246 1970 1486 2042 judicate
1510 1988 1523 2025 :
1546 1984 1644 2025 vos
1678 1970 1822 2025 enim

240 2078 337 2119 nos
361 2062 759 2128 condemnatis,
804 2062 896 2132 qui
927 2077 1033 2118 non
1061 2063 1298 2120 molliter
1326 2072 1381 2119 et
1408 2062 1604 2119 leniter
1646 2060 1827 2117 vobis-

238 2170 359 2211 cum
411 2154 639 2226 agimus.
690 2153 745 2209 Si
789 2153 910 2225 quis
953 2164 1133 2210 autem
1186 2154 1485 2211 contemnit
1534 2168 1652 2223 qum
1699 2161 1821 2207 sunt

238 2247 378 2319 apud
404 2261 504 2302 nos
529 2244 761 2310 vincula,
795 2261 919 2302 eum
968 2260 1153 2303 rursus
1176 2244 1429 2302 Christus
1458 2242 1712 2309 erudiat,
1744 2242 1826 2297 di-

236 2353 367 2394 cens
400 2354 414 2389 :
452 2338 795 2407 Quacumque
821 2335 1101 2408 ligaveritis
1133 2353 1290 2407 supra
1315 2344 1523 2403 terram,
1562 2344 1707 2389 erunt
1758 2334 1824 2388 ti-

236 2438 356 2502 gata
376 2439 425 2483 et
450 2429 505 2482 in
534 2428 660 2482 calo
690 2442 708 2481 :
737 2436 783 2481 et
806 2443 1137 2499 quacumque
1155 2427 1406 2482 solveritis
1433 2442 1592 2498 supra
1613 2435 1826 2489 terram,

237 2529 385 2576 aunt
410 2520 645 2575 solutast
669 2519 725 2574 in
756 2519 884 2574 ctrlo
909 2518 1126 2587 (Matth.
1160 2518 1248 2574 l6.
1289 2517 1401 2587 19).
1434 2517 1569 2574 Nam
1615 2516 1827 2574 etiamsi

235 2625 337 2666 nos
357 2611 530 2666 simus
558 2609 741 2665 miseri
770 2617 829 2665 et
852 2608 1029 2677 nihili,
1053 2618 1108 2664 et
1151 2608 1296 2679 digni
1325 2608 1417 2680 qui
1446 2608 1825 2679 despiciantur,

235 2703 376 2759 sicut
401 2717 591 2758 revera
617 2700 761 2772 digni
792 2716 1001 2769 sumus,
1025 2717 1130 2757 non
1155 2709 1335 2757 tamen
1363 2716 1461 2756 nos
1489 2700 1825 2769 ulciscimur,

235 2809 412 2866 neque
451 2793 587 2849 iram
610 2792 915 2860 referimus,
944 2792 1038 2848 sed
1061 2793 1250 2849 salutis
1279 2802 1477 2849 vestra:
1513 2807 1697 2848 curam
1731 2808 1828 2863 ge-

233 2884 424 2941 rimus.
480 2883 813 2947 Erubescite,
861 2898 1066 2954 quaeso,
1107 2893 1161 2941 et
1186 2883 1393 2955 pudore
1441 2884 1828 2940 suﬂ'undimlni.

233 2975 367 3032 Nam
392 2976 438 3029 si
461 2975 581 3044 quis
608 2973 709 3029 fert
726 2973 957 3030 amicum
982 2976 1072 3044 qui
1099 2974 1480 3030 vehementius
1520 2990 1679 3044 quam
1732 2989 1830 3045 par

234 3067 306 3121 sit
335 3065 631 3130 invehitur,
670 3065 987 3120 examinans
1013 3066 1131 3135 ejus
1157 3079 1383 3135 scopum
1414 3074 1468 3120 et
1499 3064 1825 3131 institutum,

234 3156 457 3227 etquod
479 3155 582 3211 hoc
611 3156 793 3211 animo
813 3154 945 3211 facit
967 3156 1254 3223 benevolo,
1284 3171 1393 3212 non
1439 3172 1537 3227 per
1565 3171 1831 3227 arrogan-

238 3246 367 3301 tiam
397 3263 412 3300 :
447 3245 617 3301 multo
646 3245 817 3316 magis
845 3244 989 3301 ferre
1035 3244 1249 3301 debetis
1276 3246 1595 3316 magistrum
1649 3245 1826 3301 incre-

241 3346 484 3409 pantem,
510 3346 563 3392 et
589 3337 901 3407 magistrum
928 3340 1018 3409 qui
1045 3352 1147 3394 nec
1172 3340 1288 3409 ipse
1338 3336 1454 3393 bzcc
1476 3337 1608 3393 dicit
1645 3352 1711 3393 ex
1742 3350 1829 3391 au-

236 3428 509 3493 ctoritate,
528 3442 702 3499 neque
727 3428 895 3483 instar
921 3428 1199 3499 principis,
1218 3428 1315 3484 sed
1351 3429 1524 3484 instar
1540 3426 1824 3483 curatoris.

237 3518 420 3589 Neque
449 3518 595 3573 enim
624 3518 740 3573 bzrc
764 3516 994 3573 dicimus
1017 3519 1260 3574 volentes
1283 3524 1556 3574 ostentare
1591 3524 1828 3588 potesta-

241 3620 386 3668 tem:
414 3610 699 3681 Quomodo
723 3609 891 3677 enim,
934 3608 1026 3680 qui
1054 3618 1302 3680 optamus
1333 3618 1394 3665 ut
1422 3624 1522 3666 nec
1546 3608 1614 3664 ad
1643 3622 1833 3665 eorum

243 3702 469 3761 veniatis
542 3701 977 3773 experientiam?
1028 3701 1125 3756 sed
1168 3700 1239 3756 de
1291 3700 1447 3756 vobis
1494 3700 1743 3757 dolentes
1780 3709 1835 3756 et

239 3794 579 3869 plangentes.
633 3792 936 3862 ignoscite,
978 3800 1034 3847 et
1064 3805 1227 3847 nemo
1257 3792 1469 3847 vincula
1522 3800 1835 3847 contemnat

238 3883 604 3945 ecclesiastica
637 3898 652 3939 :
678 3895 785 3937 non
811 3889 896 3937 est
918 3882 1063 3937 enim
1086 3882 1250 3936 homo
1266 3880 1357 3951 qui
1374 3880 1529 3953 ligat.
1547 3881 1642 3938 sed
1670 3879 1832 3936 Chri—

239 3985 376 4043 stus,
404 3974 497 4047 qui
518 3972 674 4028 nobis
700 3971 850 4028 dedit
876 3971 1017 4029 hanc
1046 3972 1245 4042 ligandi
1274 3981 1616 4043 potestatem,
1635 3984 1687 4028 et
1717 3972 1835 4029 eiii-

238 4066 391 4121 ciens
421 4072 483 4120 ut
508 4063 759 4119 homines
790 4064 844 4118 in
894 4076 990 4117 sua
1039 4072 1306 4133 potestate
1354 4063 1586 4119 habeant
1625 4073 1831 4119 tantum

243 4160 527 4216 honorem.
551 4155 686 4212 Nam
716 4170 815 4212 nos
836 4154 1055 4226 quidem
1086 4156 1167 4210 uti
1195 4156 1444 4212 volumus
1470 4166 1735 4228 potestate
1763 4156 1831 4213 ad

341 4358 415 4419 (α)
448 4354 564 4407 Huc
579 4352 761 4402 desinit
780 4350 986 4401 Homilia
1008 4356 1178 4413 quarta
1199 4349 1247 4397 in
1264 4347 1546 4400 Colbertiuo
1566 4348 1760 4401 Codice.

1926 481 2242 538 solvendum
2273 496 2286 533 :
2320 478 2431 533 imo
2460 489 2589 531 vero
2614 472 2876 529 vellemus
2904 484 2973 526 ne
3004 467 3105 524 hoc
3122 466 3342 538 quidem
3368 466 3526 521 nobis

1928 588 2051 632 esse
2094 584 2317 628 necesse
2348 587 2363 624 :
2402 567 2607 622 nullum
2634 564 2779 621 enim
2809 560 3057 617 volumus
3080 571 3201 615 esse
3230 555 3372 628 apud
3422 570 3527 611 nos

1928 667 2201 730 vinctum;
2229 678 2335 719 non
2361 660 2498 716 adeo
2534 670 2723 713 sumus
2744 654 2988 710 infelices
3014 660 3071 708 et
3088 649 3293 714 miseri,
3313 648 3527 704 etiamsi

1925 764 2093 819 simus
2121 760 2276 831 plane
2298 756 2474 813 nihili.
2498 752 2606 810 Sed
2624 752 2668 808 si
2699 763 2925 807 necesse
2952 746 3330 810 habuerimus,
3367 742 3528 814 igno-

1924 856 2101 911 scite:
2134 868 2240 907 uon
2279 850 2421 906 enim
2460 846 2708 903 labentes
2755 857 2856 899 nec
2908 841 3177 903 volentes,
3206 836 3303 893 sed
3352 834 3527 905 magis

1924 962 2085 1020 quam
2117 958 2214 1000 vos
2245 942 2410 998 vineti
2432 939 2701 1003 dolentes,
2735 933 2949 989 vincula
2981 931 3280 1002 iujicimus.
3314 927 3370 1020 Si
3398 926 3525 1020 quis

1922 1018 2105 1095 autem
2138 1052 2202 1093 ea
2231 1040 2587 1095 contemnat,
2619 1027 2871 1083 adveniet
2925 1033 3139 1093 tempus
3164 1019 3351 1091 judicii
3380 1018 3527 1090 quod

1925 1138 2099 1207 ipsum
2126 1130 2337 1187 doceat.
2366 1123 2520 1193 Quod
2548 1128 2715 1177 restat
2766 1119 2893 1173 nolo
2931 1116 3140 1179 dicere,
3170 1126 3240 1168 ne
3286 1120 3526 1165 vestram

1924 1234 2157 1283 mentem
2192 1222 2400 1277 feriam.
2431 1217 2564 1273 Nam
2593 1228 2691 1269 nos
2718 1210 2936 1283 quidem
2969 1209 3202 1279 primum
3234 1218 3523 1275 precamur

1923 1330 1984 1377 ut
2032 1333 2137 1374 non
2184 1327 2411 1371 necesse
2456 1308 2803 1365 habeamus:
2838 1302 2933 1359 sed
2980 1302 3025 1357 si
3078 1312 3305 1354 necesse
3338 1295 3523 1360 fuerit,

1922 1421 2168 1467 nostrum
2189 1400 2713 1471 munusimplemus,
2746 1394 2964 1450 vincula
2991 1390 3287 1463 iujicimus.
3318 1389 3375 1445 Si
3403 1387 3527 1459 quis

1922 1513 2102 1559 autem
2134 1514 2198 1556 ea
2245 1495 2586 1569 perfregerit,
2619 1506 2722 1562 ego
2776 1486 2920 1560 quod
2953 1500 3136 1542 meum
3165 1492 3248 1540 est
3295 1481 3436 1548 feci,
3473 1490 3529 1535 et

1922 1609 2044 1651 sum
2073 1591 2142 1648 de
2170 1598 2370 1645 etetero
2412 1585 2543 1641 nulli
2572 1582 2748 1653 culpze
2777 1579 2962 1636 afﬁnis
2988 1597 3001 1633 :
3026 1575 3094 1632 de
3116 1590 3184 1631 eo
3213 1583 3393 1629 autem
3423 1572 3530 1628 erit

1926 1684 2021 1740 tibi
2052 1680 2460 1753 disceptandum
2486 1692 2608 1733 cum
2631 1689 2700 1731 eo
2723 1673 2813 1746 qui
2838 1687 2924 1729 me
2941 1670 3105 1743 jussit
3123 1669 3311 1740 ligare.
3342 1665 3529 1733 Neque

1926 1770 2071 1825 enim
2104 1770 2149 1823 si
2182 1784 2307 1838 rege
2351 1765 2678 1836 praesidente
2700 1807 2715 1832 ,
2748 1780 2812 1819 ex
2848 1760 3155 1817 natantibus
3198 1754 3527 1810 satellitibus

1922 1859 2106 1932 jussus
2136 1862 2207 1915 sit
2228 1860 2495 1930 quispiam
2517 1856 2722 1913 vincire
2747 1854 2983 1925 aliquem
3014 1867 3082 1907 ex
3110 1850 3359 1911 cohorte,
3394 1854 3450 1901 et
3474 1845 3525 1899 ei

1929 1952 2140 2007 vincula
2167 1950 2409 2021 injicere,
2435 1948 2527 2004 ille
2556 1956 2734 2002 autem
2758 1960 2865 2000 non
2885 1943 3064 2000 solum
3087 1955 3214 1996 eum
3241 1935 3526 2007 sepulcris,

1927 2044 2023 2100 sed
2053 2043 2213 2098 etiam
2241 2040 2450 2096 vincula
2481 2038 2820 2103 contriverit,
2849 2043 2933 2092 est
2953 2033 3172 2089 satelles
3195 2030 3284 2101 qui
3306 2028 3532 2084 alit-ctus

1930 2146 2013 2192 est
2058 2132 2407 2197 contumelia,
2437 2129 2535 2185 sed
2564 2129 2736 2185 multo
2784 2126 2955 2198 magis
2987 2138 3082 2181 rex
3112 2122 3203 2192 qui
3249 2120 3427 2191 jussit.
3473 2117 3531 2172 Si

1932 2229 2079 2298 enim
2108 2242 2228 2299 qua:
2256 2226 2390 2282 fiunt
2416 2225 2469 2280 in
2516 2222 2725 2289 fideles,
2779 2222 2896 2291 ipse
2949 2216 3053 2273 sibi
3103 2215 3239 2272 facta
3267 2220 3529 2283 reputat:

1937 2320 2154 2392 quando
2201 2314 2528 2375 contumelia
2557 2312 2777 2370 affleitis
2819 2316 2936 2377 ees,
2987 2309 3185 2379 quibus
3219 2303 3532 2374 impositum

1934 2412 2038 2467 fuit
2065 2425 2259 2468 munus
2287 2405 2539 2471 docendi,
2564 2403 2737 2461 multo
2764 2401 2935 2472 magis
2966 2398 3233 2454 afficietur
3263 2406 3534 2465 tamquam

1942 2507 2056 2575 ipse
2085 2500 2465 2558 contumeliam
2486 2496 2779 2567 acceperit.
2809 2492 2916 2549 Sed
2947 2490 3131 2559 absit,
3168 2498 3226 2543 ut
3263 2487 3535 2558 quispiam

1938 2613 2003 2653 ex
2048 2596 2114 2649 iis
2135 2593 2225 2662 qui
2255 2600 2381 2647 sunt
2402 2590 2455 2645 in
2483 2588 2585 2643 hac
2614 2585 2863 2649 ecclesia,
2894 2581 2962 2638 ad
2991 2582 3128 2636 hanc
3146 2579 3326 2634 veniat
3350 2590 3539 2633 necesp

1939 2690 2153 2745 sitntem
2187 2681 2513 2754 suscipiendi
2546 2676 2778 2734 vincula.
2826 2675 2959 2731 Nam
2991 2681 3050 2727 ut
3074 2673 3275 2728 bonum
3306 2679 3390 2726 est
3427 2682 3537 2724 non

1937 2793 2178 2853 peccare,
2206 2778 2277 2832 ita
2304 2784 2386 2830 est
2414 2772 2544 2828 utile
2573 2769 2715 2826 ferre
2740 2763 3243 2837 reprehensionem.
3273 2761 3539 2817 Feramus

1940 2850 2069 2944 ergo
2092 2867 2513 2938 inerepationem
2531 2904 2547 2929 ,
2576 2871 2631 2917 et
2657 2857 2975 2915 studeantus
3003 2869 3111 2910 non
3143 2866 3400 2923 peccare;
3430 2850 3529 2906 sed

1934 2963 1979 3018 si
2012 2942 2432 3032 peccaverimus,
2450 2942 3358 3018 feramusrcprehensionem.Sicut
3383 2942 3528 2996 enim

1942 3031 2140 3109 bonum
2172 3048 2388 3121 quidem
2419 3054 2636 3113 estnon
2681 3038 2828 3096 feriri
2855 3054 2871 3102 ;
2903 3036 3000 3092 sed
3028 3036 3072 3091 si
3106 3034 3215 3097 hoc
3258 3031 3537 3098 acciderit,

1937 3139 2319 3216 imponendum
2346 3138 2515 3209 plagae
2540 3132 2994 3190 medicamentum
3017 3145 3030 3182 :
3052 3126 3123 3182 ita
3155 3136 3209 3182 et
3229 3124 3319 3216 hic
3346 3124 3543 3181 facien-

1935 3215 2085 3292 dum.
2122 3232 2318 3286 Verum
2348 3228 2510 3291 absit,
2544 3232 2605 3280 ut
2652 3223 2774 3293 quis
2805 3220 3003 3275 talibus
3035 3231 3172 3287 opus
3204 3215 3399 3270 habeat
3427 3230 3544 3270 me-

1936 3326 2025 3382 dic
2041 3322 2256 3378 :mentis
2280 3338 2293 3373 :
2317 3316 2635 3387 Conlt'dimus
2659 3311 2805 3369 enim
2829 3309 2892 3365 de
2918 3307 3056 3362 vobis
3083 3306 3323 3372 meliora,
3346 3312 3394 3359 et
3415 3321 3544 3360 con-

1938 3425 2179 3471 scntanea
2223 3408 2378 3465 saluti
2405 3446 2422 3471 ,
2466 3404 2670 3461 etiamsi
2711 3402 2785 3457 sic
2831 3400 3091 3470 loquimur
3139 3396 3329 3470 (Hebr.
3373 3394 3428 3450 ϐ.
3460 3394 3542 3467 9).

1938 3507 2134 3565 Acrius
2151 3511 2331 3557 autem
2361 3506 2417 3554 et
2442 3492 2827 3552 vehementius
2854 3504 3043 3547 sumus
3068 3488 3279 3559 loquuti
3306 3502 3404 3557 pro
3432 3503 3548 3541 ma-

1937 3597 2043 3668 jori
2075 3595 2343 3651 cautione.
2369 3589 2558 3645 Melius
2587 3594 2672 3640 est
2695 3585 2840 3640 enim
2865 3590 2925 3637 ut
2953 3594 3051 3636 vos
3076 3594 3165 3635 me
3190 3576 3545 3649 suSpicemini

1940 3686 2221 3750 audacem,
2248 3695 2450 3738 saevum
2473 3688 2532 3737 et
2548 3686 2911 3749 arrogantem,
2938 3690 3100 3746 quam
3144 3683 3203 3729 ut
3232 3688 3328 3728 vos
3367 3669 3537 3727 facia-

1940 3776 2014 3833 tis
2049 3788 2114 3831 ea
2136 3786 2257 3845 quae
2287 3771 2396 3827 Deo
2426 3784 2531 3825 non
2562 3768 2794 3838 placent.
2829 3767 2938 3822 Deo
2971 3775 3154 3820 autem
3180 3762 3534 3831 confidimus,

1942 3869 2081 3925 hanc
2123 3862 2602 3936 reprehensionem
2645 3875 2753 3916 non
2799 3859 3028 3915 futuram
3076 3857 3230 3913 vobis
3258 3856 3530 3923 inutilem,

1941 3962 2035 4017 sed
2062 3974 2159 4015 vos
2199 3959 2269 4013 ita
2300 3955 2603 4016 mutandos.
2625 3962 2681 4009 ut
2724 3953 2776 4007 hi
2805 3966 3084 4007 sermones
3111 3950 3163 4004 in
3187 3950 3384 4004 vestris
3406 3963 3539 4002 eon-

1935 4052 2217 4099 sumantur
2250 4041 2513 4099 eneomiis
2558 4049 2612 4095 et
2665 4037 2931 4093 laudibus.
2974 4035 3190 4091 Utinam
3246 4046 3425 4089 autem
3449 4048 3537 4089 se-

1930 4135 2166 4191 cundum
2193 4132 2294 4188 Dei
2342 4132 2599 4202 placitum
2644 4129 2912 4195 vivamus,
2948 4134 3006 4181 ut
3054 4140 3246 4181 omnes
3272 4124 3412 4180 bona
3441 4125 3532 4179 illa

1929 4240 2349 4298 consequamur,
2381 4238 2499 4294 quae
2522 4220 2771 4293 promisit
2798 4220 2943 4275 Deus
2983 4216 3338 4289 diligentibus
3362 4230 3452 4286 se,
3479 4216 3534 4271 in

1933 4317 2149 4374 Christo
2175 4313 2303 4371 Jesu
2333 4311 2559 4368 Domino
2602 4318 2811 4366 nostro.

2871 4485 3023 4496 -—-———

1644 4530 1983 4595 HCMILIA
2029 4534 2107 4597 V.

251 4658 381 4714 Cu.
419 4655 480 4711 Ξ.
533 4671 589 4711 v.
620 4653 713 4712 16.
751 4652 1023 4725 Nusquam
1059 4654 1195 4708 enim
1232 4653 1442 4726 angelos
1475 4654 1845 4725 apprehendit,

325 4750 413 4805 sed
440 4764 612 4804 semen
638 4746 857 4801 Abrahae
879 4745 1232 4817 apprehendit.
1268 4746 1355 4799 17.
1390 4743 1539 4801 Unde
1562 4744 1731 4799 debuit
1756 4761 1849 4817 per

326 4838 501 4895 omnia
529 4838 774 4910 fratribus
802 4837 1043 4899 similari,
1060 4900 1071 4913 Δγ
1367 4848 1373 4854 ·

328 4933 379 4987 1.
424 4930 521 4985 Dei
549 4945 670 5000 ergo
694 4945 851 5001 genus
871 4929 1149 4983 humanum
1172 4938 1366 5000 quanta
1393 4930 1759 4998 muniﬁcentia.
1776 4959 1849 4971 —

254 5020 459 5077 Veiens
498 5019 698 5075 Paulus
744 5019 1033 5075 ostendere
1076 5019 1298 5075 multam
1338 5019 1432 5075 Dei
1461 5019 1848 5097 benignitatem

251 5122 312 5169 et
334 5112 614 5167 caritatem
643 5123 803 5180 quam
834 5106 1025 5165 habuit
1064 5109 1118 5165 in
1140 5125 1313 5181 genus
1351 5108 1671 5176 humanum,
1698 5119 1849 5181 post-

250 5218 415 5275 quam
439 5201 597 5269 dixit,
633 5201 768 5269 Quia
786 5218 908 5274 ergo
933 5202 1081 5273 pueri
1109 5203 1607 5258 communicaverunt
1629 5204 1775 5258 carni
1800 5213 1848 5259 et

248 5296 530 5369 sanguini,
582 5305 630 5349 et
671 5296 780 5365 ipse
821 5296 1054 5351 similiter
1080 5298 1401 5367 participaoit
1430 5297 1617 5353 eisdem
1656 5296 1845 5368 (Hebr.

245 5386 314 5443 Ξ.
339 5388 450 5458 ll),
482 5386 630 5443 buuc
656 5388 833 5443 locum
860 5387 1094 5459 explicat
1136 5398 1191 5444 et
1218 5390 1582 5461 persequitur,
1612 5389 1801 5448 dicens
1830 5411 1845 5448 :

253 5478 529 5551 Nusquam
564 5481 699 5535 enim
717 5480 928 5554 angelos
968 5483 1324 5553 apprehendit.
1356 5481 1435 5539 Ne
1479 5484 1625 5540 enim
1656 5484 1848 5543 leviter

247 5571 497 5629 attendas
524 5573 575 5629 ei
606 5573 749 5643 quod
778 5572 979 5630 dictum
1032 5584 1133 5639 est,
1167 5590 1343 5645 neque
1379 5591 1494 5633 rem
1525 5576 1699 5634 levem
1725 5592 1846 5635 esse

250 5663 549 5729 existimes,
576 5662 721 5733 quod
749 5663 865 5735 ipse
885 5678 1100 5721 carnem
1120 5674 1356 5721 nostram
1376 5669 1711 5739 susceperit:
1736 5686 1845 5726 non

248 5756 389 5813 enim
420 5755 530 5813 hoc
559 5755 783 5811 donavit
811 5757 1037 5827 angelis.
1065 5756 1189 5814 Ideo
1216 5758 1318 5813 ait:
1338 5756 1459 5814 Non
1489 5759 1620 5814 enim
1637 5762 1846 5833 angelos

244 5846 608 5921 apprehendit,
636 5846 727 5902 sed
754 5863 922 5903 semen
953 5847 1188 5905 Abralne.
1224 5848 1361 5921 Quid
1392 5858 1470 5908 est
1501 5851 1643 5921 quod
1681 5851 1845 5910 dicit?

1947 4654 2064 4711 Non
2093 4654 2290 4727 angeli,
2324 4655 2518 4727 inquit,
2537 4654 2904 4726 apprehendit
2929 4663 3201 4721 naturam,
3235 4654 3330 4711 sed
3365 4656 3545 4712 homi-

1948 4746 2197 4816 nis.Quid
2216 4756 2302 4803 est
2320 4758 2520 4813 autem,
2545 4747 2896 4818 Apprehendit
2909 4746 2934 4800 7
2948 4745 3065 4800 Νοη
3082 4746 3226 4801 enim
3241 4746 3551 4816 apprehen—

1946 4840 2045 4907 dit,
2080 4840 2271 4910 inquit,
2304 4839 2452 4895 illam
2494 4841 2809 4911 angelorum
2843 4847 3113 4901 naturam,
3136 4837 3232 4893 sed
3281 4846 3546 4893 nostram.

1947 4929 2057 4985 Cur
2084 4939 2263 4986 autem
2295 4946 2402 4986 non
2434 4930 2589 4994 dixit,
2629 4929 2900 4999 Suscepit,
2930 4928 3025 4984 sed
3057 4942 3187 4984 usus
3216 4938 3302 4986 est
3330 4929 3431 4987 hac
3459 4930 3547 4985 di-

1948 5020 2147 5085 ctione,
2184 5022 2573 5093 Appreltendit.’
2594 5022 2637 5076 A
2672 5020 2989 5091 ntetaphora
3018 5036 3207 5077 eorum
3237 5019 3327 5091 qui
3362 5035 3550 5090 persc-

1948 5122 2186 5182 quuntur
2211 5127 2453 5178 aversos,
2493 5122 2547 5169 et
2571 5113 2753 5168 omnia
2783 5111 2985 5167 faciunt
3014 5120 3072 5167 ut
3098 5112 3367 5182 fugientes
3392 5126 3548 5168 com-

1951 5202 2308 5272 prehendant,
2323 5213 2378 5259 et
2394 5204 2702 5261 resilientes
2718 5203 3148 5274 apprehendant.
3168 5202 3250 5257 Ab
3272 5204 3389 5274 ipso
3401 5205 3548 5259 enim

1950 5292 2242 5365 iugieutem
2272 5296 2560 5352 humanam
2616 5304 2863 5352 naturam
2906 5306 2963 5351 et
3014 5296 3198 5366 procul
3257 5295 3550 5365 fugientem

1950 5384 2098 5453 (nam
2148 5386 2370 5443 Erantus
2415 5404 2448 5442 a
2492 5384 2632 5455 Deo,
2676 5386 2851 5457 inquit
2899 5385 3151 5451 alienati,
3204 5396 3253 5441 ct
3292 5386 3401 5441 sine
3437 5384 3550 5442 Deo

1947 5476 2001 5531 in
2047 5477 2236 5532 mundo
2280 5476 2518 5551 (Ephcs.
2556 5476 2613 5533 2.
2662 5476 2796 5550 12),
2843 5476 2959 5547 ipse
3000 5488 3373 5548 persequutus,
3396 5492 3551 5534 com-

1949 5569 2253 5640 prehendit.
2310 5569 2559 5626 Ostendit
2627 5584 2751 5626 eum
2810 5568 2863 5624 id
2920 5569 3113 5625 fecisse
3176 5569 3291 5624 sola
3342 5579 3548 5625 motum

1934 5665 2291 5736 benignitate,
2314 5666 2561 5734 caritate,
2609 5676 2666 5721 et
2702 5681 2867 5738 quam
2899 5666 3070 5722 nostri
3099 5666 3241 5738 gerit
3276 5682 3427 5723 cura.
3462 5668 3533 5726 Ut

1931 5772 2081 5829 ergo,
2117 5756 2335 5827 quando
2363 5756 2515 5822 dicit,
2544 5754 2733 5813 Nonne
2756 5774 2930 5813 omnes
2954 5767 3073 5812 sunt
3104 5758 3530 5813 administratorii

1934 5848 2140 5918 spiritus
2168 5848 2222 5901 in
2260 5847 2595 5903 ministerium
2627 5848 2768 5903 missi
2795 5858 3002 5919 propter
3029 5864 3110 5904 eos
3141 5850 3227 5919 qui
3270 5850 3527 5905 heredita-
