4112 6344
636 358 707 411 Π
1099 408 1109 417 .
1340 362 1394 417 S.
1437 361 1708 419 JOANNIS
1743 355 2211 413 CIIRYSOSTOHI
2253 351 2565 409 ARCIIIEP.
2606 355 3134 413 CONSTANTINOP.
3799 353 3871 409 ιδ

646 471 743 511 tem
774 459 978 529 capiunt
1003 460 1181 515 salutis
1214 461 1396 534 (Hebr.
1436 466 1486 519 i.
1515 465 1649 536 ﬂ)?
1676 467 1907 522 ostendit
1934 469 1983 524 ei
2006 485 2207 539 magum

644 566 767 605 esse
794 564 941 606 cura:
968 552 1248 607 humanam
1278 562 1538 619 naturam,
1567 565 1624 610 et
1652 556 1816 612 Deum
1843 558 1959 627 ejus
1988 543 2204 612 multam

647 643 845 697 habere
894 644 1190 698 rationem:
1232 645 1298 697 ita
1338 645 1493 698 etiam
1536 644 1621 701 hic
1665 647 1894 701 ostendit
1942 647 2079 717 quod
2125 659 2207 703 est

650 736 817 788 multo
842 735 1011 803 majus
1037 750 1063 785 a
1083 735 1495 803 comparatione.
1530 734 1650 789 Non
1683 737 1836 802 enim,
1862 739 2049 808 inquit,
2096 757 2194 809 ap-

641 825 901 893 prehendit
926 825 1150 893 angelos.
1181 824 1276 879 Est
1300 826 1441 880 enim
1467 842 1649 881 revera
1672 844 1940 897 magnum,
1971 830 2202 886 admira-

647 914 751 967 bile
777 923 831 968 et
858 914 1067 981 plctnim
1095 924 1330 984 stupore,
1360 917 1498 983 quod
1527 932 1643 987 qua:
1668 928 1749 973 est
1778 934 1844 973 ex
1894 914 2047 975 nobis
2078 936 2203 977 caro

638 1003 820 1057 sedeat
863 1003 999 1071 apud
1049 1019 1293 1073 superos,
1328 1016 1381 1060 et
1423 1006 1674 1061 adoretur
1713 1008 1779 1062 ab
1814 1010 2017 1079 angelis
2038 1020 2088 1064 et
2116 1027 2204 1065 ar-

630 1093 903 1163 changelis
929 1102 981 1147 et
1002 1094 1278 1163 Serapliim
1301 1104 1355 1149 et
1383 1095 1687 1152 Cherubim.
1718 1096 1830 1153 Hoc
1857 1114 1998 1168 stupe
2024 1110 2199 1157 mente

635 1199 871 1250 versans,
902 1194 1091 1253 stupeo
1122 1194 1173 1239 et
1198 1195 1371 1242 mente
1399 1187 1626 1253 excedo,
1674 1198 1727 1243 et
1773 1204 1958 1260 magna
1991 1194 2057 1245 de
2100 1207 2195 1261 ge-

630 1290 760 1329 nere
791 1273 1342 1345 humanoimaginor:
1373 1277 1526 1332 video
1556 1279 1697 1333 enim
1747 1295 1932 1351 magna
1974 1290 2029 1335 et
2058 1297 2193 1351 prm-

624 1366 769 1417 clara
801 1366 1038 1433 pra-mia,
1070 1375 1121 1419 et
1154 1374 1388 1419 nostram
1428 1375 1671 1421 naturam
1704 1370 1813 1424 Deo
1855 1384 1973 1426 esse
2003 1385 2195 1439 magno

627 1453 823 1509 studio.
859 1456 925 1508 Et
975 1470 1077 1508 non
1106 1455 1239 1509 dixit
1286 1456 1480 1521 solum,
1530 1458 1781 1514 Homines
1808 1461 2189 1529 apprehendit;

628 1546 721 1600 sed
752 1546 934 1600 volens
959 1546 1101 1614 ipsos
1126 1546 1401 1610 extollere,
1443 1556 1497 1601 et
1530 1550 1812 1605 ostendere
1836 1552 2070 1620 ipsorum
2098 1568 2193 1622 ge.

626 1651 727 1689 nus
748 1649 865 1689 esse
892 1650 1138 1705 magnum
1169 1644 1223 1690 et
1271 1636 1659 1702 honorandum,
1688 1639 1818 1693 dicit
1847 1657 1859 1692 :
1896 1641 2000 1696 Sed
2024 1660 2191 1698 semen

623 1728 841 1781 Abrulta!
881 1727 1232 1795 apprehendit.
1266 1727 1412 1782 Unde
1440 1730 1605 1783 debuit
1637 1748 1723 1797 per
1751 1732 1920 1785 omnia
1949 1734 2191 1801 fratribus

617 1818 855 1872 similari.
884 1817 1020 1885 Quid
1062 1827 1164 1885 est,
1220 1818 1323 1873 Per
1369 1821 1574 1874 omnia?
1611 1820 1752 1888 Fuit,
1805 1823 1990 1893 inquit,
2039 1835 2189 1895 partu

618 1907 819 1972 editus,
842 1917 896 1962 et
920 1910 1169 1971 nutritus,
1189 1917 1240 1961 et
1264 1911 1450 1977 crevit,
1480 1919 1532 1964 et
1557 1926 1744 1981 passus
1773 1924 1852 1967 est
1872 1916 2047 1968 omnia
2072 1932 2189 1984 qua:

618 2000 874 2067 oportuit,
901 2008 955 2053 et
977 1999 1186 2053 tandem
1211 2009 1292 2053 est
1318 2010 1556 2056 mortuus
1590 2019 1603 2055 :
1638 2002 1738 2057 hoc
1766 2014 1871 2068 est,
1902 2004 1999 2058 Per
2015 2008 2184 2061 omnia

620 2085 952 2141 assimilatum
972 2104 1077 2141 esse
1097 2089 1355 2157 fratribus.
1379 2088 1508 2144 Nam
1526 2093 1773 2161 quoniam
1799 2096 1962 2149 multa
1978 2095 2187 2153 dixitde

632 2193 655 2230 ι
660 2176 747 2245 jus
776 2176 1050 2243 majestate
1078 2186 1130 2233 et
1146 2192 1371 2247 superna
1391 2180 1578 2249 gloria,
1604 2181 1668 2237 de
1697 2193 1891 2239 caetero
1918 2185 2076 2239 verba
2105 2186 2181 2241 fa~

620 2269 695 2322 cit
724 2266 790 2321 de
838 2268 1256 2338 dispensatione.
1289 2270 1421 2324 Vide
1445 2282 1623 2326 autem
1667 2265 1787 2327 cum
1828 2285 2020 2345 quanta
2052 2292 2179 2347 pru-

616 2358 796 2411 dentia
825 2367 879 2411 et
906 2358 979 2422 vi,
1026 2358 1291 2427 quomodo
1333 2362 1503 2429 ipsum
1528 2363 1773 2418 ostendat
1815 2380 2059 2434 magnum
2088 2366 2186 2421 ad-

638 2456 821 2510 hibere
853 2455 1085 2510 studium
1133 2466 1186 2509 ut
1227 2456 1378 2512 nobis
1418 2458 1770 2513 assimiletur:
1796 2456 1936 2526 quod
1982 2455 2193 2525 quidem

634 2554 750 2600 erat
776 2560 977 2614 magna:
1003 2561 1145 2623 cura:
1172 2555 1225 2601 et
1253 2547 1615 2614 providentiae.
1646 2546 1776 2601 Nam
1814 2562 1935 2600 cum
1963 2546 2193 2600 dixisset

633 2636 897 2705 superius,
919 2636 1048 2703 Quia
1068 2638 1211 2706 pueri
1225 2639 1708 2692 communicaverunt
1724 2639 1866 2691 carni
1876 2648 1921 2692 et
1940 2637 2195 2707 sanguini,

635 2734 682 2776 et
712 2726 819 2793 ipse
842 2726 1072 2779 similiter
1100 2727 1419 2796 participauit
1447 2728 1672 2792 eisdem;
1695 2728 1779 2782 hic
1806 2743 2015 2797 quoque
2043 2727 2191 2790 dicit,

636 2816 735 2869 Per
765 2818 934 2870 omnia
959 2818 1235 2872 similatum
1263 2836 1369 2873 esse
1398 2820 1656 2889 fratribus,
1706 2820 2089 2889 propemodum
2115 2818 2195 2872 di-

624 2922 759 2962 cens
784 2925 796 2962 :
822 2908 919 2975 Qui
944 2918 1025 2963 est
1056 2908 1189 2964 adeo
1217 2925 1458 2980 magnus,
1488 2912 1576 2979 qui
1605 2920 1685 2964 est
1705 2909 1955 2979 splendor
1983 2909 2190 2978 gloriae,

630 2998 720 3066 qui
749 3006 833 3051 est
875 2998 1153 3053 character
1193 3000 1523 3063 substantiae,
1563 3001 1651 3067 qui
1700 3000 1823 3054 fecit
1856 3001 2070 3063 saecula,
2102 2999 2192 3067 qui

631 3086 778 3141 sedet
800 3088 866 3141 ad
888 3087 1156 3143 dexteram
1191 3088 1383 3153 Patris,
1421 3090 1467 3144 is
1488 3091 1652 3143 voluit
1680 3100 1733 3145 et
1756 3089 1983 3143 studium
2017 3090 2192 3159 posuit

629 3185 685 3228 ut
725 3175 889 3231 frater
921 3187 1104 3231 noster
1138 3178 1287 3233 ﬂeret
1333 3179 1383 3232 in
1422 3180 1695 3243 omnibus;
1738 3188 1791 3233 et
1832 3179 1953 3233 ideo
1991 3179 2192 3233 dimisit

627 3266 847 3334 angelos
874 3278 925 3321 et
956 3282 1216 3335 supernas
1240 3278 1550 3337 potestates,
1584 3277 1639 3322 et
1662 3269 1729 3322 ad
1772 3282 1868 3323 nos
1892 3267 2188 3333 descendit,

626 3364 680 3408 et
732 3370 829 3409 nos
874 3358 1245 3425 apprehendit.
1292 3359 1566 3427 Perpende
1607 3367 1782 3413 autem
1823 3376 1838 3414 :
1883 3358 2017 3413 bona
2064 3358 2192 3414 fecit

624 3446 1048 3515 innumerabilia,
1099 3457 1321 3503 mortem
1365 3450 1543 3519 fregit,
1599 3466 1628 3503 a
1672 3450 1863 3504 diaboli
1913 3451 2189 3521 tyrannide

624 3550 720 3589 nos
760 3538 972 3605 eripuit,
1018 3553 1047 3592 ι
1100 3540 1354 3593 servitute
1403 3555 1499 3593 nos
1551 3539 1968 3595 liberavitmon
2016 3541 2186 3594 solum

626 3626 955 3681 fraternitate
982 3628 1279 3692 honoravit,
1308 3630 1401 3683 sed
1432 3632 1592 3684 etiam
1620 3630 1736 3684 aliis
1784 3630 2186 3685 innumerabili-

619 3713 742 3770 bus.
773 3714 950 3771 Voluit
989 3732 1109 3773 esse
1139 3728 1320 3772 noster
1350 3719 1582 3788 pontifex
1616 3720 1752 3789 apud
1785 3720 2025 3785 Patrem;
2056 3720 2184 3775 sub-

616 3805 785 3875 jungil
810 3808 951 3861 enim
982 3829 995 3863 :
1031 3808 1096 3863 Ut
1124 3810 1406 3863 misericors
1436 3811 1636 3877 ﬁeretct
1660 3810 1825 3877 fidelis
1855 3808 2094 3881 Pontifex
2117 3812 2186 3863 ad

619 3893 804 3949 Deum.
843 3896 1150 3965 Propterea,
1198 3898 1383 3967 inquit,
1419 3914 1631 3953 carnem
1665 3910 1897 3953 nostram
1927 3900 2180 3969 suscepit,

616 3996 831 4055 propter
855 3986 1229 4057 benignitatem
1258 3990 1427 4044 solum
1454 3999 1509 4045 et
1540 3990 1899 4055 clementiam,
1932 4001 1986 4044 ut
2011 3992 2178 4045 nostri

618 4075 980 4130 misereretur.
1009 4076 1123 4131 Non
1165 4089 1246 4131 est
1273 4078 1414 4132 enim
1444 4078 1545 4132 alia
1575 4078 1991 4147 dispensationis
2020 4095 2181 4135 causa

612 4178 769 4232 quam
803 4166 915 4220 haec
942 4167 1054 4222 sola
1084 4187 1096 4221 :
1136 4169 1267 4222 vidit
1292 4170 1486 4239 quippe
1505 4184 1602 4224 nos
1631 4170 1776 4225 humi
1798 4171 2057 4239 abiectos,
2081 4187 2179 4241 pe-

614 4265 850 4319 rcuntes,
879 4264 933 4310 et
955 4272 982 4309 a
1017 4259 1201 4312 mortis
1228 4274 1513 4329 oppressos
1532 4260 1828 4331 tyrannide,
1853 4270 1905 4315 et
1931 4263 2179 4317 misertus

612 4354 714 4399 est.
746 4345 813 4399 Ut
838 4348 1209 4418 reprOpitiaret,
1241 4351 1429 4419 inquit,
1462 4352 1647 4405 delicta
1674 4354 1867 4421 pepuli.
1899 4353 1964 4406 Ut
1982 4354 2148 4408 miseri
2160 4384 2179 4398 -

609 4450 722 4486 cors
744 4436 883 4502 ﬁeret
906 4446 950 4489 et
976 4439 1141 4503 ﬁdelis
1162 4439 1409 4509 pontifex.
1433 4439 1568 4507 Quid
1594 4450 1696 4505 est,
1732 4440 1923 4495 Fidelis
1938 4442 1963 4494 .9
1985 4442 2174 4509 Verus,

611 4537 800 4593 potens
824 4544 837 4579 :
866 4527 1099 4596 pontifex
1124 4531 1264 4583 enim
1294 4530 1439 4584 solus
1462 4529 1633 4585 fidelis
1662 4540 1743 4585 est
1766 4530 1949 4591 Filius,
1973 4534 2059 4600 qui
2086 4549 2177 4601 po.

612 4623 717 4667 test
744 4614 971 4669 liberare
996 4631 1024 4673 a
1052 4619 1280 4685 peccatis
1309 4633 1423 4684 eos,
1462 4634 1684 4688 quorum
1712 4630 1797 4675 est
1824 4620 2053 4688 pontifex
2073 4622 2173 4691 (a).

608 4702 676 4757 Ut
698 4718 827 4774 ergo
850 4703 1041 4758 offerat
1067 4705 1297 4761 hostiam
1331 4722 1447 4775 qua:
1492 4709 1659 4776 possit
1688 4724 1785 4762 nos
1833 4709 2090 4765 mundare
2121 4720 2177 4765 et

608 4792 844 4858 expiare,
876 4802 1155 4862 propterea
1186 4796 1353 4850 factus
1373 4805 1455 4850 est
1481 4795 1661 4851 homo.
1714 4797 1998 4865 Subjuuxit
2023 4814 2171 4871 ergo,

609 4882 689 4933 Ad
718 4880 893 4945 Deum,
927 4883 1037 4937 sive
1061 4900 1184 4955 erga
1208 4886 1389 4941 Deum.
1426 4886 1671 4949 Eramns,
1715 4889 1902 4957 inquit,
1933 4889 2025 4945 Dei
2077 4892 2175 4945 ini-

610 4971 753 5030 mici.
778 4972 1136 5037 condemnati,
1169 4975 1367 5045 probro
1395 4986 1449 5031 et
1466 4978 1749 5047 ignominia
1779 4979 1951 5034 affecti
1976 4997 1991 5033 :
2015 4996 2174 5037 nemo

609 5069 723 5114 erat
747 5062 836 5130 qui
872 5077 966 5130 pro
989 5064 1143 5118 nobis
1174 5066 1449 5119 oblaturus
1493 5076 1635 5121 esset
1658 5068 1973 5124 sacrificium
2002 5087 2016 5122 :
2046 5070 2177 5126 vidit

608 5166 708 5204 nos
735 5152 785 5205 in
813 5152 913 5207 hoc
941 5168 1059 5208 esse
1076 5163 1238 5220 statu,
1260 5166 1317 5210 et
1341 5166 1422 5209 est
1444 5158 1713 5221 misertus,
1741 5174 1842 5215 non
1871 5161 2023 5216 nobis
2041 5178 2171 5218 con-

621 5235 846 5287 stituens
868 5235 1193 5302 pontificem,
1243 5239 1335 5293 sed
1376 5238 1489 5309 ipse
1518 5242 1687 5301 factus
1713 5250 1948 5316 pontifex
1990 5251 2182 5313 fidelis.

626 5323 825 5377 Deinde
873 5326 1161 5381 ostendens
1208 5331 1476 5397 quomodo
1531 5333 1701 5391 fidelis
1722 5380 1735 5402 ,
1769 5341 2040 5409 subjunxit
2070 5364 2083 5399 :
2117 5346 2184 5402 Ut

620 5414 970 5483 repropitiaret
1004 5416 1183 5469 delicta
1211 5424 1403 5488 populi.
1451 5424 1539 5479 18.
1588 5425 1653 5481 1η
1704 5445 1761 5483 eo
1805 5432 1958 5498 enim,
1996 5435 2047 5489 in
2084 5452 2182 5503 quo

619 5519 796 5567 passus
824 5513 918 5567 est,
951 5506 1057 5574 ipse
1085 5516 1319 5574 tentatus,
1354 5524 1528 5579 potens
1549 5527 1622 5571 est
1652 5528 1697 5573 et
1718 5520 1787 5573 eis
1813 5524 1899 5590 qui
1928 5533 2181 5581 tentantur

618 5596 873 5648 auxiliari.

684 5698 759 5760 (η)
792 5697 880 5751 llic
904 5702 1077 5763 ingens
1100 5710 1173 5753 est
1191 5704 1348 5755 hiatus
1366 5705 1411 5755 iu
1436 5704 1709 5758 Colbertino
1728 5710 1919 5762 Codice.

2346 462 2399 516 2.
2417 462 2526 518 Hoc
2540 472 2620 517 est
2636 462 2785 517 valde
2798 462 2994 517 humile
3005 472 3059 516 et
3072 463 3355 531 abjectum,
3375 470 3429 517 et
3447 460 3556 517 Deo
3572 460 3868 532 indignum.

2301 551 2365 607 In
2390 570 2487 622 quo
2508 556 2637 607 enim
2665 569 2843 624 passus
2858 562 2950 619 est,
2971 553 3158 622 inquit,
3176 554 3300 621 ipse.
3323 550 3417 606 Hic
3444 549 3576 605 dicit
3602 552 3668 609 de
3690 554 3869 609 incar’

2302 654 2446 697 nato.
2469 644 2534 698 Et
2561 644 2695 699 forte
2710 643 2907 697 dictum
2926 654 3009 697 est
3027 642 3091 696 ad
3106 644 3361 697 certiores
3394 640 3698 696 reddendos
3716 642 3869 698 audi.

2300 743 2464 797 tores,
2496 743 2549 787 et
2579 743 2792 803 propter
2817 748 3001 787 eorum
3027 731 3421 786 imbecillatcm.
3449 731 3559 785 Hoc
3587 740 3689 795 est,
3720 734 3869 787 venit

2306 840 2399 894 per
2426 826 2594 894 ipsam
2662 823 3040 893 experientiam
3066 837 3251 878 eorum
3288 838 3409 891 qua:
3450 823 3591 893 passi
3631 838 3861 879 sumus:

2300 929 2437 969 nunc
2463 930 2567 969 non
2587 914 2793 982 ignorat
2810 922 3017 967 nostras
3039 913 3407 982 perpessiones
3427 930 3441 966 :
3460 928 3563 967 non
3580 912 3751 968 solum
3766 913 3870 967 scit

2297 1014 2351 1057 ut
2377 1005 2532 1070 Deus,
2557 1004 2649 1059 sed
2664 1005 2820 1058 etiam
2843 1004 3092 1074 cognovit
3113 1012 3166 1056 ut
3182 1001 3340 1056 homo
3359 1017 3452 1071 per
3474 1018 3588 1058 eam
3610 1018 3711 1074 qua
3734 1018 3859 1074 pal-

2295 1109 2384 1148 sus
2405 1102 2485 1148 est
2511 1093 2893 1164 experientiam
2924 1111 2936 1146 :
2969 1092 3130 1145 multa
3162 1105 3351 1161 passus
3377 1099 3481 1157 est,
3511 1093 3611 1146 scit
3632 1094 3864 1162 compati

2294 1192 2347 1238 et
2372 1184 2628 1238 misereri.
2658 1183 2986 1252 Quamquam
3012 1182 3151 1236 Deus
3176 1190 3258 1236 est
3284 1181 3590 1251 impatibilis
3615 1200 3627 1236 :
3657 1183 3750 1238 sed
3779 1185 3867 1239 hic

2296 1285 2475 1329 narrat
2516 1290 2635 1345 quae
2663 1282 2787 1329 sunt
2824 1273 3239 1338 incarnationis;
3282 1273 3431 1344 quasi
3470 1272 3711 1330 diceret:
3745 1274 3864 1345 Ipsa

2293 1380 2501 1435 quinque
2530 1380 2652 1421 caro
2695 1363 2892 1419 Christi
2941 1364 3103 1433 multa
3136 1378 3287 1433 passa
3330 1372 3411 1418 est
3454 1365 3654 1434 gravia.
3708 1365 3867 1422 Novit

2293 1456 2419 1524 quid
2449 1456 2517 1509 sit
2560 1454 2798 1521 afflictio,
2830 1454 2976 1508 novit
3022 1453 3151 1523 quid
3185 1455 3252 1508 sit
3283 1455 3527 1519 tentatio,
3562 1470 3735 1525 neque
3764 1457 3866 1511 mi-

2293 1562 2391 1601 nus
2431 1561 2585 1615 quam
2619 1559 2715 1600 nos
2740 1546 2828 1614 qui
2874 1545 3013 1613 passi
3055 1559 3276 1609 sumus;
3324 1559 3445 1598 nam
3491 1546 3604 1615 ipse
3650 1560 3867 1617 quoque

2290 1648 2371 1693 est
2402 1652 2606 1705 passus.
2638 1635 2775 1703 Quid
2806 1651 2933 1705 ergo
2959 1643 3056 1700 est,
3095 1633 3280 1689 Potens
3299 1644 3370 1689 est
3400 1632 3443 1689 et
3473 1635 3535 1689 iis
3556 1637 3639 1705 qui
3661 1645 3864 1689 tentan-

2289 1741 2372 1785 tur
2395 1727 2675 1783 auxiliari?
2702 1725 2862 1793 Quasi
2890 1725 3094 1779 dixeris
3128 1743 3140 1778 :
3183 1724 3367 1794 Magna
3397 1726 3561 1779 animi
3588 1725 3866 1783 alacritate

2291 1832 2503 1871 manum
2554 1815 2823 1886 porriget,
2889 1813 3371 1869 commiserabitur.
3435 1814 3567 1868 Nam
3610 1815 3864 1885 quoniam

2290 1923 2538 1977 magnum
2565 1905 2833 1970 volebant,
2860 1913 2914 1959 et
2939 1904 3166 1974 amplius
3192 1903 3318 1973 quid
3348 1904 3546 1959 habere
3573 1921 3729 1974 quam
3768 1908 3863 1975 qui

2288 2010 2441 2055 erant
2470 2016 2533 2055 ex
2563 1999 2828 2070 gentibus,
2878 1996 3109 2052 ostendit
3148 2012 3242 2051 eos
3273 1997 3325 2051 in
3365 1997 3466 2052 hoc
3505 1997 3703 2053 habere
3748 2014 3865 2053 am-

2291 2092 2446 2161 plius,
2480 2092 2531 2143 in
2554 2103 2659 2159 quo
2686 2087 2817 2143 nihil
2844 2089 2981 2143 [insit
3002 2102 3095 2142 eos
3119 2088 3207 2157 qui
3230 2096 3471 2142 erantex
3504 2089 3771 2158 gentibus.
3807 2088 3864 2145 In

2292 2183 2561 2254 quonam?
2589 2181 2740 2250 Quod
2771 2196 2836 2237 ex
2868 2181 2995 2251 ipsis
3018 2191 3098 2234 est
3122 2179 3285 2244 salus,
3310 2179 3447 2249 quod
3478 2180 3594 2236 illos
3632 2182 3864 2250 primum

2291 2273 2663 2344 apprehendit,
2689 2272 2828 2343 quod
2850 2287 2915 2327 ex
2958 2271 3058 2325 illis
3077 2286 3292 2326 carnem
3319 2272 3571 2340 suscepit.
3593 2271 3710 2326 Non
3730 2276 3865 2329 enim

2292 2364 2517 2435 angelos,
2526 2361 3171 2433 inquit,apprehendit,sed
3183 2377 3350 2415 semen
3358 2362 3570 2415 Abrahte
3581 2364 3867 2433 apprehen-

2291 2457 2499 2511 dit.i’er
2514 2456 2614 2511 hoc
2628 2456 2851 2509 honorat
2863 2454 3018 2508 etiam
3036 2452 3470 2523 patriarcham,et
3486 2454 3719 2509 ostendit
3737 2455 3864 2524 quid

2292 2551 2379 2615 sit,
2406 2548 2587 2603 Semen
2615 2545 2848 2601 Abraluz.
2871 2546 2961 2599 Eis
2984 2559 3212 2614 namque
3237 2556 3451 2599 revocat
3471 2545 3526 2599 in
3551 2548 3865 2601 memoriam

2293 2638 2703 2710 promissionem
2730 2650 2847 2705 qua:
2879 2635 3008 2705 ipsis
3038 2632 3173 2689 facta
3200 2643 3302 2699 est,
3329 2634 3598 2691 dicentem
3634 2654 3646 2690 :
3679 2634 3795 2689 Tibi
3819 2649 3865 2692 et

2294 2728 2471 2784 semini
2500 2737 2584 2781 tuo
2622 2726 2752 2781 dabo
2781 2734 2964 2779 terram
2989 2725 3117 2778 hanc
3152 2722 3304 2793 (Gen.
3350 2725 3439 2778 15.
3477 2724 3585 2795 i5).
3614 2725 3714 2779 Per
3763 2725 3867 2782 hoc

2295 2832 2470 2877 autem
2502 2819 2778 2874 minimum
2825 2815 3056 2869 ostendit
3084 2813 3560 2883 propinquitatem,
3612 2815 3752 2885 quod
3800 2832 3863 2871 ex

2304 2924 2409 2963 uno
2434 2910 2538 2963 sint
2560 2920 2762 2961 omnes.
2784 2904 2888 2961 Sed
2914 2904 3037 2973 quia
3063 2918 3167 2957 non
3192 2917 3380 2973 magna
3405 2911 3521 2955 erat
3547 2901 3632 2954 illa
3658 2899 3877 2969 propin-

2303 2997 2496 3066 quitas,
2526 3010 2712 3050 rursus
2737 2993 2880 3048 venit
2905 2992 2969 3047 ad
2995 3006 3135 3055 eam,
3165 3000 3219 3046 et
3246 2990 3312 3045 de
3337 2998 3535 3045 caetero
3564 2988 3881 3042 immoratur

2303 3092 2355 3141 in
2380 3085 2776 3156 dispensatione
2801 3099 2919 3154 qua:
2943 3093 3023 3137 est
3047 3081 3336 3137 secundum
3355 3094 3593 3143 carnem,
3615 3089 3667 3132 et
3700 3077 3830 3133 dicit
3862 3095 3875 3132 :

2308 3175 2373 3231 Ut
2401 3176 2751 3245 reprOpitiaret
2773 3175 2956 3229 delicta
3000 3172 3196 3241 pepuli.
3225 3171 3351 3225 Erat
3381 3170 3522 3224 enim
3550 3182 3755 3237 magna
3770 3182 3878 3223 cu-

2302 3283 2376 3321 ra:
2403 3277 2457 3322 et
2485 3266 2723 3321 caritatis
2748 3265 2888 3336 quod
2917 3263 3142 3318 voluerit
3169 3261 3279 3317 fieri
3305 3261 3500 3324 homo;
3529 3274 3669 3314 nunc
3696 3268 3876 3313 autem

2307 3373 2409 3411 non
2439 3356 2540 3411 hoc
2564 3367 2645 3411 est
2672 3357 2865 3421 solum,
2891 3355 2985 3410 sed
3024 3354 3182 3408 etiam
3210 3361 3333 3406 sunt
3368 3353 3503 3405 bona
3534 3349 3873 3413 immortalia,

2300 3462 2415 3516 qua:
2441 3461 2537 3517 per
2577 3446 2747 3514 ipsum
2778 3444 2930 3498 nobis
2957 3452 3079 3497 sunt
3100 3441 3355 3496 exhibita.
3388 3439 3455 3495 Ut
3493 3440 3871 3510 repropitiaret,

2296 3539 2482 3607 inquit,
2517 3536 2698 3590 delicta
2746 3536 2942 3606 populi.
2990 3534 3098 3587 Cur
3140 3548 3244 3587 non
3294 3532 3448 3597 dixit,
3494 3531 3650 3586 Orbis
3690 3539 3869 3595 terrae,

2293 3630 2406 3694 sed,
2462 3628 2686 3698 Populi?
2727 3643 2847 3683 nam
2892 3626 3128 3681 omnium
3170 3624 3399 3694 portavit
3440 3634 3675 3693 peccata.
3721 3621 3869 3689 Quo-

2294 3722 2436 3774 niam
2466 3730 2589 3773 tunc
2615 3720 2682 3774 ab
2708 3733 2771 3773 eo
2797 3717 2862 3773 de
2884 3717 3013 3787 ipsis
3041 3715 3278 3771 Hebrtnis
3303 3715 3463 3768 verba
3490 3713 3704 3768 fiebant.
3734 3712 3868 3785 [Sam

2292 3810 2510 3880 angelus
2538 3823 2748 3879 quoque
2776 3807 2987 3861 dicebat
3016 3806 3250 3875 Josepho
3277 3823 3289 3859 :
3322 3803 3534 3859 Vocabis
3557 3820 3737 3857 nomen
3756 3804 3868 3873 eius

2290 3904 2322 3956 Ι
2327 3919 2463 3956 esum
2485 3919 2500 3958 :
2516 3905 2622 3972 ipse
2641 3898 2975 3955 enimsalvum
2997 3900 3146 3969 faciet
3165 3895 3408 3965 pupulum
3426 3895 3790 3965 suumUIattn.
3809 3896 3861 3948 i.

2290 3991 2400 4063 2t).
2430 3992 2542 4047 Hoc
2570 3992 2710 4046 enim
2742 3988 3020 4058 oportebat
3050 3987 3275 4056 primum
3315 3985 3463 4051 fieri;
3496 3994 3550 4039 et
3580 3993 3863 4054 propterea

2287 4084 2434 4137 venit
2463 4093 2517 4136 ut
2547 4082 2645 4136 hos
2672 4082 2849 4134 salvos
2892 4077 3127 4141 faceret,
3174 4086 3228 4130 et
3270 4085 3395 4130 tunc
3441 4091 3536 4145 per
3580 4075 3677 4129 hos
3716 4075 3860 4139 illos,

2285 4174 2491 4228 etiamsi
2510 4173 2833 4229 contrarium
2851 4171 3108 4227 evenerit.
3131 4168 3241 4222 Hoc
3254 4166 3478 4236 apostoli
3496 4180 3707 4235 quoque
3724 4165 3865 4220 dice-

2286 4266 2412 4320 bant
2426 4266 2494 4320 ab
2514 4265 2661 4319 initio
2681 4282 2693 4318 :
2713 4264 2858 4318 Vobis
2878 4264 3127 4317 suscitans
3171 4259 3365 4313 Filium
3406 4274 3574 4322 suum,
3595 4259 3729 4311 misit
3745 4274 3861 4311 eum

2283 4356 2805 4411 benedicentemvobis
2830 4355 2963 4425 (Act.
2998 4355 3048 4409 3.
3089 4351 3183 4417 26)
3206 4368 3220 4415 ;
3245 4358 3301 4403 et
3330 4362 3536 4412 rursus,
3569 4346 3716 4401 Vobis
3748 4349 3860 4401 mis-

2282 4464 2391 4501 sum
2413 4457 2484 4500 est
2514 4447 2713 4500 verbum
2738 4446 2916 4499 salutis
2955 4444 3092 4514 (Act.
3122 4443 3209 4497 15.
3240 4438 3352 4511 26).
3391 4438 3735 4493 Nobilitatem
3766 4437 3856 4493 hic

2282 4536 2513 4591 ostendit
2534 4535 2827 4601 Iudaicam,
2858 4534 3040 4589 dicens
3063 4573 3077 4596 ,
3120 4532 3199 4584 Ad
3242 4529 3497 4597 expianda
3532 4538 3736 4596 peccata
3763 4545 3857 4599 po-

2281 4628 2388 4696 puli
2418 4626 2605 4696 (Marc.
2633 4628 2688 4681 2.
2721 4628 2799 4697 5).
2847 4626 3063 4681 Interim
3100 4623 3177 4677 sic
3203 4622 3331 4676 dicit
3360 4636 3376 4675 :
3412 4634 3534 4674 nam
3560 4622 3701 4689 quod
3741 4620 3856 4689 ipse

2280 4721 2351 4773 sit
2379 4720 2468 4789 qui
2498 4720 2733 4773 omnium
2765 4726 2982 4787 peccata
3014 4716 3235 4779 dimisit,
3275 4712 3511 4767 ostendit
3531 4722 3585 4766 et
3612 4712 3664 4765 in
3694 4725 3853 4781 para-

2279 4812 2460 4882 lytieo,
2491 4811 2674 4865 dicens
2704 4827 2721 4866 :
2760 4809 3097 4882 Dimittunth
3127 4806 3214 4859 tibi
3245 4814 3481 4874 peccata;
3507 4813 3563 4858 et
3605 4802 3656 4857 in
3684 4802 3855 4872 bapti-

2277 4866 2449 4957 sinate
2490 4901 2787 4971 discipulis,
2822 4899 3009 4953 Euntes
3035 4866 3206 4952 docete
3244 4910 3415 4949 omnes
3443 4903 3641 4963 gentes,
3689 4890 3856 4962 bapti-

2276 5001 2447 5047 santes
2474 5008 2557 5046 eos
2593 4993 2647 5046 in
2674 4992 2877 5045 nomine
2906 4988 3079 5043 Patris
3113 4996 3160 5041 et
3187 4985 3311 5039 Filii
3340 4994 3387 5038 et
3426 4983 3654 5054 Spiritus
3691 4983 3853 5037 sancti

2278 5082 2486 5148 (Matth.
2512 5082 2567 5137 9.
2597 5082 2650 5138 5.
2688 5090 2734 5136 et
2761 5080 2852 5136 28.
2888 5077 2997 5148 i9).
3027 5078 3159 5133 Cum
3189 5086 3367 5130 autem
3406 5087 3623 5127 carnem
3654 5086 3852 5142 appre-

2277 5173 2522 5227 hemlerit
2563 5172 2781 5238 Paulus,
2824 5171 3002 5226 omnia
3031 5168 3224 5224 deinde
3275 5165 3509 5234 loquitur
3546 5164 3753 5232 abjects
3792 5171 3851 5219 et

2280 5264 2519 5328 humilia,
2565 5262 2697 5317 nihil
2726 5263 2924 5318 veritus
2953 5279 2968 5317 :
3001 5262 3123 5317 vide
3150 5261 3294 5317 enim
3338 5258 3469 5330 quid
3514 5258 3626 5327 jam
3670 5260 3814 5316 dicat
3843 5280 3859 5316 :

2280 5358 2431 5429 (Cap.
2476 5358 2532 5429 5)
2572 5359 2622 5412 i.
2660 5356 2842 5423 Unda,
2880 5358 3061 5427 fratres
3104 5363 3297 5417 sancti,
3342 5353 3617 5407 uocationis
3651 5352 3863 5407 celestis

2279 5449 2569 5519 participes,
2602 5448 2917 5501 considerate
2953 5448 3240 5515 apostolum
3268 5454 3315 5499 et
3352 5444 3642 5514 pontiﬁcem
3656 5445 3859 5516 confes-

2277 5540 2435 5593 sionis
2456 5548 2643 5593 nostra:
2666 5536 2842 5591 Iesum
2866 5552 2885 5589 :
2908 5534 2963 5590 2.
2990 5536 3075 5600 qui
3101 5534 3267 5603 ﬁdelis
3284 5544 3358 5589 est
3378 5534 3422 5587 ei
3436 5533 3522 5602 qui
3546 5533 3663 5600 fecit
3686 5533 3854 5598 illum,

2278 5630 2404 5681 sicut
2445 5641 2491 5681 et
2527 5625 2728 5698 Moyses
2757 5627 2809 5680 in
2839 5627 2977 5679 omni
3002 5626 3150 5678 domo
3178 5630 3308 5692 ejus.
3341 5623 3475 5677 Eum
3505 5622 3669 5693 Moysi
3715 5637 3853 5692 prte-

2281 5720 2548 5791 posituros
2590 5733 2684 5789 per
2734 5716 3212 5789 comparationem,
3263 5713 3329 5769 ad
3362 5714 3531 5786 legem
3571 5712 3854 5771 sacerdotii
