4112 6344
238 471 301 525 ω
1067 443 1128 499 ΙΝ
1172 439 1380 497 EPIST.
1425 435 1515 490 AD
1556 425 1817 486 llEBRxEt

1960 425 2111 481 car.
2142 388 2489 488 ιιιξιιοδιηη
2528 427 2587 483 l'.
3105 463 3116 474 .
3440 428 3509 482 so

231 551 451 606 deduxit
476 551 776 606 orationem
802 564 815 604 :
849 560 953 601 non
980 546 1121 599 enim
1151 545 1219 600 de
1246 545 1427 615 Moyse
1460 557 1676 613 parram
1723 541 1822 596 ba-

233 643 431 697 hebant
455 656 647 697 omnes
668 639 997 710 Opinionem.
1035 636 1096 690 Et
1116 636 1226 706 jam
1260 635 1489 704 primum
1524 633 1707 703 di-jicit
1736 647 1813 687 sc-

231 735 372 789 mina
412 734 745 789 excellentia:
796 738 1004 799 :atque
1046 728 1228 797 incipit
1280 726 1495 796 quidem
1541 740 1571 779 a
1622 739 1819 789 carne;

227 825 471 882 ascendit
492 835 672 881 autem
702 821 767 877 ad
794 820 1149 885 divinitatem,
1184 817 1271 871 ubi
1303 832 1411 871 non
1438 827 1555 871 erat
1582 814 1816 885 amplius

226 917 581 987 comparatio.
620 912 822 983 lncepit
851 912 1063 965 interim
1092 924 1119 962 a
1147 923 1310 964 carne
1360 922 1562 978 ponere
1600 906 1820 975 aequali-

225 1020 415 1075 latem,
439 1019 495 1066 et
518 1009 649 1065 dicit
674 1024 689 1064 :
731 1006 876 1062 Sicut
897 1013 943 1059 et
965 1002 1169 1072 Moyses
1186 1001 1240 1054 in
1269 1000 1408 1054 omni
1430 1000 1580 1053 domo
1601 1000 1728 1069 ejus.
1756 999 1822 1052 Et

227 1119 332 1158 non
360 1103 431 1157 ab
452 1100 606 1156 initio
628 1095 863 1153 ostendit
884 1092 1282 1157 excellentiam,
1316 1106 1382 1147 ne
1412 1091 1643 1145 resiliret
1670 1088 1821 1144 audi-

226 1202 333 1260 tor,
356 1202 411 1249 et
439 1205 599 1247 aures
626 1188 870 1261 protinus
897 1185 1205 1241 Obstrueret
1238 1202 1251 1237 :
1287 1198 1412 1235 nam
1442 1181 1541 1236 etsi
1575 1190 1730 1236 erant
1752 1180 1817 1234 li-

223 1286 397 1347 deles.
428 1284 482 1338 in
512 1296 697 1338 eorum
738 1288 915 1333 tamen
938 1274 1271 1332 conscientia
1301 1273 1477 1328 adhuc
1501 1272 1657 1328 valde
1686 1272 1820 1327 resi-

223 1376 385 1433 debat
404 1374 637 1445 Moyses.
668 1372 770 1438 Qui
789 1380 882 1435 est,
912 1369 1102 1438 inquit,
1141 1366 1312 1436 ﬁdelis
1338 1366 1383 1419 ei
1405 1365 1490 1435 qui
1530 1365 1647 1433 fecit
1679 1380 1815 1421 eum.

221 1466 490 1533 Quidnam
519 1462 761 1520 fecerat?
787 1459 1103 1529 Apostolum
1130 1465 1185 1512 et
1208 1454 1534 1527 pontiﬁcem.
1565 1454 1706 1510 Nihil
1729 1454 1817 1510 hic

220 1559 354 1615 dicit
380 1560 447 1614 dc
472 1556 725 1619 essentia,
752 1566 926 1623 neque
952 1551 1021 1606 de
1058 1549 1357 1614 divinitate,
1385 1546 1478 1602 sed
1502 1546 1715 1602 interim
1748 1546 1817 1601 de

221 1651 478 1707 huntauis
502 1648 631 1704 dicit
658 1645 1026 1716 dignitatibus.
1070 1642 1220 1698 Sicut
1251 1650 1297 1695 et
1328 1638 1537 1711 Moyses
1580 1641 1634 1693 in
1678 1647 1819 1693 amnt

218 1744 376 1799 domo
402 1744 513 1813 ejus
551 1757 570 1795 :
617 1739 721 1795 hoc
769 1748 871 1798 est.
919 1737 971 1791 itt
1015 1735 1233 1806 pupulo,
1262 1742 1355 1788 aut
1386 1732 1438 1786 in
1467 1731 1689 1801 templo.
1720 1731 1817 1785 llic

221 1845 400 1890 autem
431 1833 582 1894 dicit,
617 1830 685 1884 In
710 1830 864 1883 domo
886 1829 995 1897 ejus
1023 1842 1042 1880 :
1070 1824 1296 1897 perinde
1322 1838 1385 1879 ac
1410 1824 1455 1879 si
1485 1822 1708 1887 dixeris,
1741 1822 1817 1877 De

224 1925 289 1979 iis
314 1923 407 1989 qui
438 1920 637 1977 suntin
672 1918 853 1975 domo.
883 1916 1177 1987 Tamquam
1206 1924 1523 1985 procurator
1546 1914 1813 1984 quispiam

220 2024 278 2072 ct
304 2015 648 2083 dispensator
674 2011 863 2067 domus
881 2050 897 2075 ,
927 2009 1006 2063 sic
1032 2017 1148 2063 erat
1176 2006 1388 2078 Moyses
1432 2008 1649 2076 populo.
1682 2005 1814 2060 Nam

222 2103 366 2177 quod
416 2100 671 2173 populum
717 2100 801 2155 hic
831 2098 976 2153 dicat
1016 2096 1256 2162 domum,
1307 2095 1624 2164 subjunxit,
1661 2095 1818 2167 Cujus

221 2197 405 2252 demus
450 2210 624 2248 sumus
651 2207 741 2245 nos
769 2207 788 2245 :
818 2190 920 2244 hoc
940 2198 1043 2254 est,
1096 2187 1293 2243 Sumus
1346 2188 1398 2241 in
1448 2187 1566 2257 ejus
1606 2201 1818 2255 posses-

220 2287 395 2341 sione.
432 2281 635 2338 Deinde
660 2280 975 2336 excellentia
1003 2278 1176 2348 major
1207 2295 1222 2332 :
1260 2277 1313 2331 5.
1370 2276 1646 2347 Amplioris
1681 2277 1816 2329 enim

222 2376 398 2446 gloria
437 2375 530 2430 iste
566 2390 673 2445 prta
701 2375 876 2445 Moyse
919 2373 1101 2443 dignus
1146 2382 1217 2426 est
1248 2372 1469 2425 habitus.
1501 2371 1707 2425 Rursus
1744 2368 1813 2424 de

221 2480 388 2522 carne
416 2483 429 2519 :
466 2465 667 2531 Quanto
700 2464 997 2533 ampliorem
1044 2462 1283 2518 honorem
1331 2463 1479 2518 habet
1512 2462 1691 2517 domus
1719 2461 1807 2533 qui

222 2556 490 2625 fabricauit
517 2556 681 2610 illam.

300 2646 354 2701 5.
386 2646 455 2701 Ει
488 2648 602 2718 ipse
622 2656 757 2712 erat,
790 2648 981 2717 inquit,
1010 2646 1076 2701 de
1092 2645 1271 2701 domo.
1293 2646 1357 2700 Et
1392 2659 1501 2700 non
1525 2644 1811 2701 dixit:lste

224 2737 368 2792 cnim
412 2749 528 2793 erat
555 2739 769 2809 quidem
808 2753 1019 2804 servus,
1074 2738 1161 2792 ille
1206 2752 1338 2792 vero
1375 2736 1667 2801 Dominus;
1715 2735 1811 2789 sed

231 2829 333 2884 hoc
365 2829 598 2885 latenter
644 2829 920 2885 indicavit.
953 2830 1009 2885 Si
1050 2828 1277 2900 populus
1305 2838 1419 2883 erat
1444 2827 1661 2893 domus,
1699 2828 1813 2896 ipse

226 2930 409 2977 autem
433 2931 550 2976 enat
579 2937 645 2976 ex
688 2923 886 2992 populo
917 2940 930 2976 :
978 2933 1031 2976 et
1061 2923 1174 2990 ipse
1214 2936 1343 2992 ergo
1372 2930 1489 2975 erat
1512 2920 1582 2974 de
1624 2920 1807 2973 domo.

228 3009 357 3065 Nam
388 3012 542 3067 nobis
568 3027 779 3083 quoque
808 3028 925 3068 mos
946 3021 1029 3068 est
1056 3014 1135 3067 sic
1160 3011 1361 3076 dicere,
1386 3009 1481 3063 Hic
1511 3016 1594 3063 est
1621 3023 1685 3062 ex
1710 3007 1811 3061 do-

228 3118 318 3158 mo
361 3104 527 3159 illius.
563 3103 663 3158 llic
690 3115 869 3158 autem
896 3104 1026 3160 dicit
1070 3104 1311 3167 domum,
1364 3115 1469 3154 non
1500 3099 1755 3167 templum
1795 3114 1809 3151 :

229 3208 336 3249 non
382 3192 525 3248 enim
578 3194 717 3249 Deus
744 3195 859 3263 ipse
890 3194 1222 3257 construxit,
1269 3191 1363 3246 sed
1396 3190 1661 3244 homines.
1711 3187 1811 3254 Qui

228 3299 359 3339 vero
401 3284 529 3339 fecit
559 3285 753 3355 ipsum,
787 3286 927 3339 Deus
948 3294 1030 3339 est
1063 3302 1076 3338 :
1108 3283 1237 3337 dicit
1259 3282 1514 3351 Moysem.
1548 3278 1681 3334 Vide
1720 3293 1814 3330 au-

227 3386 334 3431 tem
384 3376 657 3447 quomodo
708 3377 941 3432 latenter
969 3376 1228 3445 majorem
1261 3374 1493 3429 ostendit
1541 3371 1812 3427 excellen-

229 3467 378 3522 tiam.
415 3467 631 3533 Fidelis,
658 3468 849 3537 inquit,
880 3480 987 3522 erat
1014 3469 1066 3522 in
1094 3477 1195 3521 tota
1213 3468 1361 3520 donto
1386 3466 1516 3535 ejus,
1548 3478 1668 3519 cum
1702 3463 1814 3531 ipse

226 3566 372 3611 esset
397 3556 465 3612 de
494 3556 677 3621 domo,
712 3557 813 3612 hoc
839 3568 920 3614 est
964 3557 1031 3612 de
1076 3557 1293 3627 populo.
1346 3555 1601 3624 Majorem
1655 3552 1816 3607 habet

231 3648 493 3702 honorem
543 3646 733 3702 artifex
761 3690 776 3713 ,
807 3662 964 3716 quam
1009 3662 1169 3717 opera
1196 3689 1210 3712 ,
1257 3645 1352 3701 sed
1387 3655 1440 3700 et
1482 3645 1569 3714 qui
1598 3642 1813 3697 domum

231 3736 552 3800 construxit,
577 3752 735 3805 quam
762 3736 973 3791 domus.
1004 3737 1057 3791 4.
1091 3736 1189 3803 Qui
1211 3746 1377 3789 autem
1399 3735 1567 3789 omnia
1588 3742 1815 3787 constru—

225 3828 321 3892 aa't,
346 3826 489 3881 Deus
529 3838 619 3881 est.
654 3828 815 3883 Vides
858 3829 998 3896 quod
1030 3845 1134 3883 non
1166 3829 1310 3883 dicat
1350 3828 1415 3884 de
1463 3829 1682 3897 templo,
1721 3826 1815 3881 Sed

226 3924 338 3971 toto
369 3920 608 3989 populo?
632 3920 683 3974 5.
716 3919 784 3972 Et
822 3919 1026 3989 Moyses
1066 3922 1264 3991 quidem
1292 3922 1457 3989 ﬁdelis
1503 3931 1610 3974 erat
1640 3922 1816 3973 intota

224 4006 379 4062 domo
419 4011 545 4077 ejus,
600 4019 853 4078 tamquam
897 4011 1138 4079 fantultts,
1191 4012 1243 4065 in
1275 4012 1610 4065 testimonium
1644 4029 1815 4065 eorum

221 4115 339 4169 qum
358 4100 576 4153 dicenda
606 4111 769 4154 erant.
804 4102 941 4156 Ecce
971 4103 1073 4155 alia
1113 4116 1324 4172 quoque
1367 4102 1665 4157 diﬁ‘erentia
1696 4119 1815 4172 qua:

221 4196 306 4243 est
360 4203 391 4242 a
454 4188 593 4243 Filio
623 4200 678 4244 et
733 4192 922 4245 servis.
956 4191 1116 4246 Vides
1155 4192 1295 4261 quod
1347 4194 1505 4246 tacite
1554 4193 1817 4260 signiﬁcat

224 4281 619 4349 proprietatem
656 4298 753 4350 per
795 4286 1205 4353 appellationem
1266 4285 1425 4339 Filii?
1476 4285 1529 4340 6.
1589 4286 1817 4340 Christus

222 4388 341 4427 vero
396 4382 653 4443 tamquam
684 4373 856 4429 Filius
896 4376 950 4428 in
985 4376 1134 4428 domo
1178 4393 1289 4429 sua.
1318 4376 1509 4430 Vidisti
1551 4377 1817 4445 quomodo

224 4462 527 4534 distinguat
574 4479 637 4518 ac
682 4476 895 4534 separet
926 4481 1087 4535 opera
1130 4476 1182 4521 et
1210 4466 1452 4535 Opiﬁcem
1479 4506 1493 4532 ,
1549 4467 1817 4535 quomodo

216 4569 449 4611 servum
480 4567 533 4610 et
562 4556 793 4610 Filium?
820 4568 873 4613 et
902 4558 988 4612 ille
1022 4559 1237 4628 quidem
1262 4560 1311 4612 in
1346 4574 1431 4613 res
1454 4569 1703 4628 paternas
1734 4560 1816 4612 in-

223 4648 471 4716 greditur
499 4656 558 4702 ut
581 4648 769 4715 Filius,
816 4649 904 4703 hic
949 4665 1075 4703 vero
1119 4660 1175 4703 ut
1200 4665 1407 4704 servus.
1437 4648 1593 4718 Cujus
1639 4650 1819 4703 domus

221 4753 400 4792 sumus
439 4754 551 4802 nos,
578 4740 623 4791 si
647 4739 887 4807 fiduciam
937 4750 980 4794 et
1019 4741 1233 4811 gloriam
1260 4742 1365 4810 spei
1392 4757 1546 4809 usque
1574 4741 1641 4792 ad
1667 4741 1819 4805 ﬁnem

224 4829 432 4896 ﬁrmans
460 4832 784 4886 retineamus.
822 4833 917 4886 llic
946 4849 1131 4888 rursus
1156 4849 1250 4887 eos
1281 4834 1523 4887 hortatur
1565 4843 1621 4887 ut
1660 4833 1817 4888 forti-

228 4931 311 4974 ter
347 4921 651 4987 resistant,
684 4933 737 4976 et
768 4938 872 4977 non
914 4924 1130 4977 cadant.
1170 4925 1365 4978 Domus
1405 4926 1581 4989 enim,
1628 4925 1816 4994 inquit,

229 5011 438 5066 erimus
490 5012 617 5077 Dei,
648 5014 787 5068 sicut
814 5026 931 5069 erat
980 5015 1212 5086 Moyses,
1258 5018 1301 5070 si
1333 5017 1578 5071 ﬁduciam
1612 5026 1667 5072 et
1704 5018 1819 5086 spei

222 5099 609 5169 gloriationcm
659 5119 827 5174 usque
881 5105 948 5159 ad
1002 5106 1163 5159 ﬁnem
1216 5106 1424 5160 ﬁrmam
1474 5108 1818 5161 retineamus.

227 5191 326 5256 Qui
363 5193 563 5249 dolore
590 5195 826 5265 quidem,
860 5198 1047 5267 inquit,
1078 5198 1308 5253 afﬁcitur
1338 5200 1388 5253 in
1414 5200 1815 5265 tentationibus,

221 5291 274 5337 et
292 5285 485 5338 animo
511 5284 765 5349 concidit,
799 5302 904 5340 non
934 5286 1191 5356 gloriatur
1224 5308 1235 5341 :
1262 5292 1350 5358 qui
1377 5290 1578 5359 pudore
1606 5290 1811 5345 sulfuri-

226 5374 393 5434 ditur.
450 5382 511 5428 et
541 5388 602 5428 se
645 5374 957 5442 abscondit,
1009 5392 1116 5432 non
1160 5379 1321 5435 habet
1366 5380 1613 5437 ﬁduciam
1676 5402 1690 5437 :
1740 5387 1827 5454 qui

226 5473 309 5519 est
359 5466 568 5532 tristis,
617 5480 725 5520 non
765 5468 1041 5537 gioriatur.
1100 5470 1302 5526 Deinde
1328 5486 1424 5527 eos
1475 5488 1689 5544 quoque
1714 5475 1827 5528 lau-

226 5556 347 5620 dat,
399 5556 635 5610 dicens:
666 5556 729 5611 Si
776 5557 1016 5626 ﬁduciam
1044 5568 1089 5613 et
1127 5561 1477 5631 gloriationem
1525 5565 1632 5632 spei
1676 5581 1831 5632 usque

229 5647 292 5697 ad
333 5646 496 5713 ﬁnem
560 5646 763 5712 ﬁrmant
817 5650 1156 5714 retineamus;
1200 5653 1491 5708 ostendens
1545 5654 1657 5724 jam
1712 5657 1834 5710 illos

229 5734 484 5804 rmpisse.
519 5731 656 5789 Fine
683 5745 863 5791 autem
892 5748 973 5792 est
1008 5755 1163 5811 opus,
1196 5752 1248 5797 et
1278 5759 1386 5797 non
1417 5744 1590 5799 solum
1620 5757 1833 5815 oportet

232 5833 397 5892 stare,
433 5824 534 5881 sed
567 5826 731 5881 etiam
765 5826 972 5883 ﬁrmam
1004 5842 1057 5885 et
1085 5831 1331 5887 stabilem
1361 5831 1559 5892 habere
1596 5851 1746 5906 spem
1776 5837 1829 5893 in

1906 532 2225 588 rcrtitudine
2247 532 2388 592 ﬁdet.
2420 533 2639 585 minime
2668 528 3015 586 labefactatus
3037 545 3063 584 a
3094 526 3505 586 tetit.i.ionibus.

1908 626 1985 680 Ac
2014 641 2079 678 ne
2104 624 2339 689 mireris,
2368 625 2411 677 si
2437 622 2722 677 humanius
2745 623 2896 685 illud,
2926 619 3048 692 Ipse
3074 629 3292 675 tentatus
3316 620 3505 693 (llcbr.

1905 716 1961 770 2.
1998 714 2110 787 18),
2138 716 2367 769 dicatur.
2399 713 2455 769 Si
2484 716 2629 768 enim
2674 712 2743 767 de
2795 713 2953 767 Patre
2992 714 3079 783 qui
3127 726 3346 767 carnem
3398 726 3508 766 non

1908 810 2149 876 suscepit
2187 806 2318 862 dicit
2354 805 2653 876 Scriptura,
2691 804 2771 859 De
2795 806 2919 859 cwlo
2945 805 3204 875 prospexit
3233 803 3509 872 Dominus,

1907 908 1954 952 et
1985 899 2107 952 cidit
2134 914 2303 952 omna
2333 898 2467 966 ﬁlios
2498 897 2760 950 hominum
2793 895 2967 965 (Psal.
2998 897 3086 951 15.
3117 894 3211 966 2);
3252 896 3356 950 hoc
3402 904 3504 961 est,

1907 991 2089 1045 omnia
2118 1000 2305 1045 exacte
2333 998 2385 1044 et
2413 998 2663 1043 accurate
2691 988 2876 1043 didicit
2900 1004 2915 1054 ;
2945 997 2999 1042 et
3025 1004 3212 1044 rursus
3231 1026 3249 1056 ,
3281 986 3509 1043 Descen-

1909 1083 2032 1136 dens
2056 1081 2251 1147 videbo,
2281 1098 2348 1134 an
2374 1082 2656 1136 secundum
2698 1083 2971 1135 clamorem
2996 1097 3169 1135 eorum
3217 1082 3307 1149 ﬁat
3354 1080 3507 1151 (Gen.

1910 1173 1998 1229 i8.
2026 1173 2160 1239 2|);
2194 1182 2248 1229 ct
2284 1187 2506 1240 rursus,
2553 1171 2675 1226 Non
2722 1182 2882 1243 potest
2913 1171 3051 1226 Deus
3092 1176 3228 1243 ferre
3252 1173 3372 1226 vitia
3416 1170 3509 1225 lto-

1910 1266 2104 1319 ntinum
2151 1281 2169 1318 :
2226 1265 2525 1335 Scriptura,
2558 1265 2801 1334 inquam,
2840 1263 3030 1318 divina
3081 1264 3173 1317 ira:
3219 1263 3514 1319 ostendens

1912 1358 2333 1429 magnitudinem
2368 1382 2383 1412 ι
2415 1359 2585 1413 multo
2634 1358 2804 1427 magis
2852 1356 2921 1410 de
2967 1355 3186 1411 Christo
3211 1356 3301 1426 qui
3342 1367 3427 1411 est
3458 1356 3513 1409 in

1912 1461 2077 1502 carne
2145 1461 2335 1517 passus
2391 1447 2508 1501 hrcc
2546 1446 2819 1500 dicuntur.
2870 1444 3001 1499 Nam
3046 1444 3300 1514 quoniam
3359 1444 3513 1499 multi

1914 1539 2161 1594 homines
2182 1540 2492 1594 existimant
2520 1539 2910 1609 experientiam
2934 1552 3058 1593 esse
3098 1538 3349 1593 omnibus
3378 1538 3512 1594 ﬁdc-

1914 1633 2104 1688 liorem
2136 1632 2202 1686 ad
2245 1633 2633 1702 cognitionem,
2665 1631 2776 1684 vult
2804 1630 3093 1687 ostendere
3122 1645 3269 1697 eunt,
3312 1634 3401 1700 qui
3433 1640 3517 1686 est

1913 1738 2126 1793 passus,
2180 1739 2342 1779 nosse
2384 1725 2512 1794 quid
2559 1724 2791 1794 patiatur
2835 1723 3068 1801 humana
3103 1734 3312 1778 natura.
3369 1723 3518 1779 Unde

1914 1818 2096 1886 fratres
2142 1819 2323 1871 sancti.
2374 1816 2554 1881 Unde,
2602 1815 2655 1870 id
2697 1826 2813 1882 est,
2866 1826 3169 1885 propterea.
3229 1813 3517 1870 Vocationis

1915 1906 2126 1960 ccclestis
2155 1908 2447 1975 participes.
2481 1906 2619 1960 Nihil
2654 1906 2739 1961 hic
2768 1908 3023 1977 quaeratis
3043 1945 3059 1975 ,
3091 1907 3136 1960 si
3183 1906 3314 1961 illuc
3344 1907 3519 1961 vocati

1915 1997 2083 2052 estis:
2118 1998 2225 2051 illic
2267 2009 2351 2053 est
2381 2012 2623 2064 merces,
2657 1997 2766 2051 illic
2792 1997 3179 2052 remuneratio.
3210 1995 3349 2062 Quid
3386 2007 3517 2048 vero

1915 2088 2031 2141 est?
2049 2087 2374 2141 Considerate
2394 2088 2679 2157 apostolum
2691 2095 2736 2141 et
2755 2088 3047 2157 pontiﬁcem
3074 2086 3408 2157 confessionis
3423 2103 3520 2139 no-

1915 2188 2036 2231 stra:
2053 2176 2227 2231 Iesum
2260 2175 2518 2230 Christum
2550 2192 2570 2229 :
2596 2177 2685 2247 qui
2713 2177 2881 2245 ﬁdeiis
2907 2185 2979 2230 est
3019 2177 3065 2229 ei
3089 2175 3176 2246 qui
3203 2177 3318 2247 fecit
3347 2176 3519 2240 illum,

1916 2270 2048 2324 sicut
2076 2280 2123 2325 et
2157 2269 2361 2339 Moyses
2389 2268 2439 2322 in
2472 2270 2609 2322 omni
2653 2269 2804 2323 domo
2830 2270 2961 2338 ejus.
2996 2266 3133 2335 Quid
3164 2276 3268 2332 est,
3320 2267 3420 2332 Qui
3448 2277 3523 2321 est

1919 2362 2088 2431 ﬁdelis
2109 2365 2152 2417 ei
2172 2363 2260 2433 qui
2280 2363 2399 2433 fecit
2419 2363 2563 2415 illuni
2584 2362 2609 2415 .’
2634 2362 2733 2429 Qui
2765 2360 3031 2430 providet,
3052 2361 3143 2430 qui
3166 2360 3279 2415 suis
3304 2370 3520 2429 prmest,

1919 2463 1974 2509 et
2003 2469 2109 2509 non
2128 2454 2269 2508 ‘sinit
2299 2464 2353 2509 ut
2386 2464 2589 2510 temere
2622 2452 2864 2507 ferantur
2898 2461 2952 2507 et
2994 2460 3240 2522 agantur.
3293 2450 3438 2507 Sicut
3474 2461 3525 2505 et

1922 2545 2127 2617 Moyses
2152 2546 2205 2598 in
2251 2546 2389 2598 omni
2418 2544 2568 2598 domo
2601 2545 2731 2611 ejus.
2764 2543 2878 2597 Hoc
2911 2552 2995 2597 est
3016 2584 3029 2607 ,
3058 2541 3379 2612 Cognoscitc
3403 2540 3526 2612 quis

1923 2649 1977 2694 ct
2007 2637 2308 2708 cujusmodi
2336 2638 2405 2692 sit
2432 2637 2692 2707 pontifex,
2723 2644 2778 2690 ct
2817 2651 2923 2690 non
2960 2649 3096 2705 opus
3127 2633 3393 2689 habebitis
3420 2634 3524 2687 alia

1922 2730 2311 2795 consolatione,
2362 2745 2463 2785 nec
2517 2728 2918 2783 adhortatione.
2975 2725 3292 2796 Apostolum
3344 2733 3526 2780 autem

1924 2834 2079 2880 vocat
2108 2838 2173 2878 eo
2200 2822 2341 2893 quod
2389 2827 2462 2877 stt
2490 2820 2720 2883 missus;
2752 2828 2806 2873 et
2834 2817 3143 2889 pontiﬁcem
3169 2816 3529 2872 confessionis

1925 2923 2146 2974 nostra},
2178 2914 2280 2967 hoc
2323 2921 2440 2976 est,
2489 2911 2631 2964 ﬁdei.
2663 2910 2832 2964 Recte
2885 2908 3041 2971 dixit,
3092 2906 3239 2961 Sicut
3280 2905 3528 2977 Moyses:

1925 3012 2048 3052 nam
2075 3007 2125 3051 et
2155 2996 2280 3050 huic
2306 2998 2444 3050 sicut
2467 2996 2537 3049 illi
2574 2996 2672 3053 fuit
2700 2998 2989 3052 commissa
3025 2997 3205 3066 pupnli
3233 2996 3526 3066 prmfectu-

1923 3110 1979 3148 ra
2006 3103 2061 3149 et
2085 3093 2480 3148 administratio
2505 3136 2521 3162 ,
2549 3094 2644 3149 sed
2678 3095 2869 3163 major,
2903 3100 2960 3148 et
3010 3093 3061 3147 in
3092 3092 3253 3148 rebus
3302 3092 3525 3162 majori-

1920 3184 2038 3240 bus.
2070 3184 2281 3256 Moyses
2311 3186 2455 3240 enim
2486 3195 2544 3240 ιιι
2582 3185 2812 3241 famulus
2837 3194 2949 3239 erat
2976 3201 2991 3250 ;
3053 3183 3303 3239 Christus
3346 3195 3400 3240 ut
3433 3184 3525 3240 Fi-

1922 3275 2025 3330 lius
2058 3292 2073 3332 :
2107 3276 2195 3330 ille
2224 3276 2461 3341 alienos,
2496 3277 2586 3331 hic
2631 3292 2758 3331 suos
2809 3277 3051 3330 curabat.
3087 3273 3153 3327 In
3184 3277 3527 3330 testimonium

1922 3383 2093 3419 eorum
2146 3384 2259 3437 quae
2303 3368 2519 3421 dicenda
2548 3377 2711 3439 erant.
2766 3368 2900 3435 Quid
2933 3367 3105 3421 dicis?
3159 3369 3527 3423 testimonium

1922 3460 2201 3514 hominum
2252 3461 2391 3516 Deus
2439 3461 2673 3532 accipit?
2720 3461 2969 3515 Maxime.
3029 3461 3085 3515 Si
3135 3462 3277 3515 enim
3333 3463 3526 3517 cmlum

1921 3560 2149 3606 testatur
2178 3561 2231 3607 et
2259 3561 2456 3607 terram
2486 3564 2541 3607 et
2586 3555 2754 3608 colles
2774 3594 2787 3617 ,
2821 3552 3008 3607 dicens
3040 3568 3137 3623 per
3179 3552 3523 3622 prophetam,

1920 3643 2051 3696 Audi
2105 3644 2307 3711 caelum,
2355 3655 2401 3698 et
2430 3646 2661 3699 ausculta
2690 3655 2845 3709 terra,
2872 3646 3113 3715 quoniam
3155 3644 3425 3717 Dominus
3450 3651 3529 3700 lo-

1919 3742 2103 3801 quutus
2133 3744 2245 3799 est;
2298 3744 2374 3802 et,
2408 3736 2590 3789 Audite
2618 3735 2797 3802 ualles,
2833 3736 3165 3807 fundamenta
3196 3748 3343 3790 tet-rte
3370 3737 3523 3808 (lsm'.

1920 3824 1970 3877 ‘l.
2004 3824 2059 3877 2.
2118 3824 2279 3878 Miclt.
2311 3826 2363 3881 6.
2398 3826 2479 3895 ἓ),
2510 3841 2761 3895 quoniam
2789 3826 3053 3895 judicium
3085 3836 3169 3881 est
3198 3827 3426 3882 Domino
3456 3828 3525 3883 ad

1926 3918 2181 3987 populum
2212 3934 2366 3973 suum
2403 3936 2418 3974 :
2449 3921 2618 3975 multo
2649 3922 2816 3991 magis
2848 3920 3111 3975 homines.
3146 3921 3284 3989 Quid
3313 3931 3424 3987 est,
3457 3921 3526 3978 In

1920 4012 2311 4065 testimonium?
2344 4014 2452 4068 lloc
2485 4023 2587 4081 est,
2623 4023 2677 4068 ut
2726 4014 2833 4069 sint
2862 4024 3027 4069 testes
3048 4057 3062 4080 ,
3093 4016 3308 4085 quando
3338 4017 3434 4085 ipsi
3467 4031 3526 4071 se

1924 4102 2259 4171 impudenter
2293 4107 2561 4174 gesserint
2596 4123 2608 4158 :
2660 4106 2909 4161 Christus
2938 4122 3067 4161 vero
3118 4118 3387 4176 tamquam
3435 4108 3523 4162 Fi-

1924 4193 2046 4247 lius.
2078 4194 2210 4249 Nam
2261 4196 2349 4251 ille
2380 4197 2596 4266 quidem
2638 4207 2789 4252 curat
2819 4198 3025 4252 alienos
3046 4240 3060 4261 ,
3101 4197 3187 4252 hic
3216 4213 3343 4252 vero
3374 4215 3522 4254 suos.

1922 4285 1989 4340 Et
2034 4288 2385 4358 gloriationem
2414 4290 2541 4359 spei.
2595 4290 2759 4345 Recte
2804 4289 2961 4356 dixit,
3009 4288 3155 4359 Spei,
3185 4290 3437 4360 quoniam
3474 4292 3524 4345 iu

1920 4392 2014 4448 spe
2046 4380 2223 4433 omnia
2272 4390 2427 4435 erant
2458 4380 2620 4436 bona.
2649 4381 2744 4436 Sic
2775 4394 2954 4435 autem
2987 4396 3104 4435 eam
3138 4389 3353 4448 Oportet
3394 4382 3524 4435 reti-

1923 4487 2073 4535 nere,
2125 4482 2183 4527 ut
2223 4472 2332 4542 jam
2364 4474 2661 4543 gloriemur
2690 4482 2963 4543 tamquam
3008 4474 3077 4526 ob
3126 4489 3185 4527 ea
3224 4488 3345 4542 qua:
3391 4473 3525 4526 facta

1922 4575 2065 4617 sunt.
2100 4566 2393 4635 Propterea
2422 4566 2965 4631 dicit,(;loriationem
2990 4567 3117 4636 spei,
3150 4576 3202 4621 et
3224 4567 3525 4635 subjungit,

1922 4655 1999 4707 Ad
2023 4656 2173 4723 ﬁnem
2206 4658 2405 4724 ﬁrmant
2438 4658 2742 4710 retineamus
2775 4673 2793 4709 :
2821 4672 2944 4710 nam
2972 4672 3067 4726 spe
3100 4656 3231 4711 salvi
3276 4656 3398 4712 facti
3432 4672 3525 4712 su-

1923 4764 2061 4802 mus.
2097 4747 2151 4801 Si
2184 4763 2313 4816 ergo
2338 4763 2435 4818 spe
2469 4748 2598 4801 salvi
2633 4747 2755 4802 facti
2803 4764 3012 4815 sumus,
3047 4758 3099 4801 ct
3144 4765 3240 4818 per
3288 4750 3525 4804 toleran-

1923 4841 2048 4893 tiam
2078 4849 2479 4908 exspectamus,
2516 4856 2583 4894 ne
2615 4852 2837 4910 propter
2866 4853 3153 4909 praesentia
3187 4856 3425 4899 moerere
3452 4844 3529 4897 ai-

1922 4930 2185 4995 ficiamur,
2237 4947 2411 4999 neque
2463 4931 2571 4999 jam
2624 4948 2930 5001 quasramus
2981 4950 3102 5003 qure
3154 4944 3338 5005 postea
3402 4947 3529 4991 sunt

1924 5023 2203 5091 promissa.
2238 5022 2369 5093 Spes
2411 5024 2563 5089 enim,
2598 5026 2785 5096 inquit,
2811 5043 2925 5096 qua:
2950 5029 3161 5091 videtur,
3189 5046 3292 5083 non
3319 5040 3389 5084 est
3416 5049 3529 5099 spes

1923 5115 2103 5185 (Rom.
2137 5116 2190 5169 8.
2222 5114 2340 5184 2i).
2392 5115 2521 5169 Nam
2549 5120 2801 5187 quoniam
2838 5119 2976 5173 bona
3016 5130 3143 5175 sunt
3188 5138 3401 5192 magna,
3442 5123 3531 5177 hic

1923 5221 1984 5259 ea
2036 5222 2142 5259 non
2175 5221 2461 5275 possumus
2489 5211 2736 5279 accipere
2783 5210 2832 5262 in
2865 5211 2970 5264 vita
2996 5210 3161 5278 ﬁuxa,
3191 5222 3244 5267 et
3276 5215 3329 5268 in
3368 5231 3528 5283 quant

1922 5297 2066 5352 cadit
2091 5299 2356 5354 interitus.
2396 5298 2640 5366 Quanam
2664 5315 2793 5370 ergo
2819 5300 2887 5354 de
2918 5316 3078 5356 causa
3102 5317 3161 5357 ea
3202 5305 3357 5358 nobis
3386 5319 3527 5373 pras-

1924 5388 2078 5457 dixit,
2106 5405 2226 5444 cum
2275 5390 2361 5446 hic
2390 5406 2451 5443 ea
2483 5406 2589 5445 non
2620 5393 2690 5446 sit
2733 5391 3003 5447 daturus?
3046 5391 3116 5449 Ut
3169 5396 3531 5464 promissione

1926 5490 2133 5537 recreet
2162 5482 2401 5546 animos,
2433 5493 2490 5537 ut
2542 5484 2705 5538 animi
2756 5485 3088 5540 alacritatem
3141 5485 3425 5541 conﬁrmet
3467 5504 3531 5541 ac

1926 5575 2241 5629 corroboret
2272 5575 2685 5644 pollicitatione,
2718 5586 2775 5630 ut
2807 5586 3043 5632 mentem
3082 5588 3322 5633 nostram
3354 5580 3533 5649 erigat

1926 5677 1980 5719 ct
2008 5668 2225 5721 excitet.
2268 5667 2560 5733 Protiterea
2594 5668 2737 5722 enim
2768 5669 2883 5723 hazc
2914 5670 3092 5724 omnia
3125 5670 3271 5725 facta
3307 5680 3452 5725 sunt.

2001 5760 2054 5813 4.
2084 5756 2111 5811 1
2119 5758 2315 5829 mprobi
2344 5758 2619 5828 aliquando
2648 5775 2888 5828 prospere
2914 5769 3071 5830 agunt
3099 5760 3151 5814 in
3181 5761 3277 5815 hac
3303 5762 3427 5815 vita.
3456 5792 3526 5802 -

1931 5850 2007 5908 Nc
2036 5866 2164 5923 erga
2207 5851 2533 5907 turbemur:
2576 5866 2734 5909 nemo
2782 5850 2970 5907 ridens
3014 5853 3183 5908 malus
3232 5855 3370 5909 bene
3416 5869 3528 5908 rem
