4112 6344
593 404 655 463 i5!
1329 408 1381 464 S.
1423 404 1696 462 JOANNIS
1731 401 2196 461 CllRYSOSTOMI
2236 399 2547 460 ARCHIEP.
2588 406 3114 469 CONSTANTINOP.
3786 413 3862 467 ἐξ).

614 505 762 545 suam
810 508 997 562 gerere
1039 496 1404 553 conturbatur.
1450 500 1564 554 Non
1603 501 1689 556 hic
1727 513 2006 576 estneque
2038 508 2181 573 vitii,

611 598 787 652 neque
814 584 1023 639 virtutis
1061 593 1417 644 remuneratio
1447 610 1458 642 :
1490 593 1532 645 si
1567 596 1778 663 quando
1807 606 1981 652 autem
2013 599 2098 652 ﬂat
2129 610 2183 655 et

614 674 723 727 vitii
753 683 806 728 et
832 678 1038 731 virtutis
1069 681 1453 747 remuneratio,
1491 699 1595 737 non
1638 674 1812 740 tamen
1844 687 1900 740 lit
1940 704 2035 758 pro
2066 706 2152 746 me

612 764 747 829 ritis,
777 767 869 821 sed
901 769 1232 825 solummodo
1263 782 1526 843 tamquam
1566 787 1750 846 gustus
1774 779 1977 847 judicii,
2008 792 2066 836 at
2092 783 2180 851 qui

608 860 986 913 resurrectioni
1014 862 1187 916 minus
1213 865 1459 932 credunt,
1492 867 1576 922 hic
1602 885 1809 939 quoque
1836 873 2177 943 eaStigentur.

606 946 829 1012 Quando
849 963 973 1018 ergo
1001 949 1287 1008 viderimus
1309 957 1623 1012 sceleratum
1646 959 1883 1027 divitem,
1913 979 1977 1016 ne
2001 963 2180 1017 animo

604 1042 985 1107 concidamus;
1014 1046 1225 1114 quando
1255 1049 1541 1105 viderimus
1569 1051 1762 1109 bonum
1794 1054 1930 1109 male
1970 1055 2179 1125 patien—

612 1141 715 1187 tem
737 1176 750 1197 ,
784 1150 849 1188 ne
875 1138 1258 1193 conturbamur
1288 1159 1301 1193 :
1329 1156 1450 1195 nam
1496 1144 1603 1198 illic
1642 1155 1766 1200 sunt
1793 1162 2004 1203 corona:
2025 1189 2039 1215 ,
2073 1150 2177 1205 illic

604 1225 883 1293 supplicia.
911 1229 1158 1300 Aiioquin
1187 1243 1363 1287 autem
1392 1236 1503 1289 ﬂeri
1532 1253 1637 1290 non
1668 1248 1871 1307 potest,
1897 1250 1953 1294 ut
1986 1251 2041 1296 et
2068 1258 2177 1297 ma-

604 1312 687 1402 lus
714 1314 782 1368 sit
806 1319 949 1371 omni
980 1334 1044 1373 ex
1078 1330 1224 1389 parte
1264 1323 1462 1391 malus,
1496 1326 1590 1380 sed
1624 1337 1794 1395 potest
1823 1329 1939 1398 ipse
1969 1347 2178 1402 quoque

602 1400 800 1462 habere
847 1409 981 1462 bona
1007 1411 1239 1481 'aliqua;
1289 1430 1459 1484 neque
1501 1427 1556 1470 ut
1600 1420 1768 1474 bonus
1812 1422 1880 1475 sit
1926 1400 2067 1478 omni
2094 1400 2177 1479 ex

607 1508 754 1565 parte
781 1500 970 1567 bonus,
1000 1503 1091 1556 sed
1122 1513 1294 1571 potest
1322 1506 1479 1560 etiam
1506 1508 1620 1577 ipse
1644 1510 1839 1566 habere
1860 1513 2032 1581 aliqua
2058 1530 2180 1583 pec-

604 1598 740 1643 cata.
774 1592 996 1657 Quando
1023 1608 1148 1661 ergo
1174 1610 1288 1649 rem
1322 1611 1469 1650 suam
1501 1598 1638 1653 bene
1674 1602 1809 1669 gerit
1850 1603 2138 1658 sceleratus
2160 1646 2174 1667 ,

602 1679 737 1733 scito
780 1681 879 1735 hoc
925 1683 1138 1737 evenire
1183 1684 1235 1738 in
1282 1686 1476 1741 malum
1520 1689 1635 1759 ejus
1679 1691 1868 1760 capitis
1899 1713 1911 1749 :
1942 1702 1996 1747 ut
2035 1695 2172 1748 enim

598 1784 886 1839 paucorum
928 1772 1135 1828 illorum
1174 1774 1262 1830 hic
1302 1788 1518 1847 accepta
1564 1782 2025 1846 remuneratione,
2070 1784 2177 1837 illic

594 1862 791 1917 deinde
819 1864 1054 1933 perfecte
1090 1869 1357 1935 puniatur,
1386 1886 1446 1924 ea
1476 1871 1541 1926 de
1569 1888 1728 1928 causa
1757 1873 1843 1929 hic
1868 1875 2078 1945 accipit.
2110 1875 2177 1929 Et

595 1955 691 2009 ille
718 1965 803 2009 est
839 1957 1070 2012 maxime
1108 1960 1296 2014 beatus
1331 1963 1419 2030 qui
1465 1962 1551 2017 hic
1580 1963 1814 2032 punitur,
1842 1975 1903 2018 ut
1930 1966 2174 2019 omnibus

592 2044 857 2113 ‘depositis
887 2049 1115 2115 peccatis
1135 2091 1148 2113 ,
1185 2051 1435 2118 probatus
1462 2053 1588 2108 hinc
1625 2055 1811 2119 abeat,
1839 2065 1891 2109 et
1930 2072 2094 2125 purus
2123 2067 2175 2111 et

600 2130 726 2181 nulli
753 2130 921 2198 culpae
948 2132 1141 2187 affinis.
1168 2132 1234 2187 Et
1260 2134 1360 2189 hoc
1386 2151 1483 2191 nos
1503 2137 1698 2192 Paulus
1725 2153 1932 2208 quoque
1953 2139 2171 2205 docens,

596 2217 725 2272 dicit
744 2235 758 2273 :
778 2218 1053 2289 Propterea
1078 2224 1129 2276 iu
1158 2224 1291 2279 vobis
1315 2228 1459 2280 multi
1485 2230 1661 2298 (egroti
1684 2238 1727 2282 et
1749 2230 1958 2297 infirmi,
1983 2242 2029 2283 et
2051 2230 2172 2284 dor-

594 2310 756 2361 miunt
779 2312 1047 2377 permulti;
1070 2324 1121 2367 et
1150 2330 1352 2377 rursus,
1379 2315 1588 2370 Tradite
1615 2319 1903 2387 hujusmodi
1923 2321 2172 2373 hominem

598 2408 811 2462 satana’,
840 2401 891 2453 in
918 2402 1173 2456 interitum
1199 2406 1387 2467 carnis,
1420 2417 1473 2459 ut
1502 2409 1710 2475 spiritus
1736 2409 1903 2463 salvus
1927 2411 1989 2464 sit
2018 2411 2069 2463 in
2097 2412 2175 2463 die

597 2486 688 2540 illo
718 2489 795 2556 (1.
818 2489 936 2543 Cor.
966 2491 1054 2545 21.
1086 2494 1172 2547 50.
1203 2504 1249 2547 et
1278 2496 1330 2550 5.
1358 2495 1439 2563 5).
1470 2496 1533 2549 ΕΙ
1566 2498 1818 2566 propheta
1847 2498 1992 2564 dicit,
2016 2499 2173 2554 Acce-

598 2580 676 2647 pit
699 2596 899 2631 emanu
916 2582 1120 2635 Domini
1141 2585 1363 2651 duplicia
1376 2593 1585 2648 peccata
1602 2585 1649 2648 (I
1658 2587 1757 2637 sai.
1774 2585 1861 2638 40.
1880 2586 1955 2655 2);
1973 2594 2030 2640 et
2049 2602 2170 2640 rur-

600 2684 696 2722 sus
723 2667 885 2722 David
903 2709 916 2732 ,
950 2668 1077 2721 Vide
1102 2671 1341 2723 inimicos
1376 2687 1513 2724 meos
1543 2675 1668 2742 quia
1689 2676 2027 2744 multiplicati
2046 2687 2168 2731 sunt

599 2776 754 2827 super
772 2760 991 2829 capillos
1014 2762 1201 2827 capitis
1223 2764 1405 2826 mei;et
1426 2764 1543 2815 odio
1566 2765 1741 2833 iniquo
1761 2766 1982 2821 oderunt
2007 2785 2106 2832 me;
2120 2776 2169 2821 et

601 2850 807 2904 dimitte
818 2854 1215 2921 omniapeccata
1236 2870 1346 2907 mea
1362 2854 1534 2925 (Psal.
1547 2856 1634 2909 24.
1662 2858 1742 2911 19.
1767 2860 1850 2927 18)
1867 2877 1881 2925 ;
1897 2867 1948 2913 et
1972 2874 2167 2916 rursus

602 2944 758 3003 alius.
785 2942 994 2997 Domine
1024 2942 1153 2997 Deus
1182 2956 1373 3011 noster,
1402 2962 1573 3012 pacem
1603 2949 1669 3000 da
1697 2950 1838 3004 nobis
1874 2966 1891 3003 :
1917 2967 2032 3003 nam
2059 2968 2173 3004 om-

607 3039 692 3093 nia
730 3040 986 3093 reddidisti
1030 3040 1170 3093 nobis
1196 3041 1213 3107 (
1236 3037 1360 3091 Isai.
1397 3038 1483 3093 26.
1519 3038 1645 3107 12).
1676 3038 1780 3092 Sed
1813 3039 1923 3092 lucc
1957 3038 2169 3107 quidem

608 3140 731 3186 sunt
753 3130 1080 3185 ostendentis
1113 3130 1277 3183 bonos
1302 3129 1385 3182 hic
1406 3142 1590 3197 poenas
1613 3129 1757 3182 luere
1784 3143 1880 3196 pro
1898 3127 2129 3196 peccatis
2154 3144 2167 3181 :

606 3222 747 3293 quod
774 3232 948 3276 autem
989 3220 1113 3275 mali
1154 3219 1362 3289 plurimi
1404 3218 1489 3272 hic
1536 3218 1854 3287 accipientes
1892 3219 2027 3271 bona
2069 3218 2173 3271 illic

608 3314 842 3380 perfecte
873 3312 1173 3379 puniantur,
1206 3310 1328 3363 audi
1374 3309 1637 3363 Abraham
1678 3309 1939 3361 dicentem
1967 3306 2119 3361 diviti
2156 3323 2170 3359 :

610 3404 858 3473 Recepisti
884 3404 1012 3456 bona
1038 3413 1122 3454 tua
1148 3403 1199 3453 in
1222 3404 1323 3453 vita
1348 3410 1452 3465 tua,
1475 3409 1521 3453 et
1543 3398 1765 3451 Lazarus
1790 3399 2016 3451 similiter
2036 3396 2172 3449 mala

603 3496 619 3561 (
657 3494 783 3547 Luc.
818 3494 906 3548 16.
937 3492 1006 3546 25
1036 3492 1074 3561 ).
1109 3490 1361 3558 Qumnam
1417 3489 1589 3542 bona?
1622 3488 1809 3541 Dicens
1879 3486 2169 3548 bic,Rece—

612 3586 747 3651 pisti,
779 3600 882 3639 non
914 3593 1108 3646 autem,
1138 3581 1421 3649 Accepisti,
1445 3580 1674 3633 ostendit
1701 3587 1981 3647 utrumque
2009 3577 2171 3631 fuisse

606 3676 854 3730 allectum
877 3690 970 3743 pro
990 3673 1188 3737 debito,
1213 3680 1264 3725 et
1288 3672 1432 3723 illum
1458 3670 1541 3723 cui
1565 3669 1777 3723 fuerunt
1798 3684 1881 3723 res
1904 3668 2168 3732 secundae,

607 3777 661 3819 et
693 3768 831 3820 hunc
862 3765 946 3819 cui
974 3765 1245 3820 adversm:
1277 3771 1330 3817 et
1356 3762 1483 3816 dicit
1514 3779 1526 3814 :
1558 3762 1843 3829 Propterea
1876 3760 1974 3813 llic
1999 3775 2173 3812 conso—

609 3857 841 3908 lationem
873 3856 953 3908 Iiic
978 3855 1155 3923 accipit
1186 3869 1203 3907 :
1227 3853 1376 3906 vides
1402 3853 1543 3905 enim
1567 3867 1688 3906 eum
1720 3866 1838 3905 esse
1866 3851 2117 3904 mundum
2142 3864 2172 3902 a

608 3945 867 4017 peccatis;
897 3955 947 3998 tu
971 3962 1081 3999 vero
1110 3945 1367 3998 cruciaris.
1391 3943 1465 3997 Ne
1488 3958 1613 4012 ergo
1641 3942 1816 3996 tristes
1842 3942 2028 4006 simus,
2052 3955 2171 3994 cum

610 4038 895 4091 viderimus
922 4045 1226 4105 peccatores
1254 4034 1339 4089 hic
1361 4036 1512 4088 bonis
1534 4034 1673 4087 allici
1696 4051 1707 4098 ;
1733 4032 1823 4088 sed
1846 4032 2052 4101 quando
2077 4046 2170 4085 nos

606 4127 709 4195 ipsi
739 4128 872 4181 male
901 4126 1148 4196 patimur,
1180 4126 1419 4179 ltetemur
1447 4143 1457 4176 :
1493 4140 1552 4179 ea
1581 4124 1720 4177 enim
1748 4138 1835 4177 res
1862 4132 1944 4176 est
1983 4136 2170 4189 pecca-

610 4229 780 4271 torum
829 4215 1109 4271 exsolutio.
1158 4216 1231 4269 Ne
1275 4228 1573 4284 quaeramus
1635 4214 1863 4283 quietem
1894 4212 2171 4267 :Christus

606 4311 749 4363 enim
778 4309 1114 4362 afﬂictionem
1153 4307 1391 4375 promisit
1420 4306 1531 4360 suis
1562 4305 1833 4374 discipulis
1863 4322 1875 4356 :
1903 4314 1954 4359 et
1983 4303 2173 4357 Paulus

606 4401 755 4460 dicit,
788 4399 971 4452 Omnes
994 4399 1076 4465 qui
1104 4399 1183 4466 pie
1209 4398 1376 4451 volunt
1403 4397 1563 4449 vivere
1590 4397 1642 4449 in
1673 4395 1869 4448 Christo
1892 4394 2036 4458 Jesu,
2063 4410 2174 4461 per-

607 4490 943 4559 sequutionem
975 4489 1227 4557 patientur
1261 4486 1345 4557 (2.
1382 4486 1512 4539 Tim.
1554 4486 1605 4539 5.
1642 4486 1760 4554 12).
1804 4485 1985 4539 Nullus
2023 4484 2173 4538 fortis

606 4583 803 4636 athleta
836 4583 885 4634 in
916 4580 1206 4635 certamine
1233 4579 1423 4649 qumrit
1454 4579 1657 4633 lavacra
1682 4620 1695 4643 ,
1726 4588 1778 4633 et
1814 4592 2049 4632 mensam
2082 4593 2170 4631 rc-

610 4676 801 4742 pletam
834 4672 963 4725 cibis
989 4681 1041 4724 et
1077 4671 1199 4723 vino
1231 4687 1243 4723 :
1276 4669 1378 4723 hoc
1406 4684 1509 4723 non
1552 4680 1633 4722 est
1662 4670 1875 4723 athleta:
1896 4711 1909 4733 ,
1953 4668 2044 4722 sed
2073 4668 2172 4722 viri

609 4766 782 4819 mollis
807 4774 860 4819 et
885 4762 1169 4817 eﬂ‘cminati
1198 4780 1209 4815 :
1244 4777 1365 4815 nam
1394 4761 1589 4813 athleta
1620 4769 1816 4829 pugnat
1844 4775 1961 4815 cum
1994 4761 2173 4827 pulve-

607 4873 687 4918 re,
716 4858 857 4916 oleo,
889 4854 1063 4907 calore
1089 4852 1242 4912 radii,
1275 4866 1394 4905 cum
1430 4851 1593 4903 multo
1620 4850 1833 4916 sudore,
1863 4850 2167 4915 afﬂictione,

606 4958 660 5000 ct
702 4947 935 5016 angustia
975 4944 1297 4998 certaminis.
1346 4942 1454 4996 lloc
1496 4952 1576 4997 est
1622 4950 1829 5012 tempus
1869 4940 2170 5010 pugnandi;

609 5054 735 5108 ergo
763 5049 813 5093 ct
843 5039 1058 5091 vulnera
1086 5036 1399 5103 accipiendi,
1429 5044 1481 5089 et
1509 5036 1817 5105 sanguinem
1848 5035 2171 5100 eﬂ'undcndi,

610 5141 666 5182 et
686 5129 917 5183 dolendi.
948 5128 1081 5181 Audi
1104 5128 1225 5195 quid
1245 5128 1386 5179 dicat
1414 5128 1597 5181 beatus
1621 5128 1810 5181 Paulus
1836 5144 1847 5179 :
1874 5126 1962 5181 Sic
1982 5144 2170 5196 pugno,

612 5237 707 5272 non
741 5231 989 5286 tamquam
1019 5234 1182 5270 aerem
1209 5218 1466 5271 verberans
1496 5218 1568 5289 (1.
1601 5216 1715 5272 Cor.
1746 5217 1796 5271 9.
1829 5218 1939 5285 26).
1984 5218 2177 5271 Existi-

613 5325 817 5362 tnemus
863 5318 1023 5361 totam
1057 5310 1216 5362 vitam
1256 5324 1373 5363 esse
1402 5310 1466 5363 ad
1497 5323 1764 5364 certamen
1797 5311 2166 5375 constitutam,

604 5400 656 5442 ct
686 5406 969 5461 numquam
1001 5409 1296 5461 quaeremus
1325 5396 1587 5465 requiem,
1619 5413 1926 5468 numquam,
1958 5400 2005 5455 si
2034 5402 2167 5455 afﬂi-

602 5496 806 5549 gamur,
838 5482 1033 5551 aliquid
1065 5484 1183 5538 novi
1211 5494 1265 5539 et
1292 5485 1448 5541 alieni
1480 5489 1632 5541 nobis
1660 5489 1916 5545 accidisse
1956 5493 2162 5560 putabi-

604 5588 717 5625 mus
745 5591 757 5625 :
782 5575 1040 5642 siquidem
1070 5592 1239 5645 neque
1269 5578 1407 5647 pugil
1434 5580 1627 5648 aliquid
1659 5581 1778 5634 novi
1803 5591 1857 5634 et
1886 5582 2043 5637 alieni
2066 5583 2163 5638 sibi

605 5672 752 5729 putat
792 5666 1044 5720 accidisse
1065 5708 1078 5729 ,
1109 5668 1319 5735 quando
1346 5681 1425 5723 est
1468 5669 1518 5723 in
1550 5674 1855 5727 certamine.
1901 5673 2057 5727 Aliud
2088 5684 2165 5727 est

608 5763 811 5822 tempus
838 5756 1025 5824 quietis
1057 5777 1067 5810 :
1100 5776 1193 5829 per
1217 5760 1555 5817 alﬂictionem
1589 5780 1683 5818 nos
1723 5774 1929 5835 oportet
1961 5764 2161 5836 perfici.

2268 516 2485 570 Etiamsi
2519 530 2624 569 non
2652 514 2720 569 sit
2747 514 3107 585 persequutio,
3130 527 3227 567 nec
3251 511 3488 578 afﬂictio,
3508 522 3630 567 sunt
3657 519 3836 568 tamen

2267 606 2383 659 aliae
2405 605 2741 670 afﬂictiones,
2770 620 2886 674 quae
2910 604 3062 659 nobis
3088 604 3321 674 quotidie
3346 603 3591 657 accidunt
3615 620 3628 660 :
3655 603 3698 658 si
3722 603 3839 657 haec

2267 709 2440 753 autem
2470 714 2572 752 non
2602 697 2840 759 ferimus,
2874 698 2958 752 vix
2998 698 3115 752 illas
3145 698 3440 752 tulerimus.
3471 695 3721 763 Teutatio,
3750 697 3837 751 in-

2266 788 2409 858 quit,
2441 805 2527 843 vos
2555 805 2653 842 non
2682 789 3059 858 apprehendat,
3100 789 3196 842 nisi
3235 789 3455 841 humana
3483 788 3566 857 (1.
3597 786 3716 841 Cor.
3746 789 3837 843 10.

2270 880 2381 949 15).
2408 880 2573 933 Deum
2600 895 2727 949 ergo
2752 894 2985 945 oremus,
3012 894 3077 933 ne
3099 880 3357 935 intremus
3378 881 3428 934 in
3452 880 3799 933 tentationem
3824 900 3837 934 :

2268 969 2348 1022 sin
2390 979 2563 1022 autem
2606 967 2977 1024 iutraverimus
3003 1011 3018 1035 ,
3054 968 3173 1022 forti
3210 969 3387 1022 animo
3421 968 3671 1025 feramus.
3705 968 3838 1023 Nam

2270 1060 2395 1115 illud
2426 1060 2636 1130 quidem
2665 1070 2747 1115 est
2775 1060 3007 1114 virorum
3036 1059 3331 1128 sapientum
3363 1068 3417 1113 et
3442 1061 3841 1114 moderatorem

2269 1165 2327 1204 se
2358 1152 2407 1202 in
2441 1148 2670 1218 pericula
2703 1164 2807 1204 non
2838 1159 3038 1203 temere
3078 1148 3332 1217 injicere;
3371 1148 3473 1202 hoc
3510 1157 3686 1203 autem
3728 1150 3844 1203 for-

2272 1242 2400 1294 tium
2428 1250 2482 1295 et
2510 1240 2967 1309 philosophorum,
3002 1239 3227 1293 ﬁrmiter
3258 1248 3419 1302 stare,
3450 1240 3493 1293 si
3523 1240 3842 1294 incidamus.

2271 1332 2451 1400 Neque
2479 1346 2605 1400 ergo
2630 1345 2727 1384 nos
2757 1338 2954 1385 temere
2980 1329 3356 1399 projiciamus;
3389 1340 3470 1383 est
3498 1328 3641 1383 enim
3675 1330 3846 1383 auda-

2271 1426 2367 1480 cia:
2393 1434 2444 1480 et
2472 1423 2787 1479 temeritatis
2819 1440 2831 1475 :
2865 1438 3034 1494 neque
3060 1423 3107 1476 si
3135 1423 3410 1485 ducamur,
3439 1437 3537 1477 nos
3563 1423 3721 1477 rebus
3753 1437 3848 1476 vo-

2242 1560 2245 1561 ν
2271 1517 2514 1571 cantibus
2539 1516 2827 1581 cedamus;
2859 1525 2939 1571 est
2965 1517 3105 1570 enim
3134 1514 3461 1579 timiditatis;
3494 1513 3587 1569 sed
3617 1514 3659 1568 si
3692 1522 3849 1568 vocet

2272 1608 2483 1676 quidem
2531 1606 2833 1675 prmdicatio
2852 1647 2867 1669 ,
2905 1622 3010 1659 non
3041 1619 3380 1669 recusemus;
3411 1604 3456 1658 si
3484 1619 3611 1658 vero
3641 1619 3748 1657 non
3775 1603 3850 1657 sit

2274 1714 2454 1764 causa,
2479 1713 2574 1752 nec
2595 1714 2724 1753 usus
2751 1698 3003 1769 postulet,
3032 1714 3129 1753 nec
3154 1699 3443 1753 necessitas
3466 1696 3849 1752 convenienter

2275 1790 2456 1858 pietati
2479 1805 2577 1844 nos
2597 1800 2770 1856 vocet,
2804 1806 2908 1844 non
2943 1801 3142 1845 temere
3170 1805 3547 1860 procurramns
3571 1805 3585 1852 ;
3615 1804 3673 1843 ea
3702 1789 3847 1843 enim

2276 1893 2362 1933 res
2386 1886 2469 1933 est
2492 1880 2777 1933 ostentatio
2796 1919 2811 1945 ,
2843 1888 2895 1933 et
2922 1879 3094 1933 inanis
3118 1895 3179 1934 ac
3203 1893 3599 1949 supervacanea
3629 1877 3850 1932 honoris

2275 1968 2547 2038 appetitio.
2592 1970 2684 2025 Sin
2730 1979 2905 2025 autem
2951 1970 3219 2040 quidpiam
3262 1970 3456 2025 factum
3505 1969 3662 2025 fuerit
3704 1969 3849 2039 quod

2278 2061 2432 2115 laedat
2451 2063 2721 2131 pietatem,
2751 2062 2957 2116 etiamsi
2980 2071 3221 2130 oporteat
3248 2062 3393 2115 mille
3419 2072 3618 2116 mortes
3644 2060 3850 2125 subire,

2278 2154 2411 2208 nihil
2441 2170 2767 2209 recusemus.
2796 2155 2871 2209 Ne
2899 2169 3154 2224 provoces
3184 2155 3531 2218 tentationes,
3561 2154 3603 2207 si
3633 2170 3695 2207 ex
3724 2163 3853 2207 voto

2281 2245 2371 2298 tibi
2401 2245 2649 2314 procedat
2683 2246 2851 2313 pietas
2883 2266 2893 2299 :
2918 2260 3012 2298 cur
3037 2260 3429 2314 supervacanea
3459 2244 3683 2299 attraltis
3714 2246 3856 2315 peri-

2284 2338 2422 2403 cula,
2450 2353 2566 2404 qua:
2596 2337 2725 2390 lucri
2759 2336 2884 2389 nihil
2911 2335 3176 2389 alierum?

2345 2422 2399 2478 5.
2433 2418 2536 2473 Pro
2561 2420 2744 2488 pietate
2772 2414 2939 2467 omnia
2968 2412 3301 2479 suscipienda.
3329 2437 3397 2446 -—
3423 2407 3548 2462 Htcc
3574 2405 3693 2460 dico
3716 2445 3729 2468 ,
3758 2416 3855 2455 vo-

2276 2514 2389 2567 lens
2433 2524 2527 2563 vos
2570 2520 2783 2563 servare
2830 2504 2972 2572 leges
3014 2499 3243 2563 Christi,
3275 2498 3365 2566 qui
3401 2497 3552 2565 jubet
3588 2508 3741 2548 orare
3781 2508 3851 2546 ne

2274 2600 2482 2655 intretis
2512 2601 2564 2653 in
2595 2597 2939 2652 tentationem
2965 2634 2980 2658 ,
3023 2601 3073 2644 et
3113 2590 3259 2659 jubet
3294 2596 3507 2656 accepta
3540 2600 3695 2640 cruce
3725 2598 3848 2637 eum

2275 2694 2445 2763 sequi.
2468 2691 2593 2746 Hmc
2614 2689 2808 2757 quippe
2832 2700 2935 2739 non
2966 2692 3086 2737 sunt
3110 2679 3395 2743 contraria,
3427 2676 3519 2731 scd
3546 2675 3699 2729 valde
3721 2690 3855 2729 con-

2276 2792 2469 2853 gruunt
2491 2796 2552 2834 ac
2573 2779 2910 2833 conveniunt.
2941 2774 3069 2828 Nam
3096 2783 3147 2825 tu
3177 2770 3411 2840 quidem,
3437 2783 3553 2822 cum
3582 2778 3848 2836 tamquam

2276 2874 2430 2929 miles
2457 2871 2609 2925 fortis
2637 2879 2688 2922 te
2718 2866 2921 2936 pararis
2948 2874 2999 2918 et
3029 2861 3372 2924 instruxeris,
3404 2869 3519 2913 esto
3552 2858 3765 2911 assidue
3792 2856 3846 2910 itt

2276 2964 2459 3025 armis,
2487 2961 2718 3023 sobrius,
2750 2957 2991 3026 vigilans,
3026 2954 3228 3007 hostem
3261 2964 3469 3018 semper
3497 2957 3847 3017 exspectans;

2276 3053 2414 3108 bella
2440 3061 2618 3104 autem
2648 3063 2711 3102 ne
2744 3060 2990 3116 procrees
3023 3063 3034 3095 :
3070 3042 3171 3096 hoc
3208 3041 3348 3092 enim
3382 3054 3484 3093 non
3517 3046 3597 3092 est
3627 3037 3846 3100 militis,

2276 3144 2367 3199 sed
2396 3142 2655 3197 seditiosi.
2681 3140 2773 3194 Sin
2802 3147 2975 3191 autem
3003 3145 3054 3190 te
3076 3133 3277 3187 vocarit
3300 3133 3419 3185 tuba
3447 3131 3677 3200 pietatis,
3707 3129 3849 3183 illico

2277 3232 2530 3303 egredere
2554 3272 2568 3296 ,
2598 3240 2650 3283 et
2687 3228 2913 3281 animam
2946 3225 3158 3293 despice
3179 3264 3193 3289 ,
3222 3232 3275 3277 et
3304 3236 3423 3279 cum
3464 3234 3651 3288 magna
3684 3216 3847 3270 animi

2273 3321 2543 3377 alacritate
2573 3318 2861 3373 certamina
2895 3314 3180 3383 aggredere
3200 3354 3212 3374 ,
3256 3310 3523 3379 perfringe
3551 3307 3716 3360 aciem
3748 3305 3849 3359 ad-

2273 3412 2669 3477 versariorum,
2717 3407 2913 3463 diaboli
2964 3407 3167 3458 vultum
3217 3400 3543 3466 conscinde,
3590 3410 3845 3469 tropzcum

2273 3504 2437 3573 erige.
2482 3500 2575 3555 Sin
2619 3511 2793 3553 autem
2841 3496 2970 3549 nihil
3013 3494 3233 3548 laedatur
3267 3494 3467 3562 pietas,
3496 3505 3668 3559 neque
3696 3488 3844 3557 quis-

2272 3609 2429 3664 quam
2462 3600 2641 3645 nostra
2668 3586 2950 3641 labefactat
2976 3585 3239 3653 dogmata,
3270 3581 3430 3650 quod,
3461 3580 3693 3648 inquam,
3725 3576 3848 3631 atti-

2274 3693 2366 3738 net
2398 3681 2464 3736 ad
2506 3681 2767 3740 animam,
2810 3691 2980 3744 neque
3006 3674 3291 3743 quidquam
3332 3670 3539 3739 cogatis
3578 3668 3755 3721 facere
3781 3682 3847 3720 ex

2273 3772 2340 3829 iis
2365 3787 2480 3841 qua:
2509 3771 2615 3823 Deo
2642 3782 2744 3821 non
2768 3766 2997 3836 placent,
3030 3778 3097 3816 ne
3125 3773 3548 3829 supervacaneus
3588 3757 3652 3811 sit
3699 3756 3847 3809 labor

2273 3872 2414 3919 tuus.
2440 3861 2661 3931 Oportet
2687 3856 2975 3913 Christiani
3005 3856 3161 3908 vitam
3188 3867 3308 3907 esse
3336 3852 3543 3920 plenam
3567 3841 3842 3917 sanguine,

2270 3957 2547 4027 sanguine,
2578 3956 2812 4021 inquam,
2844 3965 2946 4002 non
2974 3950 3023 4000 in
3056 3944 3323 4000 fundendo
3352 3943 3541 4005 alieno,
3574 3941 3665 3995 sed
3699 3942 3748 3993 in
3780 3954 3847 3992 eo

2269 4050 2410 4119 quod
2455 4047 2526 4100 sis
2572 4052 2787 4114 paratus
2832 4050 2974 4094 tuum
3016 4036 3309 4092 eﬂ‘uudere.
3354 4032 3484 4087 Cum
3535 4040 3676 4086 tanta
3718 4046 3845 4099 ergo

2270 4138 2432 4193 animi
2486 4135 2756 4189 alacritate
2803 4130 3072 4200 preprium
3120 4124 3427 4194 sanguinem
3478 4122 3841 4184 cﬂ‘undamus,

2268 4226 2481 4298 quando
2513 4226 2613 4278 hoc
2639 4223 2798 4277 fuerit
2825 4234 2918 4289 pro
2946 4218 3177 4278 Christo,
3204 4228 3325 4267 cum
3348 4219 3541 4282 quanta
3567 4211 3843 4278 quisquam

2271 4332 2460 4387 aquam
2487 4312 2735 4369 eﬂ'udcrit
2764 4309 2981 4379 (etenim
3016 4320 3149 4374 aqua
3178 4313 3261 4356 est
3292 4301 3504 4370 sanguis
3533 4299 3621 4369 qui
3651 4313 3845 4366 corpus

2270 4403 2634 4475 circumﬂuit),
2663 4412 2716 4457 et
2740 4416 2858 4455 cum
2883 4410 3023 4453 tanta
3053 4396 3301 4450 facilitate
3327 4406 3539 4446 carnem
3565 4403 3842 4453 exuamus,

2270 4513 2390 4553 cum
2431 4503 2623 4567 quanta
2669 4502 2887 4547 vestem.
2936 4489 3048 4543 Hoc
3089 4496 3264 4540 autem
3296 4483 3433 4547 erit,
3464 4482 3505 4534 si
3540 4496 3643 4534 non
3678 4480 3845 4534 simus

2269 4588 2465 4660 alligati
2498 4586 2754 4657 pecuniis,
2786 4583 2829 4636 si
2862 4597 2965 4636 non
2994 4580 3326 4633 detineamur
3350 4573 3417 4626 ab
3448 4571 3668 4637 aedibus,
3698 4586 3725 4622 a
3755 4587 3847 4623 vo-

2271 4683 2468 4751 luptate
2492 4723 2506 4745 ,
2546 4695 2575 4733 a
2617 4676 2964 4747 praesentibus
3005 4670 3271 4727 omnibus.
3312 4666 3365 4721 Si
3404 4664 3544 4720 enim
3580 4664 3669 4732 qui
3709 4662 3845 4715 hanc

2273 4773 2433 4825 vitam
2463 4770 2660 4838 degunt
2686 4766 2993 4828 militarem,
3025 4760 3272 4814 omnibus
3302 4755 3628 4818 renuntiant,
3662 4762 3714 4807 et
3740 4768 3845 4822 quo

2271 4864 2469 4919 bellum
2495 4858 2765 4913 vocaverit
2796 4856 2902 4909 illic
2928 4854 3120 4907 adsunt
3147 4862 3199 4905 et
3234 4851 3333 4902 iter
3362 4848 3573 4907 ineunt,
3598 4854 3650 4898 et
3679 4843 3841 4897 alacri

2268 4957 2446 5010 animo
2474 4952 2648 5005 omnia
2680 4950 2905 5002 tolerant
2937 4964 2948 4998 :
2978 4942 3143 4998 multo
3172 4940 3338 5010 magis
3368 4952 3462 4991 nos
3487 4978 3501 5001 ,
3532 4936 3617 5003 qui
3660 4948 3846 4987 sumus

2268 5046 2463 5102 Christi
2494 5044 2707 5102 milites,
2739 5041 2808 5093 ita
2838 5047 3047 5106 paratos
3076 5043 3129 5087 et
3156 5034 3440 5086 instructos
3465 5043 3583 5081 esse
3608 5033 3841 5094 oportet,

2268 5145 2321 5192 et
2346 5137 2513 5191 aciem
2544 5142 2751 5188 struere
2787 5130 3041 5182 adversus
3080 5125 3272 5178 bellum
3309 5120 3578 5174 vitiorum.
3619 5116 3733 5170 Non
3761 5122 3845 5168 est

2266 5243 2405 5282 nunc
2447 5220 2818 5295 perquuutio,
2861 5228 2915 5273 et
2944 5216 3081 5271 absit
3116 5223 3175 5267 ut
3212 5214 3281 5267 sit
3323 5223 3603 5279 umquam;
3638 5206 3729 5259 sed
3761 5211 3844 5258 est

2267 5317 2408 5372 aliud
2434 5316 2648 5379 bellum,
2671 5309 2971 5380 cupiditatis
2996 5304 3357 5375 pecuniarum,
3381 5301 3581 5354 bellum
3608 5296 3837 5358 invidim,

2268 5409 2465 5465 bellum
2514 5408 2733 5459 aliarum
2780 5400 2939 5454 animi
2984 5396 3457 5465 perturbationum.
3499 5390 3609 5442 lloc
3644 5388 3837 5440 bellum

2268 5508 2492 5549 narrans
2517 5491 2645 5545 dicit
2669 5487 2863 5542 Paulus
2888 5502 2900 5537 :
2929 5482 3044 5535 Non
3077 5492 3145 5533 est
3177 5478 3318 5532 nobis
3342 5472 3629 5529 colluctatio
3660 5468 3840 5523 adver-

2266 5603 2350 5639 sus
2376 5598 2574 5637 carnem
2600 5589 2647 5633 et
2677 5575 2968 5646 sanguinem
2999 5571 3209 5642 (Ephes.
3241 5570 3293 5621 6.
3331 5567 3415 5621 12.
3448 5564 3559 5633 li).
3588 5562 3697 5616 Hoc
3725 5560 3841 5614 bel-

2269 5674 2376 5728 lum
2409 5686 2620 5741 semper
2663 5669 2841 5722 instat.
2886 5665 3173 5731 Propterea
3201 5658 3314 5712 vult
3344 5671 3439 5711 nos
3468 5666 3608 5708 stare
3635 5665 3835 5718 semper

2273 5774 2504 5822 armatos
2532 5781 2542 5814 ε
2579 5762 2721 5817 State
2759 5773 2905 5829 ergo,
2936 5753 3139 5823 inquit,
3172 5748 3410 5805 succincti
3442 5743 3624 5815 :quod
3669 5744 3839 5809 ipsum
