4112 6344
249 437 306 501 ὃ(
1105 431 1169 488 ΙΝ
1210 426 1426 487 EPIST.
1459 428 1548 484 AD
1585 424 1808 482 HEBRA

1911 421 1954 480 5.
1993 421 2145 480 CAP.
2188 421 2272 478 Ill.
2311 421 2543 478 HOMIL.
2580 421 2643 477 Υ.
3448 418 3514 471 ³ίῖ

249 545 600 613 πλουτοῦντα,
623 548 700 621 μὴ
726 548 1162 618 καταπίπτωμεν
1181 568 1195 582 ·
1218 552 1347 604 ὅταν
1379 551 1581 621 ῖδωμεν
1611 547 1820 616 ἀγαθὸν

248 635 425 698 κακῶς
454 636 754 705 πάσχοντα,
786 633 860 704 μὴ
903 633 1261 706 θορυϐώμεθα
1281 653 1295 666 ·
1332 637 1450 688 ἐκεῖ
1474 636 1583 704 γὰρ
1618 635 1666 686 οί
1697 633 1819 685 στέ-

246 733 417 785 φανοι,
449 719 568 770 ἐκεῖ
591 720 686 770 καὶ
715 718 770 769 αί
802 717 1070 778 κολάσεις.
1099 719 1207 771 Καὶ
1235 717 1409 780 ἄλλως
1441 716 1498 770 δέ
1533 715 1632 770 οὐκ
1671 714 1819 766 ἔστιν

243 797 360 853 οὐτε
404 816 502 853 τον
553 800 744 866 κακὸν,
776 800 953 870 πάντῃ
985 795 1127 852 εἶναι
1171 801 1343 854 κακὸν
1390 799 1506 854 ἀλλ’
1535 800 1652 852 ἔστι
1694 798 1819 851 τινά

241 883 380 953 ἔχειν
405 884 574 938 αὐτὸν
604 885 694 937 καὶ
723 883 904 950 ἀγαθά
924 899 939 913 ⁸
972 881 1094 936 οὔτε
1127 884 1220 936 τὸν
1248 885 1450 953 ἀγαθὸν
1478 885 1654 956 πάντῃ
1677 878 1816 934 εἶναι

241 965 461 1032 ἀγαθὸν,
516 967 630 1022 ἀλλ’
671 966 820 1036 ἔχειν
877 967 998 1019 τινὰ
1050 967 1144 1019 καὶ
1208 967 1605 1038 ἁμαρτήματα.
1646 966 1816 1018 Ὅταν

238 1045 328 1102 οὖν
359 1048 616 1119 εὐπραγῇ
651 1049 679 1100 6
707 1049 963 1118 πονηρὸς,
991 1047 1101 1102 ῖσθι
1142 1049 1224 1102 ὅτι
1248 1051 1339 1101 ἐπὶ
1373 1049 1531 1119 κακῷ
1562 1049 1660 1116 τῆς
1684 1048 1812 1099 ἐαυο

238 1130 326 1183 τοῦ
367 1129 648 1200 κεφαλῆς
685 1130 770 1183 ῐνα
805 1133 916 1202 γὰρ
942 1131 1168 1184 ἐκείνων
1193 1131 1300 1184 τῶν
1342 1131 1539 1198 ὀλίγων
1591 1129 1814 1196 ἀγαθῶν

235 1212 328 1282 τὴν
358 1211 638 1265 ἀντίδοσιν
687 1213 927 1267 ἐνταῦθα
969 1213 1173 1280 λαϐὼν,
1223 1215 1344 1267 ἐκεῖ
1386 1213 1580 1266 λοιπὸν
1629 1211 1814 1264 τέλεον

235 1291 550 1363 κολάζηται,
583 1293 773 1347 τούτου
807 1296 968 1366 χάριν
1003 1294 1240 1356 ἐνταῦθα
1269 1295 1669 1366 ἀπολαμϐάνει.
1705 1294 1814 1346 Καὶ

237 1376 507 1447 μακάριος
536 1378 747 1440 ἐκεῖνος
770 1379 1009 1447 μάλιστά
1047 1380 1197 1431 ἐστιν
1239 1381 1268 1432 6
1320 1379 1558 1433 ἐνταῦθα
1588 1377 1813 1444 κολαζόσ

237 1473 415 1526 μενος,
447 1458 536 1511 ἵνα
567 1459 745 1512 πάντα
774 1461 1112 1531 ἀποθέμενος
1142 1461 1210 1514 τά
1240 1461 1636 1534 ἁμαρτήματα,
1670 1462 1811 1514 £666-

235 1555 392 1607 κιμος
423 1541 524 1593 καὶ
564 1541 804 1609 καθαρὸς
825 1543 982 1616 ἀπίῃ,
1015 1547 1109 1598 καὶ
1145 1544 1458 1606 ἀνεύθυνος.
1511 1545 1619 1597 Καὶ
1653 1542 1812 1596 τοῦτο

231 1620 498 1674 διδάσκων
527 1625 676 1692 ἡμᾶς
710 1626 738 1676 6
767 1624 1000 1688 Παῦλος,
1027 1626 1160 1697 φησί
1182 1641 1194 1654 ·
1221 1624 1324 1679 Διὰ
1367 1627 1545 1681 τοῦτο
1575 1628 1646 1680 ἐν
1669 1627 1812 1696 ὑμῖν

231 1704 447 1758 πολλοὶ
500 1706 784 1772 ἀσθενεῖς
824 1708 924 1762 καί
974 1707 1297 1776 ἄρρωστοι,
1339 1709 1436 1763 καί
1488 1708 1809 1779 κοιμῶνται

231 1787 428 1838 ἱκανοί
451 1803 468 1818 ·
511 1790 606 1841 καὶ
651 1789 836 1853 πάλιν,
891 1789 1198 1858 Παρόδοτε
1255 1791 1364 1843 τὸν
1417 1793 1691 1846 τοιοῦτον
1728 1791 1810 1857 τῷ

231 1866 466 1934 Σατανᾷ
499 1873 588 1937 είς
628 1871 878 1940 ὄλεθρον
900 1871 1010 1945 τῆς
1037 1876 1286 1942 σαρκὸς,
1327 1877 1429 1929 ἵνα
1467 1877 1531 1929 τὸ
1571 1875 1811 1944 πνεῦμα

230 1946 394 2016 σωθῇ
424 1949 500 2002 ἐν
532 1949 606 2018 τῇ
637 1950 827 2020 ἡμέρᾳ
854 1952 1080 2019 ἐκείνῃ.
1108 1955 1220 2006 Καὶ
1247 1955 1275 2007 6
1307 1956 1595 2024 προφήτης
1620 1958 1807 2025 φησὶν,

228 2030 304 2084 ὅτι
357 2030 643 2096 Ἑδέξατο
659 2035 725 2087 ἐκ
749 2036 947 2103 χειρὸς
981 2038 1202 2103 Κυρίου
1242 2037 1429 2091 διπλᾶ
1451 2039 1522 2090 τὰ
1551 2039 1810 2107 ἁμαρτή-

222 2129 378 2181 ματα
399 2130 414 2144 ⁸
452 2116 550 2168 καὶ
582 2116 744 2168 πάλιν
776 2119 804 2169 6
829 2117 1014 2182 Δαυῒδ,
1047 2118 1172 2172 Ἴδε
1205 2119 1345 2186 τοὺς
1372 2121 1626 2189 ἐχθρούς
1653 2140 1806 2190 μου,

227 2195 312 2250 ὅτι
332 2197 814 2266 ἐκληθύνθησαν
833 2199 988 2268 ὑπὲρ
1018 2201 1122 2267 τὰς
1150 2203 1356 2272 τρίχας
1385 2203 1495 2271 τῆς
1536 2203 1811 2273 κεφαλῆς

221 2298 358 2350 μου.
395 2283 500 2336 καί
545 2284 728 2352 μῖσος
775 2285 988 2340 ἄδικον
1046 2287 1354 2356 ἐμίσησάν
1394 2306 1490 2358 με,
1525 2289 1624 2343 καί
1660 2290 1809 2358 ἄφες

225 2363 426 2431 πάσας
455 2367 567 2430 τὰς
587 2368 877 2438 ἁμαρτίας
908 2387 1029 2439 μου
1051 2387 1064 2400 ·
1089 2373 1184 2425 καὶ
1211 2371 1376 2426 πάλιν
1398 2373 1606 2442 ἔτερος,
1632 2375 1809 2441 Κύριε

226 2448 258 2499 δ
289 2448 436 2514 Θεὸς
459 2450 653 2517 ἡμῶν,
683 2452 937 2519 εἰρήνην
958 2453 1066 2518 δὸς
1097 2456 1270 2522 ἡμῖν’
1329 2453 1527 2508 πάντα
1560 2457 1671 2525 Αμὰρ
1697 2458 1808 2510 ἀπ-

228 2527 450 2597 έδωκας
480 2531 597 2604 [58]
627 2532 794 2601 ἡμῖν.
832 2533 995 2586 Ἀλλά
1021 2535 1194 2589 ταῦτα
1237 2537 1335 2606 μὲν
1352 2538 1658 2602 δεικνύντος
1690 2541 1808 2592 ἐστὶ

225 2615 348 2675 τοὺς
405 2616 611 2679 καλοὺς
665 2617 762 2680 τάς
825 2618 970 2689 ὑπὲρ
1010 2619 1119 2671 τῶν
1175 2621 1597 2691 ἁμαρτημάτων
1653 2622 1806 2686 δίκας

223 2695 456 2750 ἐνταῦθα
479 2697 966 2768 ἀπολαμϐάνοντας
992 2718 1004 2730 ο
1035 2703 1136 2754 ποῦ
1167 2702 1224 2754 62-:
1251 2705 1321 2754 τά
1357 2704 1540 2769 ἀγαθά
1564 2706 1611 2758 οί
1642 2723 1809 2775 πονη-

229 2781 310 2850 ροὶ
349 2781 838 2850 ἀπολαμϐάνοντες
865 2783 1122 2849 ἐνταῦθα,
1176 2787 1295 2838 ἐκεῖ
1322 2786 1506 2839 τέλεον
1551 2788 1807 2852 κολάζον-

221 2879 345 2930 ται;
377 2866 584 2919 Ἀκουε
605 2865 700 2918 τοῦ
737 2866 992 2937 Ἀϐραὰμ
1025 2867 1279 2936 λέγοντος
1321 2870 1460 2940 πρὸς
1511 2872 1603 2924 τὸν
1646 2872 1808 2926 πλού-

226 2962 364 2999 σιον·
430 2947 762 3014 Ἀπέλαϐες
815 2951 887 3004 τὰ
932 2951 1123 3020 ἀγαθά
1164 2967 1284 3005 σου
1329 2951 1495 3020 ἐνστῇ
1521 2954 1635 3023 ζωῇ
1665 2973 1804 3020 σου,

223 3030 317 3082 καὶ
345 3029 615 3098 Λάζαρος
665 3033 883 3100 ὁμοίως
931 3034 1003 3086 τὰ
1055 3033 1226 3087 κακά.
1287 3034 1445 3105 [Ποῖα
1498 3039 1679 3106 ἀγαθά
1713 3039 1804 3112 ις]

235 3112 504 3166 Ἐνταῦθα
532 3113 642 3184 γὰρ
696 3113 778 3178 τὸ,
838 3116 1189 3184 Ἀπέλασες,
1239 3116 1373 3171 ἀλλά
1441 3119 1535 3190 μὴ,
1593 3121 1802 3187 ἔλαϐες,

226 3197 414 3261 εἰπὼν,
449 3197 697 3250 δείκνυσι
731 3199 876 3251 κατά
923 3199 1146 3270 ὀφειλὴν
1191 3201 1486 3272 ἑκατέρους
1513 3203 1802 3269 παθόντας,

224 3280 427 3334 καὶτὸν
464 3280 566 3350 μὲν
598 3281 656 3332 ἐν
689 3281 987 3352 εὐπραγίᾳ,
1008 3284 1100 3336 τὸν
1132 3284 1186 3337 δέ
1223 3286 1279 3336 ἐν
1310 3281 1622 3358 δυσπραγίᾳ
1650 3290 1806 3356 γενό-

225 3379 415 3431 μενον⁹
449 3364 546 3416 καί
569 3381 720 3438 φηᾳ,
751 3363 840 3418 διὰ
857 3365 1015 3418 τοῦτο
1039 3362 1230 3433 Οὗτος
1252 3369 1512 3441 ἐνταῦθα
1541 3386 1808 3438 παρακα-

223 3445 452 3500 λεῖται·
513 3447 650 3518 ὁρᾷς
680 3448 790 3518 γάρ
841 3450 1010 3502 αὐτὸν
1049 3448 1291 3523 καθαρὸν
1343 3452 1763 3524 ἁμαρτημάτων
1791 3473 1803 3486 ·

223 3527 424 3581 καὶσὺ
471 3527 792 3583 ὀδυνᾶσαι.
849 3531 942 3600 Μὴ
984 3531 1166 3584 τοίνυν
1211 3531 1491 3603 ἀλύωμεν,
1535 3534 1664 3588 ὅταν
1715 3538 1807 3588 εύ-

223 3611 532 3674 παθοῦντας
562 3612 780 3681 ὁρῶμεν
811 3613 1048 3667 ἐνταῦθα
1081 3616 1207 3678 τοὺς
1245 3616 1636 3686 ἁμαρτωλοὺς,
1687 3619 1806 3672 ἀλλ’

221 3693 348 3746 ὅταν
368 3694 563 3756 κακῶς
596 3695 898 3765 πάσχωμεν
924 3695 1098 3761 αὐτοὶ,
1153 3699 1434 3767 χαίρωμεν
1452 3717 1468 3731 ο
1520 3701 1806 3772 ἀμαρτιῶν

223 3777 325 3846 γάρ
357 3779 479 3830 ἐστι
518 3777 580 3829 τὸ
614 3779 853 3847 πρᾶγμα
887 3777 1098 3842 ἔκτισις
1124 3797 1139 3810 ο
1175 3779 1253 3850 μὴ
1301 3782 1558 3852 ζητῶμεν
1584 3784 1768 3838 ἄνεσιν
1790 3803 1803 3816 ο

224 3858 398 3930 θλίψιν
433 3861 550 3931 γάρ
571 3861 944 3928 ἐπηγγείλατο
971 3863 1086 3924 τοῖς
1112 3863 1278 3916 αὐτοῦ
1303 3866 1577 3934 μαθηταῖς
1613 3871 1641 3920 6
1673 3869 1810 3937 Χριο

224 3943 375 4006 στόςο
403 3943 505 3996 καί
535 3961 700 4013 φησιν
731 3946 759 3996 6
789 3943 1020 4005 Παῦλοςο
1055 3943 1285 4011 Πάντες
1306 3950 1360 4000 οί
1384 3947 1668 4014 θέλοντες
1701 3949 1808 4018 ζῇν

221 4026 486 4092 εὐσεϐῶς
511 4028 579 4081 ἐν
601 4027 832 4096 Χριστῷ
868 4027 1089 4096 Ἰησοῦ,
1121 4028 1586 4098 διωχθήσονται.
1618 4035 1806 4099 Οὐδεὶς

220 4115 468 4178 γενναῖος
504 4111 746 4181 ἀθλητὴς
780 4111 839 4162 ἐν
874 4112 951 4181 τῷ
985 4112 1273 4181 σκάμματι
1304 4113 1507 4184 λουτρά
1533 4116 1804 4189 ἐπιζητεῖ,

221 4194 314 4248 καὶ
342 4195 632 4264 τράπεζαν
662 4193 969 4262 πλήθουσαν
1002 4197 1192 4258 σιτίοις
1217 4197 1310 4248 καὶ
1335 4199 1462 4268 οϊνῳ
1488 4216 1501 4228 ο
1529 4200 1690 4254 τοῦτο
1709 4205 1808 4257 οὐκ

219 4277 363 4330 ἔστιν
380 4275 650 4345 ἀθλητοῦ,
680 4277 815 4329 άλλά
838 4276 1034 4344 βλακός
1054 4294 1066 4306 ·
1097 4280 1125 4330 6
1155 4277 1264 4348 γάρ
1297 4280 1537 4351 ἀθλητὴς
1574 4285 1806 4356 μάχεται

220 4361 385 4421 κόνει,
401 4360 594 4429 ἐλαίῳ,
613 4361 832 4421 ἀκτῖνος
848 4359 1165 4430 Θερμότητι,
1190 4361 1372 4432 ἱδρῶτι
1387 4366 1588 4435 πολλῷ,
1608 4369 1805 4439 θλίψει,

221 4446 311 4496 καὶ
336 4443 679 4512 σπνοχωρία
703 4442 934 4508 ἀγῶνος.
954 4439 1120 4507 Οὗτός
1142 4445 1371 4500 ἐστικαὶ
1394 4449 1488 4500 τοῦ
1512 4454 1808 4507 πυκτεύειν

219 4524 248 4576 6
274 4525 504 4595 καιρός·
535 4525 731 4578 οὐκοῦν
768 4525 862 4577 καὶ
916 4526 1010 4579 τοῦ
1052 4528 1344 4598 τραύματα
1376 4530 1677 4601 λαμϐάνειν
1713 4538 1809 4589 καὶ

220 4606 586 4678 αίμάττεσθαι
640 4609 734 4660 καὶ
766 4609 972 4676 ἀλγεῖν.
1013 4611 1285 4664 Ἄκουσον
1317 4613 1370 4665 τί
1428 4633 1594 4684 φησιν
1652 4619 1679 4670 6
1705 4639 1810 4689 μα-

219 4691 411 4760 κάριος
436 4689 654 4752 Παῦλος
677 4707 690 4720 ·
705 4691 871 4744 Οὕτω
893 4693 1168 4746 πυκτεύω
1188 4694 1267 4758 ὡς
1295 4697 1406 4748 οὐκ
1428 4697 1574 4764 ἀέρα
1596 4698 1803 4767 δέρων.

219 4772 404 4826 Πάντα
433 4772 533 4824 τὸν
565 4772 679 4840 βίον
711 4773 1004 4841 ἐναγώνιον
1052 4773 1192 4827 εἶναι
1222 4778 1559 4848 νομίσωμεν,
1592 4784 1687 4835 καὶ
1717 4786 1807 4838 ού-

217 4853 408 4906 δέποτε
439 4853 754 4906 ἀνάπαυσιν
811 4855 1146 4926 ζητήσομεν,
1203 4857 1459 4912 οὐδέποτε
1495 4861 1806 4933 θλιϐόμενοι

221 4933 701 5006 ξινοπαθήσομεν·
739 4937 897 5008 εῐπερ
943 4939 1076 5008 μηδέ
1140 4940 1373 5011 πύκτης,
1406 4943 1494 4995 ὅτε
1547 4946 1604 4997 ἐν
1637 4949 1806 5014 ἀγῶνί

219 5018 353 5080 ἐστι,
374 5019 689 5086 ξενοπαθεῖ.
725 5021 954 5094 Ἔτερός
971 5023 1118 5074 ἐστιν
1145 5023 1174 5074 6
1199 5023 1294 5091 τῆς
1318 5025 1556 5090 ἀνέσεως
1581 5032 1770 5099 καιρός
1789 5049 1803 5062 ο

219 5101 302 5155 διὰ
332 5103 578 5171 θλίψεως
609 5103 754 5172 ἡμᾶς
783 5104 1136 5175 τελειωθῆναι
1181 5106 1283 5161 δεῖ.
1337 5108 1397 5160 Ei
1447 5112 1541 5162 καὶ
1573 5113 1646 5182 μὴ
1680 5116 1804 5167 διω-

218 5189 356 5257 γμός
386 5189 508 5240 ἐστι
535 5187 668 5257 μηδέ
703 5188 900 5256 θλῖψις,
954 5189 1069 5242 ἀλλ’
1100 5191 1237 5243 εἰσὶν
1264 5191 1448 5263 ἔτεραι
1485 5194 1711 5265 θλίψεις,
1749 5203 1803 5252 αἱ

219 5270 339 5321 καθ’
377 5270 625 5338 ἑκάστην
674 5273 891 5340 ἡμέραν
943 5274 1077 5342 ἡμῖν
1141 5276 1589 5342 συμπίπτουσαι·
1645 5282 1692 5332 εἰ
1749 5282 1804 5335 δὲ

218 5353 420 5414 ταύτας
471 5354 537 5404 οὐ
575 5345 835 5423 φέρομεν,
892 5356 1054 5426 σχολῇ
1111 5373 1175 5424 γε
1221 5359 1437 5422 ἐκείνας
1484 5362 1803 5434 ἐνέγκοιμεν

221 5433 302 5517 άν.
346 5436 698 5517 Ιῖειρασμὸς
713 5436 912 5517 τιμᾶς-
941 5439 1049 5491 οὐκ
1099 5439 1334 5517 εἴληφε,
1402 5446 1589 5514 φησὶν,
1624 5451 1676 5500 εὶ
1710 5433 1803 5517 ἐμὴ

220 5511 617 5579 ἀνθρώπινος.
661 5513 960 5583 Εύχώμεθα
1003 5518 1100 5584 μέν
1137 5515 1229 5572 οὖν
1259 5521 1334 5590 τῷ
1368 5511 1485 5592 Θεῷ
1519 5525 1592 5593 μὴ
1636 5511 1808 5579 sia-5k:-

221 5593 330 5676 θεῖν
357 5598 439 5657 εἰς
491 5598 802 5664 πειρασμόν
829 5615 842 5627 ·
885 5599 1225 5663 είσελθόντες
1265 5601 1344 5671 δὲ’,
1391 5605 1649 5676 φέρωμεν
1683 5627 1804 5676 γεν-

223 5675 407 5741 ναίως.
465 5677 676 5732 Ἐκεῖνο
734 5680 833 5752 μὲν
867 5683 974 5753 γὰρ
1026 5688 1320 5755 σωφρόνων
1365 5690 1595 5761 ἀνδρῶν,
1633 5675 1702 5747 16
1731 5695 1804 5764 μὴ

281 5845 308 5873 ⁸
343 5842 507 5894 Verba
537 5846 650 5894 ποῖα
687 5846 757 5908 ἀγ.
783 5861 794 5905 ;
825 5861 918 5896 non
940 5849 1081 5898 habet
1111 5851 1254 5902 εει-η.

1926 545 2194 610 κινδύνοις
2237 545 2596 616 ἐπιῤῥίπτειν
2628 538 2888 603 ἑαυτούς·
2924 537 3084 592 τοῦτο
3135 537 3192 592 δέ
3245 536 3512 603 γενναίων

1921 631 2016 682 καὶ
2055 630 2391 700 φιλοσόφων,
2420 626 2482 682 τὸ
2513 623 2765 679 ἵστασθαι
2815 623 3177 694 ἐμπεσόντας.
3231 621 3386 691 Μήτε
3416 619 3511 672 οὐν

1920 705 2342 784 ἐπιρῤίπτωμεν
2401 711 2637 773 ἑαυτοὺς
2693 706 2911 770 ἁπλῶςσ
2973 704 3316 776 θρασύτητος
3356 704 3510 773 γάρ’

1922 796 2060 866 μήτε
2121 797 2403 866 ἀγόμενοι,
2468 793 2564 848 καὶ
2610 793 2719 847 τῶν
2783 790 3130 868 πραγμάτων
3174 787 3504 850 καλούντων,

1918 878 2212 949 ἐνδιδῶμεν
2241 896 2254 908 ·
2286 877 2494 939 δειλίας
2523 878 2634 947 γάρ
2663 891 2677 906 °
2709 874 2824 928 ἀλλ’
2849 874 2944 927 ἐὰν
2993 873 3090 944 μὲν
3137 871 3199 923 16
3242 871 3508 940 κήρυγμα

1917 961 2080 1032 καλῇ,
2117 961 2191 1031 μὴ
2217 958 2624 1031 παραιτώμεθα
2644 975 2657 988 ·
2695 957 2884 1020 ἅπλῶς
2905 955 2982 1018 δέ,
3015 955 3197 1018 αἰτίας
3219 954 3292 1024 μὴ
3313 953 3503 1024 οὐσης,

1920 1046 2056 1114 μήτε
2083 1043 2197 1116 [59]
2229 1045 2440 1116 χρείας,
2470 1037 2609 1114 μήτε
2638 1042 2884 1109 ἀνάγκης
2899 1040 3000 1108 τῆς
3023 1039 3166 1092 κατά
3192 1037 3506 1091 θεοσέϐειαν

1917 1127 2212 1197 καλούσης,
2256 1129 2330 1198 μὴ
2366 1127 2789 1197 ἐπιτρέχωμενο
2835 1121 3096 1187 ἐπίδειξις
3129 1122 3236 1194 γάρ
3277 1123 3392 1174 ἐστι
3436 1120 3500 1173 16

1916 1211 2176 1280 πρᾶγμα,
2209 1212 2303 1263 καὶ
2335 1209 2621 1279 φιλοτιμία
2657 1209 2910 1280 περιττή.
2954 1205 3079 1259 Ἐάν
3110 1206 3168 1258 δέ
3200 1203 3379 1257 τιτῶν
3402 1203 3501 1273 τὴν

1916 1292 2202 1347 εὐσέϐειαν
2254 1291 2766 1364 παραϐλαπτόντων
2817 1290 3059 1360 γίνηται,
3107 1287 3215 1342 κᾶν
3275 1287 3499 1357 μυρίους

1917 1375 2220 1445 ὑποστῆναι
2250 1376 2346 1448 δέῃ
2388 1376 2679 1439 θανάτους,
2737 1374 2902 1445 μηδὲν
2952 1371 3372 1443 παραιτώμεθα.
3408 1371 3500 1439 Μὴ

1915 1459 2228 1531 προσκαλοῦ
2261 1462 2387 1524 τοὺς
2417 1459 2782 1530 πειρασμοὺς,
2813 1460 2942 1511 ὅταν
2978 1474 3059 1510 σοι
3090 1456 3157 1508 τά
3209 1455 3350 1507 κατά
3400 1453 3500 1522 τὴν

1915 1542 2197 1597 εὐσέϐειαν
2229 1545 2490 1613 προχωρῇ
2525 1541 2599 1606 ὡς
2647 1542 2864 1604 ποθεῖς
2916 1541 2968 1594 τί
3033 1539 3329 1610 περιττοὺς
3378 1540 3499 1589 ἐπι-

1915 1628 2119 1680 σπᾶσαι
2153 1627 2435 1690 κινδύνους
2467 1626 2620 1680 οὐδὲν
2653 1625 2846 1697 κέρδος
2885 1625 3144 1695 ἔχοντας;

1983 1785 2043 1843 ε’.
2066 1787 2251 1841 Ταῦτα
2269 1787 2413 1855 λέγω
2434 1787 2759 1858 βουλόμενος
2785 1788 2928 1858 ὑμᾶς
2947 1785 3239 1854 φυλάττειν
3258 1785 3384 1846 τοὺς
3415 1783 3501 1837 νό-

1915 1887 2049 1940 μους
2074 1870 2168 1924 τοῦ
2204 1870 2445 1940 Χριστοῦ
2483 1869 2804 1932 κελεύοντος
2837 1868 3095 1937 εὐχεσθαι
3134 1869 3208 1937 μὴ
3237 1865 3501 1920 εἰσελθεῖν

1913 1956 1991 2015 εἰς
2023 1952 2348 2022 πειρασμὸν,
2393 1953 2489 2006 καὶ
2534 1953 2855 2015 κελεύοντος
2910 1951 3074 2004 πάλιν
3126 1951 3221 2003 16v
3263 1949 3500 2020 σταυρὸν

1911 2038 2174 2100 λαϐόντας
2199 2036 2518 2091 ἀκολουθεῖν
2541 2037 2710 2108 αὐτῷ.
2742 2034 2929 2089 Ταῦτα
2957 2035 3056 2103 μὲν
3081 2034 3192 2104 γὰρ
3219 2034 3318 2085 οὐκ
3349 2033 3498 2085 ἔστιν

1913 2123 2152 2187 ἐναντία,
2180 2121 2315 2177 ἀλλὰ
2360 2123 2454 2174 καὶ
2507 2123 2712 2192 σφόδρα
2758 2120 3078 2190 συνᾴδοντα.
3139 2118 3212 2168 Σὺ
3262 2119 3360 2187 μὲν
3403 2113 3502 2170 οὖν

1911 2205 2054 2258 οὕτω
2079 2207 2464 2276 παρεσκεύασο
2496 2205 2570 2268 ώς
2605 2200 2950 2272 στρατιώτης
2990 2203 3260 2269 γενναῖος,
3293 2202 3351 2253 ἐν
3385 2202 3500 2261 τοῖς

1910 2289 2098 2352 ὅπλοις
2139 2290 2231 2342 ἔσο
2277 2289 2560 2361 διηνεκῶς,
2605 2289 2816 2358 νήφων,
2875 2284 3222 2358 ἐγρηγορὼς,
3273 2284 3362 2337 ἀεὶ
3406 2283 3500 2336 τὸν

1911 2373 2172 2442 πολέμιον
2215 2371 2570 2442 προσδοκῶν·
2616 2370 2889 2439 πολέμους
2943 2368 3130 2437 μέντοι
3198 2367 3271 2436 μὴ
3307 2366 3495 2418 τίκτε·

1909 2455 2066 2508 τοῦτο
2085 2455 2194 2525 γὰρ
2221 2457 2319 2508 οὐκ
2341 2455 2454 2508 ἔστι
2469 2453 2824 2526 στρατιώτου,
2845 2453 2980 2505 ἀλλά
3004 2450 3353 2503 στασιαστοῦ.
3373 2448 3502 2501 Ἐάν

1907 2539 2020 2607 δέὴ
2051 2539 2151 2607 τῆς
2185 2538 2470 2600 εὐσεϐείας
2499 2536 2740 2604 σάλπιγξ
2764 2537 2928 2604 καλῇ.
2960 2535 3165 2595 εὐθέως
3197 2533 3357 2598 ἔξιθι,
3403 2533 3497 2584 καὶ

1909 2621 2327 2689 καταφρόνησον
2357 2620 2455 2688 τῆς
2480 2620 2679 2689 ψυχῆς,
2719 2619 2816 2670 καὶ
2866 2614 3067 2686 ἔμϐηθι
3101 2618 3243 2684 μετά
3295 2615 3500 2685 πολλῆς

1908 2705 2006 2772 τῆς
2029 2703 2345 2774 προθυμίας
2371 2705 2451 2765 είς
2479 2704 2606 2765 τοὺς
2636 2702 2878 2770 ἀγῶνας,
2910 2700 3074 2772 ῥῆξον
3108 2699 3207 2770 τὴν
3240 2699 3497 2767 φάλαγγα

1908 2788 2016 2840 τῶν
2042 2787 2322 2848 ἐναντίων,
2353 2785 2635 2854 σύγκοψον
2660 2785 2720 2838 τὸ
2744 2785 3037 2854 πρόσωπον
3082 2784 3178 2836 τοῦ
3221 2783 3497 2844 διαϐόλου,

1912 2870 2108 2938 στῆσον
2140 2869 2200 2921 τὸ
2226 2868 2521 2940 τρόπαιονο
2557 2868 2652 2920 ἐάν
2682 2867 2738 2920 δέ
2767 2867 2934 2937 μηδὲν
2964 2869 2997 2937 ἡ
3022 2867 3276 2919 εὐσέϐεια
3314 2878 3498 2936 παρα-

1908 2949 2242 3020 ϐλάπτηται,
2281 2951 2418 3020 μηδέ
2445 2949 2622 3021 πὀρθῇ
2676 2967 2759 3014 τις
2808 2950 2876 3002 τὰ
2931 2951 3178 3020 ἡμέτερα
3225 2950 3496 3018 δόγματα.

1907 3034 1974 3085 τὰ
2007 3033 2149 3086 κατά
2181 3034 2282 3103 τὴν
2313 3034 2492 3104 ψυχὴν
2515 3033 2681 3102 λέγω.
2722 3033 2858 3103 μηδὲ
2888 3033 3176 3102 ἀναγκάζῃ
3228 3049 3280 3084 τι
3321 3035 3500 3085 ποιεῖν

1907 3114 2012 3167 τῶν
2049 3115 2122 3185 μὴ
2154 3115 2457 3168 δοκούντων
2487 3115 2566 3186 τῷ
2595 3115 2739 3184 Θεῷ,
2775 3115 2852 3185 μὴ
2891 3115 3148 3182 περιττὸς
3172 3114 3282 3168 ἔσο.
3318 3116 3501 3184 Αἱμά-

1906 3213 2014 3250 των
2052 3198 2132 3250 δεῖ
2160 3193 2353 3268 γέμειν
2399 3198 2493 3251 τὸν
2534 3197 2626 3250 τοῦ
2666 3196 3000 3266 Χριστιανοῦ
3037 3196 3173 3266 βίον,
3223 3198 3498 3265 αἱμάτων,

1907 3282 2009 3333 οὐκ
2033 3282 2090 3332 ἐν
2114 3281 2192 3350 τῷ
2232 3282 2300 3334 τὰ
2325 3281 2586 3351 ἀλλότρια
2631 3282 2838 3348 ἐκχεῖν,
2899 3280 3014 3331 ἀλλ’
3067 3281 3126 3331 ἐν
3161 3279 3238 3348 τῷ
3272 3281 3503 3350 ἕτοιμον

1909 3358 2047 3414 εἶναι
2072 3362 2131 3415 16
2163 3362 2360 3416 ἐαυτοῦ
2393 3363 2768 3432 ἐκχεῖν.Μετὰ
2797 3363 3068 3432 τοσαύτης
3093 3363 3271 3416 τοίνυν
3300 3365 3498 3432 προθυ-

1913 3447 2041 3515 μίας
2071 3446 2132 3498 τὸ
2155 3446 2284 3499 [διον
2311 3442 2452 3514 αἷμα
2503 3446 2808 3516 ἐκχέωμεν,
2849 3447 2979 3499 ὅταν
3037 3448 3178 3518 ὑπὲρ
3231 3447 3327 3500 τοῦ
3361 3449 3504 3517 X9!-

1912 3529 2038 3581 στοῦ
2067 3529 2223 3582 τοῦτο
2276 3525 2332 3599 ᾖ,
2378 3529 2497 3598 μεθ’
2537 3529 2670 3597 ὅσης
2720 3528 2786 3581 ἂν
2828 3529 2980 3599 ὕδωρ
3025 3547 3110 3593 1r;
3165 3531 3346 3601 ἐκχέοι
3382 3533 3502 3598 (καὶ

1912 3613 2018 3682 γὰρ
2043 3611 2188 3682 ὕδωρ
2205 3613 2322 3664 ἐστὶ
2339 3614 2400 3665 16
2429 3609 2572 3681 αἷμα
2590 3612 2881 3682 περιρρέον
2910 3612 2971 3664 τὸ
2993 3612 3183 3683 σῶμα)
3201 3631 3213 3643 ·
3235 3616 3330 3666 καὶ
3359 3615 3502 3682 μετά

1909 3695 2182 3764 τοσαύτης
2207 3695 2459 3759 εὐκολίας
2487 3696 2586 3764 τὴν
2609 3697 2788 3766 σάρκα
2815 3695 3198 3766 ἀποδυώμεθα,
3228 3698 3498 3767 μεθ’ὃσης

1910 3781 1975 3834 ἂν
2001 3781 2093 3832 καὶ
2118 3779 2179 3832 16
2220 3780 2456 3850 ἱμάτιον.
2482 3778 2653 3831 Τοῦτο
2679 3779 2735 3829 δέ
2765 3779 2948 3842 ἔσται,
2977 3781 3073 3832 ἐάν
3112 3781 3186 3850 μὴ
3216 3785 3498 3853 χρήμασιν

1910 3859 2060 3934 ὦμεν
2094 3862 2535 3933 προσδεδεμένοι,
2584 3862 2649 3914 ἂν
2684 3861 2759 3931 μὴ
2800 3861 3023 3925 οίκίαις.
3078 3863 3149 3916 ἂν
3204 3866 3280 3935 μὴ
3329 3883 3499 3934 προσ-

1911 3945 2115 4016 παθείᾳ
2131 3945 2238 3996 τῶν
2270 3945 2557 4013 παρόντων
2577 3937 2727 4013 ὦμεν
2746 3944 2773 3982 ι’
2793 3945 3199 4016 ἀπηρτημένοι.
3233 3948 3293 3999 Εἰ
3318 3948 3427 4017 γάρ
3447 3950 3501 4000 οἱ

1909 4028 1999 4080 τὸν
2026 4027 2420 4098 στρατιωτικὸν
2453 4026 2645 4080 τοῦτον
2670 4025 2784 4095 βίον
2818 4025 3023 4090 ζῶντες
3059 4031 3227 4082 πᾶσιν
3251 4031 3498 4084 ἀποτάσ-

1911 4121 2118 4170 σονται,
2154 4109 2246 4162 καὶ
2288 4109 2419 4163 ἔνθα
2451 4110 2565 4162 ἂνό
2605 4109 2841 4178 πόλεμος
2884 4109 3046 4182 καλῇ,
3085 4113 3205 4165 ἐκεῖ
3245 4115 3492 4184 παραγί-

1910 4208 2092 4244 νονται
2123 4193 2218 4245 καὶ
2256 4186 2626 4260 ὁδοιποροῦσι,
2664 4194 2756 4244 καὶ
2789 4192 2970 4245 πάντα
3013 4195 3152 4263 μετά
3184 4197 3499 4264 προθυμίας

1912 4275 2246 4344 ὑπομένουσι
2273 4287 2289 4304 ⁸
2321 4273 2506 4344 πολλῷ
2544 4273 2745 4343 μᾶλλον
2777 4277 2928 4346 ἡμᾶς
2959 4278 3085 4338 τοὺς
3114 4277 3208 4329 τοῦ
3257 4279 3504 4349 Χριστοῦ

1912 4355 2252 4426 στρατιώτας
2274 4355 2420 4410 οὕτω
2455 4358 2982 4426 παρασκευάζεσθαι
3017 4359 3144 4430 χρὴ,
3186 4361 3282 4413 καὶ
3315 4380 3502 4432 παρα-

1909 4441 2206 4494 τάττεσθαι
2235 4440 2373 4512 πρὸς
2405 4440 2497 4492 16v
2536 4439 2774 4509 πόλεμον
2811 4440 2922 4492 τῶν
2958 4441 3170 4496 παθῶν.
3225 4445 3339 4496 Οὐκ
3382 4445 3500 4497 ἔστι

1908 4524 2150 4594 διωγμὸς
2173 4524 2287 4589 νῦν,
2319 4524 2455 4594 μηδέ
2485 4523 2694 4591 γένοιτο
2715 4523 2967 4591 γενέσθαι
2991 4527 3143 4578 ποτέ·
3167 4527 3279 4579 ἀλλ’
3310 4530 3500 4598 ἔτερος

1910 4606 2148 4675 πόλεμός
2172 4607 2343 4668 ἐστιν,
2369 4608 2399 4659 6
2422 4607 2524 4676 τῆς
2545 4606 2656 4658 τῶν
2678 4608 2979 4677 χρημάτων
2997 4609 3316 4680 ἐπιθυμίας,
3349 4613 3376 4664 ὁ
3398 4614 3500 4681 τῆς

1911 4688 2026 4761 [60]
2081 4689 2404 4759 βασκανίας,
2443 4692 2471 4742 6
2513 4689 2621 4742 τῶν
2671 4691 2848 4743 ἄλλων
2895 4692 3105 4747 παθῶν.
3152 4694 3353 4748 Τοῦτον
3405 4695 3503 4747 τὸν

1909 4773 2144 4842 πόλεμον
2191 4773 2551 4843 διηγούμενος
2606 4777 2633 4827 6
2676 4774 2884 4839 Παῦλός
2929 4794 3128 4846 φησιν·
3164 4781 3287 4832 Οὐκ
3327 4783 3500 4834 ἐστιν

1909 4856 2056 4924 ἡμῖν
2081 4858 2119 4924 ’θ
2155 4855 2318 4923 πάλη
2357 4855 2506 4923 πρὸς
2545 4850 2690 4927 αἷμα
2736 4858 2834 4910 καὶ
2879 4858 3098 4926 σάρκα.
3146 4861 3255 4915 Ἀεὶ
3279 4857 3431 4928 οὗτος
3471 4867 3503 4917 6

1911 4939 2148 5009 πόλεμος
2183 4941 2467 5008 ἐνέστηκε.
2503 4941 2601 4992 Διά
2625 4940 2784 4993 τοῦτο
2813 4942 2901 4994 ἀεὶ
2940 4944 3324 5014 ὡπλισμένους
3349 4948 3497 5017 ἡμᾶς

1909 5023 2132 5075 ἐστάναι
2171 5021 2440 5091 βούλεται.
2476 5023 2661 5090 Στῆτε
2711 5020 2844 5086 οὖν,
2888 5026 3044 5095 φησὶ,
3092 5027 3499 5097 περιζωσάμε-

1909 5123 2001 5159 νοι
2032 5122 2044 5137 ο
2097 5107 2235 5176 ὅπερ
2291 5107 2383 5158 καὶ
2419 5107 2553 5158 αὐτὸ
2599 5107 2897 5169 ἐνεστῶτός
2955 5109 3072 5160 ἐστι
3114 5110 3352 5178 καιροῦ·
3403 5116 3500 5163 καὶ

1909 5188 2190 5258 ἐνέφηνεν,
2215 5191 2298 5240 ὅτι
2339 5189 2428 5241 ἀεὶ
2473 5189 2554 5240 δεῖ
2588 5189 2932 5253 ὁπλίζεσθαι.
2985 5191 3159 5254 Πολὺς
3191 5195 3300 5265 γὰρ
3338 5197 3366 5246 6
3397 5196 3497 5248 7:6-

1909 5271 2073 5340 λεμος
2102 5272 2188 5324 διὰ
2215 5271 2490 5342 γλώσσης,
2515 5273 2680 5336 πολὺς
2710 5273 2776 5325 δι’
2802 5275 3100 5345 ὀφθαλμῶν
3130 5293 3142 5306 ·
3174 5279 3365 5331 τοῦτον
3392 5284 3497 5332 τοξ-

1910 5373 2005 5407 νυν
2030 5357 2350 5426 κατέχωμεν
2381 5373 2393 5386 ο
2432 5357 2601 5419 πολὺς
2629 5359 2657 5409 6
2689 5358 2796 5410 τῶν
2843 5359 3169 5427 ἐπιθυμιῶν.
3207 5363 3304 5413 Διά
3337 5364 3496 5416 τοῦτο

1907 5439 2117 5492 ἐκεῖθεν
2178 5438 2406 5510 ἄρχεται
2458 5439 2812 5504 καθοπλίζειν
2866 5441 2957 5494 16v
3005 5443 3350 5514 στρατιώτην
3399 5447 3501 5498 τοῦ

1907 5523 2167 5597 Χριστοῦ.
2227 5521 2414 5590 Στῆτε
2473 5524 2603 5592 γὰρ,
2661 5525 2816 5593 φησὶ,
2869 5525 3331 5594 περιζωσάμενοι
3382 5529 3497 5595 τὴν

1909 5607 2110 5677 ὀσφὺν
2148 5606 2356 5675 ὑμῶν·
2412 5609 2506 5660 καὶ
2546 5609 2849 5678 ἐπήγαγεν,
2917 5612 3019 5664 Ἐν
3069 5611 3340 5678 ἀληθείᾳ.
3395 5615 3497 5666 Διά

1969 5803 1996 5842 b
2032 5800 2212 5870 Beggq
2256 5801 2496 5870 (iqmmcl.
2529 5811 2580 5854 et
2615 5819 2769 5866 marg.
2800 5806 2972 5864 Savil.,
2998 5808 3053 5853 ἂν
3080 5807 3141 5868 μὴ
3177 5809 3494 5870 προσπαθειᾳ,

1912 5865 1967 5910 ἂν
2002 5863 2064 5923 μὴ
2091 5865 2278 5909 πάντων
2301 5864 2444 5923 ὦμεν,
