4112 6344
251 427 315 482 35
1069 423 1135 481 IN
1172 422 1386 481 EPIST.
1428 423 1518 479 AD
1558 420 1821 477 llEBRd-It

1958 416 2112 475 CAP.
2154 416 2242 472 lli.
2285 414 2517 470 1103111..
2562 412 2653 465 \‘l.
3473 402 3539 455 κι

240 543 447 601 quoque
501 539 586 584 est
639 529 917 598 prteseutis
960 530 1219 596 temporis
1264 546 1277 581 :
1317 539 1369 583 et
1414 535 1647 585 ostendit
1693 532 1836 599 quod

240 628 481 688 oporteat
498 634 715 689 semper
739 618 953 673 annari.
974 617 1224 689 Magnum
1243 620 1384 672 enim
1405 629 1488 674 est
1512 619 1712 674 bellum
1739 636 1836 691 per

241 712 499 781 linguam,
531 726 781 781 maguum
807 725 904 779 per
929 712 1116 764 oculos
1139 728 1151 762 :
1172 710 1272 764 hoc
1296 726 1424 781 ergo
1449 712 1833 767 cohibeamus:

236 817 486 871 magnum
513 801 811 856 estbellum
840 802 1209 870 cupiditatum.
1230 802 1677 869 Proptereaillinc
1697 804 1825 859 inci-

235 894 308 960 pit
332 909 547 948 armare
572 894 794 949 militem
824 894 1023 949 Christi
1062 914 1073 947 :
1110 894 1256 950 State
1278 895 1442 959 enim,
1466 897 1635 964 inquit
1660 940 1673 962 ,
1707 915 1825 951 suc-

232 986 379 1038 cincti
405 986 605 1038 lumbos
628 996 814 1039 uestros
832 1003 849 1049 ,'
869 996 923 1040 et
949 986 1246 1054 subjunxit,
1270 985 1332 1039 In
1367 988 1591 1041 veritate.
1622 988 1821 1057 Quare,

235 1074 296 1127 In
325 1076 573 1128 ueritate?
604 1074 698 1129 Est
717 1076 857 1129 enim
888 1076 1345 1145 cnpiditasillnsio
1372 1088 1425 1131 et
1460 1077 1823 1145 mendacium,

235 1176 286 1218 ιιι
305 1166 434 1221 dicit
460 1167 656 1221 alicubi
685 1167 847 1221 David
874 1186 885 1218 ι
912 1166 1093 1220 Lumbi
1120 1168 1217 1221 mei
1256 1167 1451 1237 impleti
1478 1180 1596 1223 sunt
1622 1154 1825 1225 illusio-

236 1256 568 1327 uibus(Psal.
590 1259 683 1313 57.
709 1257 786 1327 8).
806 1258 921 1313 Non
938 1271 1018 1313 est
1046 1274 1107 1313 ea
1129 1275 1216 1313 res
1239 1260 1501 1328 voluptas,
1526 1260 1618 1315 sed
1638 1263 1828 1317 umbra

236 1349 546 1417 voluptatis.
566 1350 710 1414 Ideo,
730 1350 1009 1413 Succincti,
1028 1351 1217 1420 inquit,
1238 1350 1437 1404 lumbos
1464 1360 1654 1406 vestros
1680 1352 1730 1405 in
1751 1370 1824 1407 ve-

233 1442 379 1495 ritate
397 1458 415 1495 :
432 1442 538 1496 hoc
561 1451 664 1507 est,
697 1442 748 1495 in
767 1457 893 1497 vera
909 1433 1199 1510 voluptate,
1221 1443 1502 1509 modestia,
1519 1444 1819 1501 honestate.

297 1531 393 1585 Ira
434 1545 506 1586 est
534 1535 643 1600 [era
686 1532 920 1601 qutedam
947 1532 1249 1587 cohibenda.
1272 1562 1346 1573 —
1375 1534 1667 1605 Propterea
1701 1536 1816 1593 bare

232 1628 442 1690 suadet,
464 1625 653 1680 videns
684 1626 885 1696 peccati
915 1625 1328 1692 absurditatem,
1350 1637 1403 1682 et
1429 1628 1615 1685 volens
1644 1630 1823 1684 omnia

232 1718 474 1773 membra
522 1725 706 1770 nostra
754 1732 877 1772 esse
935 1718 1354 1789 circumquaque
1416 1721 1617 1775 munita
1666 1740 1679 1775 :
1733 1720 1824 1774 Ira

229 1812 370 1865 enim
398 1851 416 1877 ,
451 1810 662 1880 inquit,
690 1811 883 1878 iniusta
912 1826 1014 1863 non
1065 1812 1156 1863 erit
1183 1812 1358 1865 insons
1386 1810 1575 1882 (Eecli.
1604 1814 1657 1868 1.
1684 1813 1776 1882 ΕΞ)
1807 1832 1821 1869 :

229 1909 282 1955 et
313 1899 425 1955 vult
454 1916 549 1955 nos
581 1900 728 1954 indui
753 1900 919 1954 lorica
945 1910 1001 1955 et
1029 1911 1204 1956 scuto.
1233 1904 1315 1957 lra
1338 1904 1482 1958 enim
1504 1915 1587 1959 est
1608 1904 1716 1960 fera
1742 1906 1824 1959 la-

228 1995 331 2049 cile
377 1994 669 2049 insiliens:
704 2002 758 2046 et
802 1994 950 2047 mille
987 1994 1139 2047 nobis
1189 1996 1340 2049 vallis
1368 2007 1424 2051 et
1467 1998 1636 2066 septis
1686 2012 1822 2067 opus

226 2084 330 2137 erit
349 2083 419 2137 ad
446 2098 564 2138 eam
593 2083 952 2153 superandam
978 2092 1033 2137 et
1051 2084 1430 2139 cohibendum.
1450 2087 1515 2141 Et
1541 2096 1822 2157 pr0pterea

228 2175 461 2230 maxime
514 2174 653 2229 hanc
712 2185 918 2245 partem
980 2175 1269 2231 :cdillcavit
1332 2178 1489 2233 nobis
1554 2179 1699 2234 Deus
1752 2196 1819 2235 ex

224 2266 465 2333 ossibus,
498 2276 772 2337 tamquam
801 2284 866 2322 ex
896 2268 1217 2338 quibusdam
1250 2270 1537 2340 lapidibus,
1573 2271 1741 2327 fulcro
1769 2282 1821 2329 et

226 2358 563 2412 munimento
597 2359 647 2412 ei
674 2359 1083 2429 circumposito,
1118 2376 1185 2414 ne
1215 2360 1301 2414 liis
1346 2361 1636 2432 aliquando
1676 2363 1824 2418 diru-

227 2448 333 2517 ptis
369 2458 424 2505 et
464 2449 745 2515 dissectis,
782 2460 948 2504 totum
981 2452 1273 2521 perimeret
1312 2454 1531 2508 animal.
1566 2454 1705 2525 Ignis
1737 2464 1821 2511 est

223 2543 407 2605 enim,
439 2543 651 2613 inquit,
699 2555 752 2598 et
800 2559 992 2615 magna
1038 2554 1371 2615 tempestas,
1414 2555 1467 2601 et
1522 2563 1630 2602 non
1678 2545 1822 2602 aliud

286 2679 387 2687 ..ι-

1945 522 2248 578 membrum
2270 521 2409 576 hanc
2436 522 2539 575 vim
2561 520 2901 575 sustinuerit.
2936 520 3127 576 Dicunt
3160 526 3322 576 etiam
3349 522 3546 578 medici

1942 631 2005 671 ea
2054 615 2121 670 de
2164 628 2325 669 causa
2357 613 2510 669 cordi
2549 612 2884 667 snbstratnm
2931 627 3053 667 esse
3101 613 3413 682 pulmonem
3438 655 3452 679 ,
3487 626 3548 667 ut

1944 708 2120 778 ipsum
2150 721 2246 760 cor
2268 747 2281 768 ,
2311 720 2433 759 cum
2479 706 2552 757 sit
2584 704 2636 756 in
2670 704 2817 758 molli
2846 746 2860 769 ,
2892 713 3163 773 tamquam
3205 704 3258 758 in
3309 704 3543 773 aliquam

1940 799 2185 853 insiliens
2212 797 2492 867 spongiam
2521 838 2533 857 .
2565 796 2903 866 requiescat;
2956 810 3062 849 non
3112 804 3290 849 autem
3322 797 3372 848 in
3404 798 3543 850 resi-

1938 901 2090 945 stens
2118 900 2175 945 et
2212 890 2405 944 durum
2435 898 2622 958 pectus
2642 929 2658 953 ,
2691 902 2760 942 ne
2790 886 3016 941 lzedatur
3044 887 3248 956 impetu
3280 885 3538 940 saltuum.

1936 985 2083 1053 Opus
2108 994 2191 1041 est
2217 999 2347 1053 ergo
2378 982 2535 1037 nobis
2556 981 2720 1037 lorica
2742 980 2940 1046 valida,
2973 988 3031 1033 ut
3061 980 3200 1033 hanc
3228 980 3393 1033 feram
3415 994 3544 1049 per-

1936 1086 2098 1144 petuo
2140 1085 2427 1131 conservet
2476 1076 2527 1128 in
2578 1075 2803 1144 quiete:
2838 1086 2973 1142 opus
3025 1081 3111 1126 est
3146 1080 3327 1125 autem
3377 1069 3536 1123 nobis

1944 1174 2106 1225 etiam
2152 1170 2327 1243 galea.
2357 1170 2491 1225 Nam
2533 1169 2789 1238 quoniam
2822 1168 2932 1223 illic
2955 1176 3042 1223 est
3073 1166 3303 1222 facultas
3328 1166 3545 1221 ratioci-

1938 1262 2136 1327 nandi,
2169 1274 2224 1320 et
2267 1278 2333 1317 ex
2366 1263 2467 1317 hoc
2513 1270 2695 1331 potest
2740 1262 2822 1316 vel
2868 1260 3107 1324 servari,
3156 1258 3374 1331 quando
3408 1258 3546 1335 ﬁunt

1937 1370 2059 1425 qum
2103 1363 2353 1425 oportet;
2385 1355 2468 1409 vel
2520 1354 2699 1425 perire
2724 1397 2738 1417 ,
2762 1353 2978 1424 quando
3007 1367 3167 1409 secus
3201 1371 3215 1408 :
3254 1364 3543 1423 propterea

1938 1446 2131 1516 inquit,
2172 1445 2234 1499 Et
2262 1447 2462 1517 galeam
2487 1445 2691 1500 salutis.
2722 1443 2855 1499 Nam
2884 1445 3170 1500 cerebrum
3195 1443 3413 1515 quidem
3446 1457 3545 1497 m-

1940 1549 2055 1592 tnra
2088 1549 2171 1594 est
2202 1538 2401 1603 molle;
2431 1548 2485 1593 et
2516 1538 2635 1591 ideo
2668 1536 2897 1604 quadam
2932 1538 3093 1592 veluti
3130 1547 3262 1591 testa
3301 1550 3538 1605 superne

1939 1632 2139 1701 tegitur
2164 1632 2425 1687 calvaria.
2460 1632 2559 1687 Est
2586 1640 2766 1686 autem
2795 1629 2951 1686 nobis
2982 1646 3145 1686 causa
3175 1630 3414 1684 omnium
3448 1629 3546 1683 ho-

1940 1741 2130 1779 norum
2163 1736 2217 1778 et
2246 1725 2511 1779 malorum
2534 1766 2548 1789 ,
2584 1724 2728 1794 quod
2772 1733 3064 1795 cognoscat
3110 1732 3161 1777 et
3210 1738 3329 1793 quae.
3352 1722 3543 1790 juvant

1926 1834 1982 1875 ct
2041 1835 2159 1887 qum
2195 1830 2393 1871 nocere
2430 1816 2820 1885 possuntJam
2864 1831 2992 1870 vero
3040 1815 3204 1884 pedes
3244 1830 3457 1883 quoque
3489 1822 3545 1866 et

1935 1924 2127 1965 manus
2156 1912 2309 1966 nobis
2338 1912 2505 1966 armis
2538 1912 2778 1983 indigent
2810 1930 2824 1967 :
2855 1928 2963 1968 non
2993 1911 3081 1968 liae
3132 1927 3322 1968 manus
3367 1927 3542 1983 neque

1938 2000 1989 2053 hi
2024 2002 2187 2071 pedes
2214 2043 2229 2065 ,
2262 2002 2357 2057 sed
2408 2017 2597 2057 rursus
2627 2003 2791 2073 pedes
2844 2014 2899 2058 et
2950 2018 3143 2058 manus
3182 2004 3378 2058 anima:
3408 2022 3421 2058 :
3456 2004 3544 2057 hze

1939 2092 2155 2163 quidem
2187 2109 2306 2163 qua:
2336 2103 2553 2163 oportet
2584 2093 2941 2159 meditantes,
2972 2094 3044 2148 illi
3094 2105 3275 2149 autem
3308 2104 3365 2149 ut
3407 2104 3536 2148 eant

1939 2198 2047 2253 quo
2072 2184 2251 2240 decet.
2280 2184 2372 2241 Sic
2393 2200 2524 2255 ergo
2552 2200 2651 2239 nos
2675 2200 2974 2251 armemus,
3007 2194 3062 2241 et
3091 2185 3388 2256 poterimus
3410 2185 3485 2240 lto
3514 2214 3539 2225 -

1936 2285 2047 2330 stes
2063 2290 2344 2347 superare,
2368 2288 2421 2333 et
2444 2292 2642 2332 corona
2669 2277 2909 2333 victoria!
2939 2277 3204 2341 redimiri,
3240 2278 3292 2332 in
3323 2278 3542 2332 Christo

1933 2365 2060 2421 Jesu
2086 2367 2314 2423 Domino
2346 2377 2557 2433 nostro,
2588 2383 2711 2422 eum
2739 2384 2846 2439 quo
2870 2368 3038 2431 Patri,
3059 2369 3327 2441 simulque
3350 2382 3542 2424 sancto

1932 2458 2157 2529 Spiritui
2184 2459 2390 2530 gloria,
2422 2468 2684 2530 potestas,
2717 2460 2925 2527 honor,
2957 2476 3101 2516 nunc
3121 2472 3173 2515 et
3202 2478 3418 2530 semper
3438 2502 3451 2524 ,
3485 2472 3539 2514 rt

1934 2548 1986 2602 in
2010 2551 2205 2604 sa‘cula
2234 2554 2579 2609 saeculorum.
2614 2555 2810 2610 Amen.

1620 2732 1969 2797 HOMILIA
2011 2736 2119 2797 Vl.

224 2879 352 2933 (ὶιιι.
379 2881 430 2934 5.
466 2896 516 2933 ν.
552 2880 606 2933 7.
643 2879 985 2949 Quapmpter,
1014 2878 1144 2931 sicut
1188 2878 1310 2931 dicit
1338 2876 1566 2946 Spiritus
1592 2887 1820 2945 sanctus,

301 2971 469 3039 Hodie
484 2973 528 3027 si
551 2989 720 3027 uocem
746 2974 854 3043 ejus
881 2970 1167 3034 audieritis,
1187 2969 1242 3025 8.
1273 2970 1427 3023 nolite
1440 2970 1691 3024 obdurare
1708 2986 1826 3025 eor-

294 3065 365 3117 du
405 3074 605 3129 uestra,
641 3065 767 3118 sicut
812 3065 866 3117 in
916 3062 1332 3128 exaeerbatioue,
1376 3062 1654 3115 secundum
1686 3062 1823 3115 diem

300 3157 591 3210 teutationis
618 3156 670 3209 in
696 3155 893 3210 deserto
910 3195 925 3220 ,
949 3154 1033 3207 ubi
1075 3160 1392 3208 tentaveruut
1437 3168 1516 3207 me
1542 3162 1713 3221 patres
1736 3167 1823 3206 tte-

292 3249 423 3308 stri;
457 3248 794 3316 probaverunt
820 3262 916 3309 me,
945 3254 990 3299 et
1012 3245 1247 3298 viderunt
1276 3260 1431 3314 opera
1453 3260 1563 3297 mea
1586 3243 1820 3314 quadra-

299 3343 441 3410 ginta
469 3341 640 3393 anuis.
666 3339 755 3393 10.
795 3336 1015 3407 Propter
1057 3337 1193 3408 quod
1222 3335 1449 3403 offensus
1487 3336 1563 3404 [ui
1606 3352 1823 3407 genera-

292 3434 418 3487 tioni
446 3431 583 3496 huic,
612 3442 658 3484 et
689 3431 797 3484 dixi
833 3447 851 3483 :
883 3430 1099 3499 Semper
1118 3442 1289 3483 errant
1312 3430 1463 3481 corde
1489 3443 1509 3481 :
1534 3428 1630 3497 ipsi
1652 3437 1823 3481 autem

294 3543 396 3579 non
423 3533 769 3596 cognoverunt
798 3522 903 3577 vias
923 3538 1082 3577 meas.
1110 3522 1195 3575 Η.
1223 3518 1290 3575 Ut
1305 3520 1482 3590 jurari
1511 3520 1562 3573 iu
1584 3520 1662 3573 ira
1685 3536 1818 3585 mea,

294 3618 357 3671 Si
399 3614 682 3670 introibunt
712 3615 763 3668 in
791 3615 1013 3685 requiem
1040 3630 1224 3667 meam.

296 3710 346 3761 l.
370 3707 505 3762 Cum
531 3706 596 3760 de
626 3720 720 3775 spe
745 3705 1086 3760 disseruisset
1106 3703 1325 3765 Paulus.
1357 3712 1410 3758 et
1434 3702 1661 3759 dixisset
1678 3703 1819 3775 quod

226 3799 416 3854 Domus
442 3801 552 3870 ejus
579 3816 768 3861 sumus,
802 3799 842 3851 si
877 3798 1120 3865 ﬁduciam
1149 3807 1194 3850 et
1224 3797 1579 3868 gloriationem
1607 3798 1718 3865 spei
1752 3798 1821 3850 ad

218 3894 374 3961 ﬁnem
396 3895 602 3960 ﬁrmam
625 3893 932 3946 retineamus
960 3906 980 3945 :
1002 3890 1107 3959 iam
1136 3890 1374 3945 ostendit
1398 3890 1539 3960 quod
1569 3899 1818 3960 Oporteat

219 3993 447 4048 ﬁrmiter
505 4002 851 4063 exspectare,
912 3992 1071 4059 idque
1126 3992 1318 4060 probat
1378 4004 1445 4044 ex
1502 3988 1816 4057 Scripturis.

215 4085 497 4140 Attendite
549 4094 729 4139 autem
760 4101 773 4137 :
804 4083 1076 4138 difficilius
1118 4084 1261 4138 enim
1302 4081 1433 4137 illud
1462 4083 1601 4137 dixit
1639 4091 1695 4139 ct
1751 4082 1819 4146 ad

213 4175 783 4247 comprehendendum
816 4174 1117 4231 obscurius.
1165 4173 1527 4242 Quamobrem
1580 4184 1819 4243 Oportet,

214 4284 341 4323 cum
392 4284 515 4338 qua:
569 4276 753 4322 nostra
810 4274 935 4320 sunt
982 4264 1309 4330 dixerimus,
1363 4274 1417 4319 et
1440 4274 1607 4319 totum
1662 4281 1821 4336 argu-

218 4370 462 4414 mentum
488 4374 583 4413 vos
612 4358 844 4413 breviter
874 4356 1241 4421 docuerimus,
1274 4356 1345 4411 ita
1398 4355 1669 4412 deducere
1698 4371 1820 4410 ora-

219 4453 421 4507 tionem
472 4450 538 4504 ad
582 4465 642 4505 ea
674 4465 795 4520 qua:
848 4449 1047 4519 scripta
1102 4459 1228 4502 sunt
1268 4466 1282 4501 :
1338 4446 1493 4502 nobis
1532 4448 1676 4502 enim
1710 4463 1817 4502 non

217 4546 457 4613 amplius
486 4542 738 4613 egebitis,
770 4540 819 4596 si
851 4556 1073 4609 scopum
1104 4550 1159 4595 et
1191 4538 1492 4594 institutum
1522 4538 1824 4595 didiceritis

217 4636 601 4705 apostolicum.
633 4633 715 4688 Ab
740 4647 806 4688 eo
844 4632 912 4686 de
937 4646 1033 4700 spe
1069 4631 1361 4701 agebatur,
1392 4641 1445 4685 et
1472 4629 1615 4700 quod
1648 4629 1822 4685 futura

221 4742 450 4795 sperare
500 4734 780 4793 Oporteat,
836 4734 888 4778 et
920 4721 1063 4793 quod
1095 4722 1161 4777 iis
1205 4722 1295 4793 qui
1330 4721 1416 4776 hic
1458 4722 1825 4777 laboraverint

220 4818 334 4874 erit
362 4832 576 4872 merces
620 4816 801 4886 aliqua
832 4824 887 4869 et
931 4813 1141 4869 fructus
1182 4824 1240 4869 et
1267 4814 1498 4885 requies.
1525 4814 1639 4869 lloe
1686 4830 1817 4885 ergo

223 4910 468 4964 ()lelldll
513 4924 580 4965 es
624 4907 883 4979 propheta
920 4926 933 4961 :
964 4920 1019 4962 et.
1058 4907 1187 4977 quid
1230 4906 1405 4962 dicit?
1453 4905 1822 4976 Quapropter,

220 5005 357 5058 sicut
385 5004 507 5056 dicit
539 5001 764 5069 Spiritus
790 5012 1014 5066 sanctus,
1045 5000 1231 5068 Hodie,
1262 5001 1307 5055 si
1336 5016 1505 5056 vocem
1528 5002 1826 5071 ejusandie-

223 5092 341 5147 ritis
364 5134 379 5157 ,
412 5093 565 5145 nolite
593 5092 844 5149 obdurare
866 5093 1027 5147 cotda
1054 5103 1217 5147 vestra
1239 5136 1254 5158 ,
1285 5094 1412 5149 sicut
1458 5096 1511 5150 iu
1541 5097 1817 5151 exacerba-

222 5181 387 5246 tioue,
416 5184 694 5238 secundum
724 5182 858 5237 diem
881 5184 1169 5239 tentationis
1198 5185 1253 5239 iu
1291 5187 1511 5253 deserto,
1539 5187 1625 5241 ubi
1654 5198 1819 5241 tenta-

220 5284 408 5329 uermtt
442 5291 528 5336 me
563 5284 731 5345 patres
773 5274 957 5340 uestri,
1000 5276 1333 5337 probaverunt
1373 5294 1472 5347 me,
1501 5288 1547 5331 et
1590 5280 1821 5333 uiderunt

144 5380 151 5387 '
223 5386 387 5432 onera
433 5386 543 5423 mea
592 5367 932 5437 quadraginta
959 5367 1125 5420 anuis.
1162 5366 1386 5438 Propter
1412 5371 1551 5439 quod
1593 5370 1819 5437 oﬂ'eusus

226 5460 318 5529 {ui
339 5460 655 5530 generatioui
696 5459 814 5512 huic
839 5500 853 5524 ,
906 5467 952 5512 et
992 5459 1101 5513 dixi
1128 5474 1147 5513 :
1174 5460 1388 5525 Semper
1416 5473 1589 5517 errant
1621 5468 1773 5517 corde
1803 5480 1821 5517 :

227 5554 333 5620 ipsi
362 5562 529 5605 autem
565 5568 669 5603 non
700 5562 1037 5621 cognoverunt
1088 5551 1193 5606 vias
1238 5568 1393 5607 meas.
1422 5552 1614 5621 Quibus
1644 5556 1819 5624 juraei

226 5646 285 5697 in
309 5644 385 5697 ira
412 5659 555 5705 mea,
584 5640 645 5697 Si
676 5641 951 5696 introibant
968 5642 1023 5695 in
1047 5643 1267 5713 requiem
1296 5659 1462 5697 meam
1526 5643 1699 5711 (Psal.
1724 5645 1813 5701 οι.

260 5737 317 5791 οι
335 5736 401 5805 l).
426 5736 601 5792 ‘Dicit
632 5743 743 5789 tres
768 5750 889 5789 esse
910 5734 1117 5806 quit-tes
1147 5753 1160 5789 :
1195 5751 1356 5790 unam
1378 5736 1606 5802 sahhati,
1637 5738 1689 5791 in
1711 5754 1815 5809 qua

304 5876 315 5900 ⁸
345 5872 431 5920 Ηῖι·
456 5868 594 5919 ιλιι».
620 5865 867 5915 ltomilisttt
890 5866 1076 5928 incipit.

532 5990 801 6049 PA'l‘ttt)l..
863 5992 977 6048 (in.
1037 5994 1226 6054 l..\'iil

1943 2880 2083 2936 Deus
2100 2879 2301 2950 quievit
2317 2877 2385 2932 ab
2402 2877 2657 2947 operibus
2669 2875 2782 2931 suis
2807 2894 2821 2930 :
2841 2874 3132 2931 secundam
3150 2875 3471 2940 Palmstinm,
3484 2877 3539 2929 in

1938 2988 2097 3043 quam
2130 2968 2711 3041 ingressiJudtnicrant
2726 2966 2959 3036 quieturi
2984 2982 3016 3021 a
3044 2966 3213 3021 multa
3240 2964 3540 3022 afﬂictione

1940 3073 1994 3119 et
2013 3063 2318 3118 laboribus:
2339 3061 2552 3116 tertiam
2574 3102 2590 3125 ,
2620 3074 2741 3131 qua:
2769 3074 2901 3115 vere
2929 3068 3011 3113 est
3038 3059 3213 3128 quies,
3236 3074 3429 3128 nempe
3458 3075 3545 3113 re-

1939 3171 2101 3225 gnum
2115 3155 2559 3223 cmiorum,quam
2574 3151 2850 3221 assequuti
2866 3166 2993 3206 vere
3004 3151 3328 3222 quiescunta
3343 3151 3545 3207 labori-

1942 3248 2039 3302 bus
2068 3257 2121 3301 et
2147 3246 2547 3301 afﬂictionibus.
2564 3245 2747 3299 Trium
2765 3260 2894 3316 ergo
2918 3244 3005 3300 hic
3024 3246 3286 3299 tneminit.
3310 3246 3375 3300 Et
3413 3261 3545 3316 qua-

1942 3354 2065 3394 nam
2088 3339 2155 3394 de
2172 3354 2334 3393 causa
2347 3337 2414 3393 de
2436 3353 2540 3392 una
2566 3337 2791 3408 loquens
2818 3337 2975 3391 trium
2993 3337 3347 3393 meminit?Ut
3360 3351 3547 3394 oSten-

1940 3433 2091 3489 deret
2114 3430 2518 3504 prophetam'de
2548 3431 2648 3486 hac
2673 3431 2839 3501 loqui.
2868 3431 2999 3485 Nam
3033 3430 3101 3484 de
3122 3431 3316 3500 prima,
3351 3432 3543 3501 inquit,

1944 3541 2047 3580 non
2066 3525 2202 3580 dixit
2222 3522 2523 3594 :quomodo
2541 3522 2683 3576 enim
2706 3521 2774 3577 de
2804 3537 2864 3576 ea
2887 3538 3004 3591 qua:
3022 3520 3119 3576 fuit
3144 3522 3306 3576 olim?
3324 3522 3417 3577 sed
3447 3538 3548 3578 nec

1941 3619 2008 3674 de
2034 3617 2271 3674 secunda
2296 3632 2417 3687 qua:
2463 3616 2561 3670 iuit
2590 3616 2641 3669 in
2679 3614 2960 3669 Palmstina
2993 3632 3006 3667 ι
3031 3615 3309 3684 quomodo
3350 3614 3545 3670 enim?

1944 3712 2055 3781 ipsa
2087 3709 2230 3764 enim
2262 3709 2329 3761 ad
2361 3707 2565 3762 exitum
2591 3704 2845 3775 perducta
2886 3720 2917 3759 e
2950 3714 2987 3757 ι.
3021 3705 3213 3760 Restat
3242 3714 3297 3760 ut
3337 3706 3449 3776 jam
3476 3707 3547 3761 sit

1948 3802 2062 3856 haec
2116 3800 2294 3855 tertia.
2353 3798 2585 3854 Necesse
2646 3806 2825 3849 autem
2869 3804 2951 3849 est
3006 3795 3283 3851 historiam
3333 3814 3549 3869 quoque

1945 3893 2257 3963 explicare,
2315 3901 2375 3945 ut
2431 3889 2803 3943 dilucidinrent
2866 3886 3151 3942 reddamus
3221 3890 3543 3943 orationem.

1942 3984 2076 4038 Nam
2143 3991 2423 4053 postquam
2499 3996 2564 4035 ex
2634 3978 2875 4050 Egypto
2928 3978 3167 4048 egressi,
3222 3980 3393 4034 multa
3462 3981 3547 4037 via

1944 4076 2227 4141 confecta,
2276 4084 2332 4130 et
2387 4075 2480 4129 Dei
2528 4074 2743 4127 virtutis
2774 4071 3261 4127 innumerabilibus
3310 4076 3550 4141 acceptis

1946 4169 2155 4225 iudiciis
2176 4176 2232 4222 et
2259 4166 2311 4220 in
2336 4164 2574 4236 Egypto
2600 4175 2656 4219 et
2686 4165 2739 4218 in
2772 4164 2906 4218 mari
2928 4164 3119 4220 Rubro
3141 4173 3196 4220 et
3223 4165 3276 4220 in
3307 4164 3549 4233 deserto,

1950 4260 2243 4314 voluerunt
2275 4258 2489 4311 mittere
2519 4256 2918 4327 speculatores,
2954 4267 3200 4313 naturam
3236 4268 3396 4313 terra:
3428 4275 3553 4325 spe-

1936 4338 2213 4395 culaturos
2252 4363 2264 4392 -.
2300 4340 2375 4395 illi
2421 4350 2606 4396 autent
2650 4344 2856 4412 egressi
2909 4342 3225 4410 redierunt,
3264 4345 3544 4415 regionem

1935 4430 2152 4498 quidem
2182 4431 2518 4488 admirantes
2539 4475 2555 4497 ,
2588 4441 2643 4487 ct
2669 4435 3040 4503 prarstautinm
3089 4436 3364 4493 fructuum
3395 4439 3540 4494 iera-

1933 4538 2051 4578 cem
2079 4538 2200 4579 esse
2226 4523 2492 4589 dicentes,
2539 4526 2635 4580 sed
2671 4528 3170 4598 inespugnabilium
3214 4532 3456 4587 virorum
3483 4544 3542 4588 et.

1936 4612 2211 4669 fortiorem
2231 4630 2351 4669 esse
2378 4617 2652 4687 regionem
2685 4637 2701 4672 :
2734 4620 2925 4690 ingrati
2952 4630 3133 4677 autem
3163 4633 3217 4679 et
3244 4624 3390 4679 nullo
3411 4640 3544 4680 seno

1934 4720 1998 4761 su
2030 4706 2239 4776 praediti
2270 4705 2442 4763 Judaei
2470 4750 2485 4773 ,
2516 4724 2639 4764 eam
2680 4722 2959 4780 oporteret
3002 4728 3099 4769 eos
3130 4716 3369 4785 priorum
3424 4733 3536 4773 me-

1934 4798 2161 4852 minisse
2183 4799 2275 4853 Dei
2295 4798 2708 4863 beneﬁciorum,
2729 4812 2785 4858 et
2800 4805 3071 4874 quomodo
3089 4823 3184 4863 eos
3208 4809 3542 4881 interceptos

1937 4888 1989 4942 in
2021 4888 2200 4944 medio
2233 4899 2506 4946 tantorum
2555 4892 3001 4965 .Eg‘yptiacornm
3052 4901 3387 4957 exercituum
3430 4904 3544 4959 eri--

1937 4981 2050 5049 puit
2102 4996 2130 5034 a
2162 4984 2451 5051 periculis,
2480 4993 2536 5039 et
2585 5001 2775 5043 eorum
2808 4988 2989 5045 eil'ecit
3019 4993 3176 5060 potiri
3223 4996 3444 5065 spoliis;
3479 5013 3544 5053 ac

1936 5074 2207 5142 quomodo
2233 5090 2421 5131 rursus
2449 5076 2500 5131 in
2533 5078 2753 5134 deserto
2779 5090 2984 5150 petram
3003 5085 3162 5155 rupit,
3198 5097 3250 5141 et
3281 5102 3543 5158 aquarum

1938 5164 2160 5220 donavit
2189 5165 2578 5223 abundantiam
2603 5178 2658 5225 et
2689 5187 2884 5227 manna
2912 5177 3161 5242 praebuit,
3196 5190 3248 5233 et
3282 5180 3386 5233 alia
3410 5180 3542 5235 clie-

1938 5259 2009 5313 cit
2037 5259 2330 5327 mirabilia,
2360 5272 2419 5317 ut
2460 5263 2569 5318 Deo
2598 5264 2886 5322 crederent
2909 5285 2923 5322 :
2943 5268 3134 5325 horum
3164 5271 3383 5343 quidem
3412 5274 3543 5330 nihil

1939 5350 2017 5405 eis
2041 5351 2187 5405 venit
2232 5352 2283 5406 in
2309 5362 2547 5409 mentem
2574 5395 2588 5418 ,
2622 5366 2892 5427 tamquam
2926 5358 3060 5414 nihil
3087 5363 3311 5418 omnino
3344 5367 3542 5421 factum

1939 5450 2082 5497 esset
2108 5485 2122 5505 ,
2148 5442 2242 5497 sed
2274 5446 2487 5501 attoniti
2528 5456 2581 5502 et
2613 5450 2933 5518 stupefacti,
2980 5452 3231 5509 volebant
3264 5458 3462 5513 reverti
3494 5461 3545 5513 in

1939 5532 2251 5607 Afigyptum,
2278 5536 2559 5597 dicentes:
2589 5540 2788 5597 Eduxit
2818 5558 2919 5597 nos
2950 5545 3053 5599 huc
3076 5546 3239 5613 Deus,
3272 5558 3327 5603 ut
3356 5566 3455 5605 nos
3478 5551 3547 5607 de

1940 5628 2122 5684 medio
2152 5628 2364 5685 tolleret
2393 5645 2515 5685 cum
2550 5631 2677 5687 [iliis
2704 5642 2759 5687 et
2788 5636 3069 5691 uxoribus.
3101 5639 3245 5695 Deus
3271 5656 3402 5714 ergo
3448 5644 3546 5699 ira-

1940 5731 2119 5778 scens.
2151 5719 2295 5789 quod
2324 5735 2513 5778 eorum
2542 5739 2663 5796 qua:
2687 5723 2823 5780 facta
2854 5726 3069 5785 fuerant
3115 5740 3221 5788 tam
3270 5735 3381 5791 cito
3404 5738 3544 5791 ami-

1942 5809 2135 5864 sissent
2166 5815 2481 5868 memoriam
2507 5858 2521 5879 ,
2549 5817 2754 5884 juravit
2796 5822 3201 5889 generationem
3247 5827 3393 5883 illam
3424 5846 3544 5900 qua:

1945 5904 2058 5955 lure
2088 5904 2316 5968 diu-rat,
2352 5926 2454 5961 non
2488 5909 2856 5976 ingresuiatn
2889 5911 2940 5967 in
2974 5918 3253 5985 requiem;
3282 5929 3333 5975 et
3355 5937 3547 5977 οιιιιιες

3169 6021 3203 6079 b
