4112 6344
597 387 659 445 tu»
1257 401 1311 456 s.
1356 401 1629 459 inimus
1668 402 2137 461 cnnrsos'rosn
2182 405 2495 465 AltClllEl‘.
2539 409 3066 469 COXSTANTINOP.
3785 406 3855 463 δα

584 511 853 578 perierunt
880 509 928 564 in
958 508 1191 564 deserto.
1221 507 1347 562 Nam
1375 506 1535 562 David
1556 516 1759 580 postea,
1788 519 1905 579 post
1936 509 2148 565 illorum

580 604 979 668 generationem
1010 604 1229 673 loquens
1250 643 1264 665 ,
1295 601 1503 654 diccbat
1529 644 1540 665 ,
1576 600 1744 657 Hodie
1769 604 1815 657 si
1846 619 2009 657 vocem
2042 604 2151 675 ejus

582 694 843 747 audieritis
868 734 883 757 ,
914 693 1105 762 inquit,
1140 691 1294 745 nolite
1324 691 1573 747 obdurare
1618 694 1773 747 corda
1804 704 1991 758 vestra,
2025 696 2154 748 sicut

591 787 643 835 in
692 782 1073 837 exacerbatione
1103 798 1121 845 ;
1151 784 1356 851 quare?
1390 799 1453 836 ne
1500 784 1683 838 eadem
1715 786 1982 855 patiamini
2030 803 2147 855 queo

588 874 816 950 majores
867 874 1063 938 vestri,
1116 883 1171 927 et
1215 875 1488 939 prin‘mini
1550 877 1730 945 requie
1786 894 1797 929 :
1848 887 1993 931 certe
2054 876 2153 930 line

602 964 727 1018 dicit
753 979 817 1019 eo
845 964 982 1033 quod
1025 966 1094 1018 sit
1117 980 1241 1019 vere
1270 966 1493 1034 requies.
1544 965 1671 1019 Nam
1712 966 1754 1019 si
1802 968 2155 1035 accepissent,

588 1059 779 1127 inquit,
803 1058 1043 1127 requiem
1068 1098 1082 1121 ,
1114 1073 1341 1127 quanam
1376 1057 1443 1111 de
1470 1072 1627 1113 causa
1656 1059 1732 1112 eis
1761 1075 1946 1111 rursus
1975 1060 2097 1111 «1ἰι-ἱι
2136 1078 2148 1111 :

602 1158 767 1215 Hodie
793 1158 869 1228 (a)
931 1158 973 1211 si
1026 1172 1192 1211 vocem
1241 1160 1348 1226 ejus
1395 1156 1673 1221 audieritis,
1714 1156 1867 1208 nolite
1917 1152 2163 1207 obdurare

599 1250 753 1305 sorda
774 1258 953 1313 vestra,
985 1250 1112 1304 sicut
1139 1251 1188 1301 iu
1215 1248 1635 1302 exaeerbntione?

674 1341 951 1397 Sabbatum
972 1351 1046 1395 est
1066 1342 1206 1411 regni
1236 1341 1469 1393 rtelormu
1501 1350 1673 1409 typus.
1702 1370 1770 1380 —
1801 1339 2051 1405 Qumnam
2084 1344 2168 1389 est

607 1449 728 1505 1rgo
757 1435 857 1488 alia
881 1435 1089 1503 requies
1118 1449 1272 1502 quam
1305 1448 1521 1500 regnum
1553 1433 1828 1495 canorum,
1862 1431 2010 1495 cujus
2039 1430 2169 1483 ima-

599 1542 664 1594 go
696 1535 747 1579 et
779 1536 937 1596 typus
960 1534 1035 1577 est
1066 1524 1387 1577 sabbatum?
1418 1521 1613 1575 Deinde
1641 1563 1656 1585 ,
1699 1537 1817 1575 cum
1854 1520 2161 1573 universum

600 1638 631 1689 ρ
656 1620 864 1672 tsuisset
891 1616 1253 1671 testimonium
1285 1618 1301 1682 (
1330 1615 1430 1668 hoc
1452 1624 1626 1669 autem
1659 1623 1778 1675 est,
1816 1612 1981 1665 Hodie
2007 1612 2048 1664 si
2080 1625 2165 1662 vo-

598 1730 701 1762 rem
733 1713 839 1780 ejus
862 1709 1143 1771 audieritis,
1169 1708 1321 1761 nolite
1348 1707 1595 1760 obdurare
1624 1706 1775 1759 corda
1805 1714 1966 1757 vestra
1990 1744 2003 1766 ,
2034 1704 2161 1757 sicut

596 1808 647 1856 in
666 1802 1040 1857 exacerbatioue
1061 1842 1075 1859 .
1105 1800 1376 1853 secundum
1399 1800 1528 1851 diem
1557 1797 1843 1850 teutationis
1867 1797 1917 1848 in
1939 1795 2156 1857 deserto,

596 1897 678 1948 ubi
701 1904 1014 1948 tentareruut
1038 1884 1122 1945 me.
1140 1902 1308 1960 patres
1335 1891 1483 1944 vestri
1503 1908 1520 1955 ;
1546 1893 1875 1958 probaverunt
1907 1903 1984 1938 me
2014 1896 2059 1937 et
2084 1885 2159 1937 vi-

596 1988 771 2039 derunt
799 2001 949 2052 opera
989 2000 1100 2034 utea
1126 1981 1463 2050 quadraginta
1494 1981 1657 2032 anuis.
1684 1978 1903 2046 PrOpter
1929 1977 2063 2047 quod
2082 1977 2157 2045 of-

597 2083 627 2145 f.
648 2094 762 2130 usus
791 2076 865 2144 fui
892 2075 1199 2144 generatiom'
1226 2072 1322 2136 illi,
1346 2082 1390 2125 et
1410 2071 1536 2137 dixi,
1561 2071 1771 2139 Semper
1788 2076 1958 2123 errant
1976 2069 2159 2121 corde:

591 2170 687 2233 ipsi
725 2178 888 2221 autem
926 2183 1024 2219 non
1055 2175 1387 2234 cognoverunt
1418 2165 1523 2217 vias
1551 2181 1685 2216 meas
1714 2181 1730 2227 ,'
1778 2166 1955 2232 quibus
1987 2163 2161 2233 juravi

589 2263 640 2311 in
672 2261 754 2311 ira
775 2274 902 2323 mea,
936 2258 992 2310 Si
1017 2256 1287 2309 introitum!
1308 2256 1358 2307 in
1387 2253 1603 2323 requiem
1625 2254 1816 2323 meam)
1843 2294 1858 2317 ,
1889 2263 2012 2306 tunc
2038 2252 2165 2307 sub-

586 2348 760 2417 jungit
816 2367 828 2400 :
874 2347 958 2401 12.
1003 2345 1175 2399 Videte
1199 2385 1213 2409 ,
1243 2349 1445 2415 fratres,
1472 2360 1533 2397 ne
1554 2344 1685 2413 forte
1713 2345 1776 2397 sit
1807 2346 1857 2397 in
1885 2344 2054 2410 aliquo
2081 2358 2159 2395 ve-

588 2458 743 2493 srnm
769 2456 855 2492 cor
882 2439 1068 2491 malum
1096 2436 1465 2489 incredulitatis
1498 2436 1799 2488 discedendo
1832 2451 1862 2486 a
1888 2433 1998 2487 Deo
2028 2435 2155 2488 vivo.

589 2532 665 2597 lﬂx
709 2528 903 2583 duritie
947 2527 1087 2582 enim
1132 2526 1189 2580 lit
1232 2526 1574 2580 incredulitas
1611 2544 1624 2578 :
1664 2535 1717 2579 et
1762 2525 1908 2579 sicut“
1935 2538 2159 2593 corpora

585 2641 702 2688 qua:
733 2622 1092 2677 occalluerunt
1118 2627 1171 2672 et
1201 2618 1449 2673 duritiem
1480 2626 1865 2673 contraxerunt
1889 2656 1902 2678 .
1934 2632 2039 2668 non
2071 2631 2159 2669 reo

586 2720 717 2767 (inut
750 2712 991 2767 manibus
1017 2711 1373 2766 medicorum:
1397 2712 1466 2764 ita
1493 2711 1651 2765 etiam
1684 2709 1941 2763 indurata:
1966 2710 2158 2761 animm

585 2823 688 2859 non
717 2804 911 2858 cedunt
937 2803 1098 2858 verbo
1130 2803 1218 2856 Dei
1253 2820 1265 2856 :
1300 2810 1383 2856 cst
1408 2802 1548 2855 enim
1578 2799 1867 2853 verisimile
1896 2798 2155 2869 quosdam

588 2898 689 2971 iam
717 2910 818 2949 non
852 2893 1072 2948 credere
1104 2934 1117 2954 ,
1153 2902 1418 2961 tamquam
1448 2906 1551 2945 non
1577 2906 1701 2945 vera
1735 2890 1844 2943 sint
1873 2904 1988 2959 quas
2022 2888 2155 2943 facta

586 2997 728 3040 sunt.
760 2984 1043 3054 Propterea
1072 2982 1234 3036 dicit:
1277 2980 1448 3035 Videte
1471 2997 1532 3035 ne
1556 2982 1685 3049 forte
1709 2981 1772 3032 sit
1799 2980 1848 3033 in
1874 2980 2042 3048 aliqua
2071 2993 2150 3033 ve-

583 3091 739 3132 strum
770 3094 855 3131 cor
884 3078 1073 3129 malum
1094 3074 1462 3129 incredulitatis
1490 3072 1792 3126 discedendo
1819 3090 1848 3123 a
1889 3070 1995 3125 Deo
2024 3073 2151 3126 viro.

582 3169 711 3225 Nam
738 3169 991 3239 quoniam
1018 3180 1194 3221 sermo
1221 3166 1287 3220 de
1314 3164 1502 3217 futuris
1532 3180 1634 3217 non
1664 3173 1745 3217 est
1771 3164 1902 3216 adeo
1928 3162 2155 3217 credibi-

582 3263 665 3325 lis,
702 3273 754 3314 ut
783 3261 871 3331 qui
894 3259 1071 3314 estde
1105 3258 1405 3328 pra-teritis,
1441 3256 1518 3311 eis
1544 3254 1818 3309 historiam
1860 3263 2075 3308 revocat
2099 3254 2153 3308 in

582 3356 891 3409 memoriam
923 3394 938 3418 ,
972 3352 1022 3405 in
1050 3366 1149 3421 qua
1178 3349 1281 3404 fide
1311 3357 1591 3418 eguerunt.
1622 3347 1753 3401 Nam
1783 3346 1823 3400 si
1848 3353 2027 3414 patres
2058 3358 2152 3399 ve-

578 3448 672 3500 stri
704 3489 717 3508 .
764 3446 973 3515 inquit,
1017 3443 1266 3513 quoniam
1300 3458 1402 3495 non
1437 3448 1786 3509 speraverant
1833 3448 1892 3493 ut
1936 3452 2154 3508 sperare

578 3542 848 3606 oportuit,
882 3536 994 3590 tunc
1019 3534 1164 3606 passi
1194 3544 1317 3587 sunt
1342 3574 1356 3594 ,
1386 3534 1555 3586 multo
1584 3530 1751 3600 magis
1780 3543 1875 3583 vos
1908 3547 1922 3583 :
1956 3530 2021 3583 ad
2050 3544 2143 3585 eos

583 3638 724 3689 enim
759 3636 872 3690 haec
897 3632 1057 3689 verba
1092 3632 1243 3687 ﬁunt.
1290 3630 1419 3685 Illud
1450 3629 1590 3685 enim
1622 3669 1635 3692 ,
1688 3627 1856 3682 Hodie
1882 3669 1898 3693 ,
1940 3627 2149 3698 inquit,

571 3744 790 3799 semper
816 3736 897 3782 est
920 3725 1172 3797 quamdiu
1202 3723 1431 3778 mundus
1456 3721 1779 3776 constiterit.
1812 3720 1897 3777 15.
1932 3719 2040 3775 Sed
2057 3721 2149 3773 ad-

580 3822 847 3874 liortautini
886 3818 1205 3888 vosmetipsos
1237 3832 1324 3885 per
1351 3814 1577 3884 singulos
1609 3812 1762 3878 dies,
1804 3812 1963 3865 donec
2005 3806 2154 3864 hodie

578 3916 977 3984 raguorninatur.
1027 3911 1137 3964 Hoc
1173 3917 1287 3973 est,
1322 3905 1607 3961 Edilicnte
1656 3921 1748 3958 vos
1790 3905 2146 3970 alterutrum,

571 4006 765 4074 erigite
793 4020 887 4057 vos
920 4004 1062 4074 ipsos
1086 4042 1100 4063 ,
1130 4011 1183 4054 ut
1208 4015 1320 4055 non
1355 3997 1479 4051 liant
1510 3994 1718 4050 eadem.
1762 3994 1830 4050 Ut
1859 4011 1958 4049 non
1990 3996 2149 4048 obdu-

582 4106 713 4147 retnr
734 4094 843 4162 quis
866 4110 925 4146 ex
951 4092 1086 4146 vobis
1111 4090 1317 4160 fallacia
1345 4086 1553 4158 peccati.

651 4186 705 4240 ε).
756 4184 919 4238 Vides
960 4183 1100 4253 quod
1151 4189 1424 4251 peccatum
1473 4178 1635 4233 iaciat
1678 4175 2150 4232 incredulitatem?

583 4278 711 4331 Nam
763 4284 820 4330 ut
858 4273 1202 4330 incredulitas
1233 4271 1427 4324 malam
1471 4270 1609 4339 parit
1648 4268 1810 4322 vitam
1834 4309 1848 4333 ,
1878 4267 1947 4321 ita
1992 4267 2149 4319 etiam

576 4383 775 4433 anima,
798 4381 921 4421 eum
944 4367 995 4418 in
1023 4361 1352 4433 profundum
1376 4360 1638 4414 malorum
1654 4359 1888 4422 venerit,
1909 4367 2152 4409 contem-

577 4460 686 4523 nit;
717 4468 1073 4512 contemnens
1098 4466 1281 4509 autem
1303 4469 1371 4508 ne
1396 4451 1629 4507 sustinet
1652 4449 1874 4518 quidem
1902 4447 2148 4512 credere,

582 4559 639 4603 nt
666 4564 721 4602 se
745 4562 774 4601 a
802 4556 947 4601 metu
974 4547 1193 4599 liberet.
1220 4543 1479 4597 Dixerunt
1504 4542 1673 4603 enim,
1705 4539 1901 4609 inquit,
1928 4538 2045 4593 Non
2074 4555 2151 4592 vt-

578 4641 715 4693 debit
736 4636 1012 4700 Dominus,
1035 4651 1125 4688 nec
1152 4633 1404 4705 intelliget
1422 4631 1561 4687 Deus
1575 4631 1735 4687 Jacob
1760 4629 1925 4702 (Psul.
1948 4630 2035 4685 95.
2062 4628 2147 4699 .7);

578 4741 633 4783 et
660 4743 871 4793 rursus,
899 4726 1062 4781 Labia
1093 4733 1273 4779 nostra
1306 4741 1337 4779 a
1364 4722 1506 4777 nobis
1528 4732 1684 4791 sunt,-
1711 4722 1825 4794 quis
1852 4730 2028 4776 noster
2049 4717 2153 4774 Do-

580 4823 750 4875 minus
780 4828 853 4873 est
889 4816 1057 4889 (Psal.
1090 4816 1175 4872 11.
1203 4815 1293 4887 5)?
1323 4815 1651 4886 iterumque,
1676 4812 1780 4870 Cur
1806 4813 2035 4870 irritavit
2056 4813 2155 4867 im-

574 4914 696 4983 pius
722 4909 885 4967 Deum
912 4908 1079 4981 (Psal.
1107 4909 1191 4967 10.
1215 4909 1299 4965 15.
1312 4925 1421 4964 sec.
1441 4906 1662 4979 Hebr.)?
1698 4914 1756 4963 et
1779 4919 1991 4970 rursus,
2011 4904 2155 4960 Dixit

578 5003 829 5074 insipiens
854 5001 1081 5056 incorde
1098 5019 1193 5064 suo
1212 5018 1228 5055 :
1246 5000 1360 5055 Non
1387 5011 1462 5054 est
1487 4997 1647 5054 Deus.
1675 4996 1919 5069 Corrupti
1943 5006 2083 5061 sunt,
2107 5012 2153 5050 et

581 5095 957 5149 abominabiles
977 5095 1101 5165 {acti
1126 5104 1246 5148 sunt
1270 5095 1323 5147 in
1346 5094 1530 5148 studiis
1549 5093 1657 5146 suis
1685 5089 1852 5161 (Psal.
1882 5089 1967 5143 l3.
1996 5087 2068 5159 1).
2090 5088 2155 5142 Et

581 5200 793 5250 rursus,
808 5184 920 5239 Non
936 5194 1009 5239 est
1026 5183 1299 5239 'rimorDei
1317 5195 1440 5238 ante
1456 5182 1628 5237 oculos
1645 5198 1851 5247 eorum;
1874 5191 1931 5235 et
1944 5194 2151 5234 rursus.

584 5275 845 5339 Quoniam
874 5274 1047 5331 dolose
1077 5277 1250 5345 egita'n
1268 5284 1543 5345 conspectu
1569 5274 1701 5343 ejus,
1726 5281 1782 5324 ut
1808 5269 2159 5324 iureniatini-

584 5365 834 5430 quitatem
847 5365 960 5435 ejus
973 5373 1017 5417 et
1032 5366 1195 5418 oderit
1211 5364 1379 5436 (Psal.
1402 5366 1488 5421 35.
1507 5366 1557 5423 2.
1579 5365 1634 5437 5)
1647 5364 1923 5422 .Christus
1940 5381 2156 5437 quoque

582 5455 688 5511 hoc
712 5455 778 5511 ad
796 5456 973 5526 ipsum
994 5456 1154 5512 dicit:
1175 5456 1353 5513 Omnis
1371 5460 1459 5531 qui
1480 5458 1619 5513 male
1637 5457 1766 5529 agit,
1785 5459 1891 5512 odit
1910 5458 2095 5522 lucem,
2110 5468 2157 5510 et

589 5578 689 5614 non
720 5561 846 5614 venit
866 5557 934 5611 ad
963 5556 1121 5611 lucem
1142 5552 1159 5623 (
1179 5552 1335 5605 Joan.
1368 5551 1421 5604 5.
1452 5548 1523 5602 20
1544 5551 1581 5617 ).
1612 5548 1811 5601 Deinde
1849 5546 2115 5615 subjuugit
2143 5563 2154 5598 :

592 5654 875 5718 l’artiripes
902 5649 1091 5706 Christi
1117 5644 1280 5713 e/fecti
1300 5658 1491 5697 sumus.
1520 5640 1655 5708 Quid
1688 5639 1787 5693 hoc
1818 5648 1920 5705 est,
1952 5636 2158 5691 Partiri-

653 5788 722 5849 (α)
748 5785 835 5833 Hic
872 5785 1043 5841 ingens
1077 5784 1153 5826 est
1185 5775 1342 5824 hiatus
1382 5771 1431 5819 in
1465 5766 1740 5819 Colliertiuo
1772 5765 1988 5827 quinque
2026 5761 2162 5824 pagi-

589 5864 771 5902 ιωωιιι.

2284 542 2369 595 pes
2397 522 2581 579 Clu-isti
2611 520 2777 588 effecti
2802 537 2976 575 sumus
2999 522 3025 574 Ρ
3052 520 3223 576 Unum
3258 519 3429 575 effecti
3462 536 3647 577 sumus
3680 538 3776 579 nos
3798 536 3852 579 et

2282 617 2395 685 ipse
2425 631 2440 669 :
2472 612 2732 683 siquidem
2783 613 2895 682 ipse
2937 610 3151 680 quidem
3182 622 3339 681 caput
3363 654 3377 677 ,
3408 627 3506 667 nos
3534 624 3710 668 autem
3738 631 3859 670 cor-

2281 723 2399 777 pus,
2433 705 2728 760 colieredes
2748 745 2763 770 ,
2795 713 2851 757 et
2870 705 3285 770 concorporalcs
3334 703 3505 759 Unum
3534 720 3730 773 corpus
3756 726 3852 760 stt-

2278 815 2398 857 mus
2432 814 2495 853 es
2544 812 2705 851 carne
2741 796 2857 864 ejus
2880 835 2894 859 ,
2934 794 3145 864 inquit,
3182 804 3235 849 et
3282 811 3349 851 ex
3383 796 3592 851 ossibus
3625 797 3762 867 ejus.
3794 799 3857 855 Si

2278 903 2440 946 tamen
2464 888 2665 942 initium
2693 886 2987 940 substantia:
3016 886 3124 953 ejus
3163 900 3318 955 usque
3346 887 3414 937 ad
3440 887 3592 951 ﬁnem
3631 888 3851 941 retineo-

2277 1000 2408 1037 mus.
2438 980 2573 1049 Quid
2601 990 2719 1043 est,
2767 976 2980 1031 Initium
3005 976 3303 1031 substantia:
3332 979 3484 1047 ejus?
3523 978 3705 1033 Fidum
3756 997 3852 1047 per

2276 1086 2436 1144 quam
2465 1070 2824 1135 constitimus,
2855 1077 2910 1124 et
2930 1066 3095 1138 geniti
3127 1081 3310 1120 sumus
3332 1105 3347 1130 ,
3374 1075 3427 1119 et
3452 1073 3507 1118 ut
3538 1067 3608 1118 ita
3635 1066 3808 1119 dicam
3838 1102 3857 1129 ,

2276 1160 2741 1217 consubstantiati.
2774 1158 2972 1213 Deinde
2999 1156 3272 1226 subjuogit
3302 1172 3317 1210 :
3360 1156 3447 1210 15.
3480 1152 3619 1209 Dum
3646 1155 3859 1220 dicitur,

2283 1252 2450 1307 Hodie
2474 1254 2517 1306 si
2548 1268 2714 1304 vocem
2754 1251 2862 1320 ejus
2888 1249 3152 1301 audieritis
3181 1288 3193 1311 ,
3227 1247 3381 1301 nolite
3406 1246 3658 1300 obdurare
3696 1247 3858 1301 corda

2276 1355 2457 1408 vestra,
2488 1345 2613 1396 sicut
2645 1342 2693 1394 in
2716 1338 3113 1393 exacerbatione.
3142 1337 3265 1392 lltcc
3292 1339 3508 1391 inverso
3538 1335 3728 1390 ordine
3757 1351 3858 1406 po-

2275 1449 2473 1490 uuntur
2500 1477 2515 1501 ,
2547 1434 2744 1489 deinde
2769 1432 3051 1501 adjicitur:
3080 1430 3229 1502 (Cap.
3259 1430 3313 1499 4)
3350 1430 3395 1483 1.
3425 1430 3713 1485 Timeamus
3740 1443 3861 1499 ergo

2275 1547 2336 1583 ne
2362 1533 2491 1599 forte
2510 1529 2686 1581 relicta
2711 1525 3074 1596 pollicitatione
3095 1521 3383 1576 introeundi
3405 1523 3457 1574 iu
3476 1521 3697 1592 requiem
3720 1521 3855 1589 ejus,

2276 1622 2584 1675 existimetur
2610 1618 2794 1688 aliquis
2824 1633 2885 1669 ex
2911 1615 3045 1669 vobis
3067 1615 3254 1667 deesse.
3281 1613 3333 1668 9..
3363 1611 3565 1666 Etenim
3597 1611 3727 1665 uobi.
3765 1629 3861 1663 au-

2275 1713 2562 1765 nuutiatum
2594 1720 2664 1763 est
2686 1750 2701 1775 ,
2730 1708 3155 1779 quemadmodum
3182 1715 3227 1758 et
3274 1704 3398 1759 illis.
3445 1703 3579 1757 Dum
3623 1704 3809 1756 dicitur
3838 1743 3855 1767 ,

2278 1803 2446 1858 lloaie
2472 1804 2516 1857 si
2544 1817 2709 1855 vocem
2736 1802 2845 1869 ejus
2868 1800 3150 1853 audieritis.
3187 1796 3317 1850 Illud
3350 1797 3491 1850 enim
3520 1794 3685 1848 Hodie
3715 1811 3860 1849 scut-

2272 1912 2369 1966 per
2398 1880 2729 1949 est.Deinde
2755 1894 2870 1945 ait:
2906 1890 3130 1946 Seduon
3159 1889 3347 1959 profuit
3378 1888 3482 1942 illis
3501 1903 3663 1941 sermo
3700 1890 3855 1940 audt-

2274 1998 2372 2051 tus,
2396 2003 2495 2040 nou
2514 1986 2767 2039 admixtus
2787 1986 2905 2052 [idei
2923 2000 2987 2037 ex.
3013 1983 3075 2037 iis
3101 1998 3213 2052 qua:
3232 1982 3534 2044 audierunt;
3563 1979 3856 2035 ostendens

2272 2078 2541 2149 quomodo
2591 2092 2694 2130 nou
2740 2074 2938 2144 proluit
2985 2090 3002 2129 :
3048 2084 3328 2143 propterea
3382 2073 3522 2125 cnim
3578 2086 3681 2124 non
3726 2085 3855 2139 pro-

2272 2170 2368 2223 luit
2420 2169 2540 2240 quia
2590 2167 2776 2222 deerat
2811 2163 2963 2219 ﬁdes.
3006 2162 3210 2219 Deinde
3252 2161 3436 2216 volens
3473 2177 3566 2215 cos
3610 2170 3812 2217 terrere
3837 2203 3852 2226 ,

2273 2260 2375 2315 hoc
2406 2260 2576 2329 ipsum
2618 2256 2852 2311 ostendit
2897 2270 2993 2325 per
3042 2268 3105 2311 ea
3152 2267 3274 2325 quae
3319 2251 3469 2306 dicit.
3505 2253 3594 2306 16.
3628 2252 3855 2320 Quidam

2271 2358 2403 2406 enim
2424 2351 2684 2404 audientes
2710 2346 3154 2412 cxacerbarerunt,
3181 2343 3271 2399 sed
3293 2360 3394 2397 non
3420 2359 3592 2398 omnes
3617 2346 3704 2417 qui
3726 2362 3820 2415 pro
3842 2377 3855 2384 -

2270 2445 2386 2513 fecti
2413 2451 2530 2496 sunt
2557 2457 2619 2494 ea;
2647 2438 2878 2509 Egypto
2926 2453 3014 2506 per
3053 2436 3299 2506 Moysem.
3339 2435 3424 2489 17.
3463 2435 3655 2501 Quibus
3681 2445 3850 2487 autent

2267 2537 2497 2605 infensus
2528 2533 2622 2605 fuit
2652 2531 2991 2601 quadraginta
3018 2530 3164 2582 annis
3190 2528 3215 2581 2’
3240 2528 3524 2582 uouueillis
3552 2529 3639 2599 qui
3666 2544 3849 2598 pecca-

2268 2636 2464 2692 verunt,
2494 2640 2709 2698 quorum
2734 2622 2981 2675 cadavera
3012 2620 3236 2689 projecta
3265 2630 3381 2672 sunt
3412 2620 3464 2671 in
3494 2619 3734 2674 deserto?
3762 2619 3849 2673 l8.

2272 2720 2465 2786 Quibus
2490 2727 2657 2772 autem
2688 2715 2886 2785 juraait
2917 2729 3019 2767 non
3045 2712 3254 2765 introire
3298 2712 3350 2765 in
3392 2712 3616 2781 requiem
3646 2712 3808 2781 ipsius
3833 2752 3849 2775 ,

2270 2812 2369 2867 nisi
2397 2811 2461 2864 iis
2484 2810 2568 2881 qui
2590 2806 2839 2861 increduli
2863 2810 3066 2875 fuerunt
3089 2806 3113 2859 7
3136 2804 3221 2858 19.
3254 2801 3321 2857 Et
3353 2804 3574 2857 videmus
3593 2804 3729 2872 quod
3750 2819 3850 2855 non

2268 2903 2519 2977 potuerint
2546 2900 2753 2955 introire
2781 2899 2835 2952 in
2856 2898 3075 2968 requiem
3096 2896 3257 2967 ipsius
3285 2906 3491 2966 prapter
3515 2896 3849 2950 incredulita-

2270 3006 2390 3050 tem.
2437 2996 2573 3049 Cum
2615 2992 2843 3046 dixisset
2886 3005 3077 3045 rursus
3125 2988 3521 3051 testimonium,
3570 2985 3852 3054 subiungit

2268 3088 2432 3143 etiam
2472 3083 2991 3152 interrogationem,
3024 3078 3168 3149 quod
3201 3078 3417 3148 quidem
3460 3077 3662 3130 claram
3689 3074 3854 3129 eﬂicit

2269 3176 2594 3231 orationem.
2631 3172 2778 3225 Dixit
2822 3172 2987 3235 enim,
3022 3170 3226 3238 inquit,
3264 3167 3433 3223 Hodie
3461 3169 3508 3221 si
3537 3181 3709 3221 uocem
3739 3164 3852 3233 ejus

2271 3267 2565 3331 audieritis,
2591 3265 2747 3319 nolite
2792 3263 3047 3317 obdurare
3078 3262 3238 3315 corda
3281 3270 3450 3315 vestra
3487 3262 3621 3313 sicut
3668 3259 3720 3313 in
3762 3275 3857 3313 er-

2270 3360 2617 3414 acerbatioue.
2648 3356 3053 3422 Quorumnam,
3095 3354 3290 3423 inquit,
3324 3354 3567 3408 meminit
3596 3351 3686 3422 qui
3724 3360 3853 3405 sunt

2268 3450 2543 3507 indurati?
2575 3460 2934 3518 quorumnam
2968 3446 3057 3517 qui
3098 3460 3205 3500 non
3246 3445 3631 3500 crediderunt?
3658 3442 3852 3497 Nonne

2268 3540 2615 3598 Iudaeorum?
2645 3538 2801 3605 Quod
2831 3548 3010 3593 autem
3046 3537 3199 3601 dicit,
3233 3545 3316 3591 est
3354 3532 3664 3602 Intjnsmodi
3701 3531 3852 3585 :An-

2270 3633 2486 3687 dierunt
2512 3630 2585 3685 illi
2617 3643 2834 3700 quoque
2857 3628 2999 3683 sicut
3032 3641 3130 3679 nos
3162 3626 3433 3683 audimus,
3467 3622 3558 3677 sed
3585 3622 3715 3675 nihil
3746 3621 3854 3675 illis

2270 3723 2490 3795 profuit.
2518 3722 2595 3777 Ne
2622 3736 2753 3791 ergo
2776 3718 3099 3775 existimetis
3131 3716 3272 3787 quod
3299 3715 3538 3769 futurum
3572 3714 3642 3767 sit
3678 3723 3731 3765 ut
3759 3712 3848 3780 ju-

2272 3813 2467 3869 vemini
2518 3810 2789 3866 audiendo
2829 3808 3267 3879 praedicationem
3306 3822 3318 3856 :
3363 3823 3486 3860 nam
3526 3807 3597 3860 illi
3634 3821 3853 3876 quoque

2270 3907 2578 3969 audierunt,
2596 3903 2691 3958 sed
2720 3902 2857 3965 nihil
2886 3901 2992 3955 illis
3013 3900 3236 3971 profuit,
3262 3902 3516 3970 quoniam
3543 3915 3649 3953 non
3674 3898 3853 3953 credi-

2269 3997 2487 4053 derunt.
2507 3996 2711 4051 Cbaleb
2734 4002 2912 4049 autem
2936 4001 2989 4046 et
3006 3990 3167 4048 Jesus
3198 3992 3455 4063 quoniam
3484 4008 3590 4047 nou
3616 4007 3855 4046 consen-

2281 4096 2466 4143 serunt
2486 4087 2552 4141 iis
2572 4085 2659 4156 qui
2689 4099 2795 4138 non
2816 4082 3181 4145 crediderunt,
3204 4080 3306 4133 illis
3332 4080 3541 4134 illatum
3560 4079 3868 4148 etingeruut

2281 4180 2619 4251 supplicium.
2650 4177 2711 4232 Et
2733 4175 2855 4231 vide
2882 4173 3008 4245 quid
3033 4171 3351 4227 admirabile
3386 4188 3399 4224 :
3435 4187 3539 4225 non
3558 4171 3718 4237 dixit,
3743 4170 3865 4226 Non

2280 4278 2687 4333 consenserunt,
2716 4268 2831 4330 sed,
2866 4264 2985 4318 Non
3012 4263 3257 4317 commisti
3283 4273 3436 4326 sunt;
3462 4263 3564 4316 hoc
3589 4271 3691 4328 est,
3727 4263 3864 4317 citra

2282 4364 2596 4419 seditionem
2628 4370 2752 4414 sunt
2784 4357 3016 4427 separati
3042 4398 3054 4420 ,
3086 4370 3212 4410 cum
3246 4354 3319 4409 illi
3345 4357 3502 4409 unius
3528 4364 3583 4409 et
3613 4354 3860 4423 ejusdem

2282 4458 2506 4511 fuissent
2532 4454 2834 4508 sementim.
2875 4450 2972 4504 llic
2999 4448 3128 4502 milii
3158 4446 3365 4501 videtur
3395 4446 3555 4500 etiam
3583 4446 3743 4501 tacite
3781 4447 3865 4499 in-

2280 4563 2443 4601 nttcrc
2484 4547 2818 4601 seditionem.
2847 4548 2899 4600 5.
2933 4545 3259 4614 lagredimur
3285 4544 3438 4609 enim,
3471 4542 3659 4613 inquit,
3688 4541 3742 4595 in
3784 4556 3873 4593 re-

2276 4644 2443 4711 quiem
2466 4640 2549 4708 qui
2575 4639 2901 4693 credidimus.
2927 4637 3127 4692 Deinde
3150 4637 3251 4691 hoc
3278 4634 3605 4691 conﬁrmans
3630 4632 3858 4703 subjun-

2275 4730 2351 4783 xit
2378 4750 2391 4785 :
2427 4729 2855 4797 Quemadmodum
2876 4729 3002 4782 dixit
3031 4743 3049 4783 :
3079 4726 3409 4801 Sicutjurari
3445 4730 3499 4781 in
3538 4728 3617 4780 ira
3655 4742 3787 4791 mea,
3812 4725 3867 4781 si

2276 4821 2546 4875 introibant
2596 4822 2647 4876 in
2692 4822 2909 4893 requiem
2946 4835 3153 4875 meam:
3185 4830 3238 4875 et
3278 4802 3493 4890 quidem
3533 4818 3786 4888 operibus
3829 4832 3863 4868 ιι

2276 4913 2656 4969 constitutione
2697 4912 2880 4968 mundi
2933 4912 3263 4967 constitutis.
3314 4908 3579 4979 Quoniam
3616 4909 3860 4965 dicturus

2279 5002 2416 5059 forte
2454 5004 2715 5073 quispiam
2763 5013 2915 5067 erat,
2948 5002 3107 5073 Atqui
3152 5002 3252 5057 hoc
3298 5016 3403 5055 non
3441 5000 3708 5071 signiﬁcat
3755 5015 3857 5055 nos

2280 5096 2634 5165 ingressuros,
2668 5094 2761 5148 sed
2792 5094 2913 5149 illos
2940 5109 3044 5147 non
3074 5107 3195 5146 esse
3226 5094 3496 5163 ingressos
3530 5111 3545 5147 :
3575 5092 3701 5161 quid
3730 5108 3862 5161 ergo

2280 5188 2396 5241 [ςιρδι
2422 5186 2443 5238 't
2472 5185 2694 5241 lutet-int
2728 5186 2908 5241 studet
2946 5183 3233 5239 ostendere
3254 5225 3267 5249 ,
3298 5184 3440 5254 quod
3489 5188 3627 5237 sicut
3660 5184 3747 5238 illa
3776 5199 3866 5237 rc-

2278 5280 2428 5348 qnies
2456 5292 2560 5332 non
2585 5278 2830 5346 prohibet
2850 5277 3005 5340 aliam
3028 5276 3133 5331 dici
3160 5276 3422 5342 requiem,
3446 5276 3515 5329 ita
3545 5289 3718 5346 neque
3748 5276 3868 5330 iure

2280 5369 2519 5439 requiem
2546 5370 2824 5424 culorum.
2854 5368 3070 5422 Interim
3112 5381 3240 5437 ergo
3281 5367 3394 5420 vult
3424 5366 3714 5421 oetcndere
3742 5367 3867 5420 illos

2282 5461 2517 5529 requiem
2564 5475 2661 5514 nos
2701 5472 3018 5530 assequutos
3048 5476 3185 5514 esse.
3228 5458 3295 5515 Ut
3336 5458 3475 5513 Scias
3509 5472 3687 5513 autem
3717 5461 3867 5529 quod

2282 5551 2381 5607 hac
2410 5553 2551 5608 dicat
2577 5596 2589 5617 ,
2618 5553 2767 5607 addit
2794 5572 2805 5607 :
2840 5553 2891 5607 4.
2928 5551 3070 5606 Dixit
3107 5553 3241 5605 enim
3290 5552 3511 5620 quodam
3543 5550 3653 5605 loco
3685 5554 3748 5605 de
3776 5553 3864 5606 die

2279 5646 2489 5715 septima
2519 5644 2589 5703 sic
2619 5660 2638 5699 :
2666 5654 2710 5698 ct
2739 5644 2979 5714 requierit
3015 5642 3153 5698 Deus
3185 5644 3265 5697 die
3304 5646 3515 5715 septimo
3545 5644 3607 5697 ab
3635 5644 3868 5699 omnibus

2280 5738 2517 5806 operibus
2553 5737 2657 5791 suis
2684 5752 2703 5791 :
2732 5737 2786 5794 5.
2835 5747 2880 5791 et
2917 5737 2968 5790 iu
3006 5736 3101 5790 ista
3135 5750 3384 5789 rursum:
3412 5735 3473 5791 Si
3499 5736 3773 5790 introibant
3811 5737 3868 5791 in

2283 5831 2498 5897 requiem
2533 5845 2711 5881 meam.
2764 5827 2923 5884 Vides
2963 5827 3230 5899 quomodo
3274 5826 3388 5884 iure
3433 5844 3536 5880 non
3585 5827 3867 5884 orv-ltilnzal
