4112 6344
210 313 271 367 επ
1008 317 1069 369 IN
1108 313 1317 369 I-LPIST.
1365 312 1451 365 ..ιυ
1492 305 1849 366 nummos.
1894 297 2048 355 cur.
2094 295 2177 349 tv.
2224 294 2457 349 utnttL.
2504 291 2612 347 vn.
3404 275 3473 333 ss

203 423 342 474 illam
371 433 495 474 esse
524 420 809 490 riquicnt?
837 421 889 476 ii.
927 422 1180 486 Quoniam
1208 439 1349 493 ergo,
1383 425 1576 494 inquit,
1608 443 1787 499 supcr—

196 522 269 566 ω
298 511 511 566 introire
537 512 783 581 quosdam
806 514 857 565 in
887 512 1053 579 illum,
1086 526 1135 567 et
1162 514 1199 568 ii
1217 516 1397 585 quibus
1423 518 1675 586 prioribus
1696 537 1788 574 an-

198 604 488 656 nuntiatum
506 614 619 671 est,
652 621 752 658 non
782 605 1083 659 introierunt
1111 617 1315 677 propter
1344 607 1745 666 incredulitatem
1772 630 1789 665 :

197 692 248 749 7.
277 694 466 746 iterum
491 695 733 748 terminat
758 695 892 748 diem
919 698 1193 765 quamdam
1217 698 1368 752 hodie
1388 741 1402 765 ,
1442 704 1493 753 in
1522 700 1688 754 Durid
1713 702 1787 755 di-

194 786 355 840 cendo
388 804 407 841 :
438 786 568 841 Post
597 798 794 842 tantum
819 791 1063 858 temporis
1086 831 1100 853 ,
1135 791 1264 844 sicut
1290 809 1448 861 supra
1475 794 1668 846 dictant
1694 806 1785 848 est.

192 878 332 946 Quid
356 889 441 934 est
472 891 649 934 autem
681 880 825 951 quod
853 880 1023 937 dicit?
1050 882 1311 948 Quoniam
1340 884 1559 948 debent,
1595 887 1786 957 inquit,

194 973 362 1042 aliqui
400 972 629 1028 introire
657 973 900 1035 omnino,
937 975 1013 1028 illi
1061 983 1241 1028 autem
1283 990 1390 1030 non
1434 977 1785 1042 introierunt,

196 1080 393 1119 rursus
416 1066 632 1119 tertiam
664 1067 854 1119 statuit
878 1066 1143 1140 requiem.
1164 1066 1319 1133 Quod
1344 1077 1522 1125 autem
1545 1081 1792 1142 Oporteat

194 1155 449 1220 introire,
474 1165 527 1211 et
552 1159 764 1226 aliquos
793 1156 1021 1210 introire
1045 1168 1315 1226 oporteat,
1335 1161 1624 1219 audiamus
1648 1166 1792 1220 unde

197 1247 302 1302 hoc
330 1250 546 1318 probet.
574 1249 840 1314 Quoniam
875 1256 996 1318 post
1024 1256 1127 1313 tot,
1161 1249 1357 1318 inquit,
1390 1266 1564 1309 annos
1598 1270 1792 1311 rursus

192 1340 329 1395 dicit
351 1341 521 1394 David
552 1359 564 1393 :
596 1344 661 1395 IL;
680 1342 764 1395 die
787 1343 835 1395 si
862 1358 1032 1397 vocem
1056 1342 1173 1410 ejus
1200 1344 1497 1411 audieritis,
1524 1348 1683 1401 nolite
1703 1350 1793 1402 ob-

193 1438 393 1487 durare
415 1437 579 1487 corda
602 1446 792 1499 restra,
816 1436 950 1488 sicut
974 1435 1025 1485 iu
1049 1438 1445 1491 exacerbatione
1467 1439 1553 1493 :8.
1576 1440 1638 1493 Si
1653 1442 1792 1495 enim

194 1525 351 1580 Iesus
361 1542 449 1579 eos
468 1526 973 1595 fecissetquiescere,
991 1526 1169 1579 nonde
1187 1528 1291 1579 alio
1310 1528 1394 1582 die
1409 1541 1593 1597 postea
1617 1531 1797 1601 loque-

192 1629 356 1672 retur.
390 1616 681 1686 Liquidum
721 1632 850 1687 ergo
880 1626 963 1671 est
1002 1621 1145 1687 quod
1183 1619 1296 1673 haec
1327 1620 1474 1677 dicat
1515 1631 1784 1693 tamquam

193 1710 353 1764 nobis
376 1711 760 1779 assequuturis
783 1710 1023 1779 aliquam
1054 1715 1570 1767 renumerationem.
1592 1715 1645 1770 9.
1675 1714 1793 1769 Ita-

191 1820 289 1872 que
308 1803 629 1873 relinquitur
646 1802 1001 1856 sabbatismus
1020 1803 1213 1871 populo
1237 1804 1348 1858 Dei.
1366 1805 1546 1862 Unde?
1567 1805 1639 1861 Ex
1656 1822 1793 1877 prae-

192 1902 375 1963 cepto,
405 1891 589 1949 Nolite
614 1894 877 1948 obdurare
901 1894 1066 1949 corda
1096 1907 1289 1950 vestra.
1306 1896 1438 1951 Nam
1463 1899 1507 1952 si
1526 1914 1631 1953 non
1647 1908 1794 1955 esset

196 1986 597 2053 sabbatismus,
615 2003 723 2041 non
748 1988 827 2042 eis
854 1988 1261 2057 praeciperetur,
1278 1990 1794 2060 necjulwrenturne

208 2078 398 2125 eadem
427 2072 683 2133 {aet-rent,
701 2081 759 2125 ttt
780 2088 845 2127 nc
866 2074 1052 2128 eadem
1070 2086 1402 2145 paterentur,
1424 2082 1469 2135 si
1490 2097 1592 2135 non
1615 2086 1802 2139 eadem

207 2168 392 2215 essent
424 2161 651 2230 passuri.
682 2161 966 2229 Quomodo
995 2178 1175 2221 autem
1206 2171 1393 2224 eadem
1420 2184 1575 2227 erant
1598 2178 1802 2243 passuri

204 2253 296 2324 qui
331 2254 588 2308 tenebant
616 2254 978 2320 Palzestinam,
1018 2259 1065 2313 si
1109 2275 1211 2313 non
1241 2273 1381 2317 esset
1408 2265 1509 2318 alia
1540 2268 1752 2335 requies
1779 2270 1803 2322 ?

276 2344 331 2399 ὃ.
368 2344 598 2399 Pulchre
629 2356 809 2402 autem
842 2349 1106 2404 conclusit
1154 2355 1474 2409 oralionem.
1526 2357 1641 2411 Non
1669 2357 1804 2414 dixit

204 2436 371 2495 enim,
409 2436 673 2506 ltequics,
710 2440 835 2491 st-d.
872 2440 1240 2506 Soltbatismns,
1278 2461 1471 2501 nomen
1507 2452 1799 2518 preprium,

206 2547 257 2591 et
285 2550 395 2605 quo
435 2535 752 2591 laetabantur
774 2578 789 2600 ,
824 2548 877 2589 et
912 2536 976 2588 ad
1020 2537 1163 2605 quod
1212 2536 1500 2591 currebant
1523 2581 1535 2603 ,
1570 2537 1811 2592 sabbati-

209 2642 388 2679 smutu
420 2642 640 2694 regnum
664 2641 879 2681 vocans.
899 2626 1046 2682 Sicut
1070 2628 1212 2681 enim
1238 2629 1287 2682 in
1306 2628 1531 2684 sabbato
1550 2629 1617 2685 ab
1639 2630 1815 2685 omni-

207 2717 308 2769 bus
358 2716 571 2785 quidem
619 2718 773 2771 malis
810 2718 961 2787 jubet
1003 2719 1297 2783 abstinere,
1335 2719 1423 2775 illa
1470 2730 1651 2775 autem
1696 2722 1808 2776 sola

208 2802 323 2855 ticri
356 2816 475 2869 quo
511 2802 775 2870 pertinent
812 2804 875 2855 ad
910 2802 1113 2856 cultum
1159 2804 1249 2856 ι)ρί
1274 2847 1287 2867 ,
1322 2820 1439 2873 qua:
1465 2804 1679 2873 quidem
1709 2821 1807 2876 pe-

204 2893 461 2962 ragebant
495 2894 805 2947 sacerdotes
828 2935 841 2955 ,
871 2903 923 2948 et
953 2911 1307 2965 qnmcutnquc
1335 2896 1521 2963 juvant
1547 2898 1805 2964 animam,

203 2993 258 3035 rt
291 2982 426 3037 nihil
474 2982 618 3036 aliud
656 3002 668 3036 :
714 2984 783 3037 ita
816 2996 941 3037 tunc
968 2999 1201 3054 quoque.
1253 2985 1360 3040 Sed
1393 3000 1497 3039 nou
1527 2987 1605 3041 sic
1630 2987 1767 3040 dixit
1789 3027 1807 3054 ,

202 3075 300 3127 sed
353 3073 526 3142 quid?
571 3074 659 3130 10.
712 3074 812 3139 Qui
859 3076 994 3128 enim
1048 3077 1305 3146 ingressus
1359 3087 1432 3131 est
1480 3079 1533 3131 in
1586 3080 1811 3146 requiem

204 3173 339 3239 ejus,
368 3168 517 3222 etiam
544 3167 651 3237 ipse
684 3171 919 3236 requievit
946 3170 1007 3221 ab
1039 3170 1271 3239 operibus
1297 3171 1423 3235 suis,
1455 3170 1584 3223 sicut
1614 3169 1751 3224 Deus
1780 3188 1811 3224 a

206 3260 452 3328 prapriis.
484 3258 636 3313 Sicut
688 3260 827 3313 Deus
875 3262 1169 3329 requievit,
1206 3264 1375 3331 inquit
1400 3304 1413 3327 ,
1441 3262 1508 3317 ab
1554 3262 1811 3331 operibus

203 3352 340 3416 suis,
372 3351 445 3404 ita
470 3351 559 3420 qui
592 3360 675 3406 est
701 3350 975 3419 ingressus
1003 3354 1055 3406 in
1088 3355 1324 3421 requiem
1348 3356 1482 3423 ejus.
1518 3354 1650 3409 Nam
1677 3370 1813 3424 quo-

207 3445 355 3498 niam
401 3446 481 3499 eis
525 3444 847 3514 loquebatur
896 3446 963 3499 de
1006 3448 1231 3516 requie,
1277 3457 1331 3501 et
1375 3448 1477 3502 hoc
1526 3448 1812 3517 cupiebant

206 3535 396 3590 audire
438 3534 656 3605 quando
684 3546 833 3590 esset
865 3540 1123 3605 futurum,
1160 3540 1209 3593 in
1255 3540 1356 3595 hoc
1394 3542 1657 3596 conclusit
1684 3558 1807 3597 ora-

207 3628 433 3681 tionem.

286 3718 420 3787 Spes
462 3736 662 3789 seraper
708 3721 995 3789 servanda,
1039 3725 1286 3793 quamdiu
1328 3726 1810 3783 vivimus.—-—lllud

208 3824 413 3880 autem,
450 3810 655 3880 Hodie,
685 3815 885 3870 dicitur
909 3858 923 3881 ,
950 3832 1020 3871 ne
1049 3817 1361 3887 desperent.
1394 3821 1766 3876 Adhortamiui
1793 3866 1807 3890 ,

211 3897 419 3967 inquit,
452 3912 547 3954 vos
591 3900 855 3968 quotidie,
891 3901 1066 3957 donec
1106 3902 1265 3959 hodie
1305 3904 1519 3962 dicitur.
1551 3906 1662 3961 Hoc
1692 3917 1807 3974 est,

207 3992 423 4045 etiamsi
449 3991 570 4060 quis
597 3993 924 4063 peccaverit,
950 3995 1207 4065 quamdiu
1235 4006 1320 4052 est
1347 3998 1473 4053 illud
1507 3998 1686 4066 hodie,
1720 4002 1812 4056 ha-

211 4082 298 4135 bet
324 4096 497 4152 spem.
532 4081 702 4139 Nemo
732 4101 863 4156 ergo
893 4089 1146 4157 desperet
1174 4091 1429 4160 quamdiu
1460 4092 1612 4148 vivit.
1638 4096 1812 4165 Atque

213 4177 448 4227 maxime
475 4175 715 4244 quidem,
742 4176 932 4245 inquit,
958 4194 1025 4233 ne
1049 4180 1119 4233 sit
1146 4181 1360 4250 quidem
1386 4198 1481 4238 cor
1510 4186 1705 4240 malum
1732 4189 1812 4241 in-

209 4264 547 4320 eredulitatis
572 4283 586 4319 :
614 4267 757 4336 quod
782 4269 825 4322 si
854 4270 1014 4324 etiam
1042 4271 1217 4337 fuerit,
1246 4289 1404 4328 nemo
1424 4276 1695 4348 desperet,
1716 4280 1810 4335 sed

209 4370 267 4409 se
293 4365 505 4409 recreet
535 4372 549 4409 :
580 4372 701 4410 nam
732 4359 985 4423 quamdiu
1013 4376 1199 4417 sunms
1226 4365 1275 4417 in
1304 4364 1403 4420 hoc
1432 4369 1651 4431 mundo.
1682 4371 1810 4426 illud

213 4445 396 4511 hodie,
424 4446 586 4503 habet
630 4459 859 4519 tempus.
906 4452 1002 4515 llic
1029 4464 1208 4509 autem
1241 4472 1345 4511 non
1377 4462 1547 4513 solum
1576 4461 1706 4517 dicit
1734 4465 1812 4516 in-

209 4540 620 4603 credulitatem.
661 4555 754 4597 Sed
808 4546 970 4597 etiam
1019 4553 1497 4607 murmurationes.
1556 4554 1807 4623 Quorum,

214 4634 407 4701 inquit,
429 4635 676 4688 cadavera
699 4647 950 4705 prostrata
971 4649 1087 4691 sunt
1109 4640 1161 4694 in
1183 4642 1377 4697 deserto
1400 4644 1587 4713 (Hebr.
1616 4652 1668 4704 5.
1694 4652 1807 4723 17).

216 4716 418 4770 Deinde
449 4734 516 4771 ne
544 4720 665 4786 quis
688 4722 961 4776 existimet
986 4724 1127 4792 quod
1157 4729 1495 4784 solummodo
1519 4716 1812 4802 privahitnr

216 4810 419 4879 requie,
451 4813 723 4882 subjungit
754 4809 915 4868 etiam
947 4818 1292 4886 supplicium,
1320 4825 1507 4880 dicens
1539 4847 1550 4878 :
1589 4830 1677 4885 19..
1723 4832 1810 4886 Υἱ-

212 4918 301 4953 rus
337 4903 475 4954 enim
503 4912 573 4957 est
599 4921 760 4959 sermo
791 4905 886 4959 Dei
914 4916 959 4960 et
991 4909 1185 4978 eﬁicax,
1220 4922 1265 4967 et
1291 4920 1648 4985 peuetrabih‘or
1673 4928 1811 4981 omni
1850 4946 1859 4957 ι

213 4994 387 5062 gladio
444 4995 693 5065 ancipiti,
743 5007 789 5051 et
839 5002 1127 5071 pertingens
1183 5022 1344 5076 usque
1391 5013 1459 5064 ad
1514 5013 1809 5075 divisionem

219 5098 402 5149 animle
428 5112 490 5148 ac
517 5099 727 5162 spiritus
754 5143 767 5165 ,
799 5118 1102 5173 compogum
1122 5118 1323 5175 quoque
1347 5123 1410 5159 ac
1435 5108 1809 5181 medullarum,

210 5202 258 5242 et
287 5189 537 5242 discretor
561 5192 925 5258 cogitationum
955 5204 998 5247 et
1024 5194 1359 5252 intentionum
1387 5199 1579 5255 cordis.
1610 5201 1706 5257 llic
1738 5206 1815 5257 lo-

212 5278 393 5348 quitur
425 5279 492 5333 de
520 5282 769 5351 geheuna
801 5293 855 5338 et
884 5285 952 5339 de
983 5290 1272 5357 supplicio.
1308 5291 1585 5353 Pervadit.
1618 5298 1809 5365 inquit,

215 5372 268 5424 in
290 5372 501 5425 occulta
530 5373 712 5429 cordis
740 5379 931 5441 nostri,
960 5387 1014 5432 et
1038 5379 1273 5436 dissecat
1299 5386 1558 5440 animam.
1584 5387 1681 5442 Hie
1708 5407 1811 5442 non

212 5473 313 5526 est,
346 5467 591 5519 membra
624 5481 747 5523 esse
777 5480 1065 5539 prostrata,
1098 5489 1273 5539 neque
1308 5485 1449 5531 terra
1481 5495 1602 5535 esse
1635 5483 1813 5549 priva-

226 5567 327 5622 tos,
362 5558 508 5617 sicut
540 5559 668 5623 illic,
697 5562 791 5615 sed
822 5578 988 5632 regno
1019 5566 1275 5621 caelorum
1301 5612 1314 5634 ,
1348 5582 1402 5624 et
1438 5582 1653 5627 teteruae
1681 5575 1811 5629 tradi

212 5650 495 5719 gehenntc,
520 5663 575 5706 et
596 5652 886 5709 immortali
915 5673 1083 5725 pinna:
1104 5676 1168 5713 ac
1191 5677 1268 5731 su]
1293 5664 1471 5733 plicio.
1500 5666 1607 5721 Sed
1627 5669 1815 5722 adhor-

214 5744 388 5798 taurini
414 5742 748 5813 vosmetipsos
777 5746 971 5829 (llrbr.
1016 5753 1068 5808 3.
1123 5753 1244 5824 l5).
1285 5756 1415 5813 Vide
1450 5763 1809 5817 mansuctudi~

1885 414 2007 453 nem
2037 408 2091 452 et
2112 399 2410 453 lenitatem.
2435 395 2547 449 Non
2570 394 2727 461 dixit,
2756 395 3052 466 lncrcpate,
3082 394 3198 461 sed,
3228 396 3486 450 Adhorta-

1885 491 2029 545 mini.
2063 488 2136 545 Ita
2178 504 2277 544 nos
2320 497 2532 558 oportet
2576 501 2769 557 gcrerc
2812 487 2865 541 in
2903 503 3000 543 eos
3038 487 3128 557 qui
3174 500 3485 559 premuntur

1887 584 2193 639 afﬂictione.
2218 582 2330 637 lloc
2352 582 2513 636 etiam
2537 580 2667 637 dicit
2688 580 2933 636 scribens
2954 579 3021 634 ad
3044 579 3487 635 Thessalonicen-

1888 692 2010 733 scs:
2037 677 2311 730 Admoncte
2349 675 2616 744 inquietos.
2644 672 3019 727 l’usillanimes
3040 683 3217 727 autem
3252 688 3358 728 non
3391 675 3489 737 sic,

1889 771 1983 826 sed
2015 769 2181 841 quid?
2234 758 2584 822 ('onsolamt'ui
2633 763 3025 835 pusillanimes,
3071 764 3317 833 suscipite
3341 764 3490 832 inﬁr-

1891 881 2019 927 nios,
2043 866 2290 933 patientes
2316 871 2471 915 estote
2496 859 2565 913 ad
2590 876 2764 914 omnes
2788 858 2809 931 (
2830 861 2881 914 l.
2911 858 3085 913 Thess.
3114 860 3167 915 5.
3199 861 3265 915 Η
3289 860 3329 930 ).
3354 858 3493 926 Quid

1892 972 1994 1022 est,
2014 954 2409 1013 Consolamiui.’
2438 953 2551 1008 Hoc
2579 962 2684 1016 est,
2711 966 2777 1008 ne
2802 952 3108 1022 dcspcretis
3127 967 3236 1017 ;uc
3256 952 3493 1007 animum

1893 1046 2277 1119 despondeatis
2304 1064 2318 1100 :
2353 1060 2476 1101 nam
2510 1045 2601 1116 qui
2635 1061 2741 1101 non
2766 1044 3081 1101 consolatur
3105 1059 3228 1101 eum
3256 1046 3346 1116 qui
3377 1060 3492 1115 pre-

1896 1142 2057 1193 mitur
2082 1136 2393 1204 amictione,
2418 1153 2541 1191 eum
2570 1134 2747 1191 reddit
2774 1135 3071 1192 duriorem.
3096 1134 3167 1193 Ut
3193 1152 3300 1192 non
3327 1136 3496 1210 obdu-

1898 1244 2070 1295 t‘etur,
2102 1231 2301 1302 inquit,
2327 1230 2448 1301 quis
2476 1244 2539 1284 ex
2570 1229 2721 1284 vobis
2748 1227 2960 1284 fallacia
2992 1231 3214 1299 peccati.
3242 1230 3347 1284 Aut
3371 1229 3498 1284 dicit

1898 1325 2158 1380 lathiciam
2188 1322 2387 1377 diaboli
2421 1340 2433 1376 ε
2468 1320 2714 1391 deceptio
2738 1321 2883 1377 enim
2908 1332 2990 1375 εει
3020 1320 3153 1376 nihil
3184 1330 3500 1392 exspectare

1897 1419 1965 1473 de
1994 1416 2185 1471 futuris
2208 1458 2221 1480 ,
2255 1416 2575 1470 estsutuare
2614 1431 2720 1469 non
2762 1429 2885 1470 esse
2926 1413 3257 1469 reddendam
3288 1430 3317 1469 a
3348 1412 3502 1469 nobis

1901 1509 2163 1563 rationem
2191 1549 2205 1571 ,
2242 1517 2297 1561 et
2328 1521 2517 1560 eorum
2549 1522 2669 1577 qua:
2699 1504 2787 1560 hic
2814 1522 2842 1557 ιι
2874 1505 3030 1560 nobis
3056 1516 3207 1576 gesta
3237 1512 3367 1561 sunt
3395 1520 3502 1561 non

1899 1611 2123 1654 uaturos
2172 1613 2395 1668 poenas,
2448 1612 2547 1653 nec
2594 1598 2826 1652 loturam
2884 1597 3361 1653 resurrectionem.
3404 1602 3504 1654 Aut

1901 1694 2086 1755 aliter,
2119 1691 2365 1761 deccptio
2396 1700 2475 1745 est
2499 1690 2630 1745 nihil
2659 1690 2850 1747 dolere
2871 1733 2887 1758 ,
2914 1699 3008 1745 aut
3028 1689 3342 1761 desperatio
3376 1709 3389 1745 :
3423 1690 3504 1746 di-

1902 1800 2028 1836 cere
2054 1784 2220 1843 t-nitn,
2254 1781 2391 1847 Quid
2423 1781 2583 1837 vero?
2615 1782 2785 1837 semel
2817 1782 3059 1853 peccavi,
3084 1783 3229 1836 nulla
3263 1792 3347 1838 est
3375 1783 3517 1845 mihi

1906 1892 2032 1946 spes
2057 1892 2143 1930 me
2172 1876 2479 1943 recreandi,
2499 1885 2582 1929 est
2608 1875 2876 1945 deceptio.
2909 1875 3110 1931 Deinde
3136 1878 3216 1932 eis
3239 1892 3388 1947 spem
3416 1878 3508 1929 im-

1906 1969 2085 2031 mittit,
2118 1969 2305 2022 diceus
2336 1986 2348 2019 ε
2389 1967 2673 2039 Pnrticipes
2705 1967 2892 2023 Christi
2918 1967 3087 2037 effecti
3108 1986 3285 2025 smnus
3314 1968 3509 2040 (Hebr.

1907 2062 1961 2115 5.
1996 2061 2061 2113 Η
2088 2062 2138 2125 );
2169 2060 2559 2130 propemodum
2607 2062 2796 2116 dicens
2827 2080 2838 2114 :
2872 2061 2973 2131 Qui
3024 2079 3122 2118 nos
3170 2064 3239 2116 ita
3287 2062 3473 2117 dilexit
3499 2104 3511 2126 ,

1906 2151 1998 2221 qui
2028 2167 2126 2205 nos
2154 2152 2287 2205 tanti
2318 2151 2442 2205 fecit
2464 2161 2520 2205 ut
2543 2166 2695 2205 suum
2721 2167 2919 2221 corpus
2942 2152 3171 2217 laceret,
3197 2170 3303 2207 non
3335 2152 3512 2222 despi-

1909 2241 2015 2294 ciet
2045 2250 2351 2309 percnnles.
2379 2239 2713 2312 Cogitemus,
2740 2243 2934 2315 inquit,
2961 2248 3283 2317 quibusnam
3312 2246 3511 2320 dignati

1910 2347 2096 2387 sumus
2124 2351 2138 2387 :
2169 2350 2266 2389 nos
2292 2345 2345 2389 et
2370 2334 2620 2391 Christus
2645 2354 2811 2393 unum
2835 2353 3043 2395 smnus.
3070 2339 3151 2396 Ne
3172 2355 3303 2412 ergo
3329 2341 3380 2397 ei
3404 2357 3515 2395 non

1909 2425 2211 2481 credamus.
2258 2427 2321 2480 Et
2357 2444 2545 2485 rursus
2575 2431 2734 2485 tacite
2761 2431 3029 2502 signiﬁcat
3056 2432 3190 2488 illud
3217 2432 3361 2504 quod
3386 2432 3513 2488 alibi

1910 2516 2110 2571 dictum
2140 2528 2243 2583 est,
2269 2518 2330 2573 Si
2358 2522 2684 2585 sustinemus,
2719 2533 2763 2577 et
2792 2525 3212 2595 conregnabimus
3243 2524 3337 2597 (2.
3372 2522 3516 2579 Tini.

1910 2610 1963 2664 2.
2000 2610 2125 2682 12).
2153 2611 2265 2667 Hoc
2288 2615 2559 2679 enimest,
2588 2612 2738 2669 Facti
2760 2632 2935 2670 sumus
2960 2618 3276 2687 participes:
3301 2632 3517 2671 eorum—

1910 2702 2033 2756 dent
2063 2718 2247 2758 sumus
2278 2705 2587 2775 participes,
2617 2723 2848 2778 quorum
2881 2721 2960 2763 ρει
2993 2706 3262 2764 Christus.
3298 2709 3517 2764 Adhor-

1915 2803 2055 2847 tatus
2085 2805 2169 2850 est
2195 2794 2264 2849 ab
2297 2797 2359 2850 iis
2396 2802 2533 2866 qua:
2556 2810 2683 2851 sunt
2731 2799 2869 2853 bona
2905 2808 2959 2854 et
3001 2801 3148 2853 utilia
3183 2821 3197 2855 :
3230 2799 3518 2870 Participcs

1913 2887 2061 2946 enim,
2096 2886 2287 2956 inquit,
2322 2904 2497 2941 sumus
2529 2886 2743 2942 Christi.
2776 2889 2979 2944 Deinde
3010 2905 3196 2944 turSus
3219 2906 3247 2945 a
3273 2892 3520 2944 tristibus

1912 2988 1966 3030 et
2004 2978 2246 3032 molestis
2280 2999 2292 3033 :
2330 2978 2618 3036 Timeamus
2665 3000 2727 3035 ne
2765 2983 2899 3051 forte
2940 2985 3114 3038 relicta
3150 2984 3520 3055 pollicitatione

1912 3068 2203 3123 introeundi
2231 3072 2281 3124 in
2313 3074 2531 3144 rrquicm
2560 3075 2668 3144 ejus
2690 3117 2703 3137 ,
2735 3076 3049 3129 existimetur
3076 3078 3261 3145 aliquis
3287 3095 3351 3132 ex
3377 3077 3520 3132 nobis

1913 3161 2099 3215 deesse.
2132 3162 2263 3216 lllud
2293 3162 2436 3217 enim
2469 3175 2552 3220 est
2579 3168 2942 3236 porSpicuum,
2972 3178 3024 3223 et
3054 3170 3121 3224 dc
3151 3186 3259 3239 quo
3284 3182 3517 3225 constat.

1918 3248 2267 3305 I‘robarerunt
2313 3271 2413 3321 me,
2448 3266 2492 3309 et
2544 3257 2773 3310 viderunt
2824 3275 2983 3328 opera
3024 3276 3135 3313 mea
3176 3261 3522 3333 quadraginta

1913 3346 2080 3399 annis.
2112 3345 2301 3415 Viden,
2326 3349 2466 3418 quod
2502 3365 2607 3405 non
2637 3360 2882 3422 oporteat
2909 3370 2935 3406 a
2974 3353 3082 3409 Deo
3110 3356 3327 3425 exigere
3353 3358 3522 3411 ratio-

1916 3453 2037 3490 nem
2064 3482 2077 3502 ,
2108 3438 2201 3493 sed
2230 3442 2345 3495 sive
2375 3456 2474 3496 nos
2504 3442 2789 3509 defendat,
2824 3447 2939 3501 sive
2987 3462 3095 3501 non
3118 3488 3133 3512 ,
3166 3448 3215 3503 ei
3254 3449 3523 3506 credere?

1916 3544 2057 3583 nunc
2100 3533 2244 3585 enim
2294 3547 2388 3586 eos
2436 3533 2738 3599 insimulat,
2773 3536 2916 3606 quod
2962 3539 3127 3593 Deum
3172 3543 3519 3600 tcutaverint.

1916 3622 2046 3677 Nam
2075 3627 2166 3695 qui
2190 3627 2303 3681 volt
2325 3630 2571 3699 accipere
2595 3633 2939 3700 probationes
2963 3635 3081 3705 ejus
3103 3646 3196 3691 aut
3219 3643 3521 3708 potestatis,

1915 3727 2007 3770 aut
2036 3719 2408 3788 providentiae,
2445 3732 2537 3776 aut
2563 3739 2707 3779 cum:
2729 3768 2743 3789 ,
2774 3726 3012 3781 nondum
3044 3730 3219 3784 credit
3248 3746 3370 3785 eum
3400 3748 3525 3792 esse

1918 3816 2190 3875 potentem
2221 3851 2235 3874 ,
2270 3827 2369 3867 nec
2398 3814 2451 3867 in
2484 3814 2731 3870 homines
2764 3816 3055 3888 benignum
3088 3832 3144 3875 et
3174 3821 3520 3878 clementem.

1920 3899 2034 3955 lloc
2063 3904 2222 3957 etiam
2259 3904 2325 3959 ad
2359 3904 2460 3961 hos
2489 3908 2733 3963 scribens
2761 3910 3065 3967 subindicat
3091 3956 3105 3979 ,
3133 3914 3244 3982 jam
3282 3916 3525 3974 volentes

1919 3994 2146 4050 fortasse
2166 3997 2281 4066 ejus
2302 4000 2608 4068 potestatis,
2625 4018 2875 4074 curaeque
2898 4020 2961 4060 ac
2986 4007 3339 4075 providentia:
3360 4026 3524 4078 quam

1918 4102 2104 4141 eorum
2140 4089 2278 4157 gerit
2310 4093 2762 4150 examinationem
2793 4106 2846 4151 et
2878 4098 3249 4167 probationem
3280 4104 3525 4173 accipere

1923 4178 1973 4230 in
2006 4180 2412 4237 tentationibus.
2447 4183 2605 4239 Vides
2636 4187 2777 4255 quod
2810 4204 2874 4243 ex
2908 4189 3281 4247 incredulitate
3310 4208 3526 4265 semper

1922 4282 2005 4327 est
2038 4274 2264 4329 irritatio
2292 4286 2347 4330 et
2376 4277 2443 4331 ad
2471 4279 2603 4332 iram
2650 4284 3000 4351 provocatio?
3034 4284 3173 4352 Quid
3203 4302 3329 4356 ergo
3355 4274 3525 4343 dicit?

1922 4362 2104 4437 Itaque
2131 4368 2433 4439 relinquitur
2457 4372 2791 4429 sabbatismus
2819 4377 3009 4447 populo
3044 4379 3155 4431 Dei.
3187 4377 3318 4433 Vide
3344 4391 3524 4437 autem

1923 4460 2197 4527 quomodo
2229 4471 2393 4516 totam
2428 4466 2731 4520 orationem
2772 4480 3109 4540 perspectam
3154 4475 3526 4534 ratiocinando

1928 4551 2166 4622 Collegit.
2204 4553 2433 4621 iuravit,
2461 4558 2652 4627 inquit,
2682 4563 2971 4630 prioribus,
2997 4581 3092 4620 eos
3120 4582 3223 4621 non
3254 4569 3524 4639 ingressu-

1928 4660 2017 4699 ros
2046 4647 2096 4700 in
2129 4650 2389 4718 requiem,
2418 4662 2472 4707 et
2502 4668 2608 4707 non
2642 4655 2868 4726 ingressi
2898 4670 3044 4713 sunt.
3080 4661 3283 4717 Deinde
3312 4674 3427 4733 post
3456 4666 3526 4719 il-

1930 4737 2011 4793 los
2041 4739 2201 4811 longo
2231 4750 2475 4811 tempore
2509 4745 2736 4815 loquens
2766 4763 2887 4802 cum
2916 4746 3137 4818 Judwis,
3171 4754 3315 4819 dicit,
3354 4754 3529 4813 Nolite

1925 4830 2168 4887 indurare
2192 4836 2348 4888 corda
2375 4847 2559 4901 vestra,
2584 4840 2713 4893 sicut
2742 4852 2911 4911 patres
2940 4848 3110 4901 vestri.
3138 4846 3287 4903 Unde
3316 4853 3525 4920 perspi-

1926 4935 2081 4976 cuum
2108 4925 2354 4995 estquod
2380 4928 2446 4980 sit
2475 4930 2575 4983 alia
2605 4932 2838 5001 requies.
2868 4934 2997 4987 Nam
3022 4935 3089 4990 de
3114 4938 3393 4995 Paltcstina
3418 4958 3527 4998 non

1928 5031 2211 5084 possumus
2237 5020 2451 5082 dicere“.
2479 5037 2597 5077 eam
2625 5027 2821 5095 quippe
2850 5027 3118 5083 habebant
3156 5050 3168 5084 :
3200 5032 3267 5084 de
3295 5036 3527 5101 septimo

1925 5115 2012 5169 die
2040 5126 2223 5170 autem
2254 5116 2358 5170 diei
2390 5133 2496 5171 non
2527 5128 2730 5187 potest;
2776 5135 2882 5175 non
2912 5122 3055 5178 enim
3082 5122 3150 5178 de
3176 5140 3241 5180 eo
3269 5126 3526 5196 loqueba-

1928 5215 2012 5261 tur
2033 5250 2045 5269 .
2080 5209 2169 5277 qui
2198 5210 2323 5263 olim
2356 5211 2473 5265 fuit.
2508 5212 2684 5267 Aliam
2729 5229 2857 5285 ergo
2902 5216 3104 5283 innuit,
3138 5232 3257 5289 qua:
3289 5236 3413 5277 vere
3446 5234 3528 5278 est

1930 5300 2160 5369 requies.

2000 5395 2049 5445 4.
2088 5393 2249 5465 Ilegni
2273 5399 2516 5451 caelorum
2545 5399 2783 5468 felicitas.
2805 5431 2876 5440 —
2899 5401 3103 5457 Revera
3147 5406 3291 5459 enim
3323 5416 3407 5461 est
3440 5408 3526 5461 illa

1930 5485 2146 5551 requies
2168 5527 2181 5549 ,
2216 5487 2305 5540 ubi
2335 5488 2542 5558 aufugit
2568 5490 2725 5544 dolor
2748 5532 2761 5555 ,
2795 5492 3008 5546 tristitia
3040 5503 3093 5549 et
3119 5498 3385 5565 gemitus;
3440 5503 3525 5553 uiti

1932 5590 2104 5645 neque
2139 5593 2311 5645 curto,
2370 5597 2542 5651 neque
2594 5585 2841 5650 labores,
2890 5604 3065 5657 neque
3106 5605 3309 5661 angor,
3356 5612 3529 5665 ncqte

1933 5676 2107 5721 metus
2136 5670 2371 5725 animam
2406 5674 2705 5743 percellens
2736 5687 2790 5731 et
2820 5680 3095 5747 quatiens,
3129 5682 3221 5737 sed
3252 5686 3401 5738 ευιιιε
3441 5688 3527 5740 l‘a'i

1934 5770 2107 5817 metus
2136 5760 2325 5834 plenus
2359 5765 2651 5835 voluptate.
2677 5767 2789 5824 Non
2816 5771 2924 5828 illic
2955 5772 3222 5842 audietur,
3252 5774 3317 5829 In
3345 5782 3529 5831 sudori:
