4112 6344
603 270 670 320 59
1366 253 1422 306 S.
1461 246 1733 304 .IOANNIS
1769 239 2174 299 CllilYSUS'l‘U.‘

2269 238 2576 290 .\ll(jllll$l’.
2620 235 3144 291 (ZONSTANTlNOP.
3779 237 3849 287 GU

590 358 754 404 tutius
777 352 847 403 tui
875 353 1078 404 t'rscct'is
1103 368 1232 420 pane
1253 361 1356 415 tuo,
1385 367 1555 420 neque
1577 352 1759 418 spinas
1783 394 1796 417 ,
1841 368 2015 424 neque
2061 355 2156 408 tri-

595 444 746 496 notos
769 444 1086 513 germinabit
1121 440 1234 497 tibi.
1267 443 1379 497 Non
1408 454 1491 497 est
1517 444 1746 513 amplius
1768 487 1782 510 ,
1813 444 1877 500 In
1905 445 2160 502 doloribus

594 535 756 596 paries
780 535 913 601 ﬁlios
941 547 1068 597 tuos,
1103 544 1179 596 et,
1211 535 1290 585 Αιι
1319 535 1478 586 virum
1501 545 1644 588 tuum
1674 537 1929 590 conversio
1959 548 2044 590 tua
2064 579 2078 604 ,
2113 549 2158 591 cl

595 641 697 692 ipse
718 625 804 677 tibi
825 625 1162 677 dominabitur
1190 622 1354 692 (Gen.
1390 626 1443 679 ’5.
1481 626 1563 678 l9.
1598 627 1684 680 18.
1715 627 1820 697 16)
1845 642 1861 685 ;
1885 643 2058 680 omnia
2087 630 2158 683 ibi

594 728 714 770 sunt
739 732 865 786 pax,
894 718 1164 785 gaudium,
1201 716 1401 778 hetitia,
1434 718 1697 784 voluptas,
1729 718 1938 772 bonitas
1964 761 1977 784 ,
2009 735 2158 773 man-

593 807 841 870 suetudo,
874 808 1118 876 aequitas,
1149 807 1366 860 caritas.
1399 807 1512 862 {\‘ou
1541 818 1618 861 cst
1651 808 1760 860 illic
1789 810 2058 863 :L-mulatio
2106 822 2159 865 et

595 902 809 967 invidia,
843 916 945 954 non
972 900 1189 954 morbus
1213 942 1226 962 ,
1258 914 1360 954 non
1391 899 1502 955 ha-e
1549 915 1693 953 mors
1735 902 2006 969 carperis.
2058 919 2161 957 non

594 995 681 1048 illa
727 1007 877 1063 mors
922 993 1150 1058 animm,
1202 1007 1306 1046 non
1355 1003 1478 1047 sunt
1524 995 1754 1048 tenebrat
1803 1010 1972 1064 neque
2018 1013 2161 1052 nox:

593 1084 770 1136 munia
798 1093 923 1137 sunt
949 1083 1085 1147 dies,
1120 1084 1294 1137 omnia
1326 1085 1410 1137 lux
1433 1125 1446 1148 ,
1479 1084 1657 1139 outuia
1699 1086 1873 1155 quies.
1917 1085 2032 1140 Non
2082 1103 2166 1148 est

595 1178 700 1230 illis
729 1176 1059 1246 defatigatio,
1090 1192 1192 1230 non
1224 1177 1474 1232 satietas:
1503 1193 1716 1248 semper
1741 1181 1945 1236 erimus
1973 1181 2024 1234 in
2047 1196 2166 1252 per-

594 1281 755 1339 petuo
787 1269 1047 1324 bonorum
1081 1268 1372 1323 desiderio.
1407 1269 1650 1326 Vultisue
1697 1271 1818 1325 dem
1866 1274 2024 1327 etiam
2072 1274 2166 1326 ali-

593 1378 752 1430 quam
786 1362 1066 1431 imaginem
1097 1362 1214 1430 ejus
1239 1365 1326 1431 qui
1366 1362 1472 1416 illic
1515 1375 1595 1417 est
1637 1366 1845 1419 statos?
1879 1365 2016 1420 Fieri
2063 1384 2165 1420 nou

597 1464 806 1523 potest;
838 1464 1202 1509 verumtamen
1225 1497 1239 1520 ,
1267 1455 1438 1524 quoad
1462 1456 1579 1526 ejus
1607 1458 1717 1511 ﬁeri
1751 1461 1943 1527 poterit
1967 1499 1982 1523 ,
2031 1460 2135 1514 ima

596 1549 774 1616 ginem
800 1548 950 1602 vobis
977 1547 1208 1617 aliquam
1240 1548 1454 1605 tentabo
1483 1550 1788 1606 ostendere.
1809 1552 2171 1622 Suspician‘tus

596 1638 814 1704 czelu'n,
846 1637 1059 1708 quando
1090 1637 1234 1692 nulla
1268 1639 1408 1694 nube
1451 1640 1836 1699 interturbante
1883 1661 2030 1698 suam
2078 1659 2168 1700 os-

600 1731 767 1784 tendit
812 1745 1063 1786 coronam
1091 1747 1104 1784 :
1136 1731 1329 1787 deinde
1365 1748 1484 1787 eum
1517 1733 1678 1804 longo
1711 1746 1950 1804 tempore
1979 1739 2170 1794 immo-

601 1822 700 1875 rati
732 1820 990 1877 fuerimus
1020 1824 1069 1876 in
1098 1823 1494 1893 pulchritudine
1523 1827 1640 1896 ejus
1669 1839 1918 1897 aspectus
1944 1871 1958 1894 ,
1991 1835 2169 1885 cousi-

598 1913 848 1968 deremus
877 1914 1015 1982 quod
1043 1914 1218 1970 solum
1253 1932 1462 1988 quoque
1492 1919 1806 1978 habebimus
1827 1965 1842 1988 ,
1877 1940 1980 1977 non
2017 1927 2174 1995 quale

603 2004 882 2066 habemus.
911 2005 1004 2058 sed
1034 2006 1176 2075 quod
1205 2017 1285 2060 est
1309 2017 1453 2063 tanto
1484 2010 1771 2079 pulchrius,
1804 2024 2001 2082 quanto
2023 2018 2175 2073 tectis

608 2096 764 2149 luteis
793 2105 876 2150 est
905 2111 1090 2151 aurum
1130 2098 1402 2166 pulchrius
1427 2141 1442 2165 ,
1492 2110 1545 2155 et
1584 2113 1706 2173 post
1752 2105 1880 2159 illud
1905 2148 1918 2168 ,
1980 2117 2174 2164 tectum

603 2201 791 2241 rursus
822 2187 1092 2258 superius.
1130 2185 1334 2244 Deinde
1361 2192 1579 2261 angelos
1605 2234 1618 2256 ,
1650 2195 2020 2266 archangelos,
2057 2199 2175 2253 inli-

604 2279 745 2334 uitos
774 2280 998 2347 populos
1026 2279 1457 2348 incorporearum
1487 2283 1812 2341 Potestatum
1841 2330 1854 2350 .
1887 2289 2052 2358 ipsam
2085 2293 2174 2347 Ι)θὶ

607 2372 801 2439 regiam
828 2411 840 2432 ,
873 2371 1120 2424 thronunt
1147 2371 1455 2429 Paternum.
1486 2375 1590 2430 Sed
1622 2391 1725 2431 non
1751 2388 1940 2446 potest.
1969 2391 2022 2434 ut
2045 2382 2172 2449 dixi,

609 2469 781 2522 oratio
823 2471 1122 2521 universum
1175 2482 1554 2537 reprtesentare
1595 2479 1650 2524 et
1694 2468 1960 2536 esplicare
1992 2483 2005 2519 :
2039 2481 2173 2536 opus

611 2569 694 2611 est
721 2559 1040 2626 experientia
1065 2599 1078 2622 ,
1109 2568 1161 2612 et
1185 2561 1484 2627 cognitione
1510 2575 1626 2628 qua:
1656 2569 1738 2614 est
1769 2574 1862 2628 per
1889 2560 2174 2627 experien-

615 2653 763 2702 tiam.
792 2649 1089 2713 Quomodo,
1114 2648 1200 2704 dic
1227 2649 1375 2717 mihi,
1399 2649 1712 2703 existimatis
1730 2649 1991 2703 Adamum
2013 2647 2178 2703 fuisse

613 2741 663 2792 iu
715 2741 1001 2809 paradiso?
1041 2740 1211 2795 Tanto
1258 2744 1448 2796 melior
1491 2757 1651 2814 quam
1684 2743 1771 2796 illa
1802 2752 1882 2797 est
1912 2742 2024 2797 haac
2054 2743 2176 2797 vita:

609 2829 864 2899 degenda:
903 2831 1054 2893 ratio,
1086 2843 1281 2901 quanto
1313 2834 1498 2886 ςιυιιιηι
1516 2842 1597 2886 est
1615 2841 1754 2888 terra
1773 2833 1981 2888 melius.
2005 2832 2177 2889 Czete-

623 2937 737 2973 r'un
769 2921 922 2974 aliam
954 2938 1161 2991 quoque
1202 2924 1523 2993 inquiratuus
1551 2925 1852 2992 imaginem.
1885 2924 1938 2978 Si
1967 2925 2175 2980 contin-

611 3020 760 3078 geret
802 3026 920 3063 eum
944 3012 1029 3079 qui
1062 3027 1201 3066 nunc
1244 3013 1448 3068 obtinet
1491 3014 1767 3081 imperium
1789 3056 1804 3081 ,
1835 3016 1994 3069 totius
2021 3015 2168 3069 orbis

613 3111 769 3154 terra:
797 3111 975 3155 tenere
1000 3103 1358 3169 dominatum;
1389 3106 1580 3161 deinde
1612 3122 1707 3162 uec
1748 3108 1900 3161 bellis
1948 3108 2166 3174 vexari,

608 3204 706 3244 nec
736 3192 1192 3253 sollicitudinibus,
1227 3195 1316 3248 sed
1349 3196 1520 3250 solum
1566 3196 1835 3250 honorari
1866 3207 1920 3251 et
1968 3198 2172 3266 degere

605 3279 661 3332 in
687 3279 910 3340 deliciis,
944 3290 996 3333 et
1026 3284 1217 3336 multos
1246 3284 1460 3351 quidem
1489 3285 1686 3340 habere
1729 3286 1984 3340 satellites
2013 3327 2028 3351 ,
2075 3303 2171 3339 au-

613 3387 725 3424 rum
757 3382 930 3426 autem
961 3373 1188 3442 undique
1215 3375 1278 3428 ad
1307 3391 1425 3429 eum
1453 3377 1699 3442 afﬂuere,
1730 3385 1784 3432 et
1829 3392 1946 3432 esse
1992 3379 2168 3447 suSpi-

614 3463 877 3528 ciendum,
911 3465 1115 3532 qualem
1145 3468 1256 3533 ejus
1283 3468 1511 3520 animum
1546 3470 1774 3523 futurum
1805 3486 1922 3524 esse
1953 3471 2164 3538 putatis,

606 3553 647 3605 si
682 3554 872 3621 ubique
905 3564 1167 3608 terrarum
1201 3557 1398 3610 videret
1423 3558 1558 3611 bella
1583 3561 1859 3614 cessasse?
1885 3561 2008 3614 Tale
2043 3562 2166 3630 quid

605 3653 729 3695 tunc
753 3644 887 3696 erit:
922 3645 1031 3698 imo
1056 3661 1180 3699 vero
1208 3648 1432 3701 necdum
1481 3650 1620 3702 illam
1669 3654 1934 3720 assequuti
1983 3668 2168 3707 sumus

603 3732 879 3800 imaginem
916 3752 927 3786 :
957 3737 1303 3804 quamobrem
1335 3749 1544 3807 oportet
1574 3741 1745 3795 adhuc
1788 3744 1944 3795 aliam
1992 3745 2163 3812 inqui-

603 3841 740 3877 rere.
771 3825 948 3896 Itaque
979 3830 1148 3898 cogita
1179 3832 1303 3883 tuihi
1337 3831 1589 3886 infantem
1619 3833 1990 3902 Imperatoris,
2023 3837 2162 3906 quod

600 3916 852 3983 quamdiu
895 3917 1106 3986 quidem
1141 3920 1296 3974 fuerit
1344 3921 1394 3975 in
1438 3933 1618 3989 utero,
1671 3925 1796 3978 nihil
1841 3927 2033 3992 sentit;
2080 3929 2159 3982 sin

599 4018 773 4061 autem
802 4012 1082 4078 contigerit
1111 4013 1254 4065 illum
1289 4025 1506 4082 repente
1538 4031 1837 4084 egressum,
1870 4019 2160 4075 ascendere

600 4102 846 4155 thronum
870 4103 1288 4171 imperatorium,
1326 4117 1379 4160 et
1406 4124 1508 4161 non
1536 4110 1823 4178 paulatim,
1867 4115 1959 4166 sed
2006 4116 2159 4169 simul

592 4219 678 4227 ...ι-ο

679 4219 992 4227 ———_————.

1005 4220 2562 4246 ..______________.______________

2272 352 2323 399 ct
2348 351 2569 412 repente
2598 343 2774 397 omnia
2805 342 3085 411 accipere:
3111 341 3188 396 sic
3210 345 3310 395 erit
3336 340 3419 393 hic
3441 349 3495 394 et
3520 338 3606 394 ille
3635 349 3841 393 status:

2271 446 2361 490 aut
2389 448 2444 489 ut
2470 436 2512 489 si
2544 437 2661 506 quis
2685 435 2773 504 qui
2806 432 2962 488 fuerit
2989 436 3039 488 in
3070 433 3291 489 vinculis
3312 473 3326 498 ,
3359 433 3494 486 mala
3528 447 3715 501 passus
3758 434 3838 485 in-

2273 527 2641 591 numerabilia,
2676 535 2896 595 repente
2922 525 2986 578 ad
3020 525 3200 578 sedem
3231 533 3410 593 raptus
3440 532 3583 578 esset
3615 523 3840 592 regiam.

2270 617 2373 674 Sed
2402 634 2572 690 neque
2601 619 2676 672 sic
2695 619 2976 687 imaginem
2997 633 3112 671 sunt
3137 627 3323 672 exacte
3347 623 3682 686 assequutus.
3709 615 3843 670 Nam

2275 711 2362 767 hic
2390 713 2602 782 quidem
2633 713 2892 766 bonorum
2915 726 3034 780 qum
3070 709 3232 764 fuerit
3253 719 3568 779 assequutus
3589 750 3602 774 ,
3634 710 3843 763 etiamsi

2270 804 2438 873 ipsum
2464 804 2661 858 dixeris
2687 819 2928 871 regnum,
2954 803 3126 871 primo
3147 803 3236 856 die
3266 813 3317 858 et
3339 788 3571 858 secundo
3596 803 3651 857 et
3683 803 3843 856 tertio

2270 896 2451 964 vigens
2473 894 2625 948 habet
2646 893 2968 948 desiderium
2996 911 3009 957 ;
3037 893 3357 962 procedente
3379 903 3555 949 autem
3579 905 3838 963 tempore.

2268 995 2447 1040 manet
2473 985 2682 1055 quidem
2710 986 2761 1039 in
2789 985 3058 1055 voluptate
3086 1027 3100 1051 ,
3132 985 3228 1039 sed
3274 1001 3376 1040 non
3424 996 3567 1039 tanta
3604 1005 3615 1038 :
3647 987 3846 1041 desinit.

2267 1093 2392 1133 vero
2422 1093 2632 1147 semper
2675 1077 2743 1132 ob
2779 1076 3218 1131 consuetudinem
3267 1077 3671 1146 qualiscumque
3717 1079 3789 1131 sit
3822 1093 3837 1133 :

2268 1170 2378 1227 illic
2403 1182 2576 1226 autem
2611 1188 2713 1226 non
2742 1148 2910 1227 solum
2945 1188 3048 1227 non
3077 1171 3367 1236 minuitur,
3412 1169 3506 1224 sed
3535 1171 3692 1224 etiam
3723 1183 3845 1224 cre-

2267 1265 2387 1318 scit.
2421 1263 2604 1334 Cogita
2631 1259 2772 1318 enim
2801 1274 3057 1333 quantum
3107 1263 3177 1318 sit
3222 1264 3453 1317 animam
3477 1306 3490 1328 ,
3544 1278 3666 1318 cum
3713 1262 3842 1317 illuc

2267 1356 2478 1421 abierit,
2512 1371 2617 1409 non
2646 1356 2873 1423 amplius
2904 1366 3216 1424 exspectare
3245 1355 3404 1410 tinem
3435 1355 3642 1410 illorum
3673 1355 3844 1408 bono-

2267 1462 2384 1502 rum
2404 1487 2420 1513 ,
2457 1461 2553 1501 nec
2580 1446 2924 1500 mutationem
2950 1487 2965 1512 ,
2997 1446 3090 1500 sed
3121 1445 3505 1502 incrementum
3534 1487 3548 1509 ,
3583 1456 3636 1500 et
3678 1446 3842 1499 vitam

2267 1552 2387 1606 qua:
2417 1551 2522 1590 non
2557 1536 2716 1591 habet
2743 1537 2898 1590 finem
2920 1578 2934 1601 ,
2966 1537 3032 1591 ab
3061 1537 3204 1590 omni
3234 1536 3444 1605 quidem
3490 1537 3724 1606 periculo
3775 1538 3842 1591 li-

2269 1625 2477 1694 beram,
2506 1637 2561 1683 et
2585 1629 2651 1682 ab
2682 1627 2826 1683 omni
2851 1630 3013 1683 animi
3040 1629 3352 1698 aegritudine
3375 1639 3429 1683 et
3456 1628 3840 1695 sollicitudine,

2270 1717 2479 1787 plenam
2506 1719 2664 1772 animi
2692 1718 2884 1788 gaudio
2909 1730 2961 1772 et
2997 1719 3148 1773 bouis
3176 1719 3488 1774 innumeris.
3519 1719 3573 1775 Si
3603 1721 3744 1775 enim
3790 1721 3844 1774 in

2268 1824 2514 1878 campum
2545 1823 2832 1877 exeuntes,
2867 1812 2953 1866 ubi
2980 1812 3218 1866 videmus
3248 1813 3475 1867 militum
3504 1813 3843 1869 tabcmaeula

2270 1901 2536 1969 tapetibus
2555 1901 2760 1955 confixa
2781 1943 2794 1965 ,
2827 1912 2881 1956 et
2919 1902 3128 1956 lanceas
3155 1913 3210 1957 et
3248 1904 3428 1973 galeas
3453 1914 3505 1958 et
3533 1905 3843 1975 clypeorum

2271 1991 2526 2045 umbones
2547 1991 2968 2060 respleudcutcs,
2996 2003 3269 2062 stupentes
3311 2004 3366 2049 et
3410 2010 3696 2066 suspensos
3745 2011 3846 2052 nos

2272 2090 2415 2137 tenet
2446 2082 2757 2146 admiratio;
2783 2085 2827 2137 si
2853 2096 3030 2138 autem
3059 2087 3341 2156 contigerit
3370 2087 3551 2144 videre
3577 2104 3756 2159 regem
3790 2091 3840 2142 ia

2269 2175 2442 2229 media
2468 2185 2789 2239 currentem,
2819 2186 2910 2230 aut
2938 2178 3095 2230 etiam
3121 2193 3238 2232 cum
3269 2180 3430 2233 armis
3454 2184 3626 2236 aureis
3647 2198 3843 2253 equum

2269 2276 2532 2336 agentem,
2557 2268 2688 2322 nihil
2710 2268 2859 2323 nobis
2880 2270 3068 2324 deesse
3092 2272 3493 2326 existimamus:
3517 2276 3638 2344 quid
3668 2286 3842 2345 putas,

2268 2358 2479 2428 quando
2506 2360 2794 2414 viderimus
2823 2373 3021 2415 aeterna
3046 2373 3351 2418 sanctorum
3379 2365 3714 2422 tabernacula
3741 2370 3843 2424 lixa

2271 2451 2320 2504 in
2349 2450 2534 2505 cadis?
2561 2450 2852 2520 Suscipient
2883 2454 3047 2518 enim,
3073 2444 3258 2525 inquit,
3285 2473 3370 2511 vos
3399 2460 3450 2512 in
3471 2470 3657 2514 (eterna
3683 2463 3848 2516 taber-

2269 2543 2453 2597 nacula
2480 2542 2645 2612 (Luc.
2680 2544 2766 2599 16.
2799 2544 2870 2617 9)
2897 2563 2908 2598 :
2939 2546 3149 2616 quando
3178 2548 3375 2604 videris
3412 2567 3846 2625 unumquemque

2270 2634 2695 2703 rcspleudeutem
2725 2637 2842 2705 plus
2872 2653 3030 2708 quam
3062 2639 3194 2692 radii
3220 2641 3347 2694 solis
3372 2683 3385 2704 ,
3415 2658 3519 2696 non
3548 2659 3612 2698 ex
3644 2661 3750 2701 :ere
3793 2659 3846 2702 et

2269 2727 2432 2789 ferro,
2463 2726 2556 2781 sed
2583 2743 2650 2782 ex
2677 2728 2762 2782 illa
2791 2729 2979 2797 gloria,
3002 2729 3154 2797 cujus
3176 2728 3408 2800 fulgores
3432 2748 3538 2787 non
3567 2745 3741 2804 potest
3765 2740 3846 2792 vi-

2269 2817 2397 2872 dere
2426 2817 2686 2872 humanus
2718 2819 2941 2873 oculus?
2970 2820 3035 2873 Et
3057 2820 3170 2874 haec
3188 2822 3400 2890 quidem
3429 2824 3483 2877 in
3504 2824 3840 2887 hominibus:

2268 2910 2392 2982 quid
2423 2926 2550 2965 vero
2580 2911 2776 2965 dixeris
2805 2911 2966 2964 multa
3009 2913 3318 2982 angelorum
3366 2916 3531 2970 millia
3556 2957 3572 2984 ,
3617 2922 3847 2974 archan-

2269 2997 2527 3072 gel‘orum,
2551 3001 2853 3066 Cberubim,
2881 3004 3181 3072 Seraphim,
3210 3005 3565 3073 Thronorum,
3598 3011 3848 3065 Domina-

2272 3096 2494 3161 tionum,
2528 3096 2958 3165 Principatuum,’
2980 3096 3331 3167 Potestatum,
3359 3116 3583 3169 quorum
3614 3103 3846 3170 pulchri-

2273 3189 2396 3243 tudo
2424 3204 2633 3244 omuem
2660 3196 2875 3257 superat
2898 3187 3304 3258 intelligentiam
3327 3192 3350 3244 ?
3371 3192 3477 3246 Sed
3525 3196 3663 3248 enim
3705 3212 3840 3264 quu-

2273 3295 2437 3348 usque
2469 3296 2570 3334 non
2618 3279 2867 3332 desistam
2916 3295 2976 3332 ea
3025 3282 3268 3350 persequi
3312 3297 3431 3352 qua:
3471 3300 3576 3339 non
3626 3297 3847 3353 possunt

2269 3369 2689 3439 comprehendi?
2718 3368 2896 3440 Neque
2925 3371 3066 3424 enim
3092 3373 3265 3426 oculus
3293 3374 3433 3440 ridit,
3471 3375 3658 3444 inquit,
3690 3395 3849 3448 neque

2269 3465 2407 3517 auris
2447 3464 2671 3528 audivit,
2707 3479 2862 3528 neque
2888 3464 3044 3516 incor
3097 3465 3312 3518 hominis
3359 3469 3687 3522 ascenderunt
3735 3489 3848 3539 qua:

2270 3553 2408 3608 Deus
2433 3554 2731 3623 prtrparart't
2753 3555 2812 3607 iis
2839 3555 2922 3624 qui
2948 3555 3115 3623 ipsum
3155 3555 3372 3628 diligunt
3400 3557 3419 3627 (
3442 3559 3490 3611 1.
3519 3559 3635 3614 Cor.
3663 3561 3716 3613 9...
3749 3562 3843 3633 9).

2271 3645 2407 3700 Nihil
2439 3655 2519 3700 est
2544 3661 2670 3716 ergo
2697 3645 3051 3699 miserabilius
3081 3647 3144 3699 iis
3174 3647 3261 3715 qui
3305 3663 3411 3701 non
3456 3663 3842 3720 assequuntur,

2271 3753 2443 3807 neque
2474 3741 2678 3794 beatius
2699 3741 2766 3796 iis
2784 3741 2873 3812 qui
2900 3750 3278 3811 assequuntur.
3311 3741 3487 3798 Simus
3514 3758 3643 3813 ergo
3663 3759 3762 3798 nos
3787 3760 3854 3800 ex

2270 3830 2458 3894 beatis,
2491 3841 2546 3884 ut
2576 3844 2775 3886 :eterna
2805 3847 3194 3902 consequamur
3222 3833 3379 3900 bona,
3407 3833 3462 3887 in
3485 3833 3695 3888 Christo
3725 3834 3855 3889 Jesu

2275 3920 2498 3974 Domino
2527 3934 2718 3977 nostro
2737 3965 2751 3987 ,
2780 3925 2992 3993 quicum
3016 3924 3157 3978 Patri
3180 3940 3281 3979 uua
3303 3940 3422 3978 cum
3445 3936 3629 3978 sancto
3650 3926 3854 3995 Spiritu

2273 4035 2460 4105 gloria,
2490 4033 2794 4104 imperium,
2814 4031 3004 4093 honor,
3034 4043 3176 4083 nunc
3199 4036 3253 4083 et
3275 4041 3506 4098 semper,
3530 4030 3651 4083 etin
3678 4043 3820 4084 sa-cu
3836 4059 3858 4081 ο

2270 4128 2320 4180 la
2349 4123 2688 4180 surculorum.
2719 4123 2911 4176 Amen.

2568 4233 2773 4247 ἠ...-
2782 4240 3853 4267 ._._—-—-—-—.____._________,—_____

1893 4279 2239 4346 HOMILIA.
2278 4285 2409 4347 Vll.

590 4391 716 4444 CAP.
750 4392 799 4443 .i.
840 4408 889 4445 ν.
924 4394 1008 4446 11.
1066 4391 1381 4448 Ι¹ἐ·διίηριηηε
1425 4413 1540 4465 ergo
1588 4398 1784 4468 ingredi
1821 4400 1872 4454 in
1908 4402 2049 4455 illam
2086 4420 2166 4457 re-

660 4484 822 4549 quiem
848 4523 860 4545 ,
904 4493 954 4533 ut
1003 4500 1062 4536 ne
1113 4486 1162 4535 in
1200 4486 1415 4554 idipsum
1446 4489 1556 4554 quis
1586 4490 1773 4542 incidat
1799 4494 2165 4548 incredulitatis

659 4572 963 4640 cxcrnplum.
997 4573 1081 4626 12.
1125 4572 1278 4626 Vivus
1305 4586 1378 4628 est
1410 4578 1540 4630 enim
1567 4596 1730 4632 sermo
1760 4580 1854 4634 Dei
1879 4593 1927 4635 et
1967 4586 2158 4654 cﬂicax.

659 4673 705 4715 et
733 4664 1084 4732 penetrabilior
1130 4667 1267 4718 omni
1294 4668 1464 4736 gladio
1496 4671 1701 4739 ancipiti
1728 4713 1741 4734 ,
1789 4683 1835 4726 et
1880 4677 2162 4746 pertingens

657 4771 814 4822 usque
838 4757 902 4807 ad
927 4755 1216 4809 divisionem
1240 4760 1421 4812 animi?
1446 4771 1490 4813 et
1511 4762 1736 4829 spiritus,
1761 4780 2160 4836 compagumque

659 4862 718 4897 ac
744 4847 1074 4900 medullarum
1101 4889 1115 4913 ,
1148 4857 1192 4900 et
1224 4851 1466 4903 discretor
1502 4853 1856 4922 cogitationum
1898 4866 1942 4908 et
1994 4857 2160 4910 inten-

661 4942 852 4993 tionum
878 4943 1077 4994 cordis:
1098 4943 1180 4998 15.
1216 4954 1259 4996 et
1286 4961 1387 4998 non
1409 4955 1478 4999 est
1504 4948 1611 5000 ulla
1640 4958 1872 5002 creatura
1896 4952 2160 5006 invisibilis

658 5033 708 5083 in
739 5043 1001 5098 conspectu
1027 5034 1175 5102 ejus;
1204 5037 1371 5089 onmia
1402 5050 1568 5091 autem
1595 5040 1731 5094 nuda
1755 5052 1800 5095 ct
1827 5053 2003 5112 aperta
2040 5054 2156 5098 sunt

656 5124 810 5176 oculis
832 5127 960 5194 ejus,
982 5127 1049 5179 ad
1069 5143 1213 5195 quem
1240 5129 1378 5184 nobis
1404 5149 1588 5186 sermo.

658 5321 705 5372 l.
754 5320 908 5373 Fides
956 5338 1039 5376 res
1084 5334 1165 5378 est
1207 5343 1388 5394 magna
1443 5340 1494 5383 et
1535 5331 1803 5396 salutaris,
1858 5344 1911 5388 et
1956 5337 2155 5405 absque

583 5429 644 5463 ea
689 5411 800 5465 fieri
843 5429 945 5466 non
997 5423 1169 5483 potest
1206 5427 1258 5469 ut
1293 5420 1420 5473 salvi
1471 5421 1655 5476 simus.
1710 5426 1778 5476 At
1828 5441 1930 5478 non
1973 5437 2148 5494 potest

584 5515 679 5569 per
706 5516 763 5555 se
787 5502 895 5556 sola
923 5503 971 5557 id
996 5504 1230 5572 efficere,
1265 5509 1355 5561 sed
1385 5510 1545 5576 proba
1571 5513 1726 5565 etiam
1774 5514 1876 5568 vita
1923 5517 2152 5585 requiri-

584 5603 688 5646 tur.
728 5591 847 5644 Ideo
877 5593 1068 5650 Paulus
1097 5613 1305 5666 quoque
1336 5616 1426 5654 eos
1453 5602 1702 5656 admouet
1745 5607 1831 5673 qui
1872 5606 1978 5675 jam
2030 5620 2154 5664 sunt

581 5682 778 5751 dignati
807 5687 1088 5756 tttys‘tcriis,
1120 5688 1297 5745 dicens
1329 5709 1338 5743 :
1371 5690 1679 5747 (“alaternus
1708 5696 1899 5764 ἰθθαθιδιίἑ
1931 5693 1977 5750 in
2007 5698 2147 5753 illaut

2272 4403 2509 4470 requiem.
2531 4401 2864 4467 Festinemus,
2895 4405 3084 4475 inquit,
3115 4422 3175 4464 ac
3200 4409 3508 4467 Studeamus
3535 4421 3712 4479 utpote
3728 4427 3853 4471 cum

2267 4491 2398 4544 lides
2425 4507 2525 4546 non
2564 4495 2810 4560 sufticiat,
2830 4496 2922 4550 sed
2954 4498 3111 4551 etiam
3133 4497 3322 4553 debeat
3343 4499 3445 4553 vita
3463 4501 3638 4569 adjici,
3663 4513 3711 4556 et
3730 4521 3851 4557 ma—

2266 4599 2424 4652 guum
2453 4585 2691 4641 adhiberi
2723 4589 2973 4642 studium.
3010 4589 3213 4644 Revera
3232 4593 3374 4647 enim
3411 4593 3577 4647 multo
3607 4609 3739 4664 Opus
3767 4610 3857 4650 est

2266 4675 2443 4728 studio
2463 4685 2515 4730 ut
2531 4678 2877 4732 ascendamus
2895 4680 2944 4732 iu
2965 4681 3172 4734 ert-lum.
3192 4682 3244 4737 Si
3268 4683 3407 4737 enim
3430 4693 3568 4739 terra
3587 4703 3690 4740 non
3717 4700 3846 4743 sunt

2266 4763 2460 4835 dignati
2486 4767 2571 4836 qui
2603 4777 2774 4822 tantas
2792 4771 3032 4824 miserias
3049 4781 3101 4826 et
3120 4773 3446 4829 calamitates
3463 4780 3695 4847 perpessi
3724 4791 3852 4835 sunt

2268 4857 2319 4910 in
2340 4859 2572 4927 deserto,
2603 4871 2656 4916 et
2687 4873 2880 4917 terram
2913 4880 3016 4917 non
3041 4872 3571 4939 potueruutassequi,
3594 4875 3847 4941 quoniam

2270 4963 2733 5010 murmuraruntet
2757 4958 3005 5025 qUouiam
3029 4971 3149 5012 sunt
3168 4960 3436 5017 fornicati:
3459 4969 3723 5033 quomodo
3744 4987 3846 5025 nos

2262 5058 2426 5112 regno
2452 5047 2698 5102 cznlorum
2717 5049 2859 5120 digni
2885 5050 3215 5119 habebimur,
3235 5056 3322 5124 qui
3353 5055 3513 5111 vitam
3541 5059 3843 5116 inconside-

2264 5146 2374 5190 rate
2398 5138 2688 5210 iguaveque
2715 5151 2769 5196 et
2810 5144 3042 5211 segniter
3071 5146 3308 5215 agimus?
3330 5148 3491 5205 Multo
3527 5168 3653 5222 ergo
3689 5157 3844 5211 nobis

2261 5245 2394 5298 opus
2430 5241 2514 5286 est
2541 5234 2734 5289 studio.
2783 5233 2911 5290 Vide
2937 5247 3113 5293 autem
3148 5241 3288 5310 quod
3321 5258 3425 5297 non
3458 5244 3705 5303 danunun
3752 5270 3845 5304 eo-

2265 5337 2428 5390 lquue
2450 5327 2800 5393 constituerit,
2831 5329 2970 5398 quod
3003 5347 3106 5384 non
3131 5332 3489 5402 ingrediantur
3521 5357 3533 5392 :
3565 5355 3665 5394 non
3696 5345 3838 5397 enim

2266 5426 2418 5487 dixit,
2444 5427 2763 5481 Studeamus
2791 5429 2991 5498 ingredi
3025 5431 3074 5484 iu
3109 5430 3251 5485 illam
3283 5435 3538 5502 requiem.
3571 5454 3637 5491 ne
3666 5456 3690 5490 a
3723 5449 3841 5493 tau-

2269 5519 2337 5572 tis
2382 5520 2534 5574 bouis
2575 5521 2914 5585 cxcidamus;
2947 5522 3038 5576 sed
3082 5523 3132 5577 id
3178 5524 3380 5579 addidit
3421 5528 3557 5596 quod
3594 5529 3839 5588 homines

2265 5629 2585 5682 tttzthIOpCI'c
2627 5616 2848 5669 excitat.
2875 5617 3135 5684 Quidnam
3175 5628 3254 5672 est
3295 5619 3441 5676 hoc?
3479 5621 3544 5676 Ct
3574 5641 3633 5676 ne
3672 5627 3720 5677 in
3752 5629 3835 5681 iri-

2263 5709 2425 5777 ipsunt
2458 5714 2566 5779 quis
2601 5711 2786 5765 incidat
2832 5711 3195 5767 incrcrlttlitutis
3234 5716 3512 5786 (army/um
3539 5734 3556 5782 ,'
3593 5719 3688 5774 hoc
3718 5733 3796 5776 est
3828 5765 3842 5786 ι
