4112 6344
244 374 300 430 61

245 470 302 514 ut
347 458 453 514 illic
496 457 791 513 Ital-eamus
834 467 1103 522 mentem,
1146 474 1319 529 spem,
1344 463 1828 530 exspectationem,

246 568 311 607 ne
339 551 590 605 similiter
617 550 943 605 cxcidamus.
977 550 1109 605 Nam
1133 552 1273 620 quod
1302 553 1634 617 excidemus,
1664 555 1832 625 signi-

246 644 365 697 ﬁcat
395 642 701 713 exrmplum
732 661 744 697 :
780 641 847 696 Ut
875 659 935 696 ne
960 645 1012 696 in
1036 643 1281 713 idipsum,
1318 646 1506 714 inquit.
1539 647 1740 704 Deinde
1762 664 1829 704 ne

245 734 489 800 ainliens,
522 733 587 787 In
613 734 856 803 idipsum,
880 735 1155 789 existimes
1179 736 1317 790 idem
1338 753 1459 793 esse
1480 740 1824 808 supplicium,

244 824 366 879 audi
413 824 540 895 quid
592 825 874 893 subjungat
909 844 922 880 :
967 823 1121 879 Vivus
1162 838 1234 881 est
1278 828 1411 881 enim
1452 846 1616 884 sermo
1663 832 1754 884 lict
1786 816 1837 886 et.

245 916 440 986 enicas,
480 916 837 987 penetrabilior
858 917 996 970 omni
1015 918 1187 988 gladio
1206 920 1439 987 ancipiti,
1467 935 1513 975 et
1542 925 1831 993 pertingens

244 1022 397 1076 usque
432 1008 501 1060 ad
535 1007 829 1061 divisionem
855 1009 1042 1062 animat
1068 1020 1112 1062 et
1142 1011 1349 1076 spiritus
1376 1053 1390 1073 ,
1431 1029 1831 1085 compogumque

242 1108 287 1151 et
328 1097 705 1162 medullarum,
752 1109 800 1153 et
844 1100 1090 1155 discretor
1116 1104 1480 1172 cogitationum
1508 1109 1695 1161 cordis.
1732 1109 1830 1165 llic

241 1205 453 1260 quoque
479 1191 716 1246 ostendit
750 1192 890 1262 quod
913 1193 1002 1247 illa
1026 1195 1187 1248 etiam
1212 1196 1335 1250 ferit
1367 1199 1478 1268 ipse
1510 1200 1603 1254 Dei
1625 1217 1827 1269 sermo,

240 1291 294 1337 et
321 1282 490 1347 vivit,
524 1299 625 1338 nec
654 1285 951 1339 exstinctus
981 1296 1081 1340 est.
1132 1286 1211 1343 Nc
1235 1303 1367 1359 ergo
1395 1294 1649 1361 quoniam
1680 1295 1829 1349 andi-

242 1373 363 1429 visti
408 1390 749 1441 sermonem,
797 1377 846 1431 id
887 1379 1228 1433 solummodo
1266 1382 1454 1439 audias
1484 1404 1495 1438 :
1525 1397 1607 1440 est
1649 1389 1828 1455 enim,

242 1466 434 1537 inquit,
465 1469 852 1537 penetrabilior
875 1470 1074 1540 gladio.
1101 1470 1234 1527 Vide
1257 1475 1527 1543 qumnodo
1556 1491 1614 1532 sc
1640 1478 1832 1533 demit-

244 1568 351 1622 tat,
384 1570 439 1613 et
484 1560 608 1615 hinc
650 1562 927 1617 considera
971 1578 1199 1632 quanam
1242 1566 1310 1621 de
1352 1583 1510 1623 causa
1559 1586 1693 1641 opus
1739 1574 1832 1627 fuit

241 1656 403 1710 etiam
452 1654 727 1725 prophetis
770 1667 827 1710 ut
853 1656 1093 1712 dicerent
1131 1658 1400 1729 gladium,
1430 1676 1487 1717 et
1526 1678 1709 1719 arcum
1732 1709 1747 1731 ,
1779 1676 1834 1723 et

244 1746 630 1817 rhomphrcam.
668 1746 788 1802 Nisi
814 1751 1059 1816 conversi,
1093 1750 1287 1821 inquit,
1320 1755 1553 1825 fueritis,
1601 1758 1830 1827 gladium

242 1854 388 1893 suum
415 1838 665 1905 vibrabit,
695 1856 871 1892 arcum
895 1857 1046 1895 suum
1088 1844 1335 1910 tetendit,
1368 1856 1415 1898 et
1445 1848 1644 1915 paravit
1683 1850 1830 1903 illum

242 1930 415 2002 (Psal.
450 1932 501 1985 7.
534 1932 649 2001 l3).
681 1931 812 1985 Nam
841 1933 886 1987 si
916 1949 1055 1988 nunc
1082 1976 1097 2000 ,
1145 1945 1267 2002 post
1296 1946 1502 1992 tantum
1544 1948 1754 2011 tempus
1778 1952 1833 1999 et

239 2024 796 2089 consummationem,
834 2039 939 2078 non
968 2036 1144 2094 potest
1170 2028 1387 2082 nomine
1412 2033 1681 2087 sermonis
1711 2044 1831 2088 tan-

242 2129 352 2171 tum
377 2126 609 2181 terrere,
641 2116 737 2171 sed
763 2116 845 2171 his
866 2118 1027 2171 etiam
1056 2119 1235 2174 verbis
1264 2120 1489 2193 indiget,
1525 2133 1580 2177 nt
1607 2140 1830 2197 compa-

239 2210 465 2263 rationis
485 2208 741 2263 ostendat
762 2210 1229 2277 exsuperationcm
1254 2231 1267 2265 :
1299 2215 1471 2268 multo
1493 2217 1660 2286 magis
1682 2230 1829 2272 tunc.

242 2298 546 2371 Pertingens
568 2316 723 2369 usque
749 2301 816 2353 ad
842 2301 1138 2355 divisionem
1162 2304 1348 2359 animte
1373 2317 1418 2359 et
1442 2311 1669 2377 spiritus.
1694 2312 1829 2378 Quid

238 2394 342 2447 hoc
384 2395 513 2448 est?
554 2392 885 2465 Significavit
930 2395 1130 2464 aliquid
1180 2398 1471 2453 terribilius
1504 2419 1516 2455 :
1548 2412 1641 2455 aut
1680 2407 1819 2473 quod

237 2496 485 2566 Spiritum
512 2494 700 2548 dividit
729 2497 795 2548 ab
817 2496 996 2548 anima
1027 2513 1040 2547 :
1069 2504 1161 2548 aut
1189 2495 1331 2563 quod
1366 2495 1524 2548 etiam
1557 2496 1669 2563 ipsa
1701 2508 1824 2563 per-

238 2589 385 2641 vadit
415 2589 729 2656 incorporea
753 2629 766 2649 ,
798 2602 904 2641 non
936 2586 1387 2657 quemadmodum
1420 2587 1627 2657 gladius
1652 2586 1825 2641 solum

238 2692 488 2746 corpora.
534 2676 633 2731 [lic
662 2677 895 2731 ostendit
932 2677 1073 2746 quod
1116 2688 1173 2732 et
1215 2664 1419 2733 anima.
1444 2679 1695 2747 puniatur
1726 2720 1741 2745 ,
1774 2688 1829 2733 et

239 2767 381 2837 quod
414 2782 534 2836 qua:
560 2778 685 2821 sunt
714 2768 897 2821 intima
928 2777 1216 2833 scrutetur,
1251 2780 1421 2822 totum
1455 2771 1668 2838 penitus
1699 2785 1822 2840 pcr-

238 2859 443 2914 vadens
473 2860 766 2914 hominem.
811 2859 876 2913 Et
917 2860 1165 2914 discretor
1193 2864 1555 2931 cogitationum
1586 2874 1631 2917 et
1660 2864 1828 2916 inten-

240 2950 435 3003 tionum
472 2952 665 3004 cordis.
700 2948 764 3002 Et
797 2966 897 3003 non
939 2960 1011 3004 est
1055 2951 1162 3004 ulla
1202 2961 1435 3005 creatura
1474 2952 1737 3005 invisibilis
1777 2955 1829 3006 in

238 3050 510 3109 conspectu
540 3042 671 3106 eius.
706 3040 801 3093 llic
844 3055 937 3095 cos
979 3042 1211 3095 maxime
1241 3043 1452 3096 terruit.
1499 3041 1615 3096 Non
1648 3043 1790 3097 enim
1814 3085 1827 3107 ,

237 3130 282 3184 si
316 3130 513 3198 adhuc,
544 3131 732 3201 inquit,
775 3132 827 3185 in
862 3131 964 3187 fide
989 3133 1165 3200 statis,
1196 3132 1290 3188 sed
1324 3150 1428 3188 non
1457 3150 1578 3189 cum
1608 3143 1753 3189 certa
1779 3143 1833 3189 et

241 3224 396 3290 plena
450 3225 795 3292 persuasione
820 3265 835 3289 ,
877 3224 1165 3278 confidatis
1195 3244 1207 3277 :
1243 3226 1357 3294 ipse
1400 3225 1665 3295 judicabit
1706 3243 1829 3298 qua:

238 3325 364 3369 sinit
402 3318 452 3369 in
480 3317 645 3371 corde
677 3338 688 3371 :
721 3333 786 3372 eo
813 3318 955 3371 enim
982 3318 1226 3387 pervadit
1261 3330 1314 3373 et
1342 3321 1569 3390 puniens
1600 3330 1657 3375 et
1698 3336 1832 3375 exa-

240 3409 469 3461 nimans.
503 3408 573 3462 Et
619 3409 745 3476 quid
780 3408 922 3473 dico,
959 3410 1167 3479 inquit,
1216 3410 1282 3464 de
1327 3410 1679 3466 hominibus?
1707 3426 1829 3465 nam

237 3498 341 3551 elsi
393 3498 543 3553 dicas
568 3501 788 3569 angelos
831 3509 887 3555 et
922 3499 1273 3571 archangelos
1300 3542 1315 3568 ,
1355 3511 1411 3557 et
1444 3502 1735 3557 Cherubim
1776 3512 1831 3558 et

238 3589 561 3658 Seraphim,
611 3600 667 3645 et
710 3606 1107 3661 quamcumque
1153 3602 1495 3658 creaturam,
1530 3594 1710 3648 omnia
1754 3595 1828 3649 illi

236 3680 396 3733 oculo
422 3690 548 3734 sunt
575 3690 758 3749 aperta
781 3722 797 3749 ,
833 3682 1012 3736 omnia
1054 3682 1199 3737 clara
1246 3692 1299 3738 et
1340 3683 1622 3739 manifesta
1645 3727 1661 3753 ,
1695 3685 1827 3739 nihil

237 3781 322 3825 est
369 3771 512 3840 quod
558 3773 731 3841 possit
775 3788 898 3827 eum
948 3772 1162 3829 latere:
1197 3773 1384 3828 Omnia
1431 3785 1547 3829 sunt
1594 3776 1735 3829 nuda
1780 3786 1827 3831 et

235 3875 413 3929 aperta
442 3866 602 3918 oculis
632 3866 767 3933 ejus,
802 3864 869 3919 ad
898 3882 1043 3935 quem
1068 3866 1211 3920 nobis
1236 3884 1401 3921 sermo
1425 3869 1465 3920 ⁸.
1498 3869 1699 3937 Aperta
1730 3884 1825 3923 au-

236 3967 346 4011 tem
373 3957 559 4012 Grmce
588 3956 785 4011 dicitur
809 3967 1238 4028 τετραχηλισμένα,
1273 3958 1324 4013 id
1356 3969 1460 4027 est,
1491 3960 1823 4030 resupinata,

232 4065 262 4102 a
294 4048 617 4118 metaphora
646 4049 867 4117 pellium
892 4065 1010 4119 qua:
1040 4050 1396 4105 extrahuntur
1420 4066 1449 4104 a
1477 4052 1730 4107 victimis.
1759 4052 1829 4109 Ut

235 4142 384 4195 enim
415 4140 632 4211 quando
657 4142 923 4211 quispiam
956 4142 1063 4197 illis
1089 4143 1344 4214 jugulatis
1374 4145 1569 4214 pellem
1600 4162 1629 4199 a
1659 4162 1827 4202 carne

232 4234 579 4297 ahstraxerit,
628 4234 807 4287 omnia
853 4251 971 4304 qum.
1017 4246 1143 4289 sunt
1190 4236 1334 4291 intus
1385 4239 1681 4308 aperit,et
1723 4255 1827 4295 no-

234 4326 364 4379 stris
405 4325 575 4380 oculis
614 4325 790 4381 reddit
828 4325 1106 4381 manifesta
1138 4345 1151 4381 :
1184 4329 1255 4381 ita
1304 4332 1462 4385 etiam
1514 4332 1627 4387 Deo
1681 4333 1825 4387 clara

232 4425 287 4470 et
352 4416 631 4469 manifesta
718 4418 986 4485 pronosita
1047 4427 1173 4471 sunt
1222 4420 1421 4474 omnia.
1502 4422 1583 4476 Tu
1646 4434 1824 4478 autem

234 4507 366 4560 inihi
392 4506 672 4561 considera
713 4508 983 4576 quomodo
1010 4510 1285 4578 corporeis
1314 4526 1527 4581 semper
1554 4528 1690 4582 opus
1726 4514 1825 4567 ha-

234 4596 326 4650 bet
369 4596 690 4665 imaginibus
723 4614 736 4650 :
767 4597 909 4667 quod
952 4598 1167 4667 quidem
1219 4609 1335 4653 erat
1367 4602 1673 4657 auditorum
1722 4604 1824 4657 im-

234 4688 566 4743 becillitatis.
608 4687 740 4743 Nam
787 4689 928 4759 quod
971 4702 1150 4745 essent
1198 4691 1493 4757 imbecilli,
1538 4695 1817 4762 ostendit,

233 4782 423 4836 dicens
455 4796 549 4835 eos
579 4797 701 4837 esse
730 4783 972 4847 hebetes,
1005 4794 1062 4837 ut
1093 4786 1178 4854 qui
1219 4800 1354 4855 Opus
1386 4786 1618 4843 habeant
1650 4791 1821 4858 lacte,

234 4890 344 4927 non
387 4874 561 4928 solido
603 4874 744 4928 cibo.
791 4872 976 4929 Omnia
1019 4888 1134 4930 sunt
1176 4879 1315 4931 nuda
1357 4889 1405 4933 et
1454 4892 1631 4951 aperta
1661 4885 1822 4939 oculis

231 4967 370 5031 eius,
402 4965 471 5017 ad
496 4980 641 5034 quem
669 4965 810 5021 nobis
838 4976 908 5021 est
934 4984 1118 5021 sermo.
1148 4968 1285 5035 Quid
1326 4986 1453 5026 vero
1478 4982 1559 5027 est
1581 5016 1595 5040 ,
1646 4973 1712 5028 In
1737 4975 1819 5027 id-

232 5059 405 5124 ipsum
442 5056 810 5110 incredulitatis
852 5059 1185 5127 exeinplum?
1229 5060 1296 5116 Ut
1346 5062 1393 5116 si
1432 5065 1553 5133 quis
1598 5080 1816 5121 causam

234 5163 487 5217 qurerens
514 5149 677 5215 dicat,
712 5150 822 5205 Cur
849 5169 952 5204 non
986 5152 1233 5208 viderunt
1272 5155 1345 5209 illi
1380 5160 1622 5211 terram?
1652 5161 1822 5216 Acce-

238 5252 432 5310 pcrant
472 5242 685 5296 arrham
721 5243 811 5297 Dei
846 5245 1098 5312 potentia:
1120 5286 1134 5310 ,
1164 5256 1364 5301 etcum
1404 5260 1681 5319 oporteret
1708 5269 1827 5309 cre-

226 5350 361 5399 dcre
381 5386 395 5409 ,
432 5348 618 5401 terrori
662 5350 826 5417 magis
856 5351 1129 5417 cedentes,
1161 5365 1215 5407 et
1240 5354 1382 5407 nulla
1405 5355 1471 5409 de
1500 5355 1609 5409 Deo
1633 5372 1817 5426 magna

228 5438 564 5507 apprehensa
588 5441 816 5501 visione,
844 5444 1125 5512 pusillique
1146 5455 1196 5497 et
1222 5446 1413 5513 abjecti
1434 5448 1594 5499 animi
1620 5445 1817 5511 effecti,

230 5530 527 5599 perierunt.
578 5531 761 5587 Potest
798 5536 958 5588 ctiam
1004 5536 1203 5605 aliquid
1249 5538 1393 5591 aliud
1438 5539 1582 5605 dici,
1626 5550 1827 5608 nempe.

230 5622 375 5683 (ιιιυά
401 5639 523 5677 cum
570 5622 673 5676 via:
711 5625 969 5692 majorem
1015 5639 1218 5696 partem
1257 5628 1653 5695 confecissent;
1698 5644 1821 5685 cum

310 5776 321 5800 '
354 5770 471 5827 Quae
496 5766 806 5833 prtrajdunt,
827 5766 888 5813 ab
914 5766 1069 5833 initio.
1095 5768 1266 5816 omissa
1292 5779 1401 5820 sunt
1425 5771 1472 5819 in
1493 5770 1729 5832 Colbert.,
1756 5773 1837 5833 qui

246 5846 272 5882 ι
294 5832 622 5897 sequentibus
648 5828 888 5878 bonnliaui
915 5829 1029 5891 ἱηςὶι
1049 5831 1099 5879 it.

1054 335 1117 391 IN
1158 336 1376 395 EPIST.
1419 336 1509 391 AD
1552 336 1921 394 llEBleEOS.
1962 337 2118 397 CAP.
2161 341 2249 397 IV.
2292 342 2529 401 HOMIL.
2579 345 2687 403 \‘il.
3444 356 3513 409 61

1927 464 2109 511 essent
2138 455 2204 510 ad
2230 459 2373 526 ipsas
2396 466 2611 525 portas,
2643 458 2693 510 in
2726 457 2843 526 ipso
2871 464 3048 525 portu,
3080 464 3205 510 sunt
3232 455 3520 509 submersi.

1916 544 1933 600 Ι
1993 564 2040 602 κι
2060 548 2128 603 de
2146 548 2300 603 vobis
2321 563 2542 619 quoque
2566 549 2751 615 timeo,
2772 548 2967 619 inquit.
3000 547 3111 604 lloc
3132 557 3234 612 est,
3265 547 3331 601 ln
3357 550 3522 619 ipsum

1926 639 2214 708 exemplum
2239 641 2629 697 incredulitatis.
2661 640 2794 695 Nam
2822 640 2965 711 quod
2993 640 3093 710 ipsi
3123 656 3339 711 quoque
3358 644 3522 694 multa

1926 733 2069 802 passi
2106 734 2232 794 sint,
2264 733 2369 786 illis
2399 744 2583 802 postea
2616 733 2715 786 fert
2750 734 3137 795 testimonium,
3162 733 3349 788 dicens
3379 752 3391 785 :
3425 731 3524 785 Re-

1927 826 2274 878 memoramini
2292 826 2536 895 pristinos
2557 825 2685 891 dies,
2715 826 2767 879 in
2784 827 2965 896 quibus
2986 826 3262 880 illuminati
3284 843 3525 897 magnum

1927 928 2180 970 certamen
2209 918 2526 971 sustinuistis
2552 918 2848 987 passionum
2882 917 3067 991 (Hebr.
3100 919 3188 975 10.
3214 919 3327 989 52).
3354 919 3525 974 Nemo

1927 1025 2056 1079 ergo
2086 1012 2156 1065 sit
2186 1012 2367 1081 pusilli
2399 1023 2453 1066 et
2483 1011 2679 1081 abjecti
2712 1012 2877 1066 animi
2905 1054 2919 1079 ,
2952 1028 3129 1083 neque
3174 1012 3225 1067 in
3272 1012 3375 1069 fine
3404 1014 3525 1068 ani-

1929 1119 2074 1157 mum
2115 1103 2459 1173 despondens
2485 1103 2757 1159 concidat.
2793 1104 2932 1159 Sunt
2960 1105 3104 1161 enim
3127 1148 3141 1173 ,
3174 1116 3300 1160 sunt
3338 1106 3426 1177 qui
3470 1106 3523 1159 in

1930 1196 2193 1265 principio
2219 1194 2439 1264 quidem
2472 1206 2720 1265 prompto
2742 1204 2797 1249 et
2827 1197 2990 1249 alacri
3020 1198 3203 1251 animo
3228 1198 3525 1253 certamina

1927 1286 2327 1358 aggrediuntur,
2363 1300 2547 1356 postea
2576 1297 2754 1341 autem
2790 1289 2883 1341 toti
2927 1304 3113 1357 parum
3162 1289 3406 1345 nolentes
3430 1290 3526 1344 ad-

1923 1380 2113 1449 jicere,
2148 1388 2317 1433 totum
2348 1379 2717 1448 perdiderunt.
2766 1379 3054 1434 Sufliciunt
3075 1375 3289 1451 ,‘inqnit
3310 1422 3324 1445 ,
3353 1383 3525 1447 majo-

1929 1487 2016 1526 res
2050 1470 2114 1524 ad
2148 1486 2241 1526 vos
2272 1471 2599 1525 erudiendos
2630 1486 2697 1526 ne
2729 1472 2780 1524 in
2808 1472 2996 1527 eadem
3032 1472 3315 1537 incidatis,
3351 1488 3525 1544 neque

1928 1562 2115 1617 eadem
2143 1563 2419 1631 patiamini
2447 1579 2566 1633 qua:
2592 1562 2737 1634 passi
2765 1573 2911 1617 sunt.
2949 1563 3061 1618 lloc
3090 1573 3214 1630 est,
3263 1563 3329 1618 ln
3358 1567 3526 1634 ipsum

1927 1655 2299 1709 incredulitatis
2344 1656 2651 1726 exemplum.
2728 1656 2806 1711 Ne
2861 1656 3258 1731 dissolvamur,
3313 1658 3522 1725 inquit,

1928 1759 1981 1806 et
2013 1765 2336 1805 enervemur
2370 1768 2382 1803 :
2412 1750 2554 1817 quod
2595 1750 2756 1805 etiam
2798 1749 2929 1805 dicit
2972 1751 3025 1804 in
3071 1750 3177 1804 line
3202 1793 3217 1816 ,
3267 1749 3527 1805 Remissas

1929 1857 2111 1897 manus
2155 1851 2199 1895 et
2243 1858 2407 1912 genua
2447 1842 2613 1896 soluta
2655 1842 2873 1911 erigite(
2904 1840 3061 1895 Hebr.
3094 1841 3181 1895 12.
3212 1840 3335 1911 12).
3369 1840 3437 1896 Ut
3466 1860 3527 1896 ne

1928 1934 1982 1987 in
2021 1933 2276 2000 idipsum,
2323 1933 2513 2001 inquit,
2560 1932 2672 2001 quis
2711 1932 2901 1984 incidat
2941 1931 3313 1986 incredulitatis
3353 1940 3524 1985 exent-

1931 2025 2073 2097 plum
2102 2043 2119 2079 :
2151 2025 2252 2079 hoc
2281 2026 2425 2078 enim
2451 2034 2533 2079 est
2559 2039 2752 2078 revera“
2778 2025 2992 2079 cadere.
3024 2024 3226 2078 Deinde
3249 2064 3264 2087 ,
3308 2039 3374 2077 ne
3401 2038 3525 2078 cum

1928 2118 2173 2172 audisses
2193 2117 2333 2186 quod
2358 2118 2477 2186 quis
2506 2118 2556 2169 in
2588 2116 2818 2185 idipsum
2842 2116 3148 2184 exeinplum
3178 2115 3354 2178 cadat,
3378 2132 3530 2171 eain-

1930 2210 2052 2265 dem
2078 2220 2303 2263 mortem
2336 2210 2614 2263 existimes
2644 2223 2803 2277 quam
2836 2208 2908 2261 illi
2940 2208 3213 2268 obierunt,
3250 2208 3368 2261 vide
3399 2208 3526 2275 quid

1929 2302 2071 2357 dicat
2107 2319 2119 2355 :
2163 2300 2315 2353 Vivus
2344 2311 2417 2354 est
2448 2302 2581 2353 enim
2623 2316 2788 2353 sermo
2816 2298 2913 2353 Dei
2957 2308 3003 2352 et
3044 2300 3246 2368 efﬁcax,
3280 2308 3327 2351 et
3371 2315 3525 2368 pene—

1932 2394 2164 2448 trabilior
2184 2394 2319 2447 omni
2345 2392 2521 2463 gladio
2547 2392 2778 2461 ancipiti.
2802 2390 3005 2458 Qu0vis
3030 2391 3172 2444 enim
3204 2388 3382 2459 gladio
3407 2404 3529 2458 gra-

1932 2490 2049 2540 vius
2082 2487 2134 2539 in
2170 2500 2355 2537 eorum
2399 2484 2605 2536 animas
2641 2482 2797 2535 irruit
2832 2495 3012 2535 sermo
3042 2522 3055 2545 ,
3100 2495 3292 2550 graves
3346 2481 3529 2549 plagas

1934 2580 2175 2635 inferens
2201 2620 2214 2641 ,
2250 2577 2543 2645 lelalcsque
2577 2575 2668 2628 dat
2704 2574 2997 2628 rectiones.
3028 2572 3214 2643 Neque
3246 2588 3375 2626 vero
3395 2588 3530 2641 opus

1932 2686 2017 2729 est
2049 2684 2105 2727 ut
2131 2688 2315 2727 eorum
2340 2670 2572 2723 adducat
2602 2667 3145 2731 demonstrationem,
3177 2681 3353 2737 neque
3384 2676 3441 2719 ut
3465 2681 3529 2721 ea

1934 2768 2128 2839 probet
2160 2782 2223 2819 ac
2266 2766 2580 2824 confirmet,
2610 2777 2731 2816 cum
2777 2760 2914 2815 adeo
2957 2761 3292 2815 manifestam
3336 2759 3532 2813 habeat

1938 2857 2309 2913 narrationem
2334 2855 2438 2925 (α).
2467 2854 2597 2907 Nam
2621 2852 2913 2923 quodnam,
2944 2851 3156 2922 inquit,
3186 2852 3383 2906 bellum
3412 2852 3531 2905 illos

1953 2954 2217 3027 perdidit?
2238 2954 2356 3023 quis
2377 2951 2583 3021 gladius
2608 2951 2630 3003 ?
2656 2964 2831 3002 annon
2866 2948 3023 3017 plane
3052 2960 3147 2999 sua
3176 2956 3367 3013 sponte
3391 2944 3537 2997 ceci-

1948 3046 2183 3101 derunt?
2229 3041 2305 3098 Ne
2336 3058 2466 3111 ergo
2487 3084 2502 3106 ,
2534 3040 2790 3110 quoniam
2834 3054 2940 3093 non
2973 3037 3163 3092 eadem
3201 3042 3386 3088 sumus
3419 3048 3541 3103 pcr-

1951 3137 2125 3207 pessi,
2165 3136 2334 3189 simus
2373 3132 2548 3187 securi
2585 3150 2599 3186 :
2630 3129 2889 3201 quamdiu
2931 3128 3125 3183 dicitur
3165 3126 3324 3181 hodie
3350 3166 3365 3191 ,
3410 3125 3544 3180 licet

1949 3227 2100 3281 nobis
2144 3224 2374 3279 recreari
2417 3231 2473 3277 et
2513 3220 2687 3276 refici.
2738 3219 2843 3274 Sed
2890 3234 3013 3273 cum
3059 3220 3175 3271 hate
3209 3216 3435 3280 dixerit,
3470 3228 3541 3268 ne

1949 3317 2225 3371 audientes
2255 3330 2375 3384 qua:
2403 3324 2529 3367 sunt
2576 3312 2801 3376 animae,
2842 3310 3014 3380 ignavi
3048 3308 3156 3363 sint
3184 3318 3238 3362 et
3258 3305 3539 3369 socordes,

1946 3410 2092 3463 addit
2133 3407 2297 3462 etiam
2332 3422 2451 3476 qua:
2489 3416 2615 3460 sunt
2655 3404 2897 3473 corporis
2922 3444 2937 3468 ,
2982 3402 3097 3455 haec
3121 3400 3451 3455 declarans:
3484 3408 3543 3451 ut

1944 3516 2065 3555 cum
2108 3516 2203 3554 rex
2230 3499 2422 3566 aliquis
2457 3497 2730 3565 principes
2754 3509 2881 3549 suos
2904 3535 2918 3558 ,
2943 3492 3030 3563 qui
3075 3508 3264 3562 magna
3292 3492 3539 3559 qua-dam

1948 3602 2163 3663 peccata
2191 3592 2545 3653 admiserunt,
2573 3591 2801 3659 primum
2824 3588 2996 3658 privat
3021 3585 3231 3651 militia,
3253 3584 3540 3654 ablathue

1946 3686 2159 3755 cingulo
2183 3695 2237 3738 et
2267 3684 2590 3737 auctoritate
2618 3691 2671 3735 ct
2706 3695 2951 3750 prmcone
2977 3678 3213 3733 adducto
3235 3719 3252 3744 ,
3287 3687 3413 3732 tunc
3445 3693 3541 3746 pu-

1947 3780 2025 3831 nit
2057 3796 2070 3831 :
2102 3776 2172 3829 ita
2222 3776 2309 3829 hic
2349 3790 2569 3844 quoque
2611 3772 2737 3827 facit
2779 3772 2990 3842 gladius
3028 3770 3283 3840 Spiritus.
3337 3769 3540 3823 Deinde

1945 3867 2239 3925 terribilius
2262 3866 2499 3937 loquitur
2521 3866 2587 3919 dc
2612 3864 2745 3919 Filio
2777 3883 2789 3919 :
2818 3864 2898 3917 Ad
2918 3880 3062 3934 quem
3086 3862 3227 3916 nobis
3250 3872 3322 3916 est
3347 3878 3536 3926 sermo,

1945 3961 2135 4031 inquit.
2170 3958 2224 4012 Id
2252 3968 2355 4023 est,
2391 3956 2493 4027 Ipsi
2518 3957 2778 4011 debemus
2810 3956 3039 4010 reddere
3062 3955 3326 4009 rationem
3350 3970 3538 4010 eorum

1943 4069 2061 4124 qua:
2106 4051 2389 4120 gessimus.
2425 4050 2609 4117 Itaque
2655 4064 2723 4103 ne
2766 4047 3056 4113 cadamus,
3088 4060 3264 4115 neque
3299 4048 3536 4099 animum

1942 4142 2394 4213 despondeamus.
2443 4138 2730 4195 Sufficiunt
2778 4139 2995 4208 quidem
3051 4140 3216 4194 etiam
3270 4138 3357 4193 illa
3416 4156 3539 4208 qua:

1942 4237 2081 4290 dicta
2114 4245 2239 4289 sunt
2265 4235 2330 4289 ad
2360 4249 2461 4287 nos
2487 4232 2817 4287 erudiendos
2846 4247 2861 4285 :
2893 4232 2969 4287 illi
3000 4248 3129 4287 vero
3154 4233 3417 4287 nonsatis
3450 4232 3536 4285 illa

1942 4336 2086 4392 sunt,
2104 4328 2200 4382 sed
2222 4328 2338 4381 lucc
2360 4326 2570 4397 adjicit:
2590 4324 2678 4379 14.
2705 4322 2969 4378 Habemus
2996 4335 3165 4378 autem
3184 4326 3332 4378 etiam
3358 4328 3501 4391 ponti
3518 4353 3534 4362 -

1942 4423 2087 4490 licent
2129 4436 2371 4491 magnum
2418 4418 2504 4491 qui
2558 4418 2835 4488 penetravit
2886 4419 3058 4485 oculos,
3102 4414 3285 4471 Iesum
3338 4415 3541 4473 Filium

1946 4514 2057 4570 Dei.

2010 4608 2064 4662 2.
2106 4606 2257 4675 Quod
2284 4607 2425 4662 enim
2466 4614 2751 4675 propterea
2794 4603 2843 4658 id
2886 4602 3164 4672 adjecerit,
3210 4600 3487 4671 subjnnxit
3522 4622 3534 4656 :

1944 4702 2031 4757 15.
2066 4699 2189 4753 Non
2219 4700 2351 4753 enim
2382 4698 2622 4753 habemus
2651 4698 2943 4767 pontiﬁcem
2970 4698 3054 4763 qui
3076 4712 3177 4750 non
3209 4696 3367 4766 possit
3392 4711 3533 4749 com-

1940 4796 2047 4862 pnti
2093 4794 2478 4861 infirmitatibus
2520 4793 2725 4845 nostris.
2780 4790 3071 4858 Propterea
3119 4789 3330 4845 diccbat
3372 4806 3537 4860 supe-

1942 4890 2050 4941 rius
2080 4905 2090 4934 :
2126 4885 2193 4938 In
2222 4903 2301 4951 eo,
2334 4886 2385 4937 in
2414 4901 2510 4955 quo
2541 4900 2719 4955 passus
2748 4892 2817 4936 est
2848 4884 2959 4951 ipse
2985 4890 3033 4936 et
3073 4890 3315 4948 tentatus,
3360 4893 3534 4950 potens

1940 4989 2012 5032 est
2042 4979 2111 5031 eis
2134 4979 2218 5047 qui
2248 4988 2501 5029 tentantur
2522 4975 2787 5029 auxiliari.
2823 4974 2955 5028 Vide
2983 4989 3112 5045 ergo
3138 4973 3409 5045 quomodo
3436 4974 3538 5031 hoc

1942 5071 2113 5140 ipsum
2146 5070 2230 5123 hic
2256 5083 2466 5138 quoque
2493 5067 2636 5121 facit.
2664 5066 2814 5133 Quod
2846 5076 3025 5121 autem
3054 5065 3185 5120 dicit
3233 5074 3317 5121 est
3352 5066 3539 5135 hujus-

1941 5164 2081 5218 modi
2115 5181 2127 5216 :
2161 5162 2436 5227 liamdem,
2472 5161 2663 5230 inquit,
2709 5175 2867 5230 quam
2912 5174 3011 5213 nos
3058 5159 3197 5212 viam
3236 5158 3375 5224 iniit,
3428 5160 3537 5213 ἱιιιο

1940 5275 2070 5313 vero
2108 5256 2477 5324 asperiorem;
2522 5271 2644 5308 nam
2680 5253 2920 5307 omnium
2955 5268 3134 5307 rerum
3177 5252 3534 5306 humanarum

1940 5348 2574 5418 accepitexperientiatn.
2612 5346 2829 5399 Dixerat
2874 5346 3001 5409 illic,
3050 5342 3171 5398 Non
3202 5354 3273 5396 est
3304 5358 3538 5397 creatura

1940 5443 2201 5496 invisibilis
2237 5443 2289 5493 in
2328 5450 2601 5507 conspectu
2632 5441 2763 5508 ejus,
2796 5437 3133 5492 divinitatem
3164 5438 3533 5492 subindicans.

1944 5535 2143 5589 Deinde
2198 5542 2473 5603 postquam
2529 5532 2703 5601 attigit
2756 5546 3011 5596 carnem,
3065 5530 3301 5598 loquitur
3348 5546 3537 5585 rursus

1941 5626 2259 5681 Subtnissius
2306 5635 2359 5679 et
2408 5624 2661 5678 humilius
2711 5642 2723 5677 :
2774 5620 3029 5675 [labentes
3076 5638 3192 5692 ergo
3241 5621 3534 5689 ponti/irem

2008 5774 2081 5833 (η)
2105 5772 2234 5821 Ilinc
2259 5771 2308 5819 in
2331 5769 2628 5825 Colherlino,
2652 5773 2733 5833 qui
2762 5769 2882 5833 legit
2910 5768 3189 5833 terribilem,
3220 5773 3341 5834 loco,
3384 5776 3535 5827 numi-

1948 5841 2133 5897 t'cstmn,
2160 5847 2362 5895 magnus
2384 5840 2459 5882 est
2486 5834 2657 5881 hiatus.
