4112 6344
526 315 593 370 83

539 418 775 476 magnum
810 402 893 469 qui
935 391 1202 466 penetravit
1243 386 1391 440 oculos
1427 397 1442 435 :
1481 389 1534 434 et
1575 377 1831 444 majorem
1875 365 2108 424 ostemlit

539 466 742 556 curam,
776 466 842 548 eo
868 492 1006 561 quod
1035 501 1128 541 eos
1158 492 1423 548 tamquam
1466 485 1592 528 suos
1627 466 1878 524 defendat
1901 471 1955 517 et
1989 474 2109 530 pro-

542 600 701 658 tegat,
734 601 830 640 nec
858 552 982 636 velit
1020 589 1073 632 ut
1114 574 1208 646 ῆι),ςί
1236 569 1444 625 cadant.
1472 563 1604 619 Nant
1633 559 1844 630 Moyses
1868 552 2104 624 quidem,

541 687 732 758 inquit,
763 698 864 738 non
895 682 1162 747 ingressus
1191 677 1272 725 est
1299 669 1349 720 in
1390 661 1651 731 requiem,
1685 656 1798 758 ipse
1823 645 2108 758 autemLest

539 735 808 848 ingressus
838 791 851 828 :
881 780 934 826 et
959 761 1246 836 quomodo,
1272 772 1372 828 ego
1399 754 1594 809 dicam.
1619 743 1768 814 Quod
1796 750 1975 796 autem
1998 735 2110 848 ;hoc

541 828 794 936 tni’sqttam
835 856 1098 932 posuerit,
1134 867 1238 906 non
1270 857 1353 903 est
1389 837 1744 898 admirabile:
1779 845 1899 886 nam
1929 828 2014 882 vel
2043 839 2111 880 ne

540 932 816 1012 rideantur
844 948 1085 1004 invenire
1117 940 1502 996 defensionem,
1532 933 1702 999 ipsum
1734 938 1835 979 una
1863 932 2111 988 compre-

544 1044 761 1102 hendit;
795 1039 877 1094 vel
923 1052 991 1092 nc
1032 1035 1202 1088 virum
1250 1027 1518 1082 videretur
1556 1029 1830 1078 accusare,
1862 1010 1965 1064 hoc
2006 1021 2112 1061 non

543 1095 907 1202 ilixiiapet-te.
949 1127 1080 1182 Nam
1108 1123 1174 1185 si,
1222 1131 1341 1174 cum
1386 1111 1516 1168 nihil
1561 1109 1748 1162 horum
1781 1102 1978 1156 dictum
2020 1095 2111 1162 sit,

547 1187 1026 1294 liiec-olijicicbant,
1059 1213 1316 1274 dicentes,
1357 1206 1472 1274 Ipse
1509 1200 1645 1256 dixit
1673 1195 1933 1294 adversus
1963 1187 2112 1294 alcy-

545 1332 658 1373 sem
699 1281 768 1371 et.
795 1313 1048 1367 adversus
1100 1306 1266 1373 legem
1299 1317 1314 1357 :
1343 1295 1509 1352 multo
1554 1291 1741 1361 magis,
1786 1285 1832 1341 si
1869 1281 2113 1347 dixisset,

547 1412 662 1466 Non
688 1418 768 1464 est
793 1403 1072 1461 Palmstina
1093 1441 1107 1462 ,
1138 1395 1230 1452 sed
1259 1391 1466 1456 calum,
1502 1387 1583 1440 his
1610 1382 1808 1452 majora
1832 1376 2117 1431 dixissent.

545 1505 649 1562 Sed
679 1519 779 1558 non
811 1499 1114 1555 univcrsnm
1147 1489 1330 1544 tribuit
1358 1478 1642 1542 sacerdoti,
1675 1472 1768 1529 sed
1810 1470 1966 1524 etiam
1998 1479 2118 1535 qua:

548 1617 578 1653 a
611 1597 760 1653 nobis
804 1599 925 1647 sunt
971 1579 1271 1656 pFLCSlilnda
1315 1570 1560 1642 requirit,
1604 1562 1996 1622 confessionem
2038 1555 2117 1608 in-

549 1704 726 1760 quam.
786 1681 1036 1737 [labentes
1091 1674 1255 1731 enim,
1305 1663 1495 1736 inquit,
1540 1657 1828 1732 pontiﬁcem
1859 1661 2116 1720 magnum,

550 1746 635 1848 riui
681 1773 951 1847 penetravit
996 1768 1168 1829 caelos,
1224 1761 1404 1816 Jesum
1454 1753 1646 1848 Filium
1697 1746 1815 1848 Dei,
1867 1752 2120 1848 tepeﬁunt:

553 1825 935 1939 zonfgssioncm.
986 1859 1277 1926 Quamnam
1328 1847 1454 1903 dicit
1500 1832 1928 1897 confessionem?
1970 1825 2122 1930 Quod

554 1961 624 2014 sit
654 1919 1164 2018 resurrectiorquod
1190 1944 1258 1996 sit
1290 1932 1666 1995 remuneratio,
1689 1925 1830 1997 quod
1857 1923 1992 1976 bona
2016 1919 2124 1973 sint

557 2011 974 2106 innumerabilia,
1006 2011 1144 2108 quod
1174 2031 1418 2088 Christus
1444 2028 1514 2081 sit
1542 2026 1699 2084 Deus,
1729 2015 1868 2089 quod
1897 2015 1966 2108 sit
1991 2011 2125 2067 ﬂdes

559 2149 698 2196 recta
729 2157 740 2191 :
777 2135 889 2189 hate
917 2107 1286 2188 confiteantur,
1317 2123 1431 2175 lucc
1460 2127 1750 2172 teneamus.
1776 2107 1925 2177 Quod
1947 2112 2124 2160 autem

558 2213 673 2287 haec
697 2243 820 2284 vera
859 2223 985 2289 sint,
1013 2229 1095 2277 est
1135 2216 1470 2287 perspicuum
1502 2225 1568 2264 ex
1609 2223 1674 2261 eo
1702 2204 1844 2274 quod
1886 2203 2029 2255 intus
2058 2198 2128 2253 sit

559 2322 816 2395 pontifex.
860 2318 999 2387 Ergo
1041 2311 1180 2385 quod
1214 2323 1319 2364 non
1366 2303 1677 2366 excidimus,
1723 2295 2072 2352 confiteantur
2109 2307 2126 2345 :

559 2379 766 2468 etiamsi
799 2425 883 2464 res
912 2421 1016 2462 non
1056 2402 1260 2464 adsint,
1309 2411 1406 2452 nos
1450 2401 1624 2448 tamen
1662 2387 2006 2442 confiteantur
2034 2399 2047 2435 :
2079 2379 2127 2435 si

561 2502 720 2558 modo
746 2499 1009 2558 adessent,
1039 2492 1227 2547 falsum
1271 2493 1431 2542 esset.
1476 2479 1830 2548 Quamobrem
1861 2473 1962 2528 hoc
1986 2485 2122 2540 quo-

562 2611 665 2664 que
713 2605 896 2645 verum
945 2594 1027 2640 est
1073 2579 1214 2650 quod
1263 2575 1577 2632 dilferantur
1608 2587 1618 2621 :
1654 2566 1849 2621 ctenim
1896 2559 2130 2632 pontifex

566 2655 746 2740 noster
784 2689 867 2736 est
905 2688 1124 2746 magnus
1155 2692 1167 2725 :
1206 2670 1325 2723 Non
1368 2666 1499 2720 enim
1538 2662 1775 2715 habemus
1811 2655 2130 2726 pontificem,

564 2778 647 2839 qui
675 2790 774 2828 non
807 2770 957 2838 possit
985 2744 1206 2826 cortzpati
1245 2753 1614 2828 inﬁrmitatibus
1654 2749 1856 2821 nostris.
1887 2744 2001 2801 Non
2031 2752 2131 2806 est,

569 2866 755 2934 inquit,
786 2834 873 2930 qui
902 2873 988 2912 res
1017 2863 1227 2909 nostras
1259 2851 1486 2919 ignoret,
1514 2845 1651 2898 sicut
1681 2837 1829 2894 multi
1863 2834 2136 2905 pontiﬁces

567 2931 655 3030 qui
707 2955 947 3009 nesciunt
994 2965 1086 3003 eos
1125 2946 1211 3014 qui
1257 2943 1363 2997 sint
1410 2940 1460 2993 in
1510 2931 1909 2994 afﬂictionibus,
1963 2941 2138 2992 neque

570 3020 821 3120 quidnam
866 3043 932 3097 sit
972 3037 1211 3093 afﬂictio.
1261 3032 1389 3088 Nam
1436 3027 1572 3099 apud
1619 3024 1863 3080 homines
1889 3020 2000 3073 fieri
2032 3033 2137 3072 non

573 3111 746 3213 potest
775 3147 831 3191 ut
858 3136 994 3205 ejus,
1028 3132 1114 3201 qui
1160 3128 1313 3181 malis
1339 3131 1582 3185 vexatur,
1626 3116 1765 3171 norit
1804 3111 2137 3168 vexationem

573 3204 620 3288 is
646 3231 732 3302 qui
764 3244 866 3283 non
892 3204 1026 3280 fecit
1065 3217 1383 3290 periculum,
1414 3220 1468 3266 et
1494 3225 1597 3264 non
1638 3204 1846 3261 transiit
1885 3217 1979 3270 per
2017 3214 2140 3253 seno

572 3296 958 3382 sibilia.0tnnia
975 3315 1115 3370 enim
1137 3308 1386 3365 sustinuit
1399 3314 1579 3360 noster
1596 3296 1858 3371 pontifex:
1880 3309 2000 3349 nam
2019 3306 2143 3360 pro-

576 3399 755 3488 pterea
787 3410 1012 3481 primum
1042 3401 1309 3461 sustinuit,
1341 3406 1394 3452 et
1420 3407 1543 3449 tunc
1571 3389 1831 3453 ascendit,
1867 3394 1924 3439 ut
1966 3390 2146 3453 posset

576 3501 963 3564 commiserari.
1014 3496 1278 3552 Tentatum
1310 3501 1475 3543 autem
1507 3502 1592 3555 per
1622 3481 1791 3536 omnia
1837 3493 1927 3548 pro
1970 3473 2148 3529 simili-

580 3599 752 3654 tudine
776 3594 956 3661 absque
983 3595 1206 3659 peccato.
1240 3581 1368 3634 Vide
1389 3575 1656 3649 quomodo
1683 3573 1840 3627 etiam
1869 3582 2024 3636 supra
2053 3577 2147 3634 po-

586 3700 713 3756 suit,
744 3693 941 3754 Simile,
974 3697 1028 3742 et
1052 3685 1158 3750 hic,
1194 3681 1298 3736 Pro
1325 3675 1674 3734 similitudine.
1704 3672 1812 3725 lloc
1838 3677 1940 3730 est,
1971 3679 2154 3735 passus

584 3799 668 3844 est
699 3782 1186 3856 persequutionem,
1231 3773 1326 3826 fuit
1365 3776 1676 3836 consputns,
1703 3769 2002 3820 accusatus,
2033 3755 2162 3810 irri-

589 3895 701 3944 sus,
755 3872 1036 3932 calumniis
1083 3867 1368 3937 appetitus,
1424 3862 1648 3929 cjectus,
1699 3863 1972 3925 postremo
2018 3847 2164 3904 cruci

590 3975 801 4028 affixus.
836 3967 938 4021 Pro
983 3959 1311 4018 similitudine
1352 3953 1535 4024 absque
1585 3959 1808 4020 peccato.
1865 3945 1961 3999 llic
2003 3942 2162 3995 etiam

591 4063 732 4118 aliud
766 4059 1085 4119 subindicat,
1120 4066 1310 4121 nempe
1335 4047 1475 4118 quod
1510 4044 1619 4098 ﬂeri
1648 4048 1842 4110 potest,
1875 4047 1928 4091 ut
1969 4035 2054 4105 qui
2084 4042 2168 4087 cst.

593 4156 646 4208 in
678 4149 1072 4210 afﬂictionibus,
1104 4158 1195 4200 cas
1224 4139 1455 4212 perferat
1478 4136 1676 4204 absque
1706 4141 1938 4200 peccato.
1963 4128 2155 4195 Quam-

595 4244 779 4296 obrem
811 4242 968 4294 etiam
996 4234 1205 4307 quando
1235 4232 1381 4291 dicit,
1410 4227 1473 4282 In
1496 4225 1822 4281 similitudine
1847 4221 2031 4284 carnis,
2062 4231 2166 4270 non

596 4336 698 4388 hoc
725 4333 870 4395 dicit,
901 4329 1039 4399 quod
1076 4323 1339 4395 acceperit
1383 4320 1559 4373 carnis
1602 4314 2024 4372 similitudinem,
2071 4308 2164 4362 sed

598 4441 834 4480 carnem.
875 4423 980 4474 Cur
1009 4433 1136 4489 ergo
1177 4416 1328 4478 dixit,
1378 4412 1444 4465 In
1495 4405 1866 4463 similitudine?
1907 4401 2166 4468 Quoniam

601 4517 732 4570 dixit
763 4514 830 4568 de
872 4527 1031 4567 carne
1075 4506 1372 4578 pcccntrice
1406 4522 1418 4557 :
1451 4513 1565 4558 erat
1609 4500 1748 4554 enim
1783 4506 1979 4549 nostra:
2016 4491 2168 4548 simi-

603 4609 685 4662 lis.
738 4605 866 4659 Nam
919 4611 1101 4655 natura
1156 4597 1367 4668 quidem
1417 4602 1532 4648 erat
1582 4592 1766 4644 eadem
1806 4604 1924 4656 qnze
1965 4593 2169 4650 nostra,

604 4706 820 4769 peccato
850 4703 1025 4747 autem
1055 4701 1381 4756 nequaquam
1415 4683 1618 4737 cadem.
1657 4681 1737 4734 l6.
1769 4678 2018 4732 Adeamus
2059 4691 2174 4744 ergo

604 4807 716 4844 cum
747 4786 931 4855 ﬁducia
961 4784 1026 4835 ad
1055 4782 1290 4834 (lu-onum
1328 4777 1508 4848 gratiis
1534 4778 1661 4845 ejus,
1697 4781 1747 4824 ut
1778 4769 2174 4824 misericordiam

603 4892 980 4947 consequamur,
1014 4883 1060 4927 et
1088 4871 1300 4943 gratiam
1327 4867 1636 4921 inveniamus
1675 4866 1726 4915 in
1761 4862 1950 4915 auxilio
1990 4876 2177 4931 appar.

605 4985 744 5025 tntto.
778 4971 1071 5036 Quemnam
1099 4966 1225 5018 dicit
1253 4963 1501 5016 thronum
1534 4959 1758 5028 gratim?
1785 4957 2056 5011 Thronum
2086 4971 2175 5010 rc-

607 5066 768 5132 gium,
817 5061 881 5114 de
928 5075 1032 5128 quo
1078 5057 1205 5111 dicit
1236 5073 1247 5107 :
1282 5054 1424 5108 Dixit
1467 5052 1711 5104 Dominus
1759 5049 1972 5103 Domino
2023 5065 2131 5102 meo
2161 5064 2180 5101 :

612 5156 795 5208 Sedea
824 5152 1013 5204 dextris
1045 5149 1189 5210 meis,
1230 5146 1386 5199 donec
1431 5160 1615 5213 ponam
1655 5141 1882 5195 inimicos
1923 5151 2030 5193 tuos
2068 5155 2181 5193 sca-

612 5247 795 5299 bellum
826 5245 1006 5312 pedum
1041 5252 1240 5293 tuorum
1278 5236 1450 5306 (Psal.
1482 5233 1600 5289 109.
1635 5234 1712 5300 1).
1750 5234 1825 5286 Ac
1868 5233 1909 5285 si
1953 5233 2176 5297 diceret,

612 5339 880 5393 Adeamus
905 5351 1022 5388 cum
1055 5332 1266 5394 fiducia,
1297 5327 1547 5399 quoniam
1583 5326 1837 5379 habemus
1874 5324 2180 5394 pontiﬁcem

615 5432 738 5484 nulli
786 5437 1003 5498 peccato
1034 5425 1245 5478 aflinem
1269 5464 1283 5488 ,
1320 5422 1408 5491 qui
1453 5420 1722 5490 superavit
1750 5419 1931 5471 orbem
1979 5428 2132 5471 terrm
2170 5435 2182 5471 :

614 5523 860 5589 Conﬁdite
889 5520 1049 5583 cnim,
1097 5517 1283 5587 inquit,
1316 5531 1405 5585 ego
1450 5516 1542 5568 vici
1588 5513 1829 5565 mundum
1869 5509 2048 5580 (Joon.
2098 5509 2183 5563 16.

617 5615 731 5675 55).
760 5612 866 5666 lloc
895 5612 1036 5665 enim
1060 5618 1164 5676 est,
1195 5608 1370 5660 omnia
1397 5620 1516 5660 csse
1549 5620 1782 5674 passum,
1812 5602 2062 5657 mundum
2096 5617 2190 5656 au-

622 5716 726 5761 tem
756 5719 873 5759 esse
902 5718 926 5753 :t
959 5709 1195 5773 peccato.
1224 5697 1356 5764 Etsi,
1393 5696 1582 5765 inquit,
1608 5710 1702 5751 nos
1729 5711 1908 5750 sumus
1935 5694 2034 5749 sub
2063 5709 2186 5764 pcc-

1278 295 1336 350 S.
1375 283 1647 346 JO.\‘.\"NIS
1685 262 2150 334 Ci-IRYSOSTOSII
2183 254 2495 348 Λῐιειιιειῖ.
2537 243 3046 307 ΟΟΝΒΤᾹΝΤΙΝΟΡ

3740 232 3816 292 64

2230 347 2370 404 cato,
2390 345 2446 391 et
2458 338 2567 406 ipse
2583 343 2761 388 tamen
2782 347 2884 387 non
2900 342 2976 386 est
3003 339 3221 402 peccato
3234 321 3519 393 obnoxius,
3539 337 3812 398 quomodo

2218 445 2535 502 accedamus
2583 459 2706 501 cum
2756 442 2996 498 ﬁducia!
3055 440 3204 498 Nunc
3249 448 3331 496 cst
3387 437 3544 494 sedes
3596 435 3809 506 gratim,

2230 555 2334 594 non
2357 537 2511 593 sedes
2532 537 2740 608 iudicii.

2295 632 2644 688 Misericordia
2683 630 2776 684 Dei
2803 629 2994 684 donum
3024 628 3210 697 regale.
3231 624 3435 697 —ldco
3474 619 3806 683 Accednnms,

2224 724 2413 795 inquit,
2442 739 2557 776 cum
2582 721 2793 791 ﬁducia,
2835 729 2889 773 ut
2915 718 3224 788 accipiamus
3252 713 3649 771 misericordiam
3677 725 3802 777 qun-

2223 815 2320 869 lem
2344 815 2632 882 querimus.
2677 811 3049 866 Muniliceutia:
3077 809 3219 864 enim
3249 821 3335 862 res
3361 813 3463 871 est,
3489 803 3685 857 donum
3721 816 3796 852 re-

2223 908 2356 979 gale.
2385 907 2679 977 Etgratinm
2704 904 3014 958 inveniamus
3039 901 3091 954 in
3112 899 3304 954 auxilio
3330 906 3637 967 opportuno.
3665 889 3812 946 Bene

2219 1001 2370 1064 dicit,
2419 999 2488 1054 In
2527 997 2721 1053 auxilio
2747 1006 3053 1066 opportuno.
3082 993 3137 1050 Si
3169 1007 3328 1057 nunc,
3361 989 3554 1059 inquit,
3586 986 3809 1048 adieris,

2224 1091 2454 1162 accipies
2499 1100 2549 1147 et
2604 1090 2827 1160 gratiam
2884 1097 2939 1143 et
2989 1083 3449 1149 misericordiam;
3501 1088 3810 1150 opportune

2227 1200 2455 1254 namque
2500 1183 2710 1238 accedis
2753 1199 2766 1234 :
2809 1182 2890 1236 sin
2941 1188 3120 1234 autem
3171 1187 3296 1231 tunc
3335 1173 3554 1234 adieris,
3602 1184 3810 1241 nequa-

2225 1292 2425 1347 quam;
2472 1277 2808 1346 importunus
2847 1272 2989 1328 enim
3033 1279 3113 1326 est
3148 1280 3274 1324 tunc
3317 1267 3533 1328 aditus;
3580 1278 3687 1319 non
3729 1268 3818 1316 est

2226 1368 2370 1422 enim
2401 1376 2524 1421 tunc
2555 1365 2783 1420 thronus
2815 1363 3020 1434 gratiae.
3063 1361 3308 1431 Eousque
3352 1357 3495 1412 enim
3536 1367 3617 1411 est
3656 1352 3816 1408 sedes

2225 1459 2431 1531 gratiae,
2460 1471 2736 1530 quousque
2768 1456 2922 1511 sedet
2962 1454 3071 1509 Rex
3114 1451 3248 1507 dans
3289 1451 3515 1521 gratiam
3549 1465 3564 1506 :
3597 1445 3817 1517 quando

2228 1561 2406 1606 autem
2437 1559 2516 1606 est
2541 1548 2954 1612 consummatio,
2982 1556 3107 1601 tunc
3133 1545 3396 1601 excitatur
3423 1541 3765 1612 adjudicium
3797 1554 3812 1593 :

2230 1642 2464 1714 Exsurge
2491 1643 2656 1707 enim,
2692 1640 2883 1711 inquit,
2913 1638 3069 1705 Deus,
3096 1637 3270 1706 iudica
3301 1647 3489 1690 terram
3517 1631 3691 1705 (Psal.
3721 1632 3814 1686 81.

2232 1735 2330 1806 8).
2365 1733 2518 1790 Aliud
2546 1734 2707 1790 etiam
2739 1731 3022 1787 dicendum
3059 1739 3159 1784 est.
3182 1730 3456 1792 Adeamus,
3487 1727 3816 1797 iuquit,cum

2234 1828 2458 1899 ﬁducia;
2488 1827 2538 1880 id
2565 1834 2668 1890 est,
2697 1824 2898 1892 nullius
2927 1824 3002 1879 rei
3046 1821 3204 1878 mala:
3245 1821 3399 1876 nobis
3442 1820 3665 1885 conscii,
3708 1833 3815 1872 non

2231 1921 2538 1975 dubitantes
2569 1933 2584 1972 :
2617 1933 2738 1972 nam
2761 1917 2851 1987 qui
2880 1925 2965 1971 est
2987 1914 3274 1981 ejusmodi,
3309 1929 3413 1967 non
3443 1920 3619 1982 potest
3659 1925 3816 1964 accc-

2231 2013 2358 2069 dere
2388 2026 2509 2067 cum
2540 2010 2752 2065 liducia.
2786 2007 2909 2063 Ideo
2949 2007 3074 2062 alibi
3114 2021 3327 2078 quoque
3368 2003 3538 2059 dicit:
3569 2000 3820 2072 Tempo'c

2234 2116 2517 2178 opportuno
2543 2102 2778 2157 exaudiri
2807 2110 2873 2166 te,
2907 2109 2954 2155 et
2982 2101 3036 2154 in
3065 2099 3147 2154 die
3175 2098 3352 2153 salutis
3379 2096 3558 2164 adjut-i
3585 2101 3632 2149 te
3661 2092 3793 2164 (lsa.

2234 2203 2321 2257 49.
2357 2197 2434 2271 8).
2483 2197 2612 2253 Nam
2643 2196 2783 2267 quod
2832 2210 2973 2250 nunc
3013 2209 3225 2264 quoque
3267 2193 3355 2263 qui
3402 2201 3517 2261 post
3549 2191 3820 2245 lavacrum

2237 2301 2480 2363 peccant,
2526 2289 2802 2364 inveniant
2848 2286 3238 2357 paenitentiam,
3270 2294 3351 2340 est
3381 2283 3583 2354 gratim.
3615 2281 3691 2336 Ne
3727 2296 3822 2362 au-

2240 2396 2344 2442 tem
2372 2383 2598 2438 audiens
2629 2361 2956 2451 pontificem,
2991 2378 3265 2433 existimes
3291 2390 3414 2432 eum
3441 2384 3603 2436 stare,
3642 2351 3822 2426 statim

2237 2475 2383 2533 ducit
2410 2473 2684 2529 act-sedem
2714 2489 2728 2525 :
2764 2469 3015 2526 sacerdos
3040 2478 3218 2528 autem
3245 2481 3348 2522 non
3379 2465 3551 2531 sedet,
3577 2464 3670 2518 sed
3694 2472 3821 2518 stat.

2240 2567 2403 2624 Vides
2430 2566 2703 2639 quoniam,
2736 2562 2876 2634 quod
2905 2562 3073 2616 factus
3098 2562 3167 2616 sit
3198 2559 3455 2630 pontifex,
3487 2571 3591 2611 non
3624 2567 3702 2611 est
3727 2569 3824 2608 na-

2252 2678 2404 2732 turm,
2454 2667 2547 2721 sed
2591 2668 2774 2734 gratiae
2821 2677 2872 2720 et
2920 2664 3258 2719 dentis-sinitis
3307 2671 3360 2713 et
3403 2655 3827 2712 exinanitionis?

2254 2758 2363 2814 Hoc
2389 2758 2542 2813 nobis
2569 2774 2777 2828 quoque
2818 2768 3172 2828 opportunum
3205 2765 3285 2807 est
3318 2753 3517 2816 dicere,
3561 2749 3829 2804 Adeamus

2253 2864 2372 2903 cum
2406 2847 2596 2902 llducia
2627 2856 2870 2918 petentes
2901 2865 2914 2902 :
2949 2848 3119 2901 solum
3149 2845 3305 2899 lidetn
3337 2843 3643 2901 aderamus,
3667 2848 3720 2892 et
3740 2838 3832 2891 dat

2253 2941 2452 2996 omnia.
2480 2939 2633 2994 Nunc
2657 2949 2745 2994 est
2771 2949 2979 3008 tempus
3017 2937 3164 3000 doni,
3197 2950 3352 2990 nemo
3379 2933 3445 2988 de
3475 2949 3532 2987 se
3557 2930 3827 2999 deSperet.

2255 3031 2402 3084 Tunc
2428 3039 2509 3085 est
2538 3040 2742 3098 tempus
2771 3029 3178 3099 desperationis,
3205 3025 3419 3096 quando
3440 3024 3650 3078 clausus
3674 3020 3833 3075 fuerit

2259 3121 2540 3189 thalamus,
2571 3120 2781 3192 quando
2813 3120 2924 3174 Rex
2954 3118 3114 3173 fuerit
3155 3119 3427 3187 ingressus
3463 3114 3530 3168 ad
3575 3112 3833 3167 videndos

2258 3228 2350 3267 eos
2388 3213 2476 3282 qui
2518 3211 2854 3276 accumbunt,
2904 3211 3115 3280 quando
3157 3209 3307 3262 sinus
3349 3204 3664 3277 patriarchae
3707 3211 3836 3257 sunt

2259 3305 2524 3372 accepturi
2569 3320 2663 3359 eos
2700 3304 2786 3373 qui
2844 3303 2906 3356 iis
2951 3310 3076 3355 sunt
3123 3299 3371 3370 dignaudi
3413 3317 3427 3352 :
3472 3311 3612 3352 nunc
3655 3303 3832 3348 autem

2262 3397 2494 3451 uetulum
2530 3413 2542 3449 :
2576 3395 2747 3449 adhuc
2773 3397 2914 3448 enim
2957 3393 3200 3446 consistit
3230 3391 3514 3454 theatrum,
3547 3386 3722 3440 adhuc
3750 3387 3833 3439 in-

2259 3501 2362 3543 stat
2391 3501 2681 3552 certamen,
2711 3487 2886 3541 adhuc
2917 3478 3108 3555 pendet
3140 3485 3440 3556 pnemium.

2330 3585 2387 3637 ’5.
2426 3582 2761 3636 Festinemus
2788 3595 2915 3648 ergo
2946 3596 2957 3630 :
2991 3577 3189 3632 Paulus
3215 3575 3355 3630 enim
3381 3575 3529 3636 dicit,
3557 3572 3646 3625 Sic
3665 3587 3835 3635 curro,

2264 3693 2359 3727 non
2388 3674 2533 3740 quasi
2562 3675 2613 3725 in
2635 3673 2878 3725 incertum
2906 3671 2981 3742 (1.
3014 3668 3134 3722 Cor.
3163 3669 3215 3722 9.
3244 3668 3358 3736 26).
3384 3664 3552 3720 Cursu
3581 3680 3713 3733 opus
3735 3675 3840 3728 est,

2265 3783 2435 3836 coque
2463 3763 2783 3820 vehementi.
2815 3763 2916 3830 Qui
2944 3761 3133 3823 currit,
3165 3759 3369 3814 nullout
3399 3756 3540 3810 videt
3565 3769 3631 3810 ex
3662 3754 3842 3809 omni-

2268 3862 2380 3922 bus,
2411 3859 2618 3912 etiamsi
2660 3856 2984 3926 ingrediatur
3020 3869 3115 3925 per
3147 3863 3318 3923 prata,
3363 3849 3570 3905 etiamsi
3606 3863 3698 3918 per
3726 3847 3844 3902 loca

2264 3950 2410 4004 arida
2440 3958 2492 4004 et
2522 3963 2709 4018 aspera
2741 3963 2754 4000 :
2786 3948 2874 4015 qui
2924 3945 3112 4009 currit,
3143 3959 3249 3998 non
3294 3941 3484 4011 aspicit
3518 3939 3584 3996 ad
3631 3949 3846 4007 Specta-

2269 4055 2427 4103 tores,
2456 4039 2550 4093 sed
2581 4039 2646 4093 ad
2680 4037 2951 4108 praemium
2980 4054 2994 4100 ;
3028 4035 3234 4090 etiamsi
3268 4033 3375 4087 sint
3398 4031 3611 4096 divites,
3652 4029 3846 4084 etiam-

2267 4135 2309 4187 si
2359 4147 2637 4201 pauperes,
2692 4131 2900 4185 etiamsi
2954 4130 3073 4196 quis
3115 4126 3354 4187 irrideat,
3390 4124 3599 4178 etiamsi
3646 4122 3848 4188 iaudet;

2269 4225 2474 4279 etiamsi
2503 4223 2822 4277 contumelia
2853 4220 3063 4283 afﬂciat,
3096 4218 3302 4272 etiamsi
3326 4215 3588 4285 lapidibus
3613 4224 3847 4284 appetat,

2271 4317 2479 4372 etiamsi
2504 4317 2718 4370 domum
2744 4314 2978 4383 diripiat,
3006 4311 3214 4366 etiamsi
3239 4309 3431 4364 viderit
3459 4309 3617 4370 ﬁlios,
3641 4308 3854 4361 etiamsi

2273 4424 2516 4473 uxorem,
2549 4409 2755 4463 etiamsi
2788 4406 3082 4477 quodlibet,
3115 4420 3218 4458 non
3243 4403 3531 4467 avertitur;
3557 4401 3606 4455 iu
3639 4400 3739 4455 hoc
3766 4416 3858 4454 so-

2274 4501 2380 4555 lum
2410 4512 2490 4555 est
2518 4512 2572 4555 ut
2607 4510 2806 4563 currat,
2839 4507 2897 4552 ut
2934 4498 3205 4568 pra-mium
3245 4495 3489 4563 accipiat.
3530 4493 3627 4560 Qui
3664 4493 3855 4556 currit,

2275 4608 2532 4661 nusquam
2580 4603 2678 4645 stat
2718 4610 2729 4645 :
2763 4607 2882 4644 nam
2932 4592 2973 4642 si
3023 4590 3104 4643 vel
3155 4604 3337 4655 parum
3392 4586 3570 4655 segnis
3604 4586 3754 4638 fuerit
3803 4595 3860 4637 et

2274 4685 2644 4750 deses,.|.otum
2676 4683 2876 4752 perdet.
2901 4682 2998 4748 Qui
3024 4681 3209 4740 currit,
3256 4695 3358 4731 non
3387 4678 3558 4741 solum
3598 4677 3722 4728 nil-.il
3765 4690 3858 4728 re-

2278 4779 2436 4831 mittit
2473 4786 2596 4830 ante
2638 4775 2819 4838 linem,
2866 4773 2959 4827 sed
2990 4773 3152 4826 etiam
3185 4778 3310 4824 tunc
3354 4769 3585 4822 maxime
3634 4782 3852 4819 cursum

2280 4869 2520 4923 intendit.
2569 4866 2681 4922 Hoc
2719 4883 2748 4920 a
2791 4881 2877 4919 mc
2899 4863 3093 4917 dictum
3118 4871 3196 4916 est
3228 4861 3291 4914 ad
3321 4876 3412 4913 eos
3437 4860 3522 4927 qui
3557 4857 3756 4916 dicunt,
3801 4858 3858 4909 lu

2274 4965 2548 5034 juvctttulc
2575 4976 2672 5014 nos
2708 4957 3063 5018 exet'cuimtts,
3093 4956 3144 5008 itt
3177 4950 3856 5023 juventutcjejunavitnus,

2283 5073 2422 5111 nunc
2449 5052 2845 5108 ccttsenuimus.
2891 5048 3041 5104 Nunc
3086 5047 3315 5101 maxime
3358 5052 3570 5112 Oportet
3606 5044 3858 5111 pietati-tn

2283 5148 2578 5203 intendere.
2623 5144 2699 5199 Ne
2740 5142 2866 5196 mihi
2917 5154 3198 5195 enumeres
3245 5152 3361 5206 quie
3407 5136 3532 5188 olim
3561 5150 3588 5184 a
3623 5143 3672 5186 te
3716 5141 3862 5184 recte

2284 5252 2406 5296 sunt
2434 5249 2580 5310 gusta
2607 5255 2620 5300 ;
2657 5252 2794 5290 nunc
2824 5246 2872 5288 te
2900 5233 3077 5302 prmbe
3104 5233 3355 5300 juvenem
3385 5229 3768 5295 ﬂorentemque
3807 5234 3867 5278 et

2286 5345 2552 5401 vegetum.
2584 5329 2712 5384 Nam
2743 5328 2971 5381 maxime
2997 5324 3209 5394 quidem
3238 5324 3323 5392 qui
3355 5318 3689 5388 corporalem
3723 5319 3870 5370 hunc

2287 5427 2452 5480 currit
2490 5440 2727 5486 cursum,
2773 5431 3049 5491 postquam
3100 5434 3222 5473 eum
3264 5413 3677 5486 apprehenderit
3718 5410 3868 5465 enni-

2291 5519 2409 5581 tics,
2450 5533 2553 5569 non
2594 5523 2768 5584 potest
2815 5527 2965 5583 :nquc
3011 5525 3227 5566 currere
3273 5526 3286 5563 :
3330 5524 3451 5562 nam
3497 5505 3749 5579 quidquid
3779 5513 3870 5561 est

2290 5610 2617 5675 certaminis,
2644 5617 2727 5662 est
2756 5607 2806 5661 in
2835 5619 3079 5674 corpore.

2360 5715 2514 5770 .Seucs
2546 5723 2596 5767 ut
2618 5713 2827 5783 juvenes
2857 5725 3054 5764 currere
3083 5706 3254 5760 debent
3286 5705 3336 5756 in
3368 5702 3444 5756 ria
3473 5698 3667 5754 salutis.
3689 5723 3752 5737 --
3787 5695 3865 5748 Tu
