4112 6344
263 424 331 477 lib
1144 422 1205 479 IN
1247 420 1460 477 El‘lST.
1506 419 1596 473 AD
1636 412 1997 471 llliBllA-ZOS.
2039 409 2191 466 CAP.
2235 408 2323 463 ιγ.
2367 404 2602 462 llOMIL.
2647 402 2753 457 Vll.
3474 406 3543 457 illi

261 536 437 580 autem
470 541 705 595 quanam
737 526 803 581 de
828 538 986 580 causa
1010 538 1223 579 cursum
1248 523 1477 579 minuis?
1504 524 1679 578 anima
1702 525 1845 578 enim

1949 533 2200 601 pilorum,
2235 538 2480 597 magnam
2510 522 2602 576 tibi
2630 517 2775 575 dedit
2806 510 3214 585 prterogativam
3246 526 3259 562 :
3304 520 3397 560 cur
3423 520 3546 575 pro-

264 614 348 670 hic
377 632 517 685 opus
540 627 640 681 est,
670 618 843 671 anima
866 615 1093 671 excitata
1122 624 1177 669 et
1204 624 1383 670 erecta
1416 630 1429 666 :
1459 614 1635 667 anima
1668 623 1847 669 autem
1950 599 2035 677 dis
2055 618 2347 675 honorem?
2369 612 2643 683 Quomodo
2671 620 2723 664 te
2745 604 3081 663 reverebitur
3103 599 3341 671 juvenis,
3367 610 3545 667 quau-

265 708 622 773 roboraturin
653 718 963 772 senectute;
992 708 1100 762 imo
1131 716 1258 762 tunc
1288 706 1519 763 maxime
1542 708 1703 777 viget,
1725 716 1847 762 tun.

265 800 687 856 exSidtat.Sicnt
709 801 849 855 enim
882 815 1097 871 corpus,
1132 797 1381 870 quamdiu
1398 800 1611 869 quidem
1637 807 1849 852 tenetur

266 890 509 947 lebribus
558 891 872 961 crebrisque
918 900 972 946 et
1016 890 1120 945 sibi
1160 889 1393 945 invicem
1438 888 1852 945 succedentibus

266 984 492 1049 morbis,
545 984 753 1037 etiamsi
800 984 870 1036 sit
912 981 1050 1038 forte
1096 989 1153 1035 et
1203 981 1517 1045 robustum,
1556 989 1849 1036 esttamen

267 1071 561 1139 afﬂictum;
612 1083 888 1143 postquam
937 1082 1114 1126 autem
1158 1069 1323 1125 fuerit
1354 1070 1637 1126 liberatum
1665 1070 1733 1123 ab
1764 1072 1849 1121 illa

268 1163 584 1229 obsidione,
633 1178 756 1215 suas
807 1164 947 1216 vires
992 1171 1317 1231 recuperat:
1352 1162 1422 1215 ita
1465 1160 1627 1215 etiam
1671 1160 1850 1213 anima

272 1254 539 1312 febricitat
588 1257 637 1307 in
679 1256 991 1324 juventute,
1042 1265 1095 1308 et
1123 1270 1240 1309 eam
1268 1252 1501 1309 maxime
1534 1264 1672 1309 tenet
1700 1267 1853 1305 autor

265 1348 534 1421 glorim‘et
562 1349 872 1403 deliciarum
902 1356 955 1404 et
980 1347 1053 1402 rei
1072 1363 1315 1401 venerem
1336 1356 1390 1401 et
1409 1347 1638 1400 aliorum
1656 1345 1853 1399 multo-

273 1457 388 1495 rum
428 1440 752 1504 affectuum;
782 1456 903 1495 cum
932 1440 1211 1493 advenerit
1240 1449 1416 1492 autem
1443 1446 1724 1501 senectus,
1788 1450 1850 1488 ea

268 1530 493 1601 expellit
541 1530 653 1584 hinc
684 1531 859 1585 omnia
894 1546 1013 1600 qua:
1044 1538 1168 1582 sunt
1192 1529 1471 1598 corporis,
1506 1528 1697 1595 partim
1741 1526 1858 1594 qui-

274 1621 395 1676 dem
424 1636 543 1675 cum
576 1631 816 1689 tempore
838 1662 853 1687 ,
889 1621 1079 1689 partim
1110 1628 1289 1674 autem
1320 1636 1415 1688 per
1443 1618 1853 1687 philosophiam.

277 1712 553 1770 Intensum
581 1714 723 1769 enim
755 1715 919 1768 robur
948 1711 1190 1781 corpotis
1228 1711 1535 1781 deprimens
1561 1720 1810 1770 seut-ctus
1840 1749 1853 1774 ,

280 1821 347 1861 ne
388 1805 476 1861 bis
507 1805 725 1875 quidem
759 1806 1023 1859 volentem
1054 1804 1125 1857 uti
1154 1802 1276 1856 sinit
1308 1804 1575 1865 animam;
1601 1799 1693 1853 sed
1725 1812 1859 1852 tam-

280 1917 441 1971 qnam
465 1916 625 1955 omne
655 1918 824 1972 genus
850 1900 1099 1955 hostibus
1126 1900 1451 1975 compressis
1469 1940 1481 1957 .
1508 1914 1625 1952 eam
1655 1896 1857 1951 consti-

282 1994 380 2046 tuit
423 1995 474 2046 in
520 1993 638 2047 loco
679 2008 813 2061 puro
844 2008 872 2045 a
919 1992 1261 2051 tumultibus.
1311 1999 1362 2043 et
1413 2006 1657 2059 magnam
1698 1988 1862 2042 ellieit

282 2082 741 2152 tranquillitatem,
765 2093 819 2137 et
846 2081 1104 2152 majorem
1142 2082 1294 2135 affert
1336 2082 1601 2135 timorem.
1631 2079 1685 2135 Si
1716 2078 1856 2133 enim

283 2178 465 2232 nullus
489 2175 627 2231 alius
646 2215 664 2242 ,
693 2185 749 2231 at
776 2190 934 2231 senes
971 2175 1186 2246 quidem
1206 2182 1351 2229 certe
1386 2185 1580 2227 norunt
1605 2188 1663 2227 se
1692 2172 1861 2236 mori-

283 2279 453 2331 turos,
498 2278 552 2322 et
579 2268 736 2322 morti
791 2268 1013 2322 omnino
1067 2282 1187 2321 esse
1247 2266 1591 2335 propinquos.
1641 2264 1865 2330 Quando

285 2361 445 2427 igitur-
463 2378 582 2432 qua:
609 2362 675 2415 ad
722 2362 857 2416 hanc
889 2363 1049 2415 vitam
1096 2361 1368 2431 pertinent
1419 2362 1674 2414 recedunt
1712 2358 1833 2427 cupi

288 2454 484 2508 ditates
527 2468 591 2507 ac
646 2453 914 2517 libidines,
973 2451 1151 2506 subito
1196 2463 1375 2506 autem
1432 2451 1629 2521 ingruit
1673 2464 1865 2517 ωερε-

284 2545 450 2599 ctatio
504 2544 737 2613 judicii,
802 2545 1165 2615 pervicaciam
1238 2544 1431 2596 anima:
1494 2541 1738 2595 molliens
1807 2550 1862 2594 et

284 2636 739 2702 inobcdicntiam,
788 2652 965 2690 annon
1009 2635 1066 2689 lit
1117 2635 1369 2690 attentior
1428 2636 1471 2689 si
1522 2634 1681 2688 velit?
1732 2634 1864 2700 Quid

282 2743 413 2783 vero
439 2771 453 2793 ,
488 2729 698 2797 inquit,
729 2728 870 2798 quod
919 2728 1160 2781 videmus
1205 2740 1361 2780 senes
1399 2724 1686 2795 juvenibus
1716 2727 1862 2778 dete-

285 2820 503 2875 riores?
548 2819 823 2875 Summam
867 2820 995 2873 mihi
1040 2818 1176 2873 dicis
1217 2818 1328 2870 vitii
1359 2816 1820 2886 exsuperationcm
1855 2833 1867 2867 :

287 2925 410 2965 nam
450 2920 509 2966 et
544 2909 776 2964 furiosos
807 2910 1050 2963 videmus
1104 2907 1251 2961 nullo
1303 2906 1609 2975 impellente
1653 2921 1711 2959 sc
1742 2905 1869 2959 dare

286 3001 615 3071 prmeipites.
666 3000 890 3066 Quando
930 3014 1062 3071 ergo
1117 2998 1202 3052 vel
1253 3012 1420 3051 senex
1475 2996 1684 3051 laborat
1730 3010 1868 3049 mor-

292 3093 371 3147 bis
395 3094 654 3161 juvcnum
678 3134 690 3155 .
739 3090 789 3145 id
821 3105 1085 3145 smmnum
1116 3098 1197 3143 est
1223 3088 1409 3141 vitium
1440 3106 1453 3141 :
1486 3101 1585 3140 nec
1613 3086 1873 3155 injuven-

291 3192 403 3237 tute
438 3183 655 3252 quidem
678 3223 693 3246 ,
743 3182 831 3250 qui
865 3189 948 3236 est
984 3178 1329 3250 httjusmodi,
1359 3177 1757 3231 excusationem
1786 3176 1879 3229 ha-

293 3272 468 3328 buerit
497 3292 512 3328 :
546 3289 652 3327 non
698 3280 876 3341 potest
915 3272 1058 3326 enim
1097 3269 1318 3335 dicere,
1364 3268 1565 3323 Dclicta
1599 3269 1878 3337 juveulutis

296 3383 420 3423 onere
444 3369 832 3438 ctignorantiaa
859 3382 994 3419 meas
1020 3382 1083 3419 ne
1110 3363 1397 3418 memineris
1442 3360 1629 3434 (Psal.
1662 3360 1754 3416 2i.
1788 3361 1877 3429 7).

292 3466 423 3523 Nam
470 3467 559 3534 qui
612 3474 788 3517 manet
828 3463 967 3516 idem
1011 3462 1062 3513 in
1106 3468 1412 3519 senectute,
1450 3454 1687 3509 osmndit
1742 3451 1885 3521 quod

290 3558 454 3615 etiam
488 3559 540 3612 in
566 3557 848 3627 juventute
877 3568 982 3609 non
1008 3560 1224 3623 propter
1250 3548 1666 3620 ignorationem,
1701 3560 1878 3613 neque

296 3658 517 3719 propter
573 3646 892 3717 imperitiam
918 3686 935 3709 ,
979 3658 1153 3713 neque
1198 3648 1417 3711 propter
1456 3646 1671 3693 atatem
1722 3635 1882 3690 fuerit

300 3737 588 3807 ejusmodi,
632 3737 727 3791 sed
771 3744 991 3806 propter
1031 3732 1358 3789 socordiam.
1400 3730 1494 3785 Ille
1520 3730 1667 3784 enim
1701 3734 1882 3797 potest

298 3828 499 3891 dicere,
534 3826 731 3881 Delicta
752 3826 1032 3895 juventutr’s
1074 3838 1197 3875 uicta
1221 3832 1266 3875 et
1306 3820 1626 3892 ignorantia:
1653 3833 1791 3870 meas
1819 3831 1883 3869 ne

296 3921 606 3985 utentiucris,
644 3919 733 3985 qui
766 3917 1026 3987 facitqum
1056 3917 1170 3970 scni
1200 3915 1548 3977 conveniunt,
1582 3912 1670 3982 qui
1706 3919 1880 3963 u‘inta—

294 4022 383 4067 tur
405 4013 457 4067 in
488 4019 767 4066 senectute
792 4028 805 4065 :
830 4010 871 4064 si
903 4019 1080 4063 autem
1113 4008 1274 4062 etiam
1303 4006 1354 4059 in
1384 4012 1665 4059 senectute
1690 4001 1879 4056 eadem

298 4102 533 4157 admittit
566 4100 759 4171 probra
788 4111 843 4155 et
863 4099 1125 4154 dedecora
1148 4138 1163 4162 ,
1213 4094 1483 4167 quomodo
1517 4109 1612 4163 par
1640 4102 1721 4146 est
1750 4100 1807 4145 ut
1838 4091 1882 4145 is

300 4197 608 4251 nominetur
634 4210 824 4255 senex,
854 4194 942 4262 qui
978 4208 1043 4247 ne
1067 4201 1277 4245 :etatcm
1306 4188 1520 4261 quidem
1551 4194 1829 4241 reveretur
1857 4183 1881 4236 ?

299 4286 435 4343 Nam
463 4291 554 4357 qui
583 4285 752 4353 dicit,
799 4282 1000 4338 Delicta
1017 4281 1301 4353 juventutis
1335 4296 1459 4334 mea:
1489 4290 1534 4333 ct
1569 4278 1885 4350 ignorantiae

308 4396 445 4433 meas
471 4396 535 4433 ne
554 4378 860 4440 memineris,
887 4377 1001 4432 lucc
1031 4375 1193 4441 dicit,
1223 4386 1493 4443 tamquam
1522 4373 1578 4427 in
1602 4380 1885 4427 senectute

301 4484 365 4525 se
393 4477 541 4524 recte
568 4483 784 4539 gerens.
1260 4505 1265 4510 .
1286 4523 1295 4533 ν

383 4558 520 4613 Vitia
546 4575 719 4613 aenum
744 4567 965 4627 tempore
1007 4555 1374 4627 Chrysostomi.
1403 4586 1476 4597 —
1502 4554 1581 4610 Ne
1606 4568 1735 4625 ergo
1757 4567 1885 4624 pro-

304 4659 429 4721 pter
451 4666 538 4717 ea,
567 4667 688 4705 nua:
717 4651 850 4704 liunt
876 4651 927 4704 in
957 4656 1253 4715 senectute,
1274 4650 1503 4718 teipsum
1528 4649 1704 4718 prives
1726 4647 1889 4702 etiam

306 4744 463 4798 venia
491 4752 831 4812 peccatorum
854 4783 868 4805 ,
898 4757 1017 4811 qua:
1042 4740 1305 4795 admisisti
1339 4741 1389 4794 in
1414 4740 1717 4810 juventute.
1743 4737 1894 4805 Quo-

312 4835 473 4891 modo
502 4836 646 4890 enim
676 4835 727 4890 id
762 4849 865 4888 non
906 4844 989 4889 est
1026 4832 1315 4889 absurdum
1352 4845 1406 4889 et
1450 4833 1604 4903 peius
1647 4848 1805 4903 quam
1838 4840 1897 4885 ut

312 4934 590 4983 mercatur
633 4925 892 4981 veniam?
929 4939 1094 4980 senex
1138 4924 1320 4980 ebrius
1349 4933 1453 4990 est,
1502 4925 1655 4979 sedet
1681 4925 1733 4979 in
1762 4937 1894 4979 cau-

316 5020 493 5089 ponis,
534 5034 697 5073 senex
736 5026 988 5089 properat
1018 5016 1086 5071 ad
1115 5031 1375 5087 equorum
1403 5017 1759 5082 curriculum,
1804 5030 1894 5069 se-

314 5126 416 5166 nex
443 5110 687 5166 ascendit
723 5112 774 5164 in
824 5110 1124 5175 theatrum,
1173 5120 1444 5180 tamquam
1493 5124 1626 5179 puer
1670 5122 1897 5164 currens

309 5215 434 5256 cum
478 5201 658 5271 vulgo.
692 5200 832 5256 Vere
866 5209 949 5257 est
983 5200 1157 5272 pudor
1196 5210 1247 5255 et
1280 5215 1366 5255 res
1399 5199 1653 5265 ridicula,
1692 5200 1899 5254 extrin-

314 5307 475 5348 secus
504 5292 722 5361 quidem
754 5293 936 5347 ornari
968 5292 1185 5358 canitie,
1219 5292 1539 5346 intrinsecus
1560 5300 1738 5345 autem
1769 5305 1898 5345 sen-

312 5401 430 5438 e-utn
460 5385 658 5439 habere
688 5384 862 5454 pueri.
896 5385 962 5439 Et
989 5386 1035 5440 si
1067 5385 1331 5456 quispiam
1362 5383 1576 5453 juvenis
1614 5398 1737 5439 cunt
1769 5398 1901 5439 con-

313 5474 533 5530 tumelia
561 5473 797 5530 olfecerit
816 5518 830 5541 ,
865 5476 1046 5531 statim
1078 5477 1261 5545 objicit
1288 5490 1475 5530 canos.
1504 5474 1585 5529 Tu
1629 5491 1722 5529 eos
1750 5476 1896 5545 prior

314 5580 563 5620 reverere
616 5583 629 5618 :
677 5564 722 5622 si
774 5574 829 5621 tu
875 5576 1053 5621 autem
1084 5576 1199 5620 tuos
1228 5584 1333 5619 non
1363 5565 1662 5620 reverearis
1687 5608 1701 5631 ,
1733 5565 1896 5636 idque

311 5671 436 5709 cuin
486 5657 562 5711 sis
608 5671 811 5723 senex,
857 5657 1131 5727 quomodo
1159 5674 1369 5727 a-quum
1394 5672 1581 5711 censes
1611 5658 1901 5726 utjuvenis

317 5758 439 5801 tuos
467 5748 814 5802 revereatur?
841 5746 956 5802 Non
989 5748 1253 5804 revereris
1294 5762 1491 5812 cauos,
1529 5746 1623 5801 sed
1649 5762 1743 5801 eos
1775 5761 1897 5815 pro-

318 5839 415 5890 ln‘o
445 5847 497 5891 ct
536 5836 800 5894 dedecore
828 5837 1017 5893 amcis.
1062 5838 1207 5895 Deus
1249 5850 1301 5893 te
1339 5838 1624 5893 honoravit
1667 5835 1901 5892 candore

1953 716 2023 768 do
2050 731 2107 767 es
2136 728 2204 767 eo
2231 711 2387 777 longe
2414 704 2718 776 protervior
2743 711 2794 757 et
2826 689 3377 754 lascivior?Canities
3400 685 3548 743 enim

1958 818 2084 862 tunc
2107 815 2191 862 est
2215 801 2508 859 reverenda
2533 842 2549 866 ,
2598 794 2815 868 quando
2841 791 2951 861 agit
2977 803 3098 859 qua:
3129 792 3255 840 sunt
3281 782 3497 837 canitiei
3530 794 3545 832 :

1957 898 2170 971 quando
2198 908 2378 950 autem
2404 892 2513 963 agit
2533 906 2653 959 qua:
2676 894 2805 941 sunt
2834 885 3112 953 iuvenum,
3138 877 3310 946 magis
3339 876 3442 929 erit
3475 870 3550 925 ri-

1959 992 2145 1050 dicula.
2182 1003 2339 1060 quam
2382 985 2626 1052 juvenes.
2670 976 2957 1049 Quomodo
2987 988 3116 1042 ergo
3148 967 3393 1039 poteritis
3436 964 3556 1018 lucc

1961 1077 2510 1149 suaderejuvcnibos,
2541 1088 2635 1127 vos
2679 1084 2839 1126 senes
2874 1062 3151 1121 temulenti
3184 1062 3253 1115 ob
3285 1056 3554 1114 immode—

1963 1174 2163 1232 stiam?
2186 1148 2304 1228 Non
2332 1185 2490 1227 senes
2516 1178 2780 1222 accusans
2812 1162 2929 1215 lucc
2961 1159 3085 1214 dico
3108 1197 3122 1221 ,
3154 1154 3314 1218 absit,
3350 1148 3448 1206 sed
3471 1149 3558 1218 ju-

1969 1281 2155 1320 venes.
2186 1262 2316 1318 Nam
2342 1260 2431 1331 qui
2465 1259 2580 1312 hmo
2606 1263 2791 1325 agunt,
2819 1248 3029 1307 etiamsi
3056 1246 3122 1300 ad
3150 1258 3346 1297 annum
3376 1248 3562 1295 cento-

1968 1359 2159 1411 simum
2191 1353 2551 1425 pervenerint,
2578 1346 2706 1402 mibi
2731 1353 2852 1399 sunt
2871 1343 3130 1412 juvenes:
3156 1334 3561 1405 sicutjuvenes,

1970 1449 2177 1504 etiamsi
2208 1448 2314 1500 sint
2347 1443 2491 1513 parvi
2524 1439 2696 1509 pueri,
2728 1439 2834 1490 sint
2876 1444 3055 1487 autem
3087 1428 3316 1486 modesti
3342 1435 3398 1482 et
3425 1434 3562 1478 tem-

1974 1548 2246 1611 perantes,
2269 1544 2397 1590 sunt
2426 1534 2679 1587 meliores
2709 1527 2948 1582 senibus.
2977 1522 3087 1578 Nec
3116 1534 3292 1576 meum
3314 1527 3395 1573 est
3424 1515 3564 1583 quod

1977 1605 2191 1694 dicitur,
2241 1627 2335 1681 sed
2378 1626 2517 1678 hanc
2563 1633 2775 1691 quoque
2816 1615 3197 1671 discretionem
3232 1610 3379 1663 novit
3418 1605 3565 1661 Scri-

1978 1734 2131 1793 ptura
2168 1738 2180 1774 :
2215 1714 2459 1774 Senectus
2488 1709 2808 1773 venerabilis,
2842 1706 3167 1773 inquit,-non
3197 1701 3436 1753 diuturno
3458 1739 3472 1763 ,
3523 1706 3571 1748 et

1979 1791 2100 1867 artas
2130 1809 2394 1865 sencctutis
2425 1808 2525 1858 vita
2552 1803 2883 1856 immaculata
2909 1796 3067 1867 (Sap.
3094 1796 3146 1849 ι.
3171 1791 3251 1863 9).

2052 1906 2103 1974 4.
2151 1904 2252 1969 Qui
2298 1902 2363 1953 sit
2392 1900 2554 1952 honor
2582 1891 2872 1948 senectutis.
2898 1919 2969 1930 —
2997 1886 3177 1947 Canos
3206 1884 3351 1939 enim
3397 1880 3572 1935 hono-

1983 2010 2193 2057 ramus,
2242 2006 2346 2045 non
2379 1990 2501 2058 quia
2533 1986 2712 2041 albutn
2744 1983 2981 2038 colorem
3020 1978 3173 2048 nigro
3201 1974 3574 2045 pra-ferimus.

1985 2088 2077 2143 sed
2108 2087 2229 2156 quia
2258 2093 2341 2138 est
2368 2082 2577 2151 signum
2607 2078 2729 2131 vita:
2760 2090 2879 2144 qua:
2910 2087 2975 2127 ex
3011 2070 3211 2123 virtute
3257 2065 3433 2136 agitur
3456 2104 3472 2129 ,
3525 2071 3581 2114 et

1986 2195 2105 2234 cum
2141 2177 2404 2237 videmus,
2448 2173 2687 2225 internos
2717 2177 2884 2221 canos
2912 2179 2977 2217 ex
3006 2176 3071 2215 eo
3102 2157 3424 2227 conjieimus
3459 2157 3579 2209 :siu

1987 2280 2164 2324 autem
2193 2282 2255 2320 ea
2278 2274 2467 2336 gerunt
2492 2278 2611 2331 qure
2640 2256 2854 2314 canitiei
2881 2262 3007 2309 sunt
3030 2250 3323 2313 coiitraria,
3347 2255 3583 2317 propter-

1988 2378 2052 2418 ca
2100 2360 2268 2429 magis
2311 2358 2445 2411 liunt
2471 2352 2707 2409 ridiculi.
2751 2348 2883 2403 Nam
2914 2354 2968 2401 et
3000 2358 3183 2415 regem
3215 2342 3543 2397 lionoramus
3566 2379 3585 2403 ,

1989 2462 2045 2509 et
2073 2462 2386 2522 purpuram,
2418 2455 2471 2500 et
2502 2442 2770 2505 diadema,
2801 2436 3055 2508 quoniam
3088 2443 3213 2487 sunt
3238 2431 3389 2501 signa
3414 2431 3585 2499 impc-

1995 2546 2058 2601 rii
2097 2563 2109 2598 :
2140 2541 2234 2597 sed
2274 2541 2318 2595 si
2352 2554 2474 2593 cum
2506 2535 2798 2589 viderimus
2828 2546 2949 2585 cum
2984 2540 3217 2598 purpura
3244 2524 3505 2594 conspui,
3558 2538 3587 2574 a

1994 2636 2314 2697 satellitibus
2342 2627 2671 2692 conculcari,
2694 2621 2967 2686 sull‘ocari,
2997 2621 3049 2674 in
3074 2633 3348 2673 carcerem
3372 2614 3587 2682 conjici,

1996 2727 2226 2797 discerpi
2249 2740 2313 2779 ac
2329 2721 2579 2784 convelli,
2613 2713 2871 2787 numquid
2900 2710 3270 2767 revercbimur
3296 2720 3594 2778 purpuram

1998 2827 2092 2873 aut
2118 2796 2396 2877 diadema,
2447 2824 2547 2865 nec
2591 2807 2753 2863 etiam
2805 2804 2979 2872 ipsum
3012 2800 3251 2855 habitum
3281 2796 3593 2867 llr-plorabi-

2000 2908 2160 2964 mus?
2197 2906 2275 2962 Ne
2300 2904 2437 2960 velis
2462 2916 2591 2970 ergo
2619 2895 2874 2952 honorari
2902 2903 3123 2964 propter
3144 2889 3400 2945 canitiem
3423 2930 3438 2951 ,
3473 2903 3593 2938 cum

2002 3020 2059 3065 tu
2087 3011 2200 3079 ipse
2245 3007 2295 3061 ei
2338 3003 2504 3058 facias
2546 3000 2794 3066 injuriatn
2843 3008 2855 3045 :
2908 3006 3029 3045 nam
3056 2994 3167 3057 ipsa
3195 2999 3409 3055 quoque
3439 2981 3506 3034 de
3541 2989 3594 3032 te

2000 3070 2157 3155 debet
2180 3110 2367 3168 pinnas
2385 3105 2625 3156 sumere,
2652 3085 2794 3158 quod
2819 3082 3062 3138 habitum
3089 3078 3224 3131 adeo
3254 3070 3595 3144 splendidum

1997 3202 2049 3245 et
2074 3184 2366 3259 pretiosum
2402 3183 2598 3252 probro
2628 3177 2851 3257 afficias.
2887 3171 3004 3226 Non
3037 3169 3152 3222 lucc
3186 3174 3373 3219 contra
3406 3174 3599 3217 omnes

1998 3282 2228 3336 dicimus
2250 3320 2265 3345 ,
2304 3290 2405 3331 nec
2434 3273 2679 3329 absolute
2707 3254 2736 3321 a
2764 3282 2849 3320 mc
2879 3262 3042 3317 verba
3074 3260 3209 3313 liunt
3230 3254 3489 3311 adversus
3511 3266 3600 3305 se-

1999 3380 2300 3427 nectutem;
2332 3381 2441 3419 non
2467 3379 2585 3418 sum
2617 3360 2751 3415 adeo
2776 3359 3027 3418 insanus;
3052 3349 3146 3405 sed
3167 3344 3600 3412 adversusjuve-

2001 3464 2161 3517 uilem
2217 3459 2473 3521 animam,
2529 3468 2648 3523 quae
2693 3448 2962 3505 dedecore
3007 3442 3175 3497 allicit
3215 3444 3599 3496 senectutem:

2001 3570 2175 3624 neque
2202 3552 2269 3607 de
2298 3552 2362 3605 iis
2391 3548 2479 3617 qui
2502 3549 2902 3601 consenuerunt
2927 3536 3045 3590 htec
3071 3534 3317 3589 dolentes
3343 3528 3596 3586 dicimus,

2001 3620 2104 3702 scd
2124 3646 2191 3700 de
2226 3643 2289 3697 iis
2314 3641 2402 3710 qui
2434 3637 2687 3693 canitiem
2715 3631 3070 3688 dedecorant.
3121 3625 3298 3680 Senex
3330 3620 3476 3676 enim
3515 3626 3601 3672 est

2003 3752 2115 3801 rex,
2148 3736 2190 3789 si
2220 3732 2379 3795 velit,
2402 3739 2458 3784 et
2488 3744 2553 3783 eo
2580 3726 2670 3797 qui
2698 3732 2782 3779 cst
2805 3719 3027 3775 indutus
3050 3728 3284 3786 purpura
3314 3711 3484 3781 magis
3507 3723 3596 3764 re-

2001 3829 2155 3901 galis,
2176 3826 2220 3881 si
2251 3826 2478 3893 imperet
2498 3818 2658 3872 animi
2684 3807 3197 3886 perturbationibus,
3222 3813 3277 3859 ct
3301 3804 3429 3857 vitia
3458 3810 3598 3855 tam-

2003 3892 2163 3990 quam
2197 3892 2459 3969 satellites
2488 3909 2589 3963 sibi
2620 3904 2874 3974 subjiciat
2905 3919 2918 3956 :
2951 3901 3032 3955 sin
3058 3908 3239 3951 autem
3274 3892 3515 3947 trahatur
3544 3899 3601 3945 et

2003 3983 2038 4064 ἆ
2060 4007 2188 4062 sede
2216 4004 2517 4074 dejiciatur,
2551 4008 2606 4055 et
2636 3996 2899 4068 pecuniae,
2932 3990 3154 4055 amoris,
3184 3986 3371 4058 gloriae
3400 3983 3597 4048 inanis,

2002 4111 2059 4158 et
2101 4102 2286 4156 fucata:
2330 4094 2611 4169 elegantia:
2660 4088 3086 4154 deliciarumque
3126 4089 3180 4136 et
3222 4076 3501 4134 ebrietatis
3545 4083 3603 4131 et

2006 4195 2100 4248 irae
2126 4201 2180 4248 et
2204 4190 2280 4246 rei
2309 4202 2556 4243 venerea:
2588 4183 2678 4237 liat
2709 4193 2900 4235 servus
2921 4218 2935 4239 .
2961 4184 3018 4231 et
3043 4173 3185 4242 pilos
3213 4171 3414 4225 iulncct
3443 4168 3598 4229 oleo,

2006 4292 2063 4339 et
2084 4282 2338 4339 ostendat
2368 4288 2581 4333 aztatem
2606 4290 2634 4326 a
2666 4273 2840 4326 libero
2871 4266 3037 4323 animi
3070 4262 3297 4318 arbitrio
3319 4264 3599 4313 contume-

2009 4376 2080 4430 lia
2105 4373 2350 4430 all'ectam
2370 4413 2384 4436 ,
2420 4383 2526 4437 quo
2556 4380 2663 4421 non
2695 4361 2854 4418 fuerit
2884 4360 2929 4413 is
2958 4357 3152 4426 dignus
3193 4350 3457 4422 supplicio
3478 4347 3601 4419 (a)?

2007 4466 2114 4522 Sed
2141 4479 2256 4529 vos,
2296 4464 2548 4531 juvenes,
2583 4472 2649 4511 ne
2685 4454 2805 4510 sitis
2835 4451 2968 4506 tales
3002 4466 3017 4502 :
3050 4459 3226 4518 neque
3270 4443 3415 4499 enim
3450 4440 3603 4493 vobis

2009 4555 2302 4629 ignoscitur
2352 4552 2395 4606 si
2443 4548 2698 4620 peccatis.
2745 4538 3142 4611 Quamobrem?
3183 4534 3448 4604 Quoniam
3475 4532 3605 4586 licet

2009 4625 2132 4706 esse
2162 4662 2345 4703 senem
2380 4647 2431 4699 iu
2457 4644 2737 4712 juvcutnte
2768 4655 2783 4702 ;
2835 4650 2898 4690 ac
2941 4634 3082 4688 sicut
3127 4638 3251 4685 sunt
3281 4628 3509 4699 juvenes
3548 4625 3603 4679 in

2008 4747 2285 4798 senectute
2307 4777 2321 4801 ,
2356 4736 2425 4790 ita
2453 4745 2507 4789 et
2536 4743 2747 4788 contra.
2780 4727 2931 4783 Sicut
2965 4724 3109 4779 enim
3140 4722 3248 4776 illic
3287 4720 3425 4789 pilus
3450 4716 3603 4772 deal-

2012 4836 2166 4889 batus
2198 4831 2465 4886 neminem
2495 4836 2711 4891 servat,
2756 4823 2835 4876 sic
2879 4834 2980 4875 nec
3017 4816 3108 4871 hic
3134 4816 3287 4885 niger
3333 4811 3606 4867 nemiuem

2011 4923 2250 4995 impedit.
2297 4920 2428 4975 Nam
2467 4919 2569 4974 etsi
2603 4917 2720 4971 lucc
2746 4928 2867 4985 qua;
2899 4910 3007 4965 disi
3036 4922 3225 4964 senem
3257 4904 3494 4961 reddunt
3522 4902 3607 4957 in-

2011 5017 2376 5074 bonestiorcm
2404 5012 2572 5067 multo
2600 5009 2769 5077 magis
2796 5020 2953 5076 quam
2977 5003 3228 5073 juvenem
3253 5014 3268 5064 ;
3301 4997 3394 5053 sed
3430 5008 3609 5051 tamen

2012 5126 2115 5168 nec
2155 5108 2366 5180 juvenis
2411 5106 2548 5161 liber
2590 5112 2672 5157 est
2708 5116 2736 5153 a
2784 5096 3233 5169 reprehensione.
3265 5091 3397 5147 Nam
3423 5089 3608 5159 juveni

2013 5216 2140 5261 tunc
2176 5203 2350 5258 solum
2395 5197 2571 5253 danda
2606 5204 2689 5251 cst
2722 5193 2899 5257 venia,
2930 5187 3149 5260 quando
3178 5197 3404 5241 vocatur
3430 5186 3496 5239 ad
3528 5200 3614 5240 re-

2013 5312 2132 5351 rum
2155 5292 2699 5352 administrationem,
2731 5301 2853 5343 cum
2883 5285 2952 5338 sit
2980 5282 3280 5353 imperitus,
3314 5294 3435 5335 cum
3478 5289 3613 5334 temo

2014 5404 2147 5459 pore
2193 5403 2328 5458 opus
2391 5384 2587 5437 habeat
2633 5389 2689 5435 et
2737 5376 3070 5447 experientia
3119 5392 3135 5429 :
3172 5371 3388 5444 quando
3432 5382 3613 5425 autem

2014 5488 2227 5548 Oportet
2273 5473 2560 5530 ostendere
2610 5470 2916 5525 virilitatem
2965 5462 3373 5534 temperantia,
3412 5476 3615 5530 nequa-

2015 5588 2175 5642 quam
2195 5613 2210 5637 ,
2243 5586 2418 5640 neque
2444 5565 2658 5636 quando
2681 5570 2898 5633 Oportet
2924 5558 3165 5631 pecuniis
3194 5558 3479 5627 imperare.
3519 5554 3617 5609 Est

2016 5666 2157 5721 enim
2188 5662 2274 5717 ubi
2299 5660 2514 5733 juvenis
2542 5656 2714 5727 magis
2760 5652 3175 5725 reprehenditur
3218 5664 3378 5720 quam
3421 5662 3611 5702 senex.

2019 5758 2149 5813 Nam
2176 5773 2339 5812 senex
2364 5753 2583 5824 quidem
2617 5748 2783 5805 multa
2815 5760 2952 5818 opus
2983 5745 3143 5799 habet
3171 5742 3468 5807 curatione,
3492 5756 3615 5796 cum

2068 5869 2141 5930 (η)
2166 5868 2219 5916 ῐ.ι
2245 5870 2349 5917 haec
2374 5865 2522 5915 verba
2547 5863 2727 5913 desinit
2752 5863 2859 5912 hac
2892 5859 3088 5911 ltomilia
3112 5861 3161 5910 in
3185 5858 3321 5912 Coll).
