4112 6344
550 407 615 461 67
1239 398 1292 446 .S.
1332 393 1606 448 30.“le
1643 389 2108 447 CHRYSOSTOMI

2223 387 2460 445 lCiilEP.
2503 387 3032 444 CONSTANTINOP.
3748 399 3815 448 ωε

575 513 695 552 cum
748 495 1070 551 imbecillum
1120 494 1309 549 reddat
1353 503 1599 547 senectus
1652 510 1664 545 :
1706 491 1915 560 jutenis
1959 503 2115 546 auten

564 606 679 643 cum
710 588 891 657 possit,
923 588 966 641 si
1001 586 1144 647 velit,
1192 585 1286 639 sibi
1325 584 1594 647 sufﬁcere,
1643 599 1925 652 quamnam
1983 599 2121 637 assc-

561 703 749 761 qnelur
792 691 1031 753 veniam,
1087 688 1300 758 quando
1326 690 1493 757 magis
1523 688 1660 757 rapit
1707 700 1863 753 quam
1916 695 2077 736 sencx

554 782 762 854 quando
802 792 1036 850 acceptae
1083 780 1252 849 magis
1292 789 1373 835 est
1418 794 1621 833 memor
1650 774 1879 845 injuriae,
1907 770 2120 841 quando

550 875 796 942 despicit,
843 871 1059 942 quando
1104 886 1207 925 non
1258 870 1425 939 magis
1470 867 1705 923 defendit
1729 880 1886 936 quam
1914 876 2114 919 senex.

551 967 762 1034 quando
793 965 956 1019 multa
991 964 1228 1034 loquitur
1256 962 1573 1031 importune,
1606 958 1819 1029 quando
1842 965 2117 1009 contume-

550 1056 619 1110 lia
644 1056 828 1119 amcit,
860 1054 1070 1124 quando
1100 1052 1379 1109 maledicto
1404 1051 1622 1121 appetit,
1652 1047 1865 1119 quando
1888 1043 2117 1100 inebria-

551 1148 680 1202 tur?
712 1149 766 1203 Si
802 1159 981 1201 autem
1012 1148 1062 1200 in
1104 1144 1451 1213 temperantia
1494 1152 1547 1196 et
1575 1139 1897 1196 continentia
1927 1135 2111 1191 existi-

549 1250 655 1292 mat
685 1255 741 1292 se
773 1255 875 1291 non
911 1252 1065 1307 pusse
1096 1236 1445 1305 reprehendi,
1494 1234 1612 1287 vide
1641 1248 1761 1287 cum
1794 1231 1879 1285 hic
1905 1240 2115 1298 quoque

548 1332 709 1384 multa
740 1332 933 1385 habere
960 1329 1283 1397 adiumenta,
1304 1330 1356 1381 'si
1386 1328 1531 1382 velit.
1563 1326 1692 1380 Nam
1724 1324 1821 1379 etsi
1851 1321 2115 1392 cupiditas

546 1432 598 1475 et
629 1423 790 1475 libido
813 1422 859 1476 ei
883 1418 1049 1491 magis
1073 1431 1155 1474 est
1184 1421 1405 1475 molesta
1434 1436 1591 1488 quam
1620 1419 1755 1481 seni,
1786 1426 1909 1470 sunt
1937 1425 2113 1469 tamen

547 1514 707 1566 multa
740 1528 857 1582 qua:
888 1514 1119 1583 potuerit
1153 1513 1318 1581 magis
1350 1511 1523 1566 facere
1549 1527 1703 1581 quam
1738 1526 1897 1564 senex
1918 1550 1934 1573 ,
1970 1519 2021 1561 et
2052 1509 2113 1563 ilo

546 1602 645 1653 lam
681 1604 946 1656 incantare
990 1602 1233 1655 bestiam.
1276 1602 1528 1667 Quanam
1558 1617 1617 1655 ea
1650 1600 1805 1654 sunt?
1843 1599 2111 1664 Laborcs,

542 1696 815 1758 lectiones,
846 1695 1145 1764 pervigilia,
1178 1695 1400 1762 jejnnia.

618 1787 689 1839 De
716 1788 1062 1838 monaclu's.—
1084 1785 1189 1841 Cttr
1214 1796 1387 1840 autem
1416 1786 1527 1839 hmc
1550 1785 1702 1839 nobis
1728 1784 1861 1838 dicis
1887 1784 1973 1853 qui
2000 1797 2103 1836 non

543 1890 727 1928 sumus
762 1875 1050 1929 monachi?
1084 1876 1207 1929 lltec
1230 1876 1355 1929 tnihi
1383 1877 1557 1929 dicis?
1588 1876 1672 1929 dic
1700 1876 1863 1929 Paulo
1890 1916 1901 1937 ,
1935 1890 2108 1943 quau-

541 1965 610 2015 du
631 1965 759 2018 dicit
788 1983 801 2019 :
847 1964 1119 2034 Vigitaules
1141 1966 1190 2017 in
1222 1966 1358 2018 omni
1385 1966 1624 2034 patientia
1652 1973 1697 2017 et
1735 1964 1961 2016 oratione
1986 1960 2109 2033 (Co-

539 2060 659 2111 loss.
683 2059 731 2110 4.
762 2056 818 2126 2)
851 2074 862 2108 :
889 2057 1101 2126 quando
1129 2056 1278 2121 dicit,
1306 2056 1483 2110 Carnis
1514 2072 1689 2110 curam
1718 2072 1779 2107 ne
1813 2055 2027 2123 feceritis
2054 2054 2105 2107 in

538 2148 952 2216 concupiscentiis
982 2147 1156 2218 (Rom.
1186 2148 1268 2203 i5.
1300 2148 1411 2216 H).
1460 2147 1574 2201 Non
1603 2147 1746 2201 enim
1778 2144 1892 2198 bznc
1934 2145 2105 2198 solum

539 2240 753 2308 scripsit
785 2239 1078 2305 monachis,
1106 2240 1196 2294 sed
1221 2242 1466 2294 omnibus
1496 2241 1582 2309 qui
1615 2248 1737 2293 sunt
1778 2240 1830 2292 itt
1859 2237 2104 2291 urbibus.

540 2330 651 2381 Non
675 2330 831 2383 debet
855 2330 996 2385 enim
1038 2330 1338 2385 mundanus
1370 2348 1462 2384 seu
1487 2331 1755 2385 smcularis
1776 2330 1893 2399 plus
1914 2330 2109 2384 habere

537 2435 693 2485 quam
735 2420 1048 2484 monachus,
1097 2421 1195 2474 nisi
1223 2422 1274 2473 in
1306 2422 1403 2475 hoc
1433 2422 1625 2482 solum,
1674 2422 1813 2491 quod
1840 2420 2108 2474 eohahitat

533 2526 657 2565 cum
678 2528 873 2566 uxore:
900 2512 984 2566 hic
1008 2512 1165 2566 datur
1182 2513 1228 2565 ei
1252 2514 1425 2577 venia,
1452 2514 1501 2565 in
1525 2514 1839 2567 aliisautem
1865 2511 2104 2575 minime,

537 2601 628 2655 sed
659 2603 833 2655 omnia
852 2617 971 2656 eum
988 2612 1198 2671 oportet
1217 2602 1391 2659 facere
1421 2620 1569 2671 teque
1587 2618 1743 2672 atque
1765 2604 2103 2657 monaclnun.

536 2692 651 2745 Jam
669 2709 796 2748 vero
812 2704 863 2747 et
885 2693 1238 2749 beatitudines
1257 2710 1371 2763 qute
1388 2710 1416 2747 a
1434 2694 1647 2749 Christo
1660 2694 1813 2748 dictze
1829 2703 1972 2760 sunt,
1998 2709 2102 2747 non

533 2781 693 2837 dicta:
719 2792 837 2836 sunt
880 2784 1050 2838 solum
1081 2784 1396 2851 monachis;
1429 2800 1547 2838 nam
1582 2786 1823 2853 periisset
1855 2793 1994 2839 totus
2019 2800 2106 2836 ur-

619 2881 1839 2897 -mMuv-
1881 2889 1943 2895 ν..

1967 2887 2249 2894 ...σι--υ

2223 491 2302 544 his
2327 499 2501 553 terrte,
2533 501 2585 545 et
2617 507 2993 546 accusaretnus
3018 492 3183 546 Deum
3212 490 3563 546 crudelitatis.
3600 491 3654 546 Si
3696 507 3795 546 au-

2223 594 2326 636 tem
2356 583 2706 637 beatitudines
2725 583 2878 637 dictae
2894 584 3157 638 suntsolis
3180 584 3472 648 monachis,
3492 594 3544 639 et
3561 582 3672 639 ﬁeri
3692 599 3798 637 non

2224 686 2397 744 potest
2442 686 2499 729 ut
2524 692 2615 730 eas
2656 687 3014 744 consequatur
3063 676 3398 738 mundanus;
3454 676 3568 745 ipse
3617 685 3796 731 autem

2223 768 2466 835 permisit
2492 769 2706 836 nuptias
2738 786 2751 821 :
2778 769 2892 838 ipse
2921 784 3046 839 ergo
3074 784 3262 823 omnes
3290 768 3539 839 perdidit.
3569 768 3625 823 Si
3654 769 3797 823 enim

2222 860 2333 913 ﬁeri
2365 876 2468 914 non
2499 870 2673 929 potest
2700 871 2755 915 ut
2780 878 2899 915 cum
2948 863 3290 917 matrimonio
3319 862 3476 917 iaciat
3501 877 3618 933 qua:
3674 872 3802 916 sunt

2221 951 2627 1015 monachorum,
2660 952 2929 1020 perierunt
2956 959 3010 1006 et
3032 953 3095 1005 ad
3126 953 3397 1007 interitum
3427 952 3639 1007 redacta
3671 963 3797 1006 sunt

2220 1043 2417 1107 omnia,
2460 1051 2509 1097 et
2554 1053 2737 1097 coacta
2765 1053 2847 1097 est
2885 1043 3052 1097 virtus
3086 1046 3137 1098 in
3174 1045 3467 1113 angustias.
3518 1044 3799 1112 Quomodo

2218 1144 2396 1188 autem
2428 1146 2551 1188 sunt
2582 1134 2921 1188 honorabiles
2972 1134 3169 1203 nuptiae
3202 1132 3386 1205 (Hebr.
3425 1136 3509 1189 13.
3541 1134 3651 1203 η),
3677 1149 3797 1204 qua:

2219 1226 2371 1280 nobis
2398 1235 2599 1279 tantum
2631 1225 2861 1280 alterunt
2892 1226 3329 1295 impedimentum
3356 1226 3378 1280 τ
3401 1226 3537 1293 Quid
3566 1241 3695 1296 ergo
3716 1225 3797 1278 di-

2218 1316 2445 1372 cendum
2474 1319 2593 1369 est“!
2625 1316 2762 1371 Fieri
2798 1328 2991 1385 potest,
3030 1328 3190 1387 atque
3228 1316 3363 1371 adeo
3385 1316 3538 1371 valde
3569 1315 3704 1381 fieri,
3738 1322 3796 1368 ut

2219 1424 2306 1477 qm
2335 1406 2592 1464 habemus
2618 1427 2811 1467 uxores
2831 1454 2846 1481 ,
2876 1414 3125 1469 virtutem
3168 1425 3437 1471 sectemur
3466 1426 3521 1472 et
3547 1429 3801 1471 exercea-

2221 1515 2359 1563 mus,
2385 1502 2428 1555 si
2475 1504 2719 1558 velimus.
2751 1506 3075 1573 Quomodo?
3101 1508 3155 1565 Si
3196 1510 3455 1564 habentes
3484 1526 3680 1565 ultores
3729 1510 3812 1563 εἰ·-

2221 1605 2337 1644 mus
2361 1601 2625 1662 tamquam
2654 1610 2757 1649 non
2791 1597 3065 1665 habentes,
3100 1601 3144 1654 si
3177 1616 3280 1655 non
3305 1601 3546 1656 lzetemur
3572 1602 3643 1655 ob
3673 1615 3801 1671 pos—

2222 1682 2512 1749 sessiones,
2539 1686 2583 1739 si
2631 1688 2830 1743 mundo
2880 1700 3089 1745 utamur
3129 1703 3398 1764 tamquam
3432 1710 3536 1748 non
3591 1703 3802 1749 utentes

2219 1774 2298 1843 (1.
2323 1773 2443 1829 Cor.
2475 1778 2529 1831 7.
2560 1780 2670 1847 51).
2698 1779 2754 1835 Si
2781 1781 2870 1851 qui
2893 1795 3069 1837 autem
3119 1785 3357 1854 impediti
3389 1785 3603 1840 fuerunt
3630 1801 3658 1838 a
3693 1802 3800 1839 nu-

2222 1864 2366 1931 ptiis,
2389 1867 2559 1920 sciant
2586 1869 2725 1937 quod
2750 1874 2947 1940 nuptiae
2972 1890 3077 1927 non
3106 1874 3252 1930 fuere
3281 1876 3683 1947 impedimento,
3705 1874 3798 1929 sed

2219 1951 2445 2008 liberum
2472 1957 2749 2013 arbitrium
2780 1961 2924 2030 quod
2952 1964 3091 2019 male
3118 1980 3273 2019 usum
3295 1976 3377 2021 est
3406 1967 3603 2036 nuptiis
3632 1976 3646 2013 :
3675 1981 3796 2019 nam

2218 2058 2389 2115 neque
2414 2048 2596 2102 vinum
2622 2048 2750 2104 facit
2779 2053 3115 2119 ebrietatem,
3144 2056 3239 2110 sed
3282 2056 3480 2111 malum
3511 2055 3675 2111 animi
3708 2056 3797 2110 in-

2212 2151 2474 2214 stitutum,
2506 2161 2559 2203 et
2587 2150 2704 2217 ejus
2729 2163 2856 2203 usus
2883 2162 3043 2218 supra
3078 2150 3317 2205 modum.
3348 2151 3619 2208 Moderate
3647 2162 3802 2211 utero

2214 2239 2432 2308 nuptiis,
2475 2248 2528 2293 ct
2556 2241 2665 2293 eris
2693 2240 2897 2309 primus
2923 2237 2977 2293 in
3014 2255 3181 2310 regno
3210 2244 3463 2298 caelorum
3486 2284 3501 2306 .
3525 2253 3579 2298 et
3602 2242 3797 2307 frueris

2214 2331 2368 2385 bonis
2394 2332 2641 2389 omnibus
2670 2351 2683 2385 :
2717 2348 2837 2404 quae
2868 2333 3025 2388 detur
3053 2335 3207 2390 nobis
3238 2337 3487 2392 omnibus
3516 2342 3796 2410 consequi,

2211 2424 2380 2493 gratia
2404 2436 2453 2479 et
2482 2424 2809 2493 benignitate
2838 2424 3049 2480 Domini
3080 2427 3248 2481 nostri
3272 2426 3399 2482 Jcsu
3429 2426 3649 2493 Christi,
3674 2444 3795 2485 cum

2212 2530 2316 2584 quo
2360 2514 2504 2569 Patri
2558 2516 2823 2586 simulque
2852 2527 3039 2573 sancto
3070 2516 3292 2589 Spiritui
3319 2521 3509 2591 gloria,
3539 2532 3797 2592 potestas,

2214 2606 2406 2669 honor,
2457 2622 2597 2661 nunc
2641 2616 2695 2663 ct
2734 2622 2975 2678 semper,
3029 2610 3164 2665 etin
3214 2612 3409 2667 saecula
3457 2614 3795 2669 Str-culorum.

2214 2701 2404 2751 Amen.

2256 2886 2585 2895 m

3464 2894 3779 2910 .—__..__.

1856 2945 2197 3007 HOMILIA
2239 2947 2409 3008 Vlll.

537 3085 660 3139 CAP.
706 3088 756 3139 5.
818 3104 864 3138 v.
920 3090 966 3141 Ι.
1010 3088 1191 3143 Omnis
1234 3092 1363 3144 enim
1437 3092 1664 3161 pontifex
1716 3107 1778 3143 ea:
1826 3090 2113 3144 hominibus

611 3190 915 3247 assmuptus,
944 3197 1033 3249 pro
1065 3181 1349 3235 hominibus
1372 3184 1689 3237 constituitur
1717 3183 1767 3234 in
1792 3182 1852 3233 iis
1870 3197 1979 3251 qua:
1998 3192 2113 3235 sunt

608 3271 677 3322 ad
709 3270 865 3323 Deum
891 3312 905 3337 ,
940 3285 991 3326 ut
1015 3272 1193 3339 offerat
1224 3276 1358 3329 dona
1385 3286 1430 3328 et
1455 3276 1705 3342 sacrificia
1734 3291 1825 3344 pro
1854 3275 2071 3343 peccatis
2096 3291 2115 3327 :

609 3362 661 3415 2.
695 3365 778 3431 qui
809 3367 1072 3418 condolere
1087 3368 1242 3435 possit
1261 3368 1322 3419 iis
1343 3368 1427 3437 qui
1456 3368 1690 3434 ignorant
1713 3376 1758 3419 et
1780 3376 1968 3432 errant,
1991 3382 2118 3434 quae

610 3456 747 3507 niam
775 3466 820 3507 et
848 3456 955 3524 ipse
993 3457 1329 3511 circumdatus
1359 3467 1429 3510 est
1458 3457 1750 3524 infirmitate
1781 3472 1799 3509 :
1830 3456 1880 3511 5.
1912 3466 1957 3510 et
1996 3471 2118 3526 pro-

614 3557 781 3614 pterea
807 3548 969 3611 debet,
1016 3549 1438 3617 quemadmodum
1470 3566 1559 3616 pro
1594 3549 1812 3618 pOpulo,
1842 3548 1914 3599 ita
1966 3549 2117 3601 etiam

613 3648 657 3689 et
700 3654 792 3707 pro
819 3640 1083 3707 semetipso
1108 3638 1291 3704 offerre
1318 3656 1411 3709 pro
1444 3639 1681 3708 peccatis.

618 3728 670 3781 t.
699 3727 1095 3796 Vultdeiuceps
1110 3730 1395 3785 ostendere
1422 3729 1607 3784 beatus
1626 3729 1839 3793 Paulus,
1860 3744 1999 3799 quon
2018 3731 2119 3784 hoc

546 3818 945 3873 Testamentum
976 3831 1055 3874 est
1075 3820 1232 3890 longe
1254 3820 1444 3874 melius
1470 3832 1520 3876 et
1544 3822 2070 3892 prtestautittsVeteri
2098 3837 2115 3889 ;

548 3910 728 3975 procul
757 3911 988 3964 rationes
1014 3911 1159 3979 prius
1175 3911 1384 3979 iaciens
1406 3920 1671 3981 tamquam
1694 3911 2117 3968 fundamentum.

546 4000 677 4055 Nam
706 4001 955 4071 quoniam
983 4002 1116 4055 nihil
1144 4010 1261 4056 erat
1280 4003 1581 4071 corporale,
1604 4018 1774 4072 neque
1819 4004 2117 4073 imaginale,

548 4106 735 4159 nempe
770 4107 874 4145 non
909 4092 1196 4162 templum,
1252 4107 1357 4147 non
1393 4102 1575 4147 sancta
1626 4090 1957 4157 sanctorum,
2015 4110 2119 4149 non

547 4183 799 4237 sacerdos
831 4193 1032 4238 tantum
1061 4184 1263 4239 habens
1293 4196 1641 4257 apparatum,
1673 4202 1776 4240 non
1808 4187 2001 4255 legales
2028 4188 2123 4242 ob~

549 4275 897 4339 servationes,
949 4274 1041 4329 sed
1088 4276 1389 4329 excelsiora
1417 4278 1591 4330 omnia
1622 4286 1677 4331 et
1704 4278 2036 4345 perfectiora,
2070 4288 2124 4332 et

550 4364 677 4417 nihil
707 4380 772 4419 ex
796 4368 952 4420 rebus
981 4367 1379 4435 corporalibus:
1404 4377 1703 4423 eratautcm
1734 4369 2037 4425 universum
2059 4371 2108 4423 iu

548 4458 706 4512 rebus
733 4458 1123 4526 spiritualibns;
1154 4459 1442 4527 Spiritualia
1472 4469 1647 4514 autem
1673 4460 1993 4514 infirmiores
2018 4477 2119 4515 non

549 4565 699 4618 mque
726 4550 977 4603 inducant
1004 4560 1161 4619 atque
1186 4553 1480 4620 corporalia
1517 4571 1528 4604 :
1558 4552 1676 4606 ideo
1706 4562 1871 4606 totum
1919 4553 2016 4606 hoc
2039 4553 2121 4605 di-

550 4642 701 4694 cendi
737 4652 1102 4710 argumentum
1132 4652 1305 4696 versat
1346 4654 1398 4697 et
1423 4646 1605 4712 agitat.
1632 4645 1761 4698 Vide
1787 4655 1963 4699 autem
2008 4645 2123 4714 ejus

556 4736 868 4803 sapientiam
907 4753 917 4786 :
947 4735 1151 4789 initium
1187 4737 1331 4791 ducit
1369 4754 1397 4791 a
1430 4740 1726 4805 sacerdote,
1758 4754 1811 4795 et
1851 4747 2121 4798 continen-

558 4838 637 4880 ter
668 4843 789 4881 eum
818 4825 1050 4895 appellat
1079 4828 1401 4896 pontificem,
1432 4841 1485 4885 et
1513 4832 1579 4887 ab
1612 4833 1725 4901 ipso
1750 4836 1920 4902 primo
1941 4846 2124 4891 esten-

555 4922 630 4973 dit
660 4920 1035 4975 diﬂercntiam.
1081 4920 1367 4991 PrOpterea
1408 4925 1632 4993 primum
1679 4926 1864 4981 deﬁnit
1891 4928 2014 4998 quid
2056 4931 2124 4991 sit

555 5012 806 5067 sacerdos
828 5054 851 5079 ,ν
871 5020 925 5066 et
950 5012 1183 5067 o~tendit
1224 5016 1267 5069 si
1296 5032 1395 5084 qua
1430 5016 1624 5072 habeat
1650 5020 1966 5085 sacerdotis,
1997 5032 2051 5077 ct
2081 5024 2123 5077 si

556 5120 655 5171 qua
688 5104 795 5158 sint
819 5103 1058 5174 symbolo
1099 5105 1405 5160 sacerdotii.
1435 5108 1493 5161 Ei
1522 5119 1697 5163 autem
1729 5113 2042 5167 occurrebat
2075 5127 2128 5167 et

556 5193 827 5260 obstabat,
856 5194 997 5263 quod
1022 5208 1191 5264 neque
1209 5208 1424 5252 essetex
1444 5214 1641 5268 genere
1660 5204 1843 5268 nubili,
1862 5221 2033 5273 neque
2063 5220 2125 5259 ex

561 5283 698 5335 tribu
729 5284 1067 5347 sacerdotali,
1102 5302 1272 5356 neque
1299 5290 1546 5343 sacerdos
1568 5306 1727 5360 super
1749 5306 1973 5360 terram;
2009 5295 2129 5349 hinc

561 5382 739 5425 autem
762 5373 974 5441 quidam
996 5375 1182 5429 dicturi
1206 5394 1325 5433 esse
1344 5379 1676 5446 videbantur,
1707 5384 1984 5451 Quomodo
2002 5403 2128 5456 ergo

559 5463 848 5517 sacerdos?
877 5464 1019 5534 quod
1050 5468 1098 5518 in
1128 5468 1361 5535 Epistula
1394 5473 1456 5524 ad
1486 5472 1754 5529 Romanus
1790 5476 1910 5531 fecit
1946 5478 2123 5543 (Rom.

570 5557 649 5619 4).
677 5554 725 5606 id
758 5566 808 5607 et
837 5571 977 5609 utmc
1020 5558 1158 5610 facit.
1190 5558 1317 5613 Nam
1348 5577 1469 5615 eum
1502 5566 1818 5635 suscepisset
1846 5584 2135 5637 arguuntu-

564 5658 671 5701 tum
728 5665 831 5703 n0u
895 5650 1203 5720 probabile,
1250 5656 1291 5707 si
1350 5655 1451 5711 hoc
1505 5670 1752 5725 operetur
1799 5663 1929 5718 ﬁdes
1982 5664 2123 5733 quod

559 5758 662 5795 nun
695 5744 851 5795 valuit
887 5744 1031 5798 labor
1060 5744 1186 5814 legis
1208 5756 1260 5801 et
1288 5748 1337 5801 in
1366 5750 1467 5803 vita
1503 5752 1818 5807 ἱιιδιίιιιυιι‹1.ι
1849 5772 1907 5807 su
1931 5758 2040 5817 lor;
2078 5767 2131 5811 ut

560 5836 804 5889 Ostendat
833 5837 879 5889 id
924 5848 973 5890 et
1020 5840 1131 5891 iicri
1164 5842 1398 5909 patuisse
1438 5855 1487 5896 et
1528 5843 1715 5898 factum
1762 5864 1897 5911 nasse,
1943 5864 1981 5898 ci
2011 5849 2129 5901 nfu-

2222 3094 2298 3165 git
2340 3070 2830 3163 adpatriarcham,
2878 3106 2931 3151 et
2971 3100 3274 3157 universum
3327 3100 3535 3157 reduxit
3563 3102 3631 3158 ad
3674 3102 3802 3159 illud

2225 3193 2453 3254 tempus.
2480 3185 2551 3239 Ita
2584 3186 2670 3240 hic
2706 3203 2920 3257 quoque
2954 3190 3174 3245 alteram
3222 3193 3504 3247 sacerdotii
3543 3194 3677 3249 viam
3725 3197 3805 3250 in-

2224 3273 2483 3343 greditur,
2515 3290 2819 3343 proponens
2863 3292 2928 3330 ex
2959 3277 3024 3332 iis
3052 3294 3169 3348 qua:
3198 3288 3606 3348 praecesserunt.
3639 3284 3706 3339 Et
3734 3286 3805 3340 si-

2223 3374 2311 3417 cut
2361 3365 2413 3417 in
2451 3366 2725 3433 punitione
2772 3382 2877 3420 non
2908 3368 3081 3422 solum
3114 3370 3331 3427 adducit
3355 3375 3677 3445 gehennam,
3711 3379 3805 3433 sed

2222 3468 2284 3508 ea
2312 3455 2470 3509 etiam
2499 3471 2617 3525 qua:
2652 3458 2995 3527 contigerunt
3022 3468 3265 3531 tempore
3310 3475 3519 3535 patrum
3558 3486 3570 3521 :
3599 3471 3667 3521 ita
3719 3468 3806 3523 hie

2226 3576 2434 3631 quoque
2463 3560 2689 3631 primum
2712 3560 2996 3614 conﬁrmat
3020 3575 3047 3613 a
3073 3561 3448 3630 prmsentibus.
3478 3558 3609 3613 Nam
3637 3572 3801 3626 Opor-

2226 3653 2368 3707 tebat
2397 3653 2609 3724 quidem
2641 3655 2971 3708 terrestrium
3018 3654 3173 3708 tidem
3224 3653 3336 3708 ﬁeri
3370 3668 3434 3707 ex
3465 3652 3804 3713 cmlestibus;

2226 3744 2316 3797 sed
2343 3743 2557 3814 quando
2601 3745 2848 3800 imbecilli
2892 3754 3015 3800 sunt
3040 3745 3334 3810 auditores,
3369 3746 3424 3798 iit
3454 3745 3805 3798 contrarium.

2228 3837 2401 3903 Atque
2428 3835 2638 3889 interim
2658 3835 2871 3903 quidem
2905 3835 3071 3905 prima
3099 3837 3244 3905 ponit
3276 3850 3337 3889 es
3366 3851 3485 3903 qua:
3510 3844 3631 3887 sunt
3654 3848 3810 3887 com-

2228 3924 2405 3979 munia
2430 3941 2444 3991 ;
2468 3934 2521 3979 ct
2548 3935 2673 3979 tunc
2701 3925 2935 3979 ostendit
2965 3924 3013 3978 id
3046 3925 3185 3992 quod
3209 3934 3511 3994 exsuperet.
3542 3922 3632 3979 Sic
3662 3925 3805 3977 enim

2228 4017 2283 4070 tit
2309 4017 2652 4087 exsuperatio
2684 4033 2778 4085 per
2818 4018 3295 4083 comparationem,
3326 4016 3538 4084 quando
3587 4015 3639 4068 in
3687 4015 3807 4067 aliis

2224 4108 2437 4177 quidem
2469 4118 2549 4161 est
2580 4109 2718 4161 inter
2739 4122 2832 4161 eos
2861 4109 3166 4160 communio
3188 4117 3240 4161 et
3267 4108 3495 4160 sociezas
3518 4148 3532 4171 ,
3588 4106 3638 4159 in
3685 4105 3808 4158 aliis

2227 4214 2351 4252 vero
2378 4207 2663 4266 exsuperat
2687 4216 2699 4249 :
2726 4198 2806 4251 sin
2836 4199 3031 4261 minus,
3058 4211 3160 4248 non
3191 4196 3247 4247 tit
3272 4196 3499 4264 amplius
3531 4210 3623 4264 per
3652 4210 3807 4249 com-

2229 4288 2578 4355 parationem.
2611 4287 2788 4341 Omnis
2824 4289 3051 4357 pontifex
3081 4304 3143 4340 ex
3176 4287 3464 4339 hominibus
3493 4296 3804 4354 assumptus,

2231 4378 2341 4431 lluc
2370 4389 2449 4431 est
2475 4376 2685 4432 Christo
2710 4393 3015 4431 commune.
3042 4376 3147 4430 Pro
3174 4377 3459 4431 hominibus
3486 4378 3809 4430 constituitur

2227 4472 2277 4524 in
2304 4473 2367 4525 iis
2394 4488 2505 4540 quae
2536 4472 2603 4524 ad
2646 4472 2808 4525 Deum
2841 4472 3111 4540 pertinent.
3149 4472 3211 4523 Et
3240 4470 3366 4525 illud
3394 4486 3701 4525 commune.
3739 4467 3809 4523 Ut

2228 4562 2405 4629 o/Ierat
2433 4566 2566 4616 dona
2594 4574 2637 4617 et
2679 4564 2932 4630 sacriﬁcia
2956 4580 3045 4633 pro
3073 4564 3279 4633 populo.
3312 4564 3380 4617 Et
3426 4565 3527 4617 huc
3553 4579 3764 4633 quoque
3789 4604 3804 4628 ,

2229 4658 2321 4712 sed
2366 4673 2470 4711 non
2506 4666 2671 4711 totum
2712 4673 2871 4725 ιψιτυ
2918 4665 3124 4710 restant
3178 4667 3395 4721 autem,
3449 4670 3803 4725 nequaquam.

2233 4748 2330 4816 Qui
2357 4748 2623 4802 condolere
2650 4751 2802 4817 possit
2828 4749 2888 4802 iis
2913 4750 2997 4818 qui
3025 4749 3257 4818 ignorant
3286 4759 3329 4801 et
3352 4759 3541 4802 errant.
3580 4748 3673 4801 llic
3695 4748 3805 4816 jntn

2227 4850 2306 4895 est
2322 4841 2675 4908 exsuperatio.
2701 4839 2950 4904 Quoniam
2965 4841 3068 4910 ipse
3082 4841 3422 4894 circumdatus
3448 4850 3519 4893 est
3538 4840 3808 4907 infirmita-

2228 4939 2295 4997 te,
2320 4942 2364 4984 et
2392 4941 2596 5001 propter
2616 4948 2725 4983 eant
2750 4930 2912 4992 debet,
2932 4930 3353 4999 quemadmodum
3386 4948 3477 4999 pro
3495 4930 3701 4999 populo,
3735 4932 3807 4983 ita

2228 5022 2375 5075 etiam
2404 5039 2492 5092 pro
2506 5023 2667 5091 seipso
2683 5020 2864 5088 offerre
2886 5039 2979 5093 pro
2995 5024 3229 5089 peccatis.
3256 5023 3456 5077 Deinde
3471 5022 3613 5075 aliud
3631 5022 3802 5078 addit:

2228 5113 2333 5179 Fit,
2366 5113 2553 5184 inquit,
2585 5114 2652 5167 ab
2683 5114 2811 5175 alio,
2844 5123 2899 5168 ct
2929 5118 3042 5184 ipse
3072 5128 3175 5168 non
3206 5113 3421 5167 invadit.
3452 5113 3561 5167 Hoc
3594 5129 3806 5183 quoque

2228 5218 2306 5260 est
2329 5220 2631 5258 commune.
2662 5205 2713 5257 4.
2748 5202 2856 5258 Nec
2870 5205 3133 5273 quisquam
3154 5205 3249 5258 sibi
3266 5205 3699 5293 sumit‘honurem,
3719 5207 3807 5259 sed

2229 5298 2314 5367 qui
2342 5308 2544 5349 vocatur
2568 5314 2598 5348 α
2624 5295 2750 5360 Deo,
2782 5306 3035 5367 tamquam
3080 5298 3272 5351 Aaron.
3303 5297 3397 5351 llic
3436 5298 3577 5351 aliud
3612 5309 3763 5352 curat
3789 5342 3805 5364 ,

2229 5386 2513 5440 ustetulrns
2541 5387 2681 5456 quod
2713 5403 2741 5439 a
2774 5387 2881 5439 Deo
2906 5388 2975 5440 sit
3010 5388 3225 5442 missus.
3256 5387 3406 5453 Quod
3436 5389 3650 5456 quidem
3683 5406 3806 5443 cum

2226 5481 2423 5535 .ludccis
2445 5481 2715 5535 disserens
2742 5479 2954 5535 assidue
2984 5480 3197 5535 dicebat
3226 5480 3469 5535 Christus
3502 5499 3514 5533 :
3550 5481 3647 5549 Qui
3670 5484 3805 5535 misit

2227 5590 2324 5632 me.
2359 5576 2522 5638 maior
2552 5592 2628 5626 me
2657 5584 2727 5626 est
2778 5572 2956 5643 (Joan.
3001 5573 3055 5629 8.
3084 5574 3213 5643 £2);
3246 5583 3319 5639 et,
3370 5575 3412 5627 Α
3444 5589 3521 5629 me
3566 5577 3675 5645 ipso
3704 5591 3809 5627 nou

2227 5666 2355 5719 ueni.
2390 5666 2483 5718 llic
2502 5666 2626 5717 tniiti
2654 5665 2857 5720 videtur
2881 5666 3042 5721 etiam
3068 5668 3225 5721 tacite
3251 5666 3557 5722 Judazorttm
3585 5668 3808 5721 innuere

2226 5758 2551 5818 sacerdotes.
2573 5759 2658 5828 qui
2694 5760 3033 5827 invadebant,
3055 5769 3107 5814 et
3132 5759 3301 5829 legem
3324 5760 3594 5815 violabant
3622 5777 3803 5849 sacer-

2226 5850 2373 5901 dotii.
2412 5851 2459 5903 5.
2495 5850 2581 5902 Sir
2602 5862 2644 5903 rt
2675 5849 2904 5906 Christus
2936 5869 3034 5905 non
3066 5852 3384 5919 scuti-(ipsum
3412 5853 3710 5920 gloriﬁcavit
3750 5864 3806 5905 ut
