4112 6344
228 360 293 417 Sil
1082 352 1151 411 ιΝ
1190 349 1404 409 EPIST.
1448 349 1538 406 AD
1576 346 1823 407 DEBM

1922 379 1927 400 >
1985 353 2139 412 CAP.
2181 355 2248 414 Υ.
2287 353 2523 411 Ηοδιιι,
2573 353 2701 408 \lll.

3434 360 3505 418 70

244 480 476 551 pontifex
504 477 664 548 ﬁeret.
698 476 799 537 Ubi
828 490 957 550 ergo
996 477 1093 535 fuit
1134 478 1413 536 institutus
1433 488 1486 536 et
1508 480 1823 537 ordinatust

1922 484 2097 531 meam,
2122 474 2169 519 et
2196 472 2495 538 potestatem
2524 460 2683 515 habeo
2700 474 2878 514 rursus
2895 459 3175 531 recipiendi
3199 476 3314 515 eam
3337 479 3355 518 :
3392 462 3509 517 nul-

245 574 420 627 Aaron
436 572 581 627 enim
605 586 749 642 stupe
768 570 864 626 fuit
888 572 1163 627 institutus
1181 582 1237 627 et
1255 571 1557 639 ordinatus,
1580 584 1637 628 ut
1658 575 1711 629 iu
1728 576 1823 630 vir-

1922 562 1993 614 lus
2022 559 2155 615 tollit
2182 574 2294 612 eam
2319 572 2352 610 a
2377 572 2475 621 me,
2505 555 2595 609 sed
2612 568 2707 626 ego
2734 568 2846 607 eam
2876 568 3011 625 pono
3036 569 3069 606 a
3091 554 3288 624 ateipso
3325 552 3511 628 (locis.

242 680 326 734 εει,
347 674 400 721 et
415 666 630 736 quando
654 666 788 736 ignis
807 664 1105 729 descendit.
1125 675 1179 722 et
1194 680 1287 722 eos
1304 668 1391 738 qui
1413 666 1731 723 invadebant
1748 683 1823 724 sm

1922 654 1964 709 Ξ.
1996 653 2081 711 l9.
2112 662 2161 707 et
2190 650 2279 709 10.
2313 646 2424 721 18).
2455 646 2592 718 Quid
2623 654 2707 702 est
2746 644 2914 716 ergo?
2940 661 3231 736 quamnatn
3277 647 3348 708 ob
3376 662 3510 703 can.

239 757 542 814 cerdotium
557 774 588 813 e
604 758 781 815 medio
802 758 1050 814 sustulit:
1072 760 1159 814 hic
1180 768 1359 814 autem
1384 768 1593 825 contra,
1610 776 1717 816 non
1738 776 1833 818 so-

240 851 347 905 lum
374 851 453 907 eis
480 850 611 905 nihil
640 850 765 905 mali
793 851 1008 916 accidit,
1035 850 1131 907 sed
1163 851 1213 906 iu
1241 850 1380 906 bona
1407 860 1531 906 sunt
1557 852 1834 907 existima-

238 944 406 999 tione.
453 942 733 999 Undenam
773 944 947 1015 ergo?
980 943 1089 999 lloc
1131 943 1369 1000 ostendit
1411 959 1477 999 es
1523 944 1827 1015 prophetia.

234 1034 379 1091 Nihil
405 1035 567 1090 habet
591 1037 788 1091 sensile
818 1052 917 1092 nec
956 1036 1307 1106 aspectabile.
1341 1034 1466 1091 ideo
1492 1035 1595 1092 hoc
1624 1036 1828 1092 conﬁr-

236 1140 347 1183 mat
372 1144 438 1183 ex
463 1128 741 1198 prophetia
785 1139 928 1187 etes
956 1128 1149 1193 futuris
1182 1148 1196 1185 :
1231 1128 1339 1186 Sed
1368 1131 1457 1201 qui
1485 1130 1724 1200 loquutus
1748 1140 1826 1185 est

231 1219 295 1273 ad
331 1239 448 1273 eum
477 1230 496 1267 ι·
533 1222 696 1277 Filius
735 1241 875 1279 meus
912 1241 963 1279 es
985 1235 1059 1285 tu.
1094 1242 1183 1297 ego
1223 1225 1372 1280 hodie
1395 1228 1547 1297 genui
1588 1237 1653 1281 te.
1684 1226 1825 1297 Quid

234 1309 337 1365 hoc
362 1313 429 1365 ad
459 1311 696 1368 Filium?
736 1314 985 1382 Maxime,
1010 1314 1200 1386 inquit,
1226 1315 1328 1372 hoc
1345 1316 1413 1372 de
1434 1315 1573 1372 Filio
1594 1318 1821 1375 dictum.

231 1402 370 1471 Quid
397 1406 463 1461 ad
492 1410 838 1479 quaestionem
858 1409 1113 1466 confert?
1140 1412 1362 1466 Multum
1392 1431 1407 1467 :
1440 1410 1557 1469 hac
1579 1429 1658 1472 est
1682 1414 1823 1470 enim

232 1500 547 1566 prtecedens
578 1500 822 1570 probatio
850 1503 989 1573 quod
1026 1505 1099 1558 sit
1125 1518 1156 1559 a
1201 1504 1314 1561 Dco
1345 1505 1618 1560 institutus
1642 1514 1696 1562 et
1734 1521 1824 1561 or-

230 1588 466 1647 dicatus.
496 1592 551 1649 6.
583 1592 1021 1661 Quemadmodum
1047 1606 1094 1650 et
1118 1598 1170 1651 in
1199 1598 1302 1651 alio
1333 1598 1445 1651 loco
1469 1597 1592 1651 dicit
1626 1615 1639 1651 :
1670 1594 1750 1650 Tu
1778 1612 1833 1650 es

231 1683 473 1737 sacerdos
511 1685 563 1738 in
593 1695 840 1740 wternum
870 1687 1146 1742 secundum
1170 1690 1399 1744 ordinem
1429 1688 1821 1748 Melchisedech.

229 1774 328 1830 Cui
382 1785 565 1833 autem
617 1776 719 1834 hoc
755 1779 957 1835 dictum
982 1782 1109 1836 est?
1138 1783 1256 1853 quis
1282 1793 1367 1837 est
1408 1784 1702 1839 secundum
1738 1798 1823 1839 or-

228 1865 415 1923 dinem
475 1869 911 1927 Melchisedech?
963 1872 1153 1929 Nullus
1198 1875 1365 1941 alius;
1424 1890 1618 1932 omnes
1678 1876 1827 1932 enim

227 1968 387 2014 erant
427 1960 529 2015 sub
573 1962 711 2033 lege,
743 1978 933 2021 omnes
956 1964 1319 2022 observabant
1343 1967 1586 2032 sabbata,
1632 1983 1826 2027 omnes

229 2053 771 2110 circumcidebantur.
830 2058 948 2113 Non
992 2066 1171 2129 potest
1221 2060 1486 2130 quispiam
1542 2061 1706 2116 alium
1742 2062 1827 2118 di-

228 2161 376 2199 cere.
402 2148 457 2201 7.
493 2146 592 2215 Qui
636 2149 691 2201 in
745 2148 919 2206 diebus
956 2151 1128 2206 carnis
1174 2167 1302 2220 suat,
1346 2170 1519 2224 preces
1555 2154 1827 2227 supplica-

230 2236 491 2304 tionesque
537 2238 606 2293 ad
636 2256 769 2306 eum,
800 2242 887 2313 qui
933 2243 1092 2312 possit
1142 2243 1292 2297 illum
1336 2245 1535 2300 salvum
1588 2246 1758 2315 facere
1794 2263 1830 2301 α

229 2338 413 2396 marte,
457 2346 573 2383 cum
617 2331 842 2387 clamore
877 2334 1052 2388 valido
1091 2343 1139 2389 et
1184 2334 1422 2407 lacrymis
1449 2336 1689 2404 offerens,
1731 2355 1825 2395 es:-

228 2419 438 2473 anditus
476 2433 551 2474 est
597 2436 691 2491 pro
737 2438 831 2476 sua
881 2425 1177 2479 reuerentia.
1230 2425 1285 2481 8.
1338 2424 1408 2481 Et
1455 2428 1661 2497 quidem
1709 2445 1827 2483 cum

226 2520 354 2564 esset
407 2509 578 2566 Filius
631 2510 749 2579 Dei,
788 2514 967 2568 didicit
1014 2531 1077 2570 es
1110 2516 1175 2571 iis
1220 2532 1334 2586 quis
1363 2534 1542 2585 passus
1587 2527 1659 2573 est
1703 2519 1825 2574 obe-

228 2600 496 2655 dientiam.
526 2600 687 2658 Vides
731 2604 872 2675 quod
914 2605 1047 2661 nihil
1090 2606 1234 2662 aliud
1284 2608 1429 2675 facit,
1478 2624 1639 2681 quam
1677 2611 1821 2683 quod

227 2692 467 2748 ostendit
494 2709 650 2764 quam
682 2697 819 2767 gerit
870 2711 1055 2751 curam
1104 2709 1161 2754 et
1208 2715 1474 2756 summam
1502 2703 1827 2759 caritatem?

229 2781 365 2851 Quid
399 2783 544 2838 enim
575 2785 676 2839 sibi
707 2787 821 2841 vult
861 2788 1010 2854 illud,
1042 2788 1169 2845 Cum
1195 2791 1418 2846 clamore
1452 2792 1621 2848 calido
1643 2794 1669 2848 7
1692 2809 1825 2850 nus-

228 2890 390 2944 quam
422 2875 527 2931 hoc
569 2877 699 2933 dicit
737 2879 1109 2952 Evangelium,
1154 2898 1330 2954 neque
1374 2885 1516 2955 quod
1560 2901 1723 2945 orans
1754 2888 1825 2945 sit

228 2966 581 3037 lacrymatus,
628 2986 803 3041 neque
846 2972 989 3043 quod
1032 2974 1325 3030 clamorem
1376 2976 1625 3034 ediderit.
1662 2979 1826 3036 Vides

228 3061 372 3131 quod
406 3062 511 3118 hoc
531 3069 647 3117 erat
668 3064 748 3118 sui
777 3063 843 3118 ad
873 3074 1115 3120 nostrum
1139 3077 1353 3137 captum
1375 3068 1676 3126 demissio?
1705 3072 1824 3127 Non

227 3154 373 3208 cnim
410 3154 543 3209 satis
565 3153 755 3209 habuit
783 3155 960 3211 dicere
983 3158 1124 3227 quod
1147 3161 1215 3212 sit
1243 3170 1508 3228 precatus,
1536 3163 1629 3217 sed
1661 3165 1821 3219 etiam

228 3245 370 3316 quod
399 3261 521 3301 cum
540 3246 779 3304 clamore
809 3248 1007 3303 valido.
1041 3249 1106 3304 Et
1134 3251 1361 3317 auditus,
1394 3254 1583 3323 inquit,
1609 3273 1700 3325 pro
1730 3273 1826 3311 sua

229 3339 531 3392 reverentia.
568 3337 788 3417 Etiamsi
816 3349 940 3394 esset
970 3339 1161 3406 Filius,
1188 3343 1367 3397 didicit
1396 3362 1458 3399 ex
1484 3347 1547 3399 iis
1567 3362 1683 3416 que
1702 3365 1823 3419 pas-

229 3446 315 3485 sus
344 3440 421 3483 est
446 3426 803 3485 obedientiam.
838 3430 891 3486 9.
919 3431 985 3485 Et
1014 3446 1393 3489 consummatus
1418 3439 1583 3508 factus
1612 3450 1684 3492 cst
1710 3455 1823 3493 om—

231 3524 376 3577 nibus
420 3522 877 3592 obtemperantibus
902 3524 947 3577 ci
974 3541 1129 3579 causa
1156 3525 1337 3581 salutis
1360 3539 1582 3593 (sternte,
1612 3530 1697 3584 l0.
1731 3548 1826 3601 ap-

231 3613 454 3682 pellatus
478 3630 511 3667 a
549 3612 660 3668 Deo
706 3616 937 3686 pontifex
955 3616 1111 3687 juxta
1152 3618 1401 3671 ordincm-
1423 3619 1820 3675 Melchisedech.

234 3705 363 3760 Esto
392 3721 518 3760 cum
545 3705 785 3761 clamore
818 3724 831 3758 :
860 3720 957 3761 cur
983 3707 1143 3761 etiam
1178 3708 1397 3762 valido?
1432 3708 1627 3763 Etcum
1654 3712 1823 3783 lacrg-

230 3800 363 3866 mis,
405 3800 598 3869 inquit,
647 3798 901 3865 oﬂ'erens,
951 3801 1221 3855 exauditus
1265 3810 1337 3855 est
1380 3818 1471 3872 pro
1523 3805 1821 3857 reverentia.

230 3890 567 3946 Erubescant
596 3889 855 3953 bmretici.
910 3892 1000 3960 qui
1044 3906 1259 3949 carnem
1317 3902 1513 3961 negant
1547 3894 1642 3967 (ιι).
1684 3895 1823 3963 Quid

228 3983 367 4039 dicis
394 3982 421 4035 ’ἶ
459 3982 851 4037 exaudiebatur
896 3981 1061 4036 Filius
1115 3983 1204 4037 Dei
1253 3998 1351 4054 pro
1378 3986 1717 4041 reverentia?
1747 3988 1816 4041 lit

228 4085 356 4154 quid
384 4082 454 4139 de
482 4081 756 4152 prophetis
786 4079 903 4149 plus
930 4077 1210 4133 dixeritis?
1239 4078 1493 4142 Quaenam
1534 4085 1715 4129 autem
1736 4084 1818 4131 est

227 4172 617 4245 consequentia
639 4170 840 4234 dicere,
874 4169 1158 4225 Exauditae
1187 4184 1279 4238 pro
1301 4167 1577 4221 reverentia
1601 4186 1618 4229 ;
1645 4178 1695 4222 et
1726 4166 1821 4221 ad-

228 4267 383 4329 dere,
443 4262 658 4317 Etiamsi
705 4270 830 4316 esset
867 4259 1053 4321 Filius,
1086 4260 1261 4312 didicit
1304 4274 1367 4313 ex
1408 4258 1468 4311 iis
1495 4274 1608 4327 qui:
1637 4274 1817 4327 passus

229 4371 300 4411 cst
328 4355 661 4411 obedientiam
685 4353 709 4407 ?
734 4352 920 4407 haecne
965 4352 1032 4407 de
1064 4352 1173 4414 Deo
1198 4350 1392 4405 dixerit
1420 4352 1681 4422 quispiam
1704 4352 1728 4403 τ
1770 4362 1821 4405 et

229 4451 349 4518 quis
376 4447 514 4501 adeo
555 4444 873 4501 iusauierit?
903 4444 1021 4513 quis
1051 4453 1227 4495 autent
1258 4451 1451 4497 emota:
1479 4444 1671 4496 mentis
1706 4440 1821 4495 iimc

230 4542 393 4593 fuerit
420 4538 711 4608 loquutus?
751 4536 1059 4601 Exauditus,
1082 4537 1271 4604 inquit,
1300 4552 1392 4605 pro
1422 4536 1716 4597 reverentia,
1742 4535 1822 4588 di-

229 4635 351 4687 dicit
373 4648 437 4687 ex
462 4632 525 4684 iis
549 4647 663 4697 qua:
688 4646 867 4699 passus
888 4638 959 4681 est
979 4628 1333 4681 obedientiam.
1355 4627 1525 4694 Quam
1556 4628 1819 4682 obedien-

229 4727 386 4781 tiam?
417 4725 505 4794 qui
534 4738 702 4792 usque
731 4722 795 4775 ad
826 4732 1051 4776 mortem
1082 4731 1232 4775 antea
1262 4721 1514 4787 obcdivit,
1550 4730 1820 4791 tamquam

229 4819 370 4889 patri
405 4818 565 4877 lilius,
589 4813 856 4883 quomodo
885 4823 1065 4883 postea
1090 4812 1317 4865 didicit?

301 4910 360 4964 ‘3.
392 4909 553 4962 Vides
593 4907 695 4960 huc
733 4906 931 4961 dictum
975 4920 1093 4959 esse
1121 4906 1187 4958 de
1216 4905 1426 4959 carne?
1464 4906 1602 4975 quod
1642 4916 1819 4962 autem

235 5004 365 5058 dicit
417 5014 499 5055 cst
543 4998 871 5067 huiusmodi.
924 4997 1019 5051 Dic
1063 4996 1213 5062 mihi,
1264 4997 1554 5066 rogabatne
1608 4998 1820 5052 Patrem

230 5108 289 5151 ut
333 5102 642 5151 servaretur
698 5106 726 5143 τι
779 5098 974 5153 morte,
1029 5097 1083 5143 et
1132 5096 1415 5157 propterea
1456 5098 1571 5142 erat
1628 5090 1818 5153 tristis,

226 5166 524 5244 et'dicebat
555 5200 567 5236 :
604 5181 663 5237 Si
695 5180 929 5251 possibile
956 5190 1045 5245 est,
1076 5189 1296 5234 transeat
1344 5196 1375 5233 a
1413 5196 1494 5233 me
1548 5179 1683 5234 calix
1731 5182 1823 5234 iste

231 5278 475 5352 (Matth.
516 5275 612 5330 5:6.
654 5273 723 5332 39
753 5272 807 5341 )?
857 5288 954 5342 pro
1004 5272 1402 5327 resurrectione
1450 5282 1627 5327 autem
1690 5286 1822 5327 nus-

229 5386 392 5440 quam
446 5366 623 5422 oravit
674 5366 905 5429 Patrem,
959 5362 1051 5419 sed
1090 5372 1275 5418 contra
1316 5363 1431 5433 ipse
1470 5362 1819 5433 pronuntiat,

228 5465 417 5519 dicens
444 5479 457 5516 :
491 5459 685 5516 Solcile
713 5456 957 5527 templum
1001 5456 1116 5520 hoc,
1148 5466 1191 5510 ct
1218 5457 1268 5509 in
1298 5456 1455 5511 tribus
1481 5456 1658 5511 diebus
1688 5460 1825 5511 exci-

228 5558 347 5612 tabo
396 5558 603 5625 ipsum;
647 5560 731 5618 et,
784 5549 1088 5605 Potestatcm
1128 5549 1287 5604 Imbco
1332 5548 1555 5617 ponendi
1599 5550 1824 5603 animam

287 5711 619 5784 (θητεύω
645 5707 710 5760 ί¹¹¹
734 5710 1041 5784 “Nam”?!
1060 5703 1558 5784 E‘Fiiibi‘litiLﬁPi“
1579 5708 1660 5784 31'“
1677 5706 1820 5784 fil"?

621 5769 790 5835 specie
804 5776 989 5819 tantum
1001 5780 1197 5817 carnem
1208 5769 1546 5829 mmpsisse,
1560 5769 1623 5816 dc
1644 5770 1821 5831 quitus

224 5860 385 5911 supra.

552 5950 825 6008 PATIOI'..
875 5949 989 6001 tiu.
1033 5943 1236 6003 LXIII.

1910 764 2024 802 sam
2057 740 2421 817 precabatur?
2450 740 2520 797 Et
2562 755 2750 795 rursus
2796 733 3013 795 dicebat
3042 757 3055 793 :
3090 738 3223 794 Ecce
3269 740 3480 795 ascendi

1910 857 2022 894 mus
2050 836 2449 909 Jerosolgnsam,
2481 844 2528 890 et
2558 832 2604 888 F
2606 834 2728 889 ilius
2752 834 2976 888 hominis
3004 834 3231 887 tradetur
3253 834 3508 905 ponti/ici-

1908 933 1999 988 bus
2026 941 2074 988 et
2105 931 2306 996 scribis,
2334 938 2383 984 et
2410 926 2817 984 condemnabsmt
2843 941 2956 981 eum
3000 936 3179 992 morte,
3221 935 3271 980 et
3309 927 3513 981 tradent

1907 1043 2022 1081 eum
2050 1024 2281 1097 gentibus
2301 1022 2372 1076 ad
2399 1020 2723 1077 illudendum
2745 1028 2792 1075 et
2816 1019 3191 1090 ﬂagellandum
3222 1028 3269 1072 et
3298 1020 3510 1088 cruciﬁ-

1905 1118 2146 1191 gendum,
2176 1126 2224 1172 et
2260 1116 2407 1170 tertia
2427 1114 2511 1168 die
2534 1121 2767 1183 resurget
2789 1110 3010 1182 (Matth.
3041 1110 3133 1167 20.
3166 1107 3277 1184 18).
3309 1111 3373 1165 Ει
3398 1126 3507 1166 non

1906 1212 2061 1278 dixit,
2091 1210 2252 1268 Pater
2279 1223 2368 1265 me
2410 1206 2569 1262 faciet
2611 1202 3233 1275 resurgere.eQuomodo
3276 1218 3405 1273 ergo
3440 1202 3509 1259 de

1904 1318 1972 1361 eo
1994 1302 2358 1376 precabatur?
2380 1300 2486 1357 Sed
2524 1315 2622 1371 pro
2666 1299 2862 1369 quibus
2908 1296 3235 1368 precabatur
3260 1296 3285 1352 τ
3313 1312 3411 1368 pro
3440 1296 3510 1353 iis

1905 1398 1994 1470 qui
2024 1398 2078 1452 in
2106 1396 2282 1467 ipsum
2312 1394 2677 1450 crediderant.
2720 1390 2875 1460 Quod
2914 1399 3095 1446 autem
3123 1389 3256 1447 dicit
3298 1402 3380 1447 est
3409 1390 3509 1446 hu—

1906 1484 2143 1556 iusmodi
2177 1483 2400 1540 :Facile
2446 1484 2755 1540 exauditur.
2807 1482 2943 1538 Nam
2995 1481 3252 1553 quoniam
3301 1481 3370 1535 de
3418 1478 3512 1534 illo

1910 1579 2149 1634 nondum
2195 1577 2467 1635 habebant
2509 1592 2629 1633 eam
2660 1591 2821 1648 quam
2868 1590 2967 1646 par
3009 1583 3127 1630 erat
3157 1572 3465 1644 opinionem
3490 1612 3508 1636 .

1909 1671 2193 1728 dixitcum
2228 1669 2396 1726 fuisse
2424 1670 2761 1735 exauditam,
2790 1668 2932 1723 sicut
2958 1666 3075 1737 ipse
3102 1677 3315 1737 quoque
3343 1660 3511 1720 disci.

1913 1765 2068 1835 pulos
2094 1762 2384 1819 consolans
2410 1762 2625 1819 dicebat
2660 1777 2673 1815 :
2709 1760 2770 1816 Si
2799 1776 2880 1814 me
2899 1759 3202 1830 diligeretis,
3225 1754 3515 1829 gaudentis

1910 1854 2103 1926 utique,
2132 1855 2374 1927 quoniam
2414 1853 2483 1907 ad
2524 1852 2736 1910 Patrem
2773 1866 2940 1906 meum
2988 1850 3141 1915 vado,
3186 1849 3309 1919 quia
3355 1844 3515 1900 Pater

1910 1949 2080 2021 major
2126 1964 2207 2002 me
2232 1956 2304 2002 est
2326 1945 2522 2016 (Joan.
2556 1947 2645 2002 Η.
2675 1944 2747 2001 28
2769 1943 2811 2011 ).
2844 1942 3129 2013 Quomodo
3172 1950 3351 1997 autem
3405 1954 3513 1995 non

1912 2044 2150 2112 seipsum
2190 2040 2534 2112 glorillcavit,
2566 2039 2656 2111 qui
2702 2039 2941 2109 scipsum
2974 2036 3258 2092 exinaniit.
3302 2034 3392 2105 qui
3424 2049 3515 2087 se-

1914 2132 2086 2203 ipsum
2135 2132 2390 2187 tradidit?
2429 2130 2666 2187 Tradidit
2714 2131 2881 2197 enim,
2912 2128 3118 2201 inquit,
3162 2135 3382 2203 seipsum
3422 2141 3519 2197 pro

1914 2226 2134 2299 peccatis
2178 2227 2367 2283 nostris
2406 2224 2550 2298 (Gal.
2584 2227 2635 2280 Ι.
2669 2224 2763 2297 ι);
2807 2234 2862 2280 et
2883 2238 3101 2290 rursus,
3135 2222 3237 2290 Qui
3263 2220 3401 2276 dedit
3438 2237 3519 2276 δικ

1914 2324 2081 2394 ipsum
2104 2322 2500 2393 redemptionem
2527 2338 2620 2391 pro
2642 2321 2877 2375 omnibus
2902 2318 3047 2374 nobis
3074 2318 3153 2389 (ι.
3180 2316 3314 2373 Tim.
3343 2315 3401 2371 2.
3431 2314 3513 2379 6).

1916 2413 2054 2484 Quid
2098 2429 2228 2483 ergo
2254 2413 2383 2469 est?
2414 2413 2578 2469 Vides
2623 2412 2764 2483 quod
2810 2420 3036 2483 propter
3078 2425 3300 2466 carnem
3346 2409 3413 2465 de
3458 2423 3521 2463 se

1919 2507 2156 2579 loquitur
2194 2507 2415 2561 humilia
2443 2507 2466 2559 ?
2494 2507 2567 2560 Ita
2597 2505 2688 2561 hic
2730 2520 2964 2576 quoque,
2995 2504 3205 2559 etiamsi
3236 2512 3382 2559 esset
3425 2501 3518 2556 Fi-

1919 2600 2041 2668 lius,
2073 2599 2359 2656 exauditus
2408 2598 2508 2653 fuit
2544 2613 2641 2668 pro
2689 2613 2784 2653 sua
2834 2597 3137 2654 reverentia
3173 2616 3187 2656 :
3218 2595 3332 2651 vult
3372 2595 3519 2650 enim

1917 2694 2203 2750 ostendere
2229 2693 2279 2747 id
2305 2692 2447 2762 quod
2474 2700 2686 2762 gestum
2718 2700 2801 2746 est
2825 2690 2992 2759 inagis
3023 2703 3144 2744 esse
3173 2704 3308 2758 ονιιε
3337 2702 3519 2751 suum,

1919 2804 2079 2860 quam
2107 2787 2202 2843 Dci
2247 2786 2455 2858 gratim.
2485 2785 2677 2851 Tanta,
2710 2784 2901 2856 inquit,
2932 2782 3029 2838 fuit
3054 2784 3173 2853 ejus
3217 2780 3523 2837 reverentia

1920 2898 1982 2938 ac
2010 2882 2201 2955 pietas,
2232 2888 2291 2934 ut
2318 2879 2444 2933 ideo
2472 2894 2595 2934 eum
2625 2886 2968 2934 revereretur
2995 2876 3159 2931 Deus.
3193 2874 3407 2941 Didicit,
3438 2874 3523 2927 in-

1922 2975 2058 3045 quit,
2106 2973 2221 3030 Deo
2249 2972 2491 3027 obedire.
2524 2971 2622 3026 Hic
2664 2984 2854 3026 rursus
2882 2968 3121 3025 ostendit
3167 2978 3426 3040 quantum
3455 2967 3525 3022 sit

1922 3069 2130 3124 lucrum
2162 3066 2592 3136 perpessionum.
2616 3064 2682 3119 Et
2707 3072 3107 3129 consummatus,
3131 3063 3323 3134 inquit,
3357 3065 3524 3135 [actus

1923 3171 1994 3217 est
2024 3160 2255 3215 omnibus
2282 3158 2742 3229 obtemperantibus
2770 3158 2815 3211 ei
2832 3173 2991 3211 causa
3020 3156 3220 3211 salutis.
3254 3154 3308 3211 Si
3341 3163 3523 3210 autem

1923 3255 2035 3317 ille,
2063 3268 2183 3309 cum
2212 3260 2360 3308 esset
2384 3250 2574 3314 Filius,
2602 3264 2667 3305 es
2698 3248 3141 3319 perpessionibus
3178 3247 3417 3303 lucratus
3443 3258 3529 3304 cst

1924 3355 1982 3400 ut
2029 3343 2295 3406 obediret,
2341 3342 2513 3397 multo
2560 3342 2731 3412 magis
2780 3356 2899 3395 nos.
2945 3339 3108 3395 Vides
3153 3356 3313 3408 quam
3359 3341 3525 3396 multa

1923 3436 2063 3491 dicat
2093 3435 2161 3491 de
2190 3434 2519 3499 obedientia,
2552 3444 2610 3488 ut
2640 3434 2738 3503 ipsi
2769 3434 3237 3504 persuadeantur?
3267 3434 3528 3491 Videntur

1925 3527 2070 3583 enim
2119 3525 2248 3581 mihi
2280 3517 2585 3595 frequenter
2630 3523 2871 3580 habenas
2916 3532 3173 3580 excutere
3220 3541 3321 3581 nec
3370 3526 3533 3581 dictis

1925 3620 2302 3689 obtemperare
2334 3636 2347 3671 :
2380 3616 2484 3671 hoc
2504 3618 2648 3672 enim
2672 3616 3063 3683 subindicavit,
3088 3617 3302 3685 dicens,
3334 3619 3533 3690 chnes

1926 3712 2048 3782 {acti
2075 3709 2193 3764 estis
2231 3708 2298 3762 ad
2342 3708 2677 3762 audiendum.
2711 3707 2790 3762 Ex
2820 3708 2885 3762 iis
2914 3723 3036 3779 qua:
3081 3724 3275 3779 passus
3301 3720 3406 3777 est,
3451 3712 3533 3765 in-

1926 3802 2061 3872 quit,
2083 3800 2423 3855 continenter
2458 3798 2648 3854 didicit
2675 3799 2784 3854 Deo
2811 3798 3056 3855 obedire.
3092 3800 3160 3855 Et
3204 3818 3532 3857 consumma—

1926 3901 2007 3946 tus
2048 3908 2067 3944 :
2112 3905 2207 3961 per
2235 3890 2533 3960 passiones,
2564 3890 2754 3961 inquit.
2781 3890 2896 3947 Hoc
2919 3900 3003 3946 est
3026 3907 3157 3963 ergo
3182 3908 3532 3950 consumma-

1929 3982 2025 4048 tio,
2054 3990 2110 4037 et
2134 3997 2230 4051 per
2261 3982 2365 4035 hoc
2394 3982 2578 4037 venire
2617 3992 2831 4051 oportet
2857 3982 2922 4037 ad
2970 3985 3380 4052 perfectionem.
3415 3987 3532 4043 Non

1936 4079 2108 4132 solum
2156 4078 2270 4146 ipse
2316 4076 2497 4129 salvus
2526 4073 2715 4137 evasit,
2764 4069 2861 4126 sed
2908 4070 3010 4125 hoc
3056 4069 3219 4123 etiam
3264 4068 3365 4124 fuit
3412 4066 3534 4123 aliis

1936 4171 2086 4240 copia
2120 4170 2339 4225 salutis:
2362 4169 2751 4222 Consummatus
2765 4165 2911 4221 enim
2944 4163 3039 4235 fuit
3058 4163 3528 4231 obtemperantibus

1938 4262 2033 4325 ipsi
2071 4277 2230 4313 causa
2270 4260 2449 4313 salutis
2488 4267 2710 4312 (sternte.
2743 4256 3067 4327 Appellatus,
3115 4256 3305 4325 inquit,
3343 4272 3375 4307 a
3423 4251 3530 4307 Dec

1940 4352 2171 4422 pontifex
2196 4350 2475 4405 secundum
2502 4348 2737 4403 ordinem
2768 4346 3163 4405 Melchisedech.
3204 4347 3287 4400 ll.
3324 4345 3401 4399 De
3433 4362 3531 4415 qua

1938 4442 2080 4496 nobis
2118 4441 2329 4513 grandis
2372 4457 2537 4494 sermo
2562 4449 2609 4493 et
2652 4438 3102 4511 ininterpretabilis
3145 4438 3213 4489 ad
3240 4436 3531 4490 dicendum.

1944 4533 2276 4587 Deducturus
2326 4531 2623 4587 orationem
2675 4531 2741 4585 ad
2792 4530 3150 4585 differentiam
3206 4529 3531 4587 sacerdOtii,

1939 4628 2088 4696 prius
2117 4641 2210 4681 eos
2257 4626 2521 4695 increpat,
2567 4623 2860 4679 ostendens
2886 4623 3027 4693 quod
3062 4631 3170 4676 tam
3216 4638 3405 4692 magna
3450 4622 3535 4675 sui

1938 4719 2199 4773 demissio
2225 4721 2298 4772 sit
2335 4720 2454 4783 lac;
2490 4729 2541 4771 ct
2563 4718 2703 4788 quod
2742 4718 2812 4771 illi
2842 4718 2949 4769 sint
2972 4714 3226 4783 infantes,
3248 4716 3417 4785 magis
3450 4725 3534 4769 est

1939 4812 2255 4865 immoratns
2286 4812 2337 4864 in
2371 4810 2557 4864 humili
2605 4811 2694 4879 qui
2722 4819 2805 4863 est
2834 4809 3130 4863 secundum
3176 4824 3396 4863 carnem
3426 4822 3530 4862 ser-

1938 4918 2114 4964 mone,
2148 4914 2201 4956 et
2234 4903 2469 4972 loquitur
2516 4913 2785 4971 tamquam
2830 4905 2897 4956 de
2936 4902 3166 4972 quodam
3192 4903 3355 4970 justo.
3396 4901 3530 4956 Vide

1934 5005 2110 5048 autem
2146 5013 2156 5046 :
2190 5009 2289 5048 nec
2329 4994 2549 5047 omnino
2603 4995 2859 5063 praeteriit
2907 5010 3017 5047 rem
3062 4994 3301 5058 silentio,
3354 5009 3530 5063 neque

1945 5090 2079 5143 dixit
2112 5106 2120 5141 :
2154 5103 2273 5141 nam
2307 5088 2433 5142 illud
2466 5090 2678 5157 quidem
2706 5086 2828 5141 fecit
2854 5094 2911 5139 ut
2940 5095 3173 5141 mentem
3208 5101 3391 5141 eorum
3422 5088 3532 5141 eri-

1930 5190 2098 5250 geret,
2129 5189 2180 5232 et
2230 5180 2578 5249 persuaderet
2625 5189 2681 5233 ut
2722 5188 2903 5235 essent
2952 5177 3204 5249 perfecti,
3238 5189 3292 5234 et
3318 5182 3525 5251 magnis

1931 5290 2035 5327 non
2082 5274 2420 5343 privarentur
2464 5272 2842 5341 dogmatibus;
2876 5272 2976 5326 hoc
3020 5281 3198 5327 autem
3249 5273 3394 5338 fecit,
3461 5290 3526 5328 ne

1928 5367 2183 5422 obrueret
2212 5382 2398 5423 eorum
2431 5366 2860 5436 intelligentiam.
2906 5363 2984 5419 De
3006 5381 3103 5434 quo
3133 5364 3273 5418 nobis
3312 5368 3525 5437 grandis

1927 5478 2112 5525 scrmo,
2154 5460 2343 5531 inquit,
2378 5468 2424 5512 et
2461 5456 2910 5527 ininterpretabilt's
2957 5457 3026 5508 ad
3069 5456 3359 5521 dicendum,
3388 5474 3521 5525 quo.

1926 5556 2064 5605 niam
2090 5553 2363 5605 imbecilles
2394 5551 2517 5620 facti
2544 5551 2663 5603 estis
2691 5549 2759 5602 ad
2797 5549 3126 5602 audiendum.
3156 5548 3419 5615 Quoniam
3448 5550 3520 5604 illi

1926 5661 2031 5701 non
2064 5645 2311 5709 audiunt,
2342 5654 2623 5714 propterea
2675 5649 2761 5697 est
2789 5643 2963 5697 oratio
2990 5640 3228 5696 diliicilis
3258 5641 3323 5696 ad
3355 5642 3521 5696 inter-

1926 5736 2263 5809 pretandum.
2299 5734 2526 5804 Quando
2550 5734 2693 5789 eiiim
2723 5735 2880 5789 alicui
2912 5750 2997 5790 res
3024 5743 3107 5790 est
3135 5749 3256 5789 cum
3289 5735 3521 5790 homini-

1926 5833 2021 5886 bus
2039 5833 2129 5902 qui
2150 5847 2255 5885 ucu
2273 5840 2631 5900 assequuntur
2648 5844 2746 5885 nec
2770 5828 3077 5902 intelligunt
3098 5846 3220 5899 quae
3240 5831 3513 5895 dicuntur,

3175 5939 3212 5999 5
