4112 6344
590 359 647 414 τι

599 476 643 523 ῖς
674 486 775 524 non
822 476 995 538 potest
1025 466 1101 519 eis
1128 471 1272 517 recte
1323 454 1672 525 interpretari.
1706 450 1807 506 Sed
1856 450 1986 503 forte
2011 450 2157 518 quis-

598 565 733 629 piam
783 577 850 614 ex
900 557 1069 621 vobis,
1120 554 1206 623 qui
1240 550 1324 604 hic
1364 547 1533 608 statis,
1563 544 1776 613 caligat,
1826 550 1879 594 ct
1907 539 2157 592 damnum

597 627 704 707 rem
752 668 871 708 csse
902 649 1187 711 existimat,
1216 644 1259 697 si
1303 643 1414 711 ipse
1462 644 1679 707 propter
1708 633 1959 686 Hebraeos
2003 627 2161 683 fuerit

598 748 883 817 impeditus
927 756 994 797 ne
1052 749 1351 793 sermonem
1402 731 1709 799 loqueretur
1765 722 2157 793 perfectiorctn.

596 845 634 891 it
648 851 656 889 t
669 812 769 907 que
790 839 919 889 forte
933 831 1141 903 quidem
1163 828 1246 882 hic
1262 837 1493 896 quoque,
1514 825 1706 888 przeter
1728 827 1942 885 paucos,
1967 812 2160 865 multos

597 905 786 998 opinor
808 940 923 981 csse
953 925 1104 985 tales,
1126 930 1183 974 ut
1203 918 1303 971 hoc
1326 914 1483 971 etiam
1515 909 1582 963 de
1603 908 1749 960 vobis
1776 905 1981 959 dicatur
2001 919 2013 954 :
2034 915 2161 970 pro-

600 1032 711 1089 ιιιυι·
740 1031 932 1088 paucos
962 1024 1137 1067 autem
1168 1010 1363 1064 dicam.
1401 999 1663 1070 Numquid
1704 1011 1830 1067 ergo
1860 1006 2161 1048 sermonem

595 1084 806 1164 silentio
839 1104 1111 1176 prteteriit,
1138 1109 1230 1155 aut
1258 1112 1379 1153 eum
1410 1109 1594 1149 rursus
1617 1087 1842 1157 sumpsit
1868 1087 1921 1139 in
1946 1084 2012 1139 iis
2041 1098 2160 1153 quin

601 1200 847 1261 deinceps
873 1206 1186 1266 sequuntur,
1207 1200 1262 1248 et
1288 1191 1424 1246 idem
1458 1188 1583 1243 fecit
1602 1185 1741 1257 quod
1763 1184 1816 1238 in
1845 1180 2081 1253 Epistola
2098 1176 2165 1232 ad

607 1287 914 1346 Romanos?
942 1302 1062 1341 nam
1095 1286 1205 1339 illic
1247 1295 1479 1352 quoque,
1525 1292 1645 1332 cum
1676 1289 1738 1330 os
1782 1272 1929 1344 prius
1951 1269 2171 1325 obstru-

602 1386 769 1439 sisset
796 1377 1303 1438 contradicentibus,
1337 1381 1390 1427 et
1432 1370 1681 1433 dixisset,
1718 1365 1762 1419 Ο
1784 1370 1951 1423 homo,
1983 1370 2034 1413 tu
2059 1372 2176 1429 quis

605 1492 655 1528 es
679 1474 763 1543 qui
803 1471 1107 1541 respondeas
1141 1465 1249 1519 Deo
1280 1462 1455 1534 (Rom.
1484 1460 1539 1515 9.
1581 1457 1719 1527 20)?
1748 1465 1873 1510 tunc
1903 1451 2176 1543 subjuugtt

605 1542 948 1619 solutionem.
984 1561 1092 1631 Ego
1134 1568 1309 1612 autem
1352 1562 1479 1624 puto
1525 1563 1696 1621 neque
1742 1548 1913 1617 ipsum
1955 1542 2176 1599 omnino

608 1656 820 1711 silentio
840 1652 1179 1724 pneteriisse,
1203 1661 1373 1717 neque
1394 1643 1612 1709 dixisse,
1644 1651 1700 1694 ut
1723 1639 1993 1694 auditores
2021 1633 2177 1688 indu-

608 1758 695 1802 cat
724 1748 775 1800 in
804 1743 1143 1801 desiderium.
1172 1739 1301 1795 Nam
1324 1752 1444 1792 cum
1473 1732 1856 1796 admonuisset,
1882 1738 1936 1785 et
1955 1726 2178 1782 dixisset

610 1855 799 1909 magna
830 1837 1069 1907 qumdam
1098 1848 1216 1889 esse
1246 1832 1343 1886 sita
1376 1831 1426 1884 in
1456 1840 1723 1889 sermone,
1755 1823 1876 1878 vide
1906 1818 2175 1892 quomodo

610 1948 731 1985 eum
760 1931 913 1985 laude
950 1943 1044 1984 eos
1071 1928 1326 1994 increpet.
1359 1922 1469 1976 lloc
1508 1918 1649 1973 enim
1672 1930 1883 1983 semper
1909 1920 1991 1967 est
2032 1910 2179 1965 Pauli

612 2026 905 2095 sapientia},
928 2020 1165 2077 difﬁcilia
1187 2033 1247 2072 ac
1268 2015 1492 2070 molesta
1512 2012 1736 2065 miseere
1755 2022 1876 2061 eum
1900 2003 2175 2073 benignis:

615 2092 751 2186 quini
771 2115 928 2168 etiam
955 2110 1140 2165 facitin
1163 2106 1393 2177 Epistola
1412 2104 1475 2157 ad
1492 2102 1722 2162 Galatas,
1747 2098 1930 2152 dicens
1959 2111 1971 2147 :
2000 2092 2185 2149 Curre—

615 2183 742 2259 batis
769 2206 886 2258 bene
914 2218 930 2255 :
956 2201 1066 2271 quis
1098 2214 1183 2251 vos
1215 2193 1469 2265 impedit-it
1492 2190 1685 2262 (Galat.
1710 2188 1763 2242 5.
1799 2186 1890 2253 7)?
1917 2193 1989 2247 ct,
2018 2183 2184 2237 Tanta

616 2300 751 2367 passi
782 2296 899 2350 estis
937 2295 1044 2347 sine
1067 2307 1217 2345 causa
1238 2289 1262 2342 .9
1282 2288 1324 2341 si
1350 2296 1515 2338 tamen
1557 2283 1663 2335 sine
1704 2294 1859 2333 causa
1894 2276 1911 2348 (
1935 2275 2103 2329 Galat.
2129 2275 2183 2329 5.

617 2364 673 2457 d)
699 2407 715 2455 ;
745 2396 819 2450 et,
867 2386 977 2454 Ego
1027 2384 1089 2436 de
1139 2379 1274 2435 vobis
1315 2375 1515 2444 conﬁdo
1545 2375 1594 2425 in
1644 2370 1860 2423 Domino
1904 2365 2101 2436 (Colat.
2129 2364 2185 2419 5.

783 2476 934 2545 Quod
992 2474 1076 2528 his
1120 2484 1330 2541 quoque
1386 2464 1511 2519 dicit
1546 2481 1557 2516 :
1589 2461 1899 2528 Con/idiotas
1944 2457 2007 2509 de
2053 2454 2188 2510 vobis

617 2547 863 2628 meliora.
921 2575 965 2619 et
1033 2563 1274 2617 viciniora
1340 2556 1494 2611 saluti
1556 2552 1756 2624 (Hebr.
1810 2549 1863 2603 6.
1920 2547 2017 2617 9).
2076 2547 2189 2601 Duo

616 2676 745 2732 ergo
791 2659 905 2713 hac
961 2654 1123 2709 facit:
1154 2666 1326 2720 neque
1376 2646 1533 2701 nimis
1580 2641 1840 2705 intendit,
1883 2652 2058 2708 neque
2112 2637 2191 2692 si-

620 2730 697 2808 nit
739 2768 833 2807 eos
878 2748 1178 2805 concidere.
1224 2744 1406 2798 Recte.
1438 2738 1570 2795 Nam
1602 2736 1646 2791 si
1682 2736 1905 2789 aliorum
1952 2730 2190 2801 exempla

619 2845 888 2899 sufﬁciunt
918 2840 982 2894 ad
1020 2836 1356 2893 excitandum
1399 2832 1717 2891 auditorem,
1748 2838 1798 2883 et
1825 2826 1890 2881 ad
1918 2825 2191 2880 adducen-

622 2939 744 2989 dum
791 2934 855 2986 ad
887 2931 1279 2984 :enmlationem
1315 2943 1328 2979 :
1360 2920 1573 2993 quando
1614 2922 1730 2988 quis
1772 2918 1932 2970 habet
1959 2930 1988 2967 a
2019 2914 2195 2982 seipso

624 3027 945 3096 exetnplnm,
980 3032 1034 3076 et
1059 3022 1275 3089 jubetur
1320 3017 1550 3087 seipsnm
1592 3010 1852 3075 mmnlari,
1891 3000 2056 3062 mitlto
2088 3023 2197 3060 ma—

623 3121 703 3187 gis
732 3115 996 3169 inducitur
1044 3110 1307 3172 doctrina,
1352 3115 1409 3160 ut
1454 3103 1566 3157 ﬁeri
1612 3110 1804 3171 potest.
1843 3100 1906 3153 Et
1937 3099 2035 3152 hoc
2066 3112 2193 3166 ergo

625 3206 875 3268 ostendit,
923 3218 1093 3271 neque
1123 3200 1246 3253 sinit
1277 3212 1369 3251 eos
1409 3204 1677 3263 tamquam
1718 3190 1869 3244 valde
1915 3188 2196 3243 damnatos

625 3298 927 3359 eoneilere,
962 3308 1060 3348 nec
1103 3300 1157 3343 ut
1198 3289 1286 3358 qui
1325 3300 1537 3354 semper
1584 3283 1692 3338 sint
1738 3281 1882 3346 mali,
1934 3278 2195 3349 sedquod

628 3395 784 3448 etiam
811 3386 1090 3457 aliquando
1123 3384 1317 3437 fuerint
1340 3380 1482 3434 boni.
1514 3377 1597 3430 12.
1632 3375 1830 3428 Etenim
1862 3390 1972 3425 cum
1999 3372 2199 3426 debere-

628 3490 689 3539 tis
702 3500 805 3538 esse
824 3479 1051 3550 magistri
1072 3485 1273 3546 promer
1301 3482 1514 3540 tempus,
1538 3466 1725 3537 inquit.
1748 3463 1988 3519 Ostendit
2005 3464 2087 3516 hic
2110 3477 2202 3517 eos

633 3580 787 3644 longo
816 3582 937 3624 ante
970 3580 1208 3636 temporc
1238 3562 1527 3617 credidisse
1560 3578 1571 3611 :
1605 3556 1837 3611 ostendit
1876 3556 2035 3608 etiam
2063 3553 2201 3622 quod

633 3672 788 3722 uliuttt
818 3664 952 3717 alios
981 3661 1210 3714 debeant
1238 3649 1679 3710 instituereNide
1706 3662 1831 3716 ergo
1849 3662 1968 3701 eum
1997 3645 2203 3698 assidue

653 3750 933 3819 parturire,
986 3757 1041 3800 nt
1082 3745 1382 3799 introdneat
1410 3756 1709 3796 sermonem
1753 3742 1819 3791 de
1851 3741 2117 3806 pontiﬁce,
2166 3744 2216 3788 et

652 3854 862 3894 semper
907 3837 1140 3891 differre.
1199 3835 1333 3889 Audi
1385 3835 1525 3888 enim
1579 3830 1847 3900 quomodo
1912 3827 2215 3896 inceperit:

658 3928 903 3981 [labentes
930 3927 1212 3996 pontiﬁcem
1243 3939 1501 3992 magnum,
1532 3923 1615 3989 qui
1653 3919 1925 3989 penetravit
1951 3918 2099 3969 cados
2122 3932 2139 3979 ,'
2165 3925 2221 3969 ct

654 4038 769 4073 t'ttttt
819 4017 1243 4087 prmtermisisset
1282 4015 1463 4069 dicere
1492 4012 1762 4083 quomodo
1793 4025 2063 4079 magnum,
2098 4024 2219 4062 rur-

654 4129 741 4162 sus
765 4111 929 4162 dicit:
965 4106 1140 4161 Omnis
1167 4107 1297 4158 enint
1340 4105 1567 4171 pontifex
1609 4119 1670 4156 ea:
1700 4102 1980 4154 hominibus
2022 4116 2221 4153 assunt-

657 4214 786 4268 ptus,
813 4216 899 4265 pro
918 4199 1195 4267 [tonitribus
1213 4197 1526 4249 constituitur
1542 4196 1592 4246 in
1610 4194 1669 4246 iis
1689 4209 1797 4260 qua:
1817 4203 1931 4245 sunt
1949 4194 2015 4244 ad
2042 4192 2221 4257 Deum;

658 4303 709 4344 ct
737 4305 944 4353 rursus,
975 4289 1062 4342 Sic
1094 4289 1241 4340 etiam
1288 4285 1517 4339 Christus
1549 4302 1646 4338 non
1672 4286 1887 4353 seipsum
1921 4283 2223 4353 gloriﬁcavit

658 4391 710 4433 ut
742 4381 877 4447 ﬁeret
908 4380 1151 4449 pontifex.
1186 4378 1247 4430 Et
1288 4377 1474 4430 iterum
1507 4391 1625 4428 eum
1672 4366 1913 4436 dixisset,
1952 4373 2026 4427 Tu
2065 4390 2115 4427 es
2141 4390 2226 4426 sa-

657 4473 829 4524 cerdos
872 4471 923 4521 in
961 4480 1199 4522 attentum
1242 4469 1511 4519 secundum
1539 4465 1763 4518 ordinem
1808 4463 2225 4525 Mefchisedech;

660 4574 841 4614 rursus
867 4558 1062 4619 differt,
1086 4558 1266 4611 dicens
1300 4576 1312 4609 :
1347 4556 1444 4621 Qui
1474 4556 1523 4609 in
1546 4556 1717 4609 diebus
1738 4556 1901 4607 carnis
1928 4572 2032 4607 sua:
2056 4569 2223 4624 preces

661 4650 1144 4719 supplicationesque
1173 4648 1367 4699 obtulit.

733 4744 783 4795 5.
826 4740 1083 4807 Quoniam
1131 4752 1257 4806 ergo
1303 4738 1457 4790 toties
1489 4735 1582 4788 fttit
1619 4736 1897 4805 depulsus,
1928 4734 2087 4789 veluti
2138 4749 2227 4792 τι·

662 4834 926 4903 spondens
972 4843 1023 4887 et
1067 4847 1123 4885 se
1167 4845 1449 4889 excusans,
1498 4828 1665 4881 dicit:
1706 4828 1758 4881 ln
1806 4844 1899 4880 vos
1946 4843 2102 4881 causa
2145 4836 2228 4881 est

662 4926 957 4979 referenda.
1000 4924 1178 4992 Papm,
1210 4933 1399 4991 quanta
1428 4920 1763 4974 differentia!
1810 4936 1927 4973 cum
1973 4921 2229 4975 deberent

664 5020 795 5069 alios
826 5016 1035 5078 docere,
1072 5024 1194 5066 sunt
1222 5012 1433 5081 quidem
1481 5028 1586 5063 non
1616 5012 1787 5064 solum
1820 5011 2087 5081 discipuli,
2136 5010 2229 5064 scd

665 5108 823 5159 etiam
852 5105 1028 5157 ultimi
1058 5103 1328 5171 discipuli.
1358 5102 1556 5154 Etenim
1590 5118 1699 5153 cum
1726 5103 1963 5154 deberetis
1990 5119 2097 5155 esse
2124 5118 2231 5154 ma-

666 5197 808 5265 gistri
851 5204 1051 5264 propter
1089 5206 1301 5261 tempus,
1350 5210 1518 5246 rursus
1562 5193 1795 5261 indigetis
1842 5204 1890 5244 ut
1930 5210 2012 5247 vos
2042 5195 2231 5246 docea-

669 5289 788 5338 mini
831 5301 941 5355 qua:
984 5295 1096 5337 sunt
1134 5287 1372 5336 elementa
1403 5283 1591 5336 exordii
1637 5300 1919 5336 sermonum
1972 5283 2087 5337 Dei.
2139 5284 2232 5339 llic

671 5379 929 5431 eleaenta
961 5374 1161 5428 exordii
1191 5374 1314 5427 dicit
1349 5376 1748 5429 humanitatem.
1781 5373 1849 5429 Ut
1879 5377 2023 5428 enim
2054 5376 2101 5428 in
2135 5392 2233 5429 cx-

676 5470 835 5520 ternis
859 5467 1022 5519 literis
1039 5466 1265 5535 prinmm
1291 5476 1495 5532 oportet
1517 5465 1726 5518 discere
1746 5467 2031 5528 elementa,
2060 5468 2128 5520 ita
2151 5467 2236 5520 hic

676 5576 884 5627 quoque
932 5560 1156 5627 primunt
1210 5556 1387 5610 doceri
1436 5558 1715 5624 opartebat
1759 5558 1826 5611 de
1884 5559 2232 5612 humanitate.

678 5651 835 5703 Vides
873 5665 1111 5717 quaenam
1162 5650 1230 5702 sit
1270 5664 1426 5701 causa
1459 5665 1552 5700 cur
1596 5650 1839 5717 loquatur
1872 5650 2131 5702 humilia?
2164 5650 2235 5702 Ita

673 5744 827 5799 etiam
860 5740 981 5793 ficit
1010 5741 1197 5793 Paulus
1236 5738 1504 5794 disserens
1549 5752 1667 5791 cum
1698 5739 2133 5802 Atheniensibus,
2160 5748 2237 5794 'et

1288 352 1344 405 S.
1383 343 1652 402 JOANNIS
1689 337 2043 397 CHRYSOST
2046 335 2160 390 0111
2201 328 2513 390 ARCIHEP.
2542 318 3066 385 CONS’l'ANTlSOI‘.

3760 302 3825 357 7'2

2252 444 2434 497 dicens
2466 456 2478 491 :
2510 435 2574 490 Et
2618 445 2844 502 tempora
2871 429 3073 500 quidem
3110 424 3260 497 hujus
3302 416 3607 491 ignorantia:
3649 415 3822 483 despi-

2252 536 2383 585 ciens
2414 530 2565 594 Deus,
2596 540 2726 578 nunc
2751 522 3020 575 annuntiat
3056 513 3340 571 hominibus
3366 520 3420 563 ut
3446 524 3618 563 omnes
3641 506 3826 575 ubique

2254 624 2590 695 penitentiam
2605 628 2777 689 agant,
2800 631 2857 669 eo
2878 612 3012 683 quod
3033 610 3209 666 statuit
3239 608 3392 669 diem,
3421 605 3473 656 in
3500 619 3597 672 quo
3616 599 3826 671 judicao

2256 691 2394 770 turus
2420 723 2488 768 est
2511 710 2677 765 orbem
2702 709 2751 761 in
2780 707 3033 776 (equitate,
3064 704 3115 755 in
3137 701 3242 755 viro
3265 701 3318 752 in
3346 694 3646 768 quastutuit,
3674 691 3829 758 ﬁdem

2256 807 2477 879 prwbens
2503 802 2751 865 omnibus,
2774 797 3023 852 suscitans
3043 810 3157 848 eum
3180 809 3211 845 a
3227 788 3437 844 mortuis
3466 786 3597 857 (Act.
3627 785 3685 839 17
3700 821 3713 832 .
3735 782 3828 835 50.

2255 905 2369 970 51).
2403 902 2685 967 Propterea
2710 894 2753 949 si
2785 890 3051 961 quidpiam
3088 886 3300 957 quidem
3332 882 3456 937 dicit
3480 880 3750 936 excelsum
3781 884 3837 928 et

2260 993 2505 1054 sublime,
2538 989 2637 1041 hoc
2668 985 2797 1039 dicit
2825 983 3055 1037 breviter
3083 996 3095 1032 :
3129 974 3347 1029 humilia
3374 981 3550 1026 autem
3588 969 3836 1031 dispersa

2269 1090 2394 1135 sunt
2437 1080 2487 1133 in
2535 1078 2714 1132 multis
2744 1078 2874 1132 locis
2913 1071 3185 1143 Epistolae.
3231 1070 3295 1124 Et
3335 1069 3413 1124 sic
3458 1065 3761 1121 ostenditur
3795 1063 3847 1118 id

2270 1172 2410 1239 quod
2444 1179 2525 1224 est
2554 1168 2821 1223 excelsum
2865 1175 2917 1219 et
2947 1164 3213 1217 sublime:
3245 1174 3369 1214 nam
3399 1158 3542 1229 quod
3583 1166 3661 1215 est
3692 1154 3852 1209 valde

2274 1259 2492 1326 humile,
2544 1275 2647 1314 non
2682 1257 2807 1312 sinit
2839 1265 2895 1309 ιιι
2944 1254 3011 1309 de
3055 1252 3334 1308 divinitate
3379 1250 3730 1319 suSpicemur.
3774 1248 3850 1301 Ita

2276 1352 2361 1406 hic
2390 1365 2599 1422 quoque
2623 1348 2762 1419 quod
2796 1356 2963 1401 tutttm
3004 1353 3087 1400 est
3123 1356 3365 1406 servans,
3401 1340 3622 1395 humilia
3655 1340 3854 1391 buma-

2275 1443 2430 1497 nitati
2474 1440 2715 1511 adjnngit
2745 1457 2756 1491 :
2789 1439 2841 1491 in
2883 1450 3043 1490 causa
3076 1444 3253 1487 autem
3290 1440 3425 1496 erat,
3457 1429 3596 1501 quod
3628 1429 3699 1484 illi
3746 1443 3854 1482 non

2279 1543 2497 1606 possent
2530 1531 2842 1602 perfectiora
2870 1528 3080 1582 audire.
3113 1526 3225 1580 lloc
3264 1524 3494 1578 maxime
3521 1521 3859 1591 signiﬁcabat

2280 1627 2331 1681 in
2365 1625 2602 1696 Epistula
2635 1623 2699 1677 ad
2748 1618 3076 1685 Corinthios,
3118 1616 3343 1671 dicens:
3372 1612 3498 1668 Cum
3541 1612 3671 1666 enim
3701 1612 3859 1679 fuerit

2281 1720 2411 1773 inter
2471 1733 2556 1771 vos
2607 1715 2745 1769 zelus
2794 1723 2839 1768 et
2902 1710 3188 1774 contentio,
3234 1723 3401 1761 nonne
3455 1706 3683 1760 carnales
3742 1701 3861 1755 estis

2289 1810 2362 1882 (1.
2396 1808 2514 1864 Cor.
2542 1810 2595 1863 5.
2625 1807 2723 1876 5)?
2766 1804 2899 1859 Vide
2947 1812 3125 1857 autem
3180 1800 3402 1855 multam
3457 1798 3575 1867 ejus
3632 1798 3865 1865 pruden-

2287 1903 2414 1956 tiam
2445 1917 2458 1953 :
2491 1912 2681 1968 nempe
2710 1911 2868 1966 quam
2902 1900 3259 1963 congruenter
3300 1901 3354 1945 et
3383 1888 3763 1944 convenienter
3805 1901 3865 1939 se

2281 2002 2433 2063 gerat
2460 1990 2515 2045 in
2538 1989 2807 2060 subiectas
2831 1986 3193 2057 aegritudines.
3216 1982 3347 2036 Nam
3381 1982 3490 2035 illic
3515 1978 3727 2051 quidem
3759 1980 3865 2031 im-

2289 2083 2549 2138 becillitas
2593 2093 2781 2149 magna
2826 2090 2892 2131 ex
2940 2086 3089 2145 parte
3128 2072 3391 2129 existebat
3433 2087 3499 2125 ex
3543 2074 3865 2141 ignorantia,

2289 2176 2373 2231 vel
2400 2175 2579 2246 potius
2616 2188 2683 2228 ex
2727 2171 3001 2243 peccatis;
3037 2168 3124 2223 hic
3153 2176 3329 2223 autem
3364 2181 3469 2220 non
3515 2181 3579 2220 ex
3609 2166 3868 2235 peccatis,

2295 2267 2387 2323 sed
2416 2281 2481 2321 ex
2510 2262 2908 2319 continentibus
2935 2259 3331 2332 afﬂictionibus.
3362 2257 3429 2312 Et
3473 2257 3592 2310 ideo
3620 2271 3746 2310 usus
3788 2264 3874 2308 est

2297 2361 2457 2417 etiam
2500 2357 2824 2413 dictionibus
2871 2370 2988 2425 qua:
3033 2353 3241 2423 possint
3287 2349 3576 2406 ostendere
3619 2348 3876 2402 diﬁ'eren-

2299 2452 2444 2513 tiam,
2476 2448 2584 2502 illic
2606 2447 2812 2512 dicens,
2842 2444 3088 2500 Carnutes
3119 2444 3242 2514 {acti
3272 2442 3419 2507 estis;
3444 2440 3529 2493 hic
3561 2454 3707 2502 vero,
3739 2437 3877 2505 Quit

2300 2545 2471 2613 major
2510 2552 2625 2598 erat
2661 2541 2837 2605 dolor,
2874 2539 3097 2593 hebetes
3134 2537 3258 2591 facti
3306 2536 3457 2590 estis.
3494 2534 3571 2588 illi
3600 2549 3702 2585 non
3733 2532 3878 2585 enim

2302 2651 2405 2690 non
2435 2640 2725 2705 potuerunt
2753 2630 2912 2695 ferre,
2946 2638 3005 2683 ut
3024 2630 3111 2699 qtti
3146 2635 3327 2682 essent
3352 2625 3627 2687 carnales;
3662 2623 3745 2675 isti
3775 2638 3848 2675 au
3872 2650 3884 2660 -

2304 2736 2411 2781 tem
2444 2731 2750 2794 potuerunt.
2786 2722 2974 2775 Dicere
2995 2720 3163 2786 enim,
3211 2718 3461 2785 Quoniam
3489 2714 3763 2769 imbecilles
3795 2718 3880 2782 {a-

2305 2817 2370 2870 cti
2418 2815 2535 2868 estis
2575 2815 2641 2866 ad
2672 2812 3004 2875 audiendum,
3056 2818 3138 2864 est
3179 2808 3524 2879 signiﬁcantis
3564 2805 3706 2876 quod
3753 2804 3885 2857 olim

2310 2907 2507 2962 fuerint
2547 2903 2659 2959 sani
2688 2915 2741 2958 et
2773 2902 2936 2957 fortes
2966 2900 3234 2970 animique
3277 2900 3551 2953 alacritate
3594 2898 3885 2960 ferventes,

2310 3008 2364 3053 et
2402 3004 2587 3066 postea
2641 2994 2741 3048 hoc
2780 2993 2847 3047 de
2891 2993 2968 3047 eis
2999 3001 3242 3046 testatur.
3286 2989 3352 3044 Et
3380 2991 3503 3060 [acti
3544 2989 3663 3042 estis
3705 2988 3890 3055 quibus

2312 3092 2439 3144 facte
2457 3105 2581 3158 opus
2609 3088 2693 3154 sit,
2724 3100 2823 3140 non
2864 3086 3027 3139 solido
3065 3085 3194 3138 cibo.
3240 3083 3465 3152 Semper
3494 3082 3576 3135 lac
3604 3090 3757 3135 vocat
3788 3079 3894 3133 htt-

2315 3182 2493 3236 tnilem
2522 3195 2846 3244 sermonem,
2879 3188 2933 3233 et
2977 3177 3063 3231 hic
3109 3186 3163 3231 et
3191 3176 3320 3229 illic.
3353 3174 3478 3229 Cum
3520 3173 3783 3237 deberetis,
3816 3171 3895 3225 in.

2316 3276 2449 3344 quit,
2474 3289 2579 3327 esse
2600 3272 2826 3343 magistri
2849 3281 3053 3343 propter
3082 3282 3277 3341 tempus
3310 3284 3408 3325 :ac
3436 3271 3479 3324 si
3510 3269 3731 3333 diceret,
3754 3268 3894 3322 Pro-

2320 3375 2436 3435 pter
2469 3363 2607 3433 quod
2640 3363 2867 3417 maxime
2893 3361 3138 3415 dissoluti
3169 3371 3225 3415 et
3251 3362 3426 3430 supini
3454 3360 3577 3415 facti
3600 3361 3749 3423 estis,
3773 3376 3898 3428 pro-

2322 3467 2439 3527 pter
2468 3456 2518 3510 id
2552 3456 2779 3509 maxime
2807 3454 3014 3509 debetis
3060 3469 3179 3508 esse
3220 3450 3407 3520 fortes,
3457 3467 3648 3521 nempe
3680 3463 3896 3524 propter

2324 3558 2549 3617 tempus.
2593 3546 2699 3601 Lac
2723 3556 2875 3599 vocat
2901 3544 3152 3599 humilem
3188 3559 3491 3599 sermonem
3519 3544 3660 3613 quod
3692 3559 3901 3598 convc-

2325 3640 2436 3692 niat
2462 3637 2873 3706 simplicioribus
2905 3655 2917 3689 :
2945 3636 3045 3690 hoc
3072 3647 3247 3691 autem
3285 3645 3368 3690 est
3410 3636 3734 3689 contrarium
3776 3652 3901 3704 pcr-

2328 3727 2657 3794 fectioribus,
2691 3737 2743 3781 et
2786 3738 2863 3781 est
2900 3727 3120 3779 noxium
3155 3728 3203 3779 in
3254 3726 3318 3779 iis
3362 3726 3656 3779 immorari.
3700 3728 3901 3789 Quam-

2322 3825 2504 3879 obrem
2534 3836 2639 3877 non
2673 3820 2954 3889 oportebat
2991 3831 3130 3871 nunc
3162 3815 3344 3870 inferri
3376 3815 3583 3884 legalia,
3618 3830 3792 3883 neque
3820 3831 3889 3870 es

2324 3917 2403 3969 his
2430 3914 2542 3969 ﬁeri
2594 3911 3043 3982 comparationem
3069 3926 3081 3963 :
3107 3909 3229 3977 quia
3255 3908 3518 3977 pontifex,
3561 3917 3615 3961 et
3643 3908 3767 3976 quia
3814 3924 3901 3961 sa-

2322 4006 2594 4069 crificavit,
2636 4015 2691 4059 et
2736 4004 2906 4057 oravit
2948 4016 3067 4057 cum
3116 4002 3350 4054 clamore
3382 4008 3432 4053 et
3479 3999 3895 4068 supplicatione.

2324 4098 2453 4152 Vide
2480 4111 2608 4167 ergo
2634 4094 2901 4165 quomodo
2944 4092 3056 4147 hmc
3088 4092 3240 4145 nobis
3266 4089 3482 4143 fastidio
3528 4089 3673 4149 sint;
3706 4088 3798 4142 sed
3834 4105 3897 4143 ea

2325 4190 2442 4242 illos
2478 4199 2601 4242 tunc
2632 4187 2955 4251 nutriebant,
2986 4200 3157 4254 neque
3183 4198 3404 4253 usquam
3433 4197 3492 4235 ea
3529 4181 3897 4235 fastidiehant.

2326 4280 2491 4332 Verus
2514 4294 2642 4346 ergo
2671 4276 2821 4331 cibus
2846 4286 2973 4349 sunt
2999 4276 3086 4328 Dei
3115 4275 3346 4343 eloquia,
3379 4288 3498 4342 quae
3524 4273 3758 4325 animam
3794 4289 3898 4324 nn-

2325 4371 2504 4423 trinnt.
2536 4369 2683 4434 Quod
2708 4378 2882 4421 autem
2911 4350 3127 4420 verbum
3157 4364 3225 4418 sit
3255 4380 3396 4430 esca,
3426 4364 3549 4418 hinc
3568 4365 3741 4433 palam
3772 4374 3855 4418 est
3882 4380 3897 4417 :

2328 4460 2464 4513 [mbo
2500 4462 2663 4521 enim,
2706 4460 2892 4527 inquit,
2936 4460 3003 4509 eis
3048 4475 3144 4509 non
3186 4460 3369 4525 fantem
3414 4444 3589 4525 panis,
3622 4471 3711 4507 nec
3759 4456 3896 4507 sitim

2322 4567 2482 4616 unum,
2512 4553 2598 4601 sed
2620 4552 2803 4615 fantem
2825 4547 3061 4598 audiendi
3096 4547 3223 4598 τρι·ὺὶ
3255 4544 3461 4597 Domini
3486 4545 3662 4615 (Amos
3688 4544 3743 4596 8.
3781 4547 3894 4612 11).

2322 4642 2425 4693 an
2454 4642 2587 4693 vobis
2618 4651 2786 4708 patum
2817 4639 2953 4702 dedi,
2989 4655 3086 4691 non
3130 4654 3292 4690 escam
3315 4637 3389 4707 (1.
3424 4636 3542 4690 Cor.
3573 4638 3625 4690 5.
3658 4636 3735 4705 Ξ).
3768 4635 3896 4689 Non

2322 4734 2477 4794 dexit,
2524 4732 2713 4795 Nutrii,
2756 4729 3047 4783 ostendens
3083 4730 3130 4780 id
3178 4744 3281 4781 non
3312 4742 3433 4781 esse
3483 4728 3894 4790 nutrimentum,

2323 4825 2413 4879 sed
2446 4824 2493 4877 id
2526 4840 2643 4877 esse
2679 4824 2814 4877 sicut
2846 4822 3153 4885 infantibus,
3183 4820 3270 4889 qui
3304 4836 3405 4873 non
3436 4830 3657 4889 possunt
3703 4819 3895 4873 nutriri

2325 4932 2457 4985 pane
2490 4932 2502 4967 :
2531 4916 2592 4967 iis
2623 4915 2762 4968 enim
2797 4929 2899 4965 non
2944 4914 3100 4965 datur
3130 4922 3301 4980 potus,
3352 4911 3444 4966 sed
3488 4922 3569 4965 est
3614 4912 3693 4965 eis
3725 4912 3900 4964 nutri-

2324 5020 2556 5061 mentum
2590 5022 2684 5074 pro
2708 5016 2855 5075 potu.
2892 5004 3074 5072 Neque
3114 5003 3269 5067 dixit,
3322 5002 3467 5071 Opus
3496 5002 3725 5065 habetis,
3773 5002 3895 5063 sed,

2325 5103 2467 5155 Facti
2500 5102 2613 5154 estis
2640 5101 2814 5168 quibus
2856 5098 2982 5149 locte
3008 5114 3134 5165 Opus
3160 5097 3243 5157 sit,
3280 5112 3377 5146 non
3414 5095 3577 5147 solido
3620 5096 3764 5156 cibo;
3796 5096 3899 5149 hoc

2322 5209 2420 5259 est,
2455 5194 2559 5247 Vos
2580 5193 2843 5247 voluistis,
2876 5206 2967 5242 vos
3000 5191 3142 5257 ipsos
3168 5204 3232 5241 eo
3254 5186 3555 5255 redegistis,
3585 5197 3637 5239 et
3665 5186 3727 5237 ad
3759 5186 3899 5239 hanc

2321 5285 2644 5354 compulisus
2686 5282 3080 5336 necessitatem.
3122 5280 3209 5333 15.
3247 5277 3424 5330 Omnis
3456 5278 3587 5329 enim
3636 5278 3718 5345 qui
3748 5276 3897 5329 lactis

2320 5389 2391 5430 est
2440 5378 2706 5443 particeps,
2754 5389 2935 5441 expers
2973 5382 3043 5423 est
3087 5371 3331 5423 sermonis
3354 5368 3570 5438 justitite
3602 5384 3618 5419 :
3650 5370 3897 5437 parvulus

2324 5470 2449 5519 enim
2480 5477 2564 5519 est.
2604 5464 2737 5531 Quid
2768 5474 2849 5516 est
2894 5477 3071 5515 sermo
3100 5460 3318 5529 justitia:
3341 5462 3360 5509 ’ἐ
3392 5459 3485 5511 llic
3529 5459 3653 5510 tuihi
3685 5458 3897 5512 videtur

2322 5560 2478 5610 etiam
2511 5557 2630 5609 vita:
2664 5555 2919 5607 rationem
2942 5550 3274 5603 subindicare
3300 5569 3309 5598 :
3333 5549 3471 5616 qUnd
3491 5549 3701 5617 quidem
3733 5547 3897 5601 Chri-

2322 5658 2433 5701 stus
2448 5662 2655 5715 quoque
2675 5640 3027 5705 diccbttl,t\‘isi
3046 5641 3369 5691 abundaverit
3386 5642 3579 5696 iustitia
3596 5649 3756 5692 vestra
3775 5640 3897 5708 plus

2320 5757 2466 5803 quam
2495 5739 2769 5791 5(l'fbttritm
2798 5744 2841 5789 et
2889 5733 3263 5785 l’hm'isrcorum
3309 5730 3516 5799 (Matth.
3555 5731 3604 5784 5.
3635 5729 3747 5797 90).
3782 5729 3896 5785 lloc
