4112 6344
264 372 318 429 ts
508 408 511 409 ν
1061 368 1123 425 tn
1166 368 1379 426 EPIST.
1424 368 1514 423 an
1553 364 1790 443 unum

1894 392 1916 417 ..
1960 358 2111 420 CAP.
2153 368 2219 424 Υ.
2262 363 2491 419 110331..
2530 358 2667 418 Vill.

269 484 372 547 ipse
396 490 607 546 quoque
637 475 785 539 dicit,
823 474 1100 544 [inperitus
1150 476 1395 531 sermonis
1426 480 1646 546 justitiar
1681 496 1699 533 :
1734 480 1835 536 hoc

261 580 352 632 ot,
378 569 659 637 imperitus
687 568 1036 638 philosophia:
1060 584 1327 638 superum,
1372 586 1477 625 non
1503 579 1677 651 potest
1707 588 1831 629 sus-

259 661 422 729 cipere
470 660 631 714 vitam
667 661 953 728 perfectam
999 671 1053 714 ct
1097 672 1361 715 exactam.
1424 664 1529 717 Ant
1566 663 1828 733 justitiam

257 750 333 804 hic
358 748 482 804 dicit
510 750 799 817 Christum,
847 750 1231 819 excelsumque
1259 762 1313 806 et
1342 748 1624 807 sublimem
1656 754 1724 809 de
1762 769 1827 810 ea

254 859 305 897 re
330 855 651 897 sermonem.
685 844 860 912 Atque
900 843 1033 897 dixit
1068 844 1290 914 quidem
1337 845 1481 917 quod
1513 846 1738 903 hebetes
1769 859 1825 904 et

252 932 485 988 imbecilli
514 932 637 987 facti
668 934 798 999 sint,
831 934 1097 989 undenaut
1143 947 1345 1001 autem,
1392 940 1627 995 nondum
1670 941 1824 997 addi-

249 1024 335 1088 dit,
365 1023 493 1092 ipsis
525 1024 576 1078 id
605 1025 884 1079 sciendum
910 1024 1207 1090 dimittens.
1235 1036 1290 1083 et
1316 1032 1599 1087 molestam
1628 1034 1819 1091 nolens

250 1117 464 1176 reddere
489 1120 812 1175 orationem.
838 1118 894 1175 In
925 1120 1130 1185 Calatis
1158 1133 1334 1178 autem
1364 1133 1419 1181 et
1464 1124 1687 1179 miratus
1718 1134 1824 1190 est,

249 1221 297 1266 et
323 1210 581 1266 dubitavit
610 1230 621 1263 :
651 1212 791 1283 quod
839 1213 1008 1268 multo
1053 1214 1226 1285 majus
1272 1226 1357 1271 est
1402 1216 1469 1271 ad
1499 1216 1825 1271 consolatio-

247 1316 379 1364 item.
425 1312 483 1355 ut
509 1304 599 1372 qui
628 1316 917 1372 numquam
948 1316 1319 1376 exspectasset
1347 1305 1463 1363 fore
1502 1316 1559 1363 ut
1595 1306 1697 1363 hoc
1725 1310 1823 1365 tie.

246 1404 335 1447 ret.
368 1391 479 1447 Hoc
506 1396 649 1447 enim
679 1404 762 1449 est
786 1394 1072 1452 dubitatio.
1105 1395 1265 1453 Vides
1307 1398 1465 1453 aliam
1492 1412 1612 1453 esse
1645 1400 1821 1455 infun-

244 1483 403 1539 tiaml
452 1483 605 1540 vides
657 1485 817 1540 aliam
866 1501 988 1543 esse
1032 1487 1458 1557 perfectionem?
1508 1489 1820 1547 Efficiamur

243 1591 358 1645 ergo
385 1578 603 1647 perfecti
649 1577 747 1632 hac
793 1579 1166 1649 perfectione:
1201 1581 1347 1644 licet.
1392 1583 1604 1639 etiamsi
1648 1584 1818 1639 simus

240 1668 378 1743 pueri
407 1677 461 1723 et
489 1668 737 1738 juvenes,
767 1668 833 1724 ad
865 1669 1011 1725 illam
1038 1672 1223 1728 venire
1250 1673 1637 1744 perfectionem
1671 1694 1683 1725 τ
1712 1691 1816 1730 non

238 1770 313 1815 est
335 1759 481 1815 enim
505 1769 730 1827 natura),
758 1761 851 1815 sed
884 1762 1115 1817 virtutis.
1153 1764 1241 1820 N.
1276 1762 1627 1836 Perfectorum
1648 1777 1815 1819 autent

239 1862 303 1905 est
347 1853 541 1907 solidus
592 1854 733 1907 cibus
765 1869 981 1910 :eorum
1034 1857 1123 1925 qui
1166 1873 1260 1925 pro
1290 1857 1401 1927 ipsa
1456 1860 1821 1914 consuetudine

236 1945 526 1999 exercitatos
554 1945 737 1999 habent
770 1962 948 2001 sensus
974 1948 1042 2000 ad
1074 1946 1429 2004 discretionem
1459 1949 1579 2004 boni
1600 1960 1648 2006 et
1670 1953 1813 2006 ntali.

235 2036 360 2106 Quid
402 2040 572 2096 vero?
628 2055 735 2093 non
778 2038 1048 2099 habebant
1097 2040 1170 2095 illi
1216 2056 1413 2098 sensus
1464 2044 1814 2111 exercitatos,

234 2145 396 2198 nequc
413 2130 655 2187 sciebant
672 2130 796 2201 quid
825 2132 1045 2196 bonum,
1067 2131 1194 2202 quid
1226 2134 1421 2187 ntalem
1440 2134 1463 2188 ?
1481 2136 1563 2189 Ab
1580 2149 1645 2189 eo
1672 2151 1815 2192 nunc

236 2236 330 2276 non
350 2220 523 2291 agitur
548 2220 617 2276 de
646 2223 775 2288 vita,
808 2221 1022 2293 quando
1047 2223 1199 2289 dicit,
1221 2224 1299 2278 Ad
1325 2226 1676 2281 discretionem
1697 2228 1816 2282 boni

231 2320 273 2365 et
306 2310 461 2374 ntali;
484 2311 587 2367 hoc
604 2312 745 2365 enim
777 2320 955 2381 potest
984 2313 1205 2381 quilibet
1232 2316 1393 2379 seire,
1423 2326 1582 2373 etest
1618 2316 1811 2385 facile;

231 2398 317 2455 sed
346 2401 410 2456 de
440 2402 607 2458 rectis
632 2412 682 2458 et
714 2402 1036 2459 sublimibus
1066 2404 1430 2475 dogmatibus,
1463 2416 1517 2464 et
1543 2408 1609 2465 de
1634 2411 1813 2480 pravis

232 2492 619 2563 humilibusque
666 2502 722 2547 et
760 2493 1008 2564 abjectis.
1039 2494 1218 2553 Infans
1256 2512 1359 2553 non
1392 2508 1570 2568 potest
1614 2500 1811 2557 malum

228 2592 278 2637 et
305 2583 497 2637 bonum
522 2585 703 2639 cibum
732 2584 1098 2658 distinguere:
1128 2601 1273 2659 saepe
1303 2589 1516 2660 quidem
1543 2601 1600 2646 et
1622 2593 1811 2663 pulve-

228 2688 330 2727 rem
375 2675 425 2727 itt
475 2689 537 2729 os
589 2674 779 2744 injicit.
826 2686 876 2731 et
927 2676 1077 2747 quod
1116 2690 1196 2734 est
1238 2683 1459 2737 noxium
1499 2684 1713 2756 accipit,
1757 2697 1812 2742 et

228 2764 393 2819 omnia
418 2766 545 2820 facit
579 2767 711 2821 citra
734 2766 1143 2827 discretionem.
1167 2770 1273 2827 Sed
1302 2789 1408 2828 non
1440 2785 1523 2831 est
1543 2777 1810 2846 ejusmodi

228 2856 271 2909 id
296 2856 434 2926 quod
483 2868 567 2913 est
597 2857 914 2929 perfectum.
948 2859 1108 2917 Tales
1156 2874 1281 2919 sunt
1325 2865 1415 2937 qui
1447 2868 1698 2925 omnibus
1726 2882 1809 2926 te-

226 2960 361 3001 mere
404 2948 644 3003 animum
691 2950 973 3017 adhibent,
1030 2963 1084 3008 et
1126 2955 1247 3011 sine
1293 2956 1607 3017 discrimine
1649 2978 1810 3021 aures

224 3040 456 3111 prmbcnt
484 3060 499 3097 :
532 3051 590 3097 et
618 3058 711 3098 cos
751 3043 1099 3114 reprehendit
1141 3057 1197 3101 ut
1223 3050 1310 3119 qui
1340 3060 1545 3107 temere
1570 3053 1806 3111 circum-

225 3132 475 3201 ferantur,
505 3143 562 3189 et
589 3150 730 3191 nunc
757 3137 973 3207 quidem
1006 3138 1110 3203 bis,
1145 3156 1288 3195 nunc
1317 3158 1443 3199 vero
1473 3146 1579 3201 illis
1621 3162 1680 3203 se
1705 3149 1807 3207 de-

222 3222 340 3279 dant
369 3245 381 3279 :
407 3226 555 3296 quod
584 3231 746 3283 etiam
782 3228 834 3282 in
873 3230 978 3285 line
1026 3231 1411 3300 subindicavit,
1442 3236 1651 3305 dicens,
1696 3239 1803 3297 Do-

220 3317 386 3371 ctrinis
423 3318 580 3372 variis
615 3328 663 3372 et
688 3320 969 3391 peregrinis
1007 3323 1164 3377 nolite
1190 3326 1408 3389 abduci;
1440 3327 1542 3383 hoc
1587 3341 1702 3399 cst,
1726 3335 1807 3389 Ad

218 3407 562 3463 discretionem
588 3410 705 3464 boni
734 3416 782 3466 et
817 3413 959 3466 ntali.
993 3413 1127 3469 Nam
1168 3427 1354 3487 guttur
1384 3420 1598 3489 quidem
1625 3436 1802 3494 gustat

217 3496 377 3563 eihos,
407 3500 589 3554 anima
616 3515 746 3556 vero
768 3515 1071 3561 sermones.

278 3587 329 3641 ι.
387 3588 661 3657 Quomodo
732 3592 1066 3649 discernenda
1125 3600 1289 3653 errori
1348 3602 1459 3671 apti
1508 3604 1798 3675 ejﬁciemur.

218 3676 494 3747 Scriptura:
539 3698 666 3749 quos
708 3686 976 3739 habuerint
1015 3692 1334 3759 interpretes.
1382 3723 1456 3734 —
1506 3695 1614 3752 Nos
1661 3708 1798 3768 qu‘o-

207 3786 302 3837 que
340 3770 442 3827 hoc
483 3772 756 3829 discamus
794 3793 807 3827 :
849 3776 894 3831 si
924 3778 1158 3834 audieris
1198 3782 1346 3850 quod,
1377 3799 1480 3837 non
1529 3783 1599 3839 sit
1624 3784 1781 3841 Grat-

205 3873 319 3927 cus,
369 3876 471 3917 nec
511 3862 760 3930 ludatus,
804 3882 874 3923 ne
906 3870 1147 3937 protinus
1188 3873 1462 3929 existimes
1497 3890 1619 3931 eum
1660 3892 1779 3935 esse

198 3948 556 4010 Christianum
579 3998 596 4022 ,
627 3956 723 4012 sed
764 3958 923 4013 etiam
950 3959 1053 4016 alia
1082 3962 1261 4019 omnia
1303 3964 1579 4022 examines
1610 3983 1624 4021 :
1653 3982 1776 4025 nam

198 4053 246 4096 et
274 4042 585 4114 Manichazi,
630 4056 685 4103 et
712 4063 901 4105 omnes
943 4051 1177 4108 hmreses
1208 4057 1345 4111 hanc
1375 4072 1670 4127 personam
1696 4061 1773 4117 in-

194 4133 451 4203 docntnt,
494 4146 553 4192 ut
591 4137 673 4195 sic
720 4138 995 4211 decipiant
1044 4144 1444 4213 simpliciores:
1474 4149 1569 4205 sed
1600 4150 1643 4205 si
1675 4151 1772 4206 ha-

193 4225 404 4283 beamus
446 4228 619 4285 animi
662 4245 854 4287 sensus
898 4234 1225 4291 exercitatos
1274 4237 1341 4293 ad
1385 4239 1769 4297 discretionem

188 4315 305 4373 boni
347 4330 403 4375 et
442 4322 605 4389 mali,
638 4324 936 4393 poterimus
964 4341 1060 4382 eos
1109 4328 1441 4387 discernere.
1485 4332 1768 4399 Quomodo

185 4420 354 4467 autem
377 4414 516 4468 (lunt
542 4429 733 4470 sensus
771 4416 942 4472 nostri
965 4420 1288 4475 exercitati?
1318 4423 1359 4476 Α
1388 4424 1641 4480 continua
1670 4442 1765 4481 au-

183 4502 409 4568 ditione.
442 4522 475 4561 a
520 4508 920 4577 Scripturarum
954 4510 1165 4580 peritia.
1209 4512 1434 4581 Quando
1462 4518 1605 4571 enim
1637 4533 1762 4588 pro-

182 4598 517 4663 posuerimus
543 4615 729 4655 eorum
774 4616 1013 4658 errorem
1036 4645 1050 4665 .
1088 4614 1143 4659 et
1184 4604 1345 4663 hodie
1372 4611 1671 4678 audiveris,
1705 4622 1761 4668 et

176 4701 287 4742 eras
314 4705 421 4744 non
453 4699 605 4746 recte
638 4692 839 4748 habere
879 4695 1195 4765 probaveris
1216 4737 1230 4762 ,
1280 4709 1451 4755 totum
1479 4702 1711 4759 didicisti
1739 4744 1755 4771 ,

175 4785 330 4833 totum
374 4781 679 4849 cognovisti
708 4800 722 4836 :
752 4792 806 4839 et
836 4785 882 4839 si
924 4785 1085 4842 hodie
1114 4804 1220 4844 non
1256 4792 1751 4862 comprehendisti,

168 4882 276 4925 eras
314 4872 771 4941 contprehendes.
818 4874 1013 4931 Eorum
1036 4919 1050 4941 ,
1080 4879 1289 4950 inquit,
1330 4884 1418 4953 qui
1459 4900 1633 4940 sensus
1657 4886 1751 4940 ha-

166 4959 273 5015 bent
302 4963 635 5017 exercitatae.
672 4963 835 5022 Vides
860 4967 1005 5035 quod
1034 4984 1194 5025 aures
1222 4982 1417 5027 nostra:
1453 4976 1562 5030 sint
1588 4991 1749 5033 exer-

164 5052 338 5108 cenda:
377 5054 587 5111 divinis
624 5056 993 5114 auditionibus
1018 5102 1034 5125 ,
1084 5072 1141 5116 ut
1170 5078 1276 5117 non
1308 5064 1554 5121 dicantur
1588 5084 1743 5139 pere-

160 5145 343 5213 grina?
393 5146 751 5216 Exercitatos,
804 5150 1008 5223 inquit,
1060 5156 1141 5209 ad
1191 5156 1541 5213 discretionem
1586 5179 1599 5214 :
1644 5162 1745 5218 hoc

159 5245 274 5305 est,
325 5254 454 5295 esse
512 5241 763 5311 peritum.
814 5244 966 5299 Alius
1018 5247 1230 5315 quidem
1294 5248 1425 5305 dicit
1470 5266 1574 5306 non
1623 5269 1742 5310 esse

158 5333 632 5398 resurrectionem;
687 5334 826 5389 alius
879 5345 1057 5392 autem
1100 5353 1169 5393 ex
1206 5341 1396 5395 futuris
1451 5342 1579 5397 nihil
1631 5360 1735 5399 ex-

154 5429 384 5490 spectat;
416 5424 555 5477 alius
580 5424 741 5480 alium
771 5424 903 5481 dicit
938 5428 1103 5483 Deum
1133 5446 1147 5493 ;
1189 5432 1324 5488 alius
1352 5448 1381 5486 a
1420 5433 1583 5489 Maria
1613 5452 1734 5492 enm

155 5508 337 5569 habere
363 5516 711 5586 principium.
763 5518 897 5575 Vide
940 5530 1120 5578 autem
1168 5527 1414 5594 protinus
1460 5530 1734 5598 quomodo

152 5613 325 5660 omnes
352 5615 485 5661 sunt
512 5606 645 5677 lapsi
670 5622 737 5664 ex
760 5609 1226 5681 immoderatione,
1252 5632 1373 5673 cum
1396 5620 1485 5675 alii
1514 5622 1729 5693 quidem

153 5693 291 5761 plus,
338 5696 431 5751 alii
490 5712 621 5754 vero
676 5700 853 5756 minus
901 5701 1204 5761 habuerint.
1251 5708 1495 5782 Exempli
1539 5728 1725 5785 causa,

153 5786 304 5853 prima
349 5787 573 5860 quidem
620 5792 861 5849 omnium
889 5792 1110 5854 lucresis
1154 5810 1235 5856 est
1262 5800 1545 5862 Marcionis
1589 5823 1601 5861 :
1639 5808 1724 5863 illa

3473 355 3545 405 τι

1938 475 2101 529 alium
2128 473 2423 529 introduxit
2452 473 2649 537 Deum,
2700 473 2787 543 qui
2824 488 2929 528 non
2960 481 3062 529 est.
3110 475 3245 530 [iere
3293 476 3379 533 hic
3413 478 3531 547 plus

1934 576 2035 621 est.
2070 565 2196 619 Post
2226 564 2368 619 illam
2401 562 2623 619 lmresis
2653 562 2897 630 Sabellii,
2930 580 3048 634 quas
3080 566 3208 621 dicit
3240 566 3436 621 Filium
3466 578 3521 623 ct

1936 656 2147 710 Patrem
2191 664 2245 710 et
2272 653 2530 724 Spiritum
2583 670 2743 708 unam
2796 668 2921 710 esse
2967 670 3277 726 personam.
3322 658 3527 717 Deinde

1932 747 2163 802 Marcelli
2211 745 2434 801 heresis
2475 755 2530 801 et
2561 746 2807 809 Pltotini.
2846 742 2967 816 qua:
3005 748 3115 816 ipsa
3147 763 3363 820 quoque
3408 748 3527 807 Iuno

1929 841 2044 912 ipsa
2074 838 2271 895 asserit
2306 846 2360 894 et
2388 838 2663 908 prmdicat.
2695 838 2761 893 iit
2790 838 2939 893 Pauli
2972 838 3309 896 Samnsateni
3353 842 3527 897 lucre-

1924 936 2001 989 sis
2024 974 2038 998 ,
2083 931 2269 988 dicens
2296 944 2419 985 eum
2465 928 2718 985 habuisse
2757 929 2966 984 initiunt
3008 947 3073 985 ex
3101 930 3287 989 Marii,
3319 933 3524 993 [tt-ind.

1926 1020 2147 1079 iri-rasis
2178 1024 2593 1081 lianlehceorum
2624 1043 2638 1078 :
2666 1025 2782 1079 haec
2812 1035 2895 1080 est
2942 1028 3086 1079 enim
3137 1026 3377 1079 omnium
3430 1041 3520 1079 ri:-

1921 1118 2253 1173 centissima.
2285 1116 2411 1174 Post
2434 1118 2549 1172 illas
2578 1116 2800 1172 hmresis
2826 1117 2960 1171 Arii.
2986 1115 3122 1173 Sunt
3150 1128 3330 1170 autem
3353 1117 3517 1170 etiam

1920 1209 2061 1265 alite.
2092 1209 2160 1264 Et
2183 1209 2305 1265 ideo
2337 1209 2495 1265 fidem
2523 1209 2852 1281 accepimus,
2880 1224 2947 1265 ne
2976 1222 3198 1265 necesse
3223 1198 3518 1263 habeamus

1918 1300 1985 1355 ad
2031 1302 2453 1357 innumerabiles
2500 1301 2737 1359 haereses
2784 1300 3076 1368 accedere,
3128 1302 3419 1373 vexarique
3460 1311 3518 1360 et

1921 1408 1951 1445 ιι
1973 1392 2164 1448 olestia
2204 1392 2345 1448 alﬂci
2365 1434 2379 1459 ,
2408 1393 2504 1449 sed
2531 1392 2677 1464 quod
2706 1394 2760 1449 ei
2788 1393 2877 1449 vel
2906 1392 3213 1460 addiderit,
3265 1394 3352 1451 vel
3380 1392 3511 1451 adol-

1916 1483 2077 1539 merit
2119 1484 2388 1556 quispiam
2412 1528 2428 1555 ,
2472 1486 2523 1541 id
2552 1485 2927 1543 existimemus
2960 1501 3085 1543 esse
3123 1486 3509 1543 adulterinum.

1914 1573 2048 1630 Nam
2075 1576 2214 1631 sicut
2243 1577 2278 1631 il
2321 1578 2410 1647 qui
2441 1577 2570 1631 dant
2622 1577 2867 1646 regulas,
2910 1594 3017 1633 non
3050 1592 3276 1635 necesse
3308 1579 3510 1635 habent

1916 1681 2198 1725 mensuras
2226 1668 2646 1723 innumerabiles
2665 1670 2879 1724 curiose
2910 1669 3208 1740 inquirere.
3241 1669 3335 1726 sed
3359 1670 3507 1725 illaut

1910 1771 2030 1827 qum
2075 1757 2194 1812 data
2230 1758 2321 1812 fuit
2350 1760 2549 1830 jubent
2580 1768 2808 1815 tenere:
2835 1760 2907 1814 ita
2946 1761 3108 1817 etiam
3138 1760 3193 1815 in
3239 1762 3503 1834 dogmati-

1912 1848 2029 1905 bus.
2060 1847 2166 1903 Sed
2194 1863 2353 1903 nemo
2378 1858 2493 1905 vutt
2520 1850 2804 1906 attendere
2833 1849 3129 1921 Scripturis
3156 1870 3167 1908 :
3198 1867 3320 1907 nam
3343 1853 3389 1909 si
3418 1863 3502 1908 at-

1910 1942 2271 2007 tenuet-emus,
2298 1955 2405 1997 non
2423 1944 2594 1996 solum
2624 1956 2730 1997 non
2758 1943 3121 2000 lncideremus
3148 1944 3202 1998 in
3226 1959 3501 2013 errorem,

1906 2031 2003 2086 sed
2045 2032 2206 2087 etiam
2237 2031 2494 2103 deceptos
2532 2033 2921 2101 liberaremus,
2950 2042 3006 2089 et
3029 2034 3441 2091 extraheremus
3468 2052 3500 2091 a

1906 2124 2181 2194 periculis.
2222 2124 2357 2180 Nam
2405 2126 2562 2181 miles
2610 2124 2765 2181 fortis
2797 2142 2903 2182 non
2949 2127 3055 2183 sibi
3102 2128 3280 2185 solum
3322 2139 3500 2199 potest

1900 2213 2188 2283 sufficere,
2215 2216 2312 2271 sed
2342 2216 2508 2273 etiam
2534 2218 2624 2288 qui
2654 2228 2739 2273 est
2772 2217 2923 2288 juxut
2954 2234 3076 2276 eum
3120 2221 3330 2276 socium
3360 2236 3496 2278 con-

1905 2318 2155 2373 servare,
2188 2306 2339 2361 etab
2386 2308 2620 2362 hostium
2665 2323 2802 2365 noxa
2833 2309 3083 2366 liberare.
3130 2309 3284 2367 Nune
3313 2319 3492 2369 autem

1902 2412 2000 2452 nec
2016 2396 2158 2468 quod
2180 2399 2290 2454 sint
2310 2398 2529 2470 quidem
2549 2399 2841 2472 Scriptura:
2863 2413 3063 2457 uomat
3079 2404 3246 2474 aliqui
3268 2421 3281 2458 :
3306 2419 3497 2476 quam-

1899 2504 2058 2559 quam
2104 2501 2327 2547 sanctns
2356 2491 2588 2562 Spiritus
2628 2502 2737 2547 tam
2782 2492 2953 2548 multa
3000 2492 3396 2550 administravit
3439 2506 3497 2551 ut

1900 2582 1981 2635 ea:
2009 2582 2435 2637 custodirentur.
2469 2582 2655 2640 Videte
2701 2593 2881 2638 autem
2925 2584 2993 2640 ab
3038 2584 3157 2656 ipso
3186 2594 3497 2657 repetentes

1900 2672 2083 2741 initio,
2138 2685 2196 2729 ut
2250 2674 2342 2730 Dei
2396 2675 2619 2733 discatis
2676 2676 3002 2733 ineﬂ'abilem
3050 2678 3438 2750 benignitatem
3471 2699 3491 2738 :

1901 2764 2085 2822 Mosen
2108 2767 2410 2838 inspiravit,
2437 2768 2648 2825 tabulas
2674 2768 2975 2840 insculpsit,
3004 2771 3357 2843 quadraginta
3374 2768 3493 2830 dies

1897 2872 2020 2913 eum
2041 2858 2211 2914 tenuit
2239 2860 2289 2914 in
2309 2869 2511 2929 monte,
2536 2871 2592 2917 et
2618 2875 2802 2918 rursus
2824 2862 3043 2919 totidem
3066 2865 3290 2921 utdaret
3313 2866 3489 2938 legem

1896 2945 2214 3019 (EIOtl.52).
2236 2949 2427 3006 Postea
2444 2961 2622 3007 autem
2648 2952 2792 3008 misit
2808 2953 3095 3025 prophetas
3109 2957 3245 3011 mala
3266 2971 3489 3028 perpes-

1892 3051 1983 3095 sos
2014 3039 2444 3096 innumerabilia.
2468 3041 2665 3113 Ingruit
2683 3043 2901 3111 belhun,
2920 3060 3108 3103 omnes
3132 3047 3487 3115 sustulerunt,

1891 3131 2307 3201 conscideruut,
2340 3136 2513 3191 exusti
2556 3135 2770 3193 fuerunt
2795 3137 2938 3196 libri.
2968 3142 3146 3198 Alium
3184 3159 3373 3201 rursus
3404 3148 3487 3201 vi-

1892 3240 2007 3278 rum
2041 3225 2321 3295 inspiravit
2349 3228 2721 3286 admirabilem
2741 3273 2758 3300 ,
2791 3241 2849 3288 ut
2874 3233 2999 3290 illos
3024 3246 3323 3307 exponeret
3344 3280 3360 3307 .
3385 3239 3489 3299 Es-

1886 3313 2040 3369 dram
2062 3356 2077 3383 ,
2121 3315 2341 3385 inquam
2362 3360 2378 3385 ,
2423 3328 2479 3374 et
2508 3318 2636 3376 fecit
2663 3332 2724 3376 ut
2766 3336 3224 3394 componereutur
3261 3344 3331 3388 ex
3356 3330 3486 3387 reli-

1887 3406 2058 3475 quiis.
2112 3406 2306 3463 Postea
2364 3419 2547 3473 autem
2606 3415 2817 3469 curavit
2874 3425 2932 3471 ut
2986 3416 3337 3489 Septuaginta
3392 3437 3485 3480 eas

1887 3496 2375 3570 interpretarentur
2404 3519 2418 3558 :
2445 3504 2523 3558 illi
2560 3518 2655 3560 eas
2699 3517 2824 3560 sunt
2849 3506 3211 3579 interpretati.
3252 3511 3484 3572 Advenit

1886 3588 2163 3659 Christus,
2212 3609 2308 3651 eae
2334 3596 2592 3667 suscipit,
2626 3599 2859 3671 apostoli
2905 3601 2956 3657 in
3002 3618 3191 3661 omnes
3234 3605 3486 3664 dissemi-

1897 3700 2026 3746 nant
2056 3707 2071 3745 :
2102 3689 2356 3750 Christus
2379 3694 2507 3751 fecit
2533 3698 2688 3768 signa
2707 3707 2767 3755 et
2790 3700 3070 3760 miracula.
3094 3706 3233 3774 Quid
3257 3707 3497 3768 deinde!

1898 3784 2023 3841 Post
2044 3796 2150 3841 tam
2168 3786 2355 3856 multa,
2379 3796 2487 3845 tam
2509 3801 2761 3849 accurate
2779 3802 2950 3864 gesta,
2971 3797 3307 3869 scripserunt
3326 3801 3494 3861 etiam

1894 3878 2142 3947 apostoli,
2170 3879 2309 3936 sicut
2331 3882 2492 3937 etiam
2516 3883 2651 3940 dixit
2678 3884 2873 3943 Paulus
2902 3906 2915 3943 :
2944 3889 3152 3963 Scripta
3180 3904 3295 3950 sunt
3324 3906 3495 3953 autem

1892 3972 1960 4023 art
2004 3982 2231 4025 nostram
2280 3973 2711 4041 adtttonitionem,
2742 3978 2812 4031 ad
2858 3996 2984 4047 quos
3013 3983 3140 4051 lines
3183 3988 3493 4042 articulorum

1891 4072 2223 4132 pervenerunt
2242 4064 2317 4132 (1.
2342 4064 2465 4121 Cor.
2496 4066 2583 4121 10.
2614 4069 2725 4140 ti).
2748 4069 2815 4125 Et
2834 4070 3083 4129 Christus
3107 4075 3321 4133 dicebat
3348 4096 3361 4134 :
3388 4078 3491 4136 Er-

1889 4156 2031 4218 ratis,
2062 4156 2335 4211 nescientes
2358 4156 2659 4228 Scriptura
2686 4160 2902 4232 (Matth.
2931 4164 3024 4220 21.
3049 4166 3168 4240 29).
3204 4168 3271 4226 Et
3296 4187 3506 4243 rursus,

1886 4246 2095 4302 dit'Cbill
2127 4247 2326 4307 Paulus
2353 4268 2367 4303 :
2398 4249 2497 4305 Per
2522 4255 2821 4322 patientiam
2838 4267 2885 4312 et
2912 4264 3313 4320 consolationem
3334 4265 3484 4324 Serio

1886 4348 2152 4407 pturarum
2190 4357 2333 4411 spem
2372 4343 2651 4401 habeamus
2691 4346 2873 4419 (Rom.
2927 4352 3014 4409 15.
3053 4355 3145 4427 ι);
3190 4368 3249 4414 et
3292 4375 3480 4420 rursus

1885 4428 2063 4485 Omnis
2089 4434 2346 4505 scriptura
2376 4436 2620 4494 divinitus
2648 4440 2901 4511 inspirata
2931 4448 3179 4535 cst.utilis
3222 4451 3304 4517 (8.
3335 4450 3477 4509 Tim.

1878 4523 1932 4579 ὃ.
1967 4528 2085 4596 th“),
2120 4538 2205 4591 et,
2249 4525 2468 4582 Verbum
2513 4529 2704 4586 Christi
2733 4534 2925 4591 habitet
2953 4523 3176 4596 in't'obis
3205 4546 3464 4602 abundan-

1878 4626 1949 4671 trr
1978 4616 2113 4689 (Col.
2148 4619 2201 4675 ὂ.
2233 4619 2342 4691 ili).
2377 4621 2440 4676 Et
2470 4623 2731 4694 propheta
2758 4667 2774 4694 ,
2818 4626 2885 4682 In
2914 4632 3024 4702 lege
3050 4635 3165 4705 ejus
3203 4638 3471 4695 meditabi-

1874 4717 1957 4763 tur
1983 4710 2065 4764 tlie
2089 4727 2151 4765 ac
2178 4723 2325 4767 nocte
2358 4712 2531 4786 (Psal.
2566 4717 2618 4771 1.
2650 4716 2748 4787 2);
2783 4730 2836 4776 et
2868 4738 3055 4780 rursus
3081 4727 3247 4797 alibi,
3295 4732 3475 4789 Omnis

1874 4802 2101 4856 narratio
2126 4813 2213 4858 tua
2242 4804 2307 4858 sit
2336 4806 2391 4859 in
2415 4806 2525 4879 lege
2546 4809 2796 4865 Altissimi
2819 4812 3010 4885 (Eecli.
3036 4816 3090 4873 9.
3118 4819 3246 4891 23);
3276 4830 3331 4878 et
3355 4840 3465 4882 rur-

1868 4907 1993 4959 sus,
2025 4894 2192 4962 Quam
2218 4897 2393 4951 dulcia
2421 4904 2619 4971 gutturi
2644 4920 2753 4958 meo
2787 4906 2987 4977 eloquia
3010 4919 3099 4964 tua
3125 4911 3145 4986 (
3176 4928 3282 4969 non
3309 4916 3466 4986 dixit,

1866 4988 2102 5042 Auribus
2124 5031 2139 5053 ,
2167 4990 2262 5046 sed
2282 5031 2299 5057 ,
2333 4989 2545 5047 Gutturi
2583 5011 2694 5051 meo
2724 4995 2745 5069 )
2773 5015 2929 5069 super
2967 5004 3067 5057 mel
3093 5015 3141 5058 et
3180 5008 3355 5078 favum
3391 5016 3471 5067 ori

1870 5092 2009 5145 meat
2021 5082 2171 5139 Psal.
2192 5085 2277 5143 18.
2302 5088 2412 5159 11).
2430 5088 2495 5144 Ει
2514 5090 3374 5176 Moses,Meditaberisdnquitjn
3392 5113 3476 5168 cie

1868 5187 2091 5243 semper,
2117 5192 2357 5262 surgens.
2382 5182 2591 5245 sedens.
2616 5186 2815 5242 cubans
2845 5187 3035 5259 (Deut.
3056 5192 3109 5249 6.
3137 5193 3212 5265 7).
3254 5198 3381 5254 ideo
3412 5209 3470 5257 et

1870 5262 2074 5322 Paulus
2090 5270 2341 5326 scribens
2353 5272 2600 5351 adTimot
2611 5275 2770 5332 heum
2786 5279 3004 5337 dicebat
3019 5301 3030 5336 :
3044 5282 3106 5339 In
3118 5262 3227 5341 illis
3241 5291 3465 5354 πολιαι
3534 5295 3543 5301 ⁷

1870 5358 2125 5417 meditare
2149 5362 2195 5426 (1
2212 5403 2225 5418 .
2251 5362 2389 5422 Tim.
2410 5366 2464 5421 4.
2491 5368 2795 5442 t5).Atque
2820 5374 3109 5433 innumera
3134 5380 3203 5437 de
3228 5379 3315 5439 bis
3348 5384 3461 5443 dici

1856 5450 2082 5516 pessint.
2111 5449 2215 5507 Sed
2262 5462 2441 5511 tamen
2478 5468 2596 5526 post
2628 5467 2734 5514 tam
2782 5463 2949 5520 multa
2983 5476 3106 5523 sunt
3153 5472 3315 5543 aliqui
3365 5478 3454 5547 qui

1854 5540 2100 5597 nesciunt
2122 5545 2337 5615 quidem
2360 5549 2501 5619 quod
2521 5552 2628 5605 sint
2647 5551 2962 5626 Scriptum.
2996 5540 3285 5631 Propterea
3310 5540 3451 5639 apud

1851 5648 1949 5687 nos
1977 5635 2107 5689 nihil
2140 5653 2347 5703 sanum,
2374 5640 2509 5696 nihil
2536 5653 2764 5713 rectum,
2796 5650 2926 5703 nihil
2952 5652 3099 5709 utile.
3124 5652 3229 5710 Sed
3258 5658 3302 5713 si
3327 5635 3452 5716 rem

1847 5726 2061 5796 quidem
2074 5728 2340 5800 quispiam
2363 5742 2534 5789 artem
2560 5735 2770 5795 discere
2794 5741 3102 5812 militarem,
3128 5762 3351 5805 necesse
3366 5763 3449 5807 est

1846 5827 1902 5870 ttt
1921 5817 2065 5888 leges
2083 5818 2255 5882 discat
2280 5822 2569 5881 militares:
2593 5838 2643 5883 et
2676 5830 2720 5885 si
2744 5831 2862 5901 quis
2877 5833 3002 5890 velit
3028 5835 3234 5894 discere
3265 5841 3444 5898 sciem-
