4112 6344
597 390 668 449 75

610 496 734 546 tiam
762 490 1145 561 gubernaculi,
1172 498 1261 543 aut
1286 488 1607 554 fabricandi,
1636 497 1731 543 aut
1758 488 1806 543 si
1832 487 1959 559 quid
1990 488 2132 543 aliud
2154 530 2171 556 ,

606 600 828 638 necesse
858 593 939 636 est
969 596 1021 635 ut
1048 581 1215 635 discat
1254 594 1371 649 qua:
1410 590 1534 633 sunt
1575 578 1704 634 artis
1726 594 1741 633 :
1765 578 1850 633 bic
1880 587 2057 634 autem
2088 578 2171 633 ni-

604 676 679 731 hil
711 676 883 746 agitur
908 672 1206 744 ejusmodi,
1240 671 1396 740 idque
1438 687 1557 726 cum
1586 671 1702 726 iure
1747 670 1966 725 scientia
1992 670 2172 725 multis

603 782 737 836 Opus
764 767 952 821 habeat
974 762 1185 833 vigiliis.
1215 760 1346 816 Nam
1368 762 1507 833 quod
1531 763 1629 816 hoc
1653 776 1863 831 quoque
1886 761 1956 815 sit
1981 778 2068 816 ars
2092 762 2171 815 in-

600 861 785 929 digens
810 856 1051 912 doctrina
1069 896 1085 920 ,
1114 853 1240 909 audi
1268 855 1582 927 prophetam
1612 854 1881 909 dicentem
1912 870 1928 910 :
1974 852 2166 918 Venite,

602 950 719 1018 ﬁlii,
749 950 921 1004 audite
944 967 1021 1004 ma
1048 964 1066 1004 :
1088 951 1317 1005 timorem
1340 949 1546 1004 Domini
1565 949 1751 1003 docebo
1770 964 1860 1003 eos
1876 948 2048 1020 (Psat.
2072 948 2162 1001 35.

604 1039 726 1094 η-
754 1041 863 1111 li).
897 1040 1034 1096 Vere
1082 1056 1208 1111 ergo
1260 1042 1498 1097 doctrina
1546 1056 1683 1110 opus
1734 1039 1892 1095 habet
1944 1039 2038 1093 Dei
2096 1038 2167 1092 ti-

602 1148 739 1188 mor.
770 1133 972 1188 Dciude
997 1134 1071 1188 ait
1101 1151 1116 1191 :
1152 1136 1276 1199 Quis
1302 1145 1371 1188 est
1398 1135 1544 1189 homo
1569 1136 1655 1205 qui
1684 1135 1789 1188 vult
1808 1135 1961 1188 vitam
1984 1134 2012 1189 7
2035 1134 2163 1190 dicit

601 1223 759 1276 vitam
790 1239 910 1293 qua:
936 1225 1044 1279 illic
1068 1234 1179 1289 est.
1206 1225 1269 1279 Et
1296 1224 1695 1288 rursus,Coltibe
1715 1226 1942 1297 linguam
1972 1237 2109 1281 tuam
2133 1242 2164 1279 a

599 1316 757 1380 malo,
780 1328 827 1369 et
854 1316 987 1370 labia
1019 1328 1103 1370 tua
1126 1333 1186 1369 ne
1212 1317 1483 1386 loquantur
1501 1318 1674 1372 dolum
1696 1334 1714 1372 :
1736 1318 1932 1373 declina
1958 1335 1991 1372 a
2010 1320 2164 1382 malo,

598 1417 646 1460 et
676 1410 760 1477 fac
785 1407 969 1461 bonum
994 1425 1013 1461 :
1039 1424 1205 1476 quam
1230 1424 1435 1479 pacem,
1480 1420 1526 1463 et
1569 1425 1861 1480 persequere
1886 1426 2015 1463 eam.
2049 1409 2166 1464 Sci-

603 1496 739 1552 tisne
775 1499 1017 1568 quisnam
1066 1501 1323 1569 propheta
1369 1499 1481 1553 lucc
1524 1499 1753 1565 dixerit,
1784 1508 1875 1553 aut
1915 1498 2167 1554 historio-

599 1588 848 1658 graphus,
876 1597 963 1643 aut
992 1590 1282 1659 apostolus,
1311 1597 1402 1642 aut
1429 1588 1794 1658 evangelista?
1822 1588 1932 1658 Ego
1954 1588 2167 1659 quidem

600 1697 705 1736 non
726 1682 937 1751 opinor,
963 1692 1155 1751 praeter
1184 1694 1385 1751 paucos
1411 1697 1427 1737 :
1455 1690 1614 1749 atque
1640 1694 1827 1734 rursus
1852 1680 1917 1734 iis
1942 1680 2093 1749 ipsis,
2125 1680 2167 1734 si

600 1772 978 1827 adduxerimus
1013 1771 1228 1828 aliunde
1257 1772 1655 1835 testimonium,
1686 1770 1827 1825 idem
1852 1770 1994 1840 quod
2021 1770 2169 1826 vobis

600 1864 830 1919 eveniet.
860 1866 999 1918 Ecce
1023 1864 1165 1917 enim
1193 1862 1366 1917 dicam
1398 1861 1543 1917 idem
1575 1862 1774 1916 dictum
1801 1862 1921 1915 aliis
1948 1860 2127 1915 verbis
2152 1875 2168 1916 :

604 1954 867 2007 Lavamim'
888 1996 903 2019 ,
933 1954 1108 2006 mundi
1148 1963 1336 2019 estote,
1361 1955 1559 2023 auferte
1594 1953 1863 2023 pravitates
1898 1961 2086 2007 uestras
2109 1950 2170 2005 ab

600 2042 864 2096 animabus
894 2043 1067 2095 uestris
1094 2058 1265 2094 coram
1296 2041 1456 2095 oculis
1480 2039 1601 2095 meis
1621 2080 1637 2105 ,
1679 2040 1854 2095 discite
1879 2042 2064 2095 bonum
2090 2045 2173 2113 {a-

600 2152 710 2189 cere
730 2178 742 2200 ,
768 2136 1012 2206 exquirite
1022 2133 1277 2204 judicium
1302 2150 1318 2186 :
1340 2132 1515 2185 cohibe
1535 2133 1762 2202 tinguant
1792 2143 1931 2185 tuam
1957 2149 1988 2185 a
2012 2133 2169 2197 malo,

601 2236 647 2280 et
670 2230 751 2298 {ac
780 2228 963 2280 bonum
994 2244 1015 2280 :
1043 2227 1216 2280 discite
1241 2225 1422 2279 bonum
1454 2224 1656 2295 ωριτε(
1688 2223 1815 2279 Isai.
1848 2226 1898 2279 Ι.
1932 2226 2022 2281 16.
2056 2225 2170 2295 Π).

607 2318 765 2372 Vides
788 2318 929 2388 quod
978 2317 1147 2371 virtus
1172 2324 1324 2386 egeat
1361 2315 1645 2370 doctrina?
1689 2330 1810 2369 nam
1843 2315 1933 2370 ille
1960 2314 2174 2385 quidem

602 2409 764 2474 dicit,
800 2408 1048 2461 Timorem
1094 2406 1303 2461 Domini
1329 2406 1514 2459 docebo
1552 2422 1638 2460 vos
1678 2423 1697 2460 .'
1734 2404 1819 2461 hic
1850 2420 1978 2461 vero
2001 2447 2017 2472 ,
2046 2403 2173 2459 Dis-
2204 2430 2205 2433 η

602 2501 697 2553 cite
723 2501 904 2553 bonum
930 2500 1112 2568 facere.

673 2590 894 2643 Lectoris
928 2589 1139 2659 officium
1186 2590 1237 2641 in
1269 2588 1516 2642 Ecclesia.
1562 2618 1634 2630 —
1662 2588 1889 2644 Scitisuc
1918 2590 2009 2645 ubi
2046 2589 2163 2645 hmc

602 2683 702 2736 sita
750 2682 899 2736 sint?
931 2681 1038 2750 ligo
1070 2679 1281 2750 quidem
1327 2696 1431 2733 non
1461 2680 1653 2748 Opinor
1674 2722 1688 2744 ,
1720 2690 1913 2750 pr.rter
1954 2696 2170 2751 paucos.

603 2772 759 2841 Atqui
790 2770 1014 2841 singulis
1042 2768 1390 2824 hebdomadis
1419 2770 1532 2825 haec
1576 2771 1725 2825 vobis
1769 2771 1852 2827 bis
1882 2774 1965 2828 vel
1992 2782 2074 2829 ter
2096 2774 2174 2829 lo—

1308 385 1363 443 8.
1402 381 1676 441 JOANNIS
1709 371 2172 435 CliRYSOSTOMl
2212 369 2521 426 AﬂClllEP.
2560 369 3091 428 οοΝετΑΝτιΝορ.

3780 374 3855 432 τε

2260 498 2496 560 guntur;
2526 494 2581 541 et
2606 498 2729 539 cum
2757 482 2925 536 lector
2952 475 3292 539 ascenderit,
3332 472 3462 529 dicit
3487 472 3715 544 primum
3748 487 3842 527 eu-

2261 583 2344 649 jus
2390 580 2460 634 sit
2501 577 2657 641 liber,
2700 587 2893 642 nempe
2943 570 3101 639 hujus
3147 568 3225 622 vel
3257 567 3403 621 illius
3434 563 3703 636 proiibcta:
3750 576 3841 619 aut

2262 670 2541 742 apostoli,
2587 676 2678 721 aut
2722 664 3099 733 evangelista};
3161 668 3285 714 tunc
3327 660 3414 713 illa
3455 657 3623 723 dicit,
3668 666 3725 711 ut
3780 671 3842 714 ea

2263 764 2431 833 magis
2475 760 2696 829 signetis
2724 765 2777 812 ct
2807 754 3129 815 observetis,
3177 760 3232 806 et
3280 764 3386 804 non
3438 749 3612 803 solum
3659 749 3845 802 sciatis

2275 873 2380 927 pta:
2407 854 2516 908 illic
2541 853 2642 906 sita
2672 856 2819 914 sunt,
2851 845 2943 900 sed
2973 852 3027 899 et
3050 857 3266 898 causam
3291 856 3474 896 eorum
3499 856 3617 909 qua:
3644 840 3844 908 scripta

2262 959 2405 1013 sunt,
2439 957 2492 1002 et
2517 946 2761 1016 quisnam
2791 955 2853 995 ea
2877 938 3093 993 dixerit.
3127 934 3233 990 Sed
3262 934 3438 987 munia
3463 932 3657 986 frustra
3685 930 3843 998 ﬁunt,

2263 1043 2659 1096 omniatemcre
2690 1049 2706 1087 :
2736 1046 2857 1087 nam
2891 1037 3057 1083 totum
3080 1035 3317 1080 vestrum
3345 1024 3575 1078 studium
3599 1032 3680 1078 est
3704 1023 3846 1077 etfu-

2264 1147 2382 1186 sum
2415 1130 2468 1183 in
2494 1142 2556 1183 ea
2584 1138 2702 1196 quae
2731 1121 2798 1176 ad
2828 1121 2962 1174 hanc
2989 1117 3150 1172 vitam
3172 1113 3462 1185 pertinent,
3485 1114 3838 1185 spiritualium

2269 1235 2398 1273 vero
2426 1218 2570 1272 nulla
2602 1216 2827 1270 habetur
2850 1214 3005 1268 ratio.
3040 1212 3330 1278 Propterea
3361 1221 3460 1260 nec
3486 1206 3574 1259 illa
3604 1203 3752 1255 vobis
3780 1216 3849 1255 ex

2264 1310 2529 1367 sententia
2554 1308 2843 1373 eveniunt;
2875 1304 2969 1361 sed
3006 1303 3115 1358 illic
3145 1316 3355 1373 quoque
3386 1299 3565 1353 multre
3598 1306 3721 1350 sunt
3745 1292 3859 1347 dif-

2269 1402 2554 1457 ficultates.
2583 1399 2715 1456 Nam
2737 1398 2984 1453 Christus
3006 1394 3217 1466 quidem
3246 1392 3375 1446 dicit
3404 1407 3417 1442 :
3444 1388 3607 1443 Petite
3635 1402 3850 1455 regnum

2268 1494 2363 1547 Dei
2388 1534 2402 1558 ,
2430 1502 2476 1546 et
2506 1494 2613 1547 [nec
2642 1490 2812 1544 omnia
2841 1488 3150 1559 adjicientur
3178 1483 3314 1538 nobis
3338 1483 3358 1549 (
3382 1480 3566 1535 Matth.
3600 1478 3652 1533 6.
3680 1478 3750 1533 55
3777 1476 3797 1545 )
3830 1492 3846 1530 :

2268 1594 2321 1641 et
2346 1584 2461 1639 haec
2480 1582 2692 1654 quidem
2719 1580 2850 1636 dicit
2869 1577 3041 1633 danda
3068 1590 3163 1646 pro
3183 1574 3525 1635 accessione;
3551 1584 3649 1624 nos
3668 1577 3847 1622 autem

2270 1675 2512 1730 ordinem
2550 1671 2902 1736 invertimus,
2950 1677 3006 1724 et
3053 1677 3249 1721 terram
3298 1662 3586 1735 quarrimus
3616 1670 3669 1714 et
3709 1659 3851 1713 bona

2272 1776 2430 1821 terra:
2474 1774 2742 1834 tamquam
2768 1761 2857 1816 illa
2885 1761 2992 1814 sint
3017 1757 3189 1812 danda
3221 1771 3315 1825 pro
3332 1753 3660 1809 accessione.
3713 1750 3852 1803 Pro-

2272 1870 2455 1929 pterea
2474 1872 2647 1927 neque
2669 1855 2784 1910 haec
2812 1853 3090 1917 habemus,
3116 1864 3289 1920 neque
3315 1847 3425 1901 illa.
3448 1843 3687 1901 Tandem
3718 1857 3853 1912 ergo

2272 1951 2668 2017 resipiscamus,
2723 1955 2777 2002 et
2821 1945 2999 2000 futura
3033 1940 3472 2009 concupiscamus
3522 1954 3537 1990 :
3576 1936 3654 1990 sic
3700 1934 3847 1989 enim

2265 2038 2378 2092 haec
2402 2050 2613 2107 quoque
2636 2040 2941 2105 sequentur.
2967 2029 3111 2085 Fieri
3134 2027 3279 2084 enim
3303 2039 3410 2080 non
3444 2032 3640 2094 potest,
3671 2028 3728 2073 ut
3753 2020 3843 2088 qui

2266 2144 2330 2185 ea
2359 2128 2547 2198 quatrit
2570 2141 2687 2197 qua:
2727 2118 2845 2180 Deo'
2863 2128 3199 2192 congruunt,
3226 2118 3455 2171 lmmana
3486 2127 3698 2184 quoque
3741 2126 3848 2164 non

2267 2228 2620 2289 assequatur:
2655 2216 2769 2289 lucc
2806 2223 2889 2268 est
2932 2210 3195 2267 sententia
3249 2206 3415 2278 ipsius
3442 2203 3698 2262 Veritatis
3746 2199 3853 2256 hoc

2268 2286 2515 2367 dicentis.
2552 2307 2631 2363 Ne
2670 2286 2803 2377 ergo
2832 2304 2987 2359 aliter
3014 2300 3305 2365 faciamus,
3355 2296 3449 2352 sed
3491 2293 3686 2349 Christi
3715 2307 3852 2347 eon-

2268 2401 2446 2457 silium
2479 2408 2791 2463 teneamus,
2822 2410 2891 2450 ne
2919 2394 2986 2449 ab
3028 2390 3278 2447 omnibus
3320 2386 3651 2443 excidamus.
3704 2384 3851 2438 Deus

2269 2502 2444 2547 autem
2479 2497 2561 2545 est
2599 2497 2789 2558 potens
2829 2500 2928 2539 nos
2956 2494 3349 2552 compungere,
3381 2485 3436 2532 ct
3475 2475 3728 2531 meliores
3776 2474 3857 2527 fa-

2280 2598 2424 2649 cere,
2457 2582 2507 2635 in
2541 2579 2754 2635 Christo
2782 2577 2908 2633 Jesu
2941 2575 3166 2630 Domino
3188 2580 3392 2635 nostro,
3422 2583 3542 2623 cum
3572 2582 3678 2637 quo
3706 2566 3855 2621 Patri

2275 2692 2375 2731 una
2393 2690 2512 2730 cum
2531 2682 2714 2727 sancto
2730 2670 2929 2740 Spiritu
2943 2666 3132 2737 gloria,
3152 2662 3453 2737 imperium,
3473 2659 3645 2714 honor
3664 2669 3719 2714 et
3736 2658 3858 2712 ado-

2274 2767 2427 2833 ratio,
2449 2779 2589 2820 nunc
2609 2773 2662 2818 et
2678 2776 2911 2832 semper,
2926 2768 2981 2813 et
3008 2759 3061 2812 in
3077 2756 3269 2811 secula
3292 2752 3632 2809 saeculorum.
3661 2752 3858 2805 Amen.

1938 2990 2282 3055 HOMILIA
2324 2992 2439 3054 ΙΧ.

616 3142 752 3201 Cn.
800 3145 853 3202 6.
890 3161 940 3201 ν.
991 3147 1042 3201 l.
1090 3144 1408 3216 thprOprer
1445 3143 1824 3197 intermittentes
1858 3139 2191 3195 incltoationis

693 3236 881 3290 Christi
921 3252 1216 3299 sermonem,
1268 3234 1335 3288 ad
1382 3234 1735 3306 perfectionem
1785 3238 2046 3302 feramur,
2090 3247 2191 3285 non

684 3342 885 3380 rursum
894 3328 1137 3396 facientes
1153 3324 1536 3397 fundamentum
1558 3324 1858 3393 panitentia:
1876 3322 1937 3376 ab
1958 3320 2190 3392 aperibus

690 3418 919 3479 mortuis,
944 3428 989 3470 et
1006 3416 1125 3485 fidei
1143 3415 1210 3468 ad
1238 3414 1421 3480 Deum,
1453 3414 1506 3467 9.
1541 3414 1893 3483 baptismatum
1923 3412 2185 3479 doctrinas,

688 3509 1025 3577 impositionis
1048 3524 1241 3577 quoque
1269 3522 1533 3573 manuum,
1559 3523 1619 3560 ac
1646 3506 2021 3561 resurrectionis
2046 3520 2181 3559 mor-

689 3608 889 3653 tuorum
916 3640 932 3665 ,
964 3608 1008 3652 et
1027 3598 1213 3669 judicii
1255 3596 1449 3652 (sterni.
1488 3598 1543 3652 5.
1584 3594 1651 3650 Et
1681 3596 1788 3649 lucc
1832 3596 2074 3667 {acientus
2097 3636 2112 3662 ,
2139 3595 2185 3649 si

682 3690 880 3757 quidem
910 3688 1193 3759 permiserit
1218 3687 1373 3757 Deus.

697 3781 749 3834 t.
779 3779 1069 3835 Audivistis
1097 3789 1347 3848 quantum
1378 3779 1784 3849 reprehenderit
1807 3779 2060 3837 ilcbrreos
2082 3794 2177 3835 vo-

624 3873 796 3928 lentes
834 3886 1045 3941 semper
1083 3871 1150 3925 de
1201 3870 1388 3926 iisdem
1429 3871 1680 3927 discere?
1709 3882 1763 3927 et
1809 3873 2018 3928 merito.
2050 3871 2181 3928 Nam

618 3978 745 4017 eum
774 3961 1039 4017 deberetis
1069 3975 1192 4017 esse
1215 3962 1451 4032 magistri
1488 3973 1708 4031 propter
1732 3974 1968 4033 tempus,
1996 3978 2184 4019 rursus

612 4070 745 4124 opus
787 4054 999 4110 habetis
1043 4063 1100 4109 ut
1144 4069 1238 4108 vos
1279 4055 1596 4121 doceamini,
1640 4070 1887 4124 quamam
1925 4057 2030 4111 sint
2074 4056 2189 4112 ele-

618 4154 799 4200 menta
829 4143 962 4198 initii
993 4143 1322 4214 eloquiorum
1355 4144 1467 4199 Dei.
1508 4143 1712 4200 Vereor
1735 4160 1803 4211 ne
1830 4144 1944 4201 haec
1972 4158 2184 4216 quoque

611 4236 765 4291 vobis
801 4234 980 4291 dicere
1023 4235 1094 4289 sit
1139 4236 1508 4305 tempestivum
1534 4277 1549 4301 ,
1593 4235 1734 4306 quod
1762 4251 1883 4292 cum
1913 4236 2179 4293 deberetis

608 4341 733 4382 esse
761 4327 1247 4400 magistri_pr0pter
1276 4336 1483 4397 tempus
1509 4368 1526 4392 ,
1559 4343 1624 4380 nc
1647 4326 2029 4399 discipulorum
2056 4330 2176 4400 qui-

608 4417 729 4472 dem
762 4417 940 4473 locum
964 4397 1227 4481 uincatis;
1256 4415 1353 4472 scd
1376 4432 1587 4488 semper
1606 4397 1797 4473 eadem
1818 4428 1873 4474 et
1898 4418 1966 4473 de
1995 4397 2181 4475 iisdem

608 4507 917 4572 audientes,
946 4516 1212 4576 tamquam
1246 4507 1376 4561 nihil
1402 4508 1681 4563 audientes
1709 4508 1984 4565 itaraﬂ'ecti
2013 4510 2130 4563 sitis
2159 4527 2173 4562 :

606 4608 663 4656 et
698 4603 741 4656 si
788 4600 909 4671 quis
944 4615 1041 4655 vos
1086 4601 1397 4670 interroget,
1448 4615 1607 4655 nemo
1644 4602 1814 4670 possit
1855 4600 2182 4671 respondere

609 4698 804 4756 praeter
829 4688 1121 4745 admodum
1162 4704 1394 4759 paucos,
1428 4703 1627 4759 eosque
1669 4700 1944 4745 numerato
1974 4690 2178 4747 faciles.

612 4780 720 4835 lloc
746 4788 922 4837 autem
967 4794 1073 4837 non
1122 4789 1203 4834 est
1251 4795 1470 4850 parvum
1514 4780 1789 4835 damnum.
1838 4779 1993 4851 Smpc
2035 4784 2175 4838 enim

611 4868 883 4925 doctorem
927 4872 1191 4927 volentem
1234 4872 1457 4927 ulterius
1502 4874 1769 4944 progredi,
1814 4885 1867 4931 et
1910 4892 2028 4947 quae
2065 4888 2187 4933 sunt

615 4962 782 5032 magis
812 4964 1034 5034 mystica
1064 4972 1117 5018 et
1161 4963 1351 5019 altiora
1383 4973 1600 5036 tangere
1624 5008 1641 5034 ,
1680 4983 1786 5023 non
1832 4969 1961 5023 sinit
2000 4984 2183 5025 eorum

613 5056 701 5124 qui
730 5056 945 5111 discunt
971 5057 1175 5127 ignavia
1204 5067 1256 5111 et
1294 5058 1627 5127 negligentia.
1660 5059 1791 5115 Nam
1818 5062 1957 5117 sicut
1995 5064 2046 5117 in
2084 5079 2187 5117 ma-

610 5149 790 5214 gistris
817 5149 925 5205 ludi
957 5150 1202 5215 litcrarii,
1227 5149 1271 5203 si
1300 5151 1560 5206 elementa
1579 5167 1792 5223 semper
1818 5154 2001 5209 audiat
2031 5171 2181 5225 puer,

612 5250 666 5293 rt
708 5256 768 5295 ea
798 5256 902 5296 non
949 5251 1165 5307 teneat,
1201 5258 1426 5298 necesse
1454 5244 1557 5299 erit
1594 5244 1770 5300 eidem
1800 5262 1966 5315 puero
1996 5247 2181 5303 eadem

610 5344 823 5401 semper
848 5332 1097 5388 insonare
1138 5344 1191 5389 et
1220 5344 1466 5403 repetere
1492 5351 1507 5399 ;
1537 5350 1633 5391 nec
1664 5338 1811 5406 prius
1832 5338 2055 5395 desistet
2086 5341 2183 5393 do-

609 5438 755 5489 cere,
810 5438 967 5493 quam
1025 5424 1110 5479 illa
1160 5436 1407 5481 accurate
1453 5428 1686 5498 potuerit
1733 5428 1987 5484 discere:
2044 5443 2179 5486 esset

609 5514 751 5569 enim
780 5517 959 5569 multa:
989 5517 1255 5581 amentim,
1292 5519 1557 5586 prioribus
1592 5535 1696 5574 non
1725 5533 1869 5576 recte
1896 5523 2078 5576 inditis
2111 5525 2174 5576 ad

607 5606 707 5660 alia
737 5620 862 5661 eum
894 5606 1091 5664 ducere
1123 5627 1135 5662 :
1166 5609 1243 5663 sic
1281 5610 1440 5665 etiam
1482 5613 1534 5666 in
1562 5614 1812 5681 ecclesia,
1841 5616 1885 5669 si
1921 5616 2073 5671 nobis
2098 5631 2183 5671 ca-

607 5696 727 5750 dem
755 5695 1053 5753 dicentibus
1098 5698 1227 5754 nihil
1271 5700 1501 5770 amplius
1538 5702 1753 5757 discatis
1776 5747 1789 5771 ,
1816 5720 1920 5761 non
1949 5708 2115 5760 cessit
2138 5706 2181 5760 i-

607 5804 722 5851 lii‘JS
739 5789 921 5851 eadem
940 5790 1137 5848 dicere.
1162 5791 1216 5848 Si
1241 5794 1611 5850 ostentationis
1633 5795 1844 5865 quidem
1867 5807 1921 5853 ct
1946 5797 2165 5853 honoris

2261 3163 2293 3204 a
2320 3146 2476 3204 nobis
2500 3146 2791 3203 haberetur
2820 3144 2957 3200 ratio
2982 3184 2998 3209 ,
3027 3150 3302 3213 oporteret
3322 3144 3540 3216 semper
3566 3137 3843 3194 transilire

2262 3248 2319 3295 et
2372 3237 2903 3303 transirc,vestrum
2952 3232 3153 3289 nullam
3208 3242 3456 3302 gerentes
3498 3243 3702 3293 curam,
3751 3227 3848 3282 sed

2263 3332 2409 3388 solos
2448 3338 2655 3385 vestros
2696 3329 2915 3399 plausus
2959 3334 3213 3395 appetere
3259 3340 3275 3380 :
3316 3321 3410 3378 sed
3455 3320 3704 3392 quoaiam
3738 3335 3849 3373 non

2266 3423 2317 3477 iu
2352 3423 2451 3476 hoc
2474 3420 2711 3475 studium
2740 3417 3043 3488 posuimus,
3077 3413 3170 3470 sed
3207 3428 3304 3468 nos
3347 3428 3446 3484 pro
3490 3423 3665 3466 vestra
3699 3410 3848 3465 utili-

2267 3522 2371 3565 tate
2396 3526 2607 3565 omnem
2638 3509 2875 3564 laborem
2904 3505 3250 3575 suscipimus,
3281 3519 3386 3559 non
3417 3502 3751 3559 cessabimus
3781 3500 3853 3555 do

2267 3601 2451 3656 iisdem
2480 3601 2633 3655 vobis
2657 3600 2837 3653 dicere
2858 3638 2874 3663 ,
2905 3597 3079 3652 donec
3116 3610 3179 3651 ea
3216 3604 3361 3651 recte
3386 3593 3683 3665 gesseritis.
3717 3591 3850 3646 Nam

2267 3694 2426 3747 multa
2457 3692 2639 3747 dicere
2667 3699 2978 3759 poteramus
2998 3698 3051 3744 et
3072 3688 3140 3742 de
3167 3686 3407 3757 gentium
3440 3684 3848 3752 superstitione,

2267 3794 2321 3839 et
2348 3783 2417 3837 de
2440 3781 2746 3837 Manichaeis
2771 3790 2826 3836 et
2853 3777 3212 3834 Marcionisﬂs
3238 3818 3253 3844 ,
3286 3785 3341 3831 ct
3368 3790 3467 3847 per
3496 3774 3593 3830 Dei
3618 3775 3845 3845 gratiam

2278 3872 2477 3926 validas
2506 3871 2585 3926 eis
2612 3870 2792 3939 plagas
2820 3868 3061 3939 inﬂigere
3087 3911 3101 3934 ,
3132 3870 3225 3924 sed
3258 3885 3363 3925 non
3394 3879 3477 3925 est
3498 3887 3641 3927 nunc
3680 3873 3748 3929 de
3774 3876 3859 3943 eis

2278 3961 2485 4019 dicendi
2518 3971 2750 4032 tempus.
2776 3961 2905 4018 Nam
2938 3963 3002 4016 iis
3025 3962 3116 4033 qui
3145 3977 3239 4017 sua
3271 3962 3507 4018 nondum
3534 3974 3722 4020 exacte
3751 3950 3857 4019 no-

2280 4066 2420 4122 runt,
2449 4067 2501 4111 et
2520 4056 2609 4127 qui
2641 4056 2874 4110 nondum
2905 4055 3208 4110 didicerunt
3235 4053 3377 4125 quod
3408 4055 3608 4109 malum
3642 4057 3710 4111 sit
3730 4057 3857 4127 plus

2278 4163 2433 4217 quam
2464 4163 2557 4217 par
2581 4157 2659 4202 est
2688 4147 2906 4211 habere,
2941 4146 3061 4216 quis
3090 4146 3216 4201 talia
3246 4145 3404 4201 verba
3437 4146 3635 4201 dixerit
3661 4188 3677 4214 ,
3705 4156 3758 4202 et
3785 4146 3857 4202 ad

2278 4241 2377 4294 alia
2428 4240 2638 4294 duxerit
2690 4248 2814 4294 ante
2858 4239 3105 4307 tempus?
3148 4241 3321 4309 Atque
3363 4252 3461 4293 nos
3489 4238 3707 4309 quidem
3745 4255 3855 4295 non

2277 4330 2603 4385 cessabimus
2629 4330 2814 4384 eadem
2845 4329 3048 4393 dicere,
3085 4330 3198 4384 sive
3222 4329 3376 4383 vobis
3404 4330 3852 4399 persuaserimus,

2277 4422 2391 4475 sive
2435 4436 2538 4475 non
2582 4439 2595 4475 :
2644 4435 2893 4475 veremur
2935 4428 3110 4475 autem
3164 4434 3231 4474 ne
3282 4419 3469 4476 eadem
3515 4421 3857 4477 continenter

2280 4511 2528 4577 dicendo,
2555 4512 2599 4565 si
2624 4525 2728 4566 non
2753 4510 3003 4575 audiatis,
3026 4511 3091 4565 iis
3114 4510 3202 4579 qui
3232 4509 3425 4564 frustra
3457 4510 3700 4577 audiunt,
3734 4527 3849 4566 ma-

2274 4602 2446 4671 jorem
2482 4602 2772 4658 efficiamus
2801 4602 3321 4658 condemnationem.
3368 4602 3480 4656 Non
3521 4615 3647 4657 sunt
3674 4616 3854 4660 autem

2281 4695 2392 4748 haec
2416 4710 2443 4747 a
2472 4708 2555 4749 me
2580 4694 2827 4750 omnibus
2854 4694 3077 4751 dicenda
3104 4712 3116 4745 :
3145 4694 3259 4749 scio
3287 4695 3429 4749 enim
3459 4695 3654 4750 multos
3678 4698 3853 4764 juvari

2279 4801 2306 4839 a
2337 4799 2433 4840 suo
2461 4787 2510 4840 in
2530 4786 2673 4840 hunc
2698 4786 2876 4841 locum
2903 4786 3171 4855 ingressu,
3202 4786 3290 4857 qui
3311 4786 3433 4855 jure
3454 4785 3710 4842 adversus
3733 4788 3855 4842 illos

2278 4876 2688 4932 exclamaverint
2713 4919 2728 4942 ,
2762 4888 2815 4930 ut
2846 4878 2933 4946 qui
2961 4892 3057 4946 per
3086 4890 3236 4930 suam
3283 4876 3522 4932 discendi
3564 4877 3849 4946 segnitiem

2277 4979 2329 5023 et
2359 4970 2732 5039 negligentiam
2764 4968 2863 5023 sibi
2886 4966 3230 5022 insidiantur.
3268 4967 3374 5022 Sed
3407 4981 3474 5022 ne
3515 4968 3593 5021 sic
3632 4968 3854 5037 quidem

2277 5074 2369 5114 eos
2398 5060 2699 5130 oppriment
2722 5059 2925 5114 insidire
2958 5076 2971 5113 :
3016 5059 3228 5114 assidue
3259 5059 3398 5113 enim
3441 5058 3628 5113 cadem
3657 5060 3847 5113 audire

2278 5156 2340 5212 iis
2390 5157 2547 5211 etiam
2579 5156 2666 5225 qui
2718 5155 2913 5219 sciunt,
2964 5164 3044 5209 est
3096 5154 3223 5209 utile
3256 5171 3269 5206 ε
3301 5168 3422 5209 nam
3467 5168 3587 5207 cum
3629 5152 3679 5206 id
3709 5154 3854 5222 quod

2274 5250 2470 5305 scimus
2495 5264 2637 5319 srcpe
2664 5248 2991 5303 audierimus
3017 5289 3030 5310 ,
3060 5248 3228 5317 magis
3257 5246 3685 5317 compungimur.
3728 5246 3847 5300 Sci-

2276 5358 2413 5406 mus,
2442 5342 2588 5397 verbi
2629 5342 2799 5411 gratia
2824 5380 2838 5404 ,
2872 5339 3016 5410 quod
3042 5353 3129 5394 res
3155 5339 3291 5393 bona
3337 5339 3407 5392 sit
3452 5337 3723 5391 humilitas
3749 5378 3763 5399 ,
3796 5346 3855 5390 ct

2273 5434 2413 5503 quod
2436 5434 2681 5488 Christus
2723 5447 2866 5500 stepc
2894 5433 2963 5487 de
2990 5446 3051 5485 ca
3080 5430 3150 5485 sit
3178 5430 3465 5500 loquutus;
3509 5428 3602 5485 sed
3630 5430 3853 5499 quando

2273 5536 2328 5579 et
2355 5526 2650 5594 ipsa'vcrha
2677 5525 3028 5590 audierimus,
3057 5532 3112 5578 et
3135 5538 3253 5593 quae
3278 5522 3346 5578 de
3372 5523 3438 5577 iis
3458 5531 3583 5577 sunt
3606 5532 3855 5577 contem-

2274 5615 2555 5685 plationes,
2581 5615 2751 5685 magis
2776 5614 3059 5680 aiticimur,
3101 5612 3310 5668 etiamsi
3359 5612 3555 5668 millies
3583 5612 3853 5667 audiveri-

2273 5723 2411 5762 tnus.
2436 5707 2792 5776 Quamobrem
2813 5719 2893 5762 est
2915 5717 3270 5777 opportunum
3292 5715 3346 5758 ut
3362 5720 3459 5759 nos
3477 5721 3687 5775 quoque
3705 5722 3851 5761 nunc

2276 5803 2425 5859 vobis
2493 5800 2776 5857 dicamus:
2841 5801 3159 5870 Qttnpromcr
3204 5800 3582 5855 intermittentes
3632 5800 3847 5856 incitati-
