4112 6344
206 408 265 463 π
1037 401 1104 459 LV
1141 401 1358 459 EPIST.
1402 402 1493 459 AD
1530 395 1890 458 HEBRJ'IUS.
1930 393 2082 451 CAP.
2116 392 2203 449 Vl.
2235 390 2461 449 liOMli..
2497 396 2591 453 1X.
3417 394 3489 449 78

206 510 341 565 tionis
361 508 551 563 Citriin
575 522 875 569 sermonem,
904 504 972 559 ad
997 506 1351 577 perfertionrm
1376 509 1616 577 feramur.
1637 504 1771 572 Qum

203 598 563 663 sitinchoatio,
584 608 637 654 et
664 597 805 667 quod
831 596 1039 651 initium
1057 596 1345 657 sermonis,
1372 596 1486 665 ipse
1511 595 1770 665 deinceps

203 692 354 762 petiit,
375 691 560 747 dicens
590 708 604 746 :
652 688 773 743 Non
812 703 1024 752 rursus,
1062 687 1272 757 inquit,
1294 687 1544 756 jacientes
1574 687 1768 755 funda-

201 793 403 838 mentum
442 780 748 849 pauitantia
784 779 846 832 ab
892 777 1125 846 operibus
1180 779 1390 831 mortuis
1430 787 1478 831 et
1522 778 1644 847 [idei
1695 780 1764 833 ad

202 871 369 940 Deum,
393 871 749 944 baptisntatnm
774 871 1038 934 doctrinas,
1069 870 1406 939 impositiouis
1433 886 1633 941 quoque
1658 888 1767 925 ma-

197 980 361 1030 nuum,
390 979 452 1017 ac
474 962 857 1018 resurrectionis
901 970 1252 1023 mortuorum,
1282 971 1331 1014 et
1349 960 1539 1031 judicii
1566 962 1763 1017 aterni.

196 1056 261 1125 κη)
292 1053 345 1110 Si
371 1053 472 1110 hoc
498 1062 678 1109 autem
698 1062 783 1108 est
809 1052 1039 1116 initium,
1070 1050 1198 1122 quid
1234 1059 1319 1106 est
1346 1050 1490 1106 aliud
1520 1061 1764 1107 nostrum

202 1146 381 1215 dogma
427 1160 589 1214 Quam
628 1144 995 1214 paenitentiam
1025 1156 1186 1212 agere
1214 1141 1283 1196 ab
1319 1140 1574 1211 operibus
1621 1154 1767 1194 mor-

202 1238 315 1299 tuis,
343 1247 395 1291 et
431 1252 529 1307 per
571 1236 828 1307 Spiritum
864 1236 1110 1305 accipere
1152 1233 1309 1289 fidem
1354 1233 1773 1289 resurrectionis

202 1336 516 1383 mortuorum
572 1338 628 1384 et
674 1329 859 1398 judicii
912 1329 1141 1384 arterei?
1179 1326 1317 1396 Quid
1371 1336 1456 1382 est
1510 1325 1768 1381 initium?

203 1419 330 1474 Nihil
356 1419 499 1475 aliud
520 1435 683 1491 quam
706 1420 810 1474 hoc
831 1419 962 1475 dicit
989 1419 1224 1485 initium,
1247 1416 1461 1488 quando
1486 1431 1595 1471 non
1618 1414 1773 1471 adest

203 1511 300 1566 vita
328 1522 515 1567 exacta
544 1521 599 1568 et
628 1510 887 1582 perfecta.
938 1510 1008 1568 Ut
1051 1509 1197 1566 enim
1242 1524 1366 1565 eum
1394 1509 1486 1579 qui
1529 1509 1677 1564 venit
1706 1506 1773 1562 ad

202 1604 472 1660 discendae
491 1606 721 1667 litteras,
736 1612 951 1675 Oportet
990 1603 1221 1674 primum
1244 1602 1433 1658 audire
1460 1600 1730 1656 elementa
1755 1617 1773 1655 :

204 1695 265 1749 ita
291 1695 449 1751 etiam
487 1694 851 1751 Christianum
884 1694 999 1750 hazc
1042 1702 1230 1750 exacte
1268 1694 1411 1749 scire
1440 1692 1694 1764 primum,
1722 1700 1779 1746 et

203 1788 263 1843 de
285 1786 364 1842 his
393 1786 527 1842 nihil
550 1786 817 1843 dubitare.
848 1785 902 1841 Si
944 1794 1125 1843 autem
1152 1785 1397 1841 doctrina
1424 1798 1611 1840 rursus
1642 1781 1778 1838 iudi-

202 1887 332 1949 geat,
373 1878 611 1934 nondum
641 1878 803 1935 habet
832 1878 1239 1935 fundamentum
1264 1894 1277 1931 :
1313 1876 1527 1932 firmum
1557 1874 1701 1932 enim
1724 1884 1779 1931 et

204 1971 432 2027 stabilem
475 1970 642 2027 fixum
674 1986 795 2027 esse
823 1979 1039 2042 Oportet
1080 1978 1137 2025 et
1173 1978 1341 2032 stare,
1369 1976 1425 2023 et
1456 1982 1562 2024 non
1594 1976 1775 2023 trans-

205 2066 414 2121 moveri.
436 2064 493 2122 Si
512 2066 644 2137 quis
672 2073 851 2120 autent
884 2062 1153 2119 catechcsi
1181 2063 1491 2127 institutus,
1525 2068 1580 2116 et
1605 2059 1779 2130 baptic

203 2173 313 2212 suto
353 2157 590 2221 tinctu,
634 2165 753 2226 post
796 2169 969 2210 annos
997 2154 1187 2211 decem
1229 2154 1298 2209 de
1329 2151 1435 2209 llde
1476 2165 1666 2207 rursus
1696 2158 1781 2207 est

205 2249 503 2316 auditurus,
533 2258 590 2305 et
629 2248 771 2319 quod
818 2256 1067 2319 oporteat
1093 2246 1318 2302 credere
1353 2246 1408 2301 in
1444 2254 1777 2300 mortuorum

208 2342 669 2404 resurrectionem,
699 2338 937 2394 nondum
962 2338 1123 2393 habet
1153 2336 1587 2403 fundamentum,
1618 2333 1777 2391 Clari-

206 2434 454 2488 stianismi
488 2447 678 2488 rursus
703 2433 895 2503 qmerit
937 2430 1166 2486 initium.
1218 2429 1349 2485 Nam
1379 2429 1520 2500 quod
1552 2428 1685 2484 lldos
1710 2428 1782 2484 sit

207 2526 639 2591 fundamentum,
696 2524 963 2595 reliquum
1035 2530 1215 2577 autem
1273 2520 1601 2587 mdilicium,
1657 2518 1782 2575 audi

208 2619 364 2688 ipsum
394 2616 665 2671 dicentem
698 2628 715 2672 :
747 2614 859 2685 Ego
890 2613 1278 2686 fundamentum
1316 2614 1502 2682 posui,
1531 2611 1663 2666 alius
1689 2626 1781 2665 su-

208 2708 532 2779 peratdiﬁeat.
579 2705 642 2763 Si
666 2706 779 2777 quis
802 2714 973 2759 autem
998 2703 1376 2775 supercdiﬁcat
1414 2718 1572 2773 supra
1596 2700 1785 2773 funda-

210 2811 411 2855 mentum
436 2800 555 2867 hoc,
583 2813 786 2865 aurum,
808 2804 1075 2866 argentum
1106 2793 1302 2865 lapides
1331 2794 1598 2864 pretiosos,
1620 2792 1782 2863 ligna,

210 2898 419 2965 fcitum,
457 2892 705 2964 stipulam
744 2890 763 2961 (
795 2891 846 2945 l.
870 2887 991 2945 Cor.
1032 2888 1085 2944 3.
1116 2888 1207 2944 i0.
1238 2886 1349 2959 ιε).
1378 2886 1504 2942 Ideo
1529 2884 1740 2940 dicebat
1768 2900 1782 2938 :

212 2984 321 3039 Non
344 3002 550 3041 rursum
563 2984 811 3055 jacientes
831 2980 1224 3053 fundamentum
1245 2979 1551 3050 pauitantia:
1568 2976 1631 3030 ab
1652 2990 1781 3045 ope-

208 3078 333 3132 ribus
374 3076 610 3131 mortuis.
1416 3074 1417 3077 ’

269 3172 320 3226 9t.
340 3169 496 3225 Fides
516 3170 667 3239 ﬁrma
685 3169 840 3222 uitam
860 3182 1039 3237 purum
1060 3164 1214 3234 parit.
1235 3193 1303 3204 —
1318 3161 1457 3229 Quid
1478 3170 1561 3216 est
1577 3168 1785 3225 autem,

211 3264 282 3317 Ad
306 3264 665 3335 perfectionem
690 3258 959 3332 feramur?
991 3258 1274 3327 Deinceps,
1304 3257 1496 3324 inquit,
1531 3252 1759 3323 proceda

213 3371 319 3411 inus
354 3356 422 3411 ad
463 3355 639 3425 ipsum
685 3350 953 3421 fastigium
975 3389 989 3413 ,
1024 3348 1125 3402 hoc
1155 3357 1272 3411 est,
1305 3348 1466 3401 vitam
1497 3344 1790 3399 habeamus

212 3451 474 3520 optimam.
508 3445 657 3501 Sicut
685 3443 829 3499 enim
860 3441 912 3495 in
941 3438 1226 3495 elementis
1255 3441 1294 3492 A
1330 3445 1498 3491 totum
1528 3434 1785 3499 continet,

211 3553 261 3598 et
297 3540 696 3596 fundamentum
739 3542 907 3589 totum
949 3532 1234 3587 mdilicium
1261 3546 1274 3581 :
1302 3531 1370 3583 ita
1418 3529 1578 3582 etiam
1624 3526 1790 3582 vitam

214 3649 385 3706 puram
413 3638 565 3689 certa
594 3631 647 3683 in
673 3626 776 3683 fide
807 3626 1107 3698 persuasio.
1132 3622 1351 3692 Absque
1374 3638 1435 3676 ea
1468 3631 1645 3675 autem
1676 3619 1789 3673 lteri

216 3742 310 3780 non
351 3734 529 3796 potest
569 3730 625 3776 ut
667 3720 741 3776 sis
768 3718 1106 3793 Clinistiauus
1140 3736 1155 3769 :
1185 3714 1325 3770 sicut
1369 3729 1467 3770 nec
1506 3713 1788 3768 :udilicium

214 3828 378 3888 potest
401 3831 526 3873 esse
550 3816 750 3886 absque
787 3811 1166 3875 fundamentis,
1193 3823 1367 3879 neque
1392 3806 1506 3863 fleri
1532 3815 1705 3874 petest
1735 3812 1792 3857 ut

213 3910 402 3981 absque
425 3909 713 3966 elementis
738 3909 814 3963 sis
838 3906 1043 3978 peritus
1057 3907 1378 3961 litterarum.
1394 3901 1503 3959 Sed
1533 3900 1798 3972 quemad-

212 4000 421 4059 modum
466 4001 512 4058 si
550 4002 673 4073 quis
712 4015 929 4072 semper
956 4007 1200 4055 versetur
1235 3998 1378 4053 circa
1419 3995 1717 4059 elementa,
1750 3990 1798 4048 si

214 4096 327 4165 quis
350 4094 499 4152 circa
531 4092 937 4150 fundamentum
964 4134 979 4159 ,
1020 4106 1127 4146 non
1155 4088 1297 4144 circa
1327 4086 1613 4143 mditicium
1634 4127 1649 4152 ,
1689 4100 1797 4167 non

214 4189 307 4244 erit
332 4189 379 4245 ei
406 4187 699 4261 quidquam
721 4184 953 4256 amplius
977 4202 990 4240 :
1013 4185 1091 4239 sic
1121 4180 1277 4239 nobis
1302 4178 1515 4237 eveniet
1543 4197 1556 4231 :
1581 4177 1628 4233 si
1653 4176 1797 4232 enim

211 4294 417 4351 semper
445 4279 503 4336 in
532 4277 656 4336 fidei
685 4278 841 4335 initio
870 4290 1187 4333 maneamus
1208 4314 1225 4341 ,
1265 4286 1557 4343 numquam
1586 4269 1654 4324 ad
1681 4269 1799 4339 ejus

217 4371 596 4439 perfectionem
627 4372 926 4427 veniemus.
958 4369 1040 4425 Tu
1069 4376 1249 4424 autem
1289 4382 1359 4423 ne
1400 4364 1677 4423 existimes
1701 4361 1799 4417 dc-

215 4472 430 4520 traetum
456 4478 578 4520 esse
604 4461 747 4528 fidei,
778 4462 922 4533 quod
947 4477 1011 4518 ea
1040 4460 1364 4517 elementum
1394 4458 1465 4513 sit
1488 4452 1673 4533 vocata
1697 4472 1711 4508 :
1732 4461 1795 4509 ea

213 4553 347 4609 enim
375 4562 463 4610 est
488 4562 598 4610 tota
622 4532 883 4625 potestas.
900 4551 1034 4609 Nam
1056 4549 1272 4622 quando
1293 4548 1443 4617 dicit,
1465 4532 1645 4603 Omnis
1665 4545 1799 4600 enim

213 4644 293 4711 qui
319 4642 469 4699 lactis
495 4652 568 4699 est
594 4643 868 4715 particeps,
893 4652 965 4698 est
986 4642 1251 4714 imperitus
1280 4639 1527 4695 sermonis
1542 4636 1762 4710 justitia:
1778 4653 1799 4691 :

216 4744 283 4789 est
308 4737 447 4792 enirn
491 4735 704 4808 infans;
739 4750 846 4790 non
874 4750 993 4791 eam
1026 4743 1181 4790 vocat
1209 4733 1291 4788 lac
1316 4732 1575 4804 iustitiae;
1608 4728 1701 4785 scd
1732 4727 1800 4784 de

216 4823 291 4882 his
332 4826 511 4883 adhuc
554 4826 801 4882 dubitare
827 4868 844 4894 ,
890 4835 974 4882 est
1018 4825 1215 4881 mentis
1252 4822 1533 4879 imbecilla:
1579 4831 1635 4877 et
1680 4834 1801 4890 qua:

217 4918 391 4975 multis
433 4917 636 4990 indiget
676 4917 998 4975 rationibus.
1032 4918 1157 4973 llrec
1198 4915 1343 4972 enim
1380 4924 1507 4971 sunt
1549 4913 1796 4985 dogmata

217 5029 328 5080 qua:
351 5020 484 5068 sunt
512 5020 658 5068 recta
687 5020 740 5067 et
765 5025 894 5066 sana
919 5028 931 5064 :
955 5010 1103 5064 illum
1137 5024 1368 5081 namque
1395 5022 1650 5063 vocamus
1674 5021 1798 5076 per-

218 5104 444 5169 fectum,
478 5105 720 5175 quicum
754 5102 859 5158 [ide
898 5111 1101 5158 rectam
1139 5100 1301 5156 habet
1341 5100 1526 5153 vitam.
1574 5096 1634 5154 Si
1679 5096 1800 5168 quis

216 5199 388 5253 autem
413 5195 577 5253 fidem
604 5194 821 5267 quidem
846 5194 1064 5259 habeat,
1092 5193 1300 5249 scelera
1323 5202 1503 5247 autem
1529 5190 1797 5257 admittat,

216 5297 263 5342 et
291 5287 359 5344 de
383 5286 491 5343 hac
517 5286 633 5366 ipsa
661 5285 866 5341 dubitet
891 5327 907 5353 ,
938 5296 993 5340 et
1021 5284 1320 5340 doctrinam
1352 5282 1550 5354 probro
1575 5280 1796 5347 ofﬁciat,

217 5379 401 5433 merito
424 5392 551 5434 eum
582 5377 828 5433 dicemus
858 5376 1111 5432 infantem
1134 5418 1150 5444 ,
1179 5370 1239 5431 ut
1272 5376 1365 5447 qui
1406 5374 1475 5430 ad
1507 5375 1680 5444 ipsum
1715 5387 1801 5429 rc-

217 5472 439 5527 currerit
483 5470 716 5525 initium.
766 5470 1129 5538 Quamobrem
1177 5470 1388 5525 etiamsi
1435 5468 1587 5525 mille
1628 5482 1802 5523 annos

217 5561 478 5631 egerimus
501 5561 559 5617 in
588 5561 715 5630 fide,
742 5570 795 5618 et
816 5561 869 5617 in
898 5576 960 5617 ea
988 5576 1096 5617 non
1124 5561 1293 5616 simus
1316 5560 1455 5616 ﬁrmi
1479 5571 1535 5617 et
1556 5559 1797 5627 stabiles,

218 5664 396 5710 sumus
438 5651 709 5722 infantes;
759 5651 974 5725 quando
1018 5667 1129 5710 non
1170 5652 1506 5712 ostendimus
1548 5652 1710 5707 vitam
1750 5651 1800 5709 ci

285 5848 358 5913 (a)
381 5848 467 5903 llic
503 5848 674 5912 incipit
705 5842 901 5897 humilia
924 5856 1049 5896 nona
1073 5844 1119 5894 in
1145 5840 1311 5903 cuto,
1352 5840 1488 5893 initio
1521 5840 1719 5892 omisso.

1870 504 2301 567 convenientem,
2336 497 2551 569 quando
2578 495 2754 550 adhuc
2776 493 3011 564 jaeimus
3038 490 3465 546 fundamentum.

1874 595 1979 649 lios
2005 604 2183 649 autem
2216 604 2269 648 ct
2299 592 2366 647 de
2399 591 2518 645 vita:
2549 590 2791 651 ratione,
2824 594 2879 640 et
2908 583 2977 641 de
3001 583 3107 638 alio
3135 598 3347 653 quoque
3376 597 3471 636 aco

1869 697 2040 751 cuset,
2067 695 2127 742 ut
2151 687 2240 757 qui
2270 686 2380 739 sint
2409 681 2745 743 vacillantes,
2771 688 2824 733 et
2846 694 2982 747 Opus
3011 676 3242 731 habeant
3267 684 3326 730 ut
3348 676 3469 728 fun-

1869 778 2181 834 damentum
2208 777 2410 847 jaeiaut
2445 772 2781 844 pmuitentiae
2819 769 2889 824 ab
2918 767 3177 839 operibus
3219 769 3469 821 mortuis.

1876 871 2008 926 Eum
2038 870 2181 925 enim
2212 867 2303 939 qui
2332 867 2402 921 ab
2445 866 2628 935 aliquo
2675 872 3078 917 transmovetnr
3104 859 3168 913 ad
3201 860 3432 914 alterum
3455 901 3471 923 ,

1870 972 1923 1019 et
1946 960 2077 1017 illud
2106 960 2322 1031 quidem
2350 957 2589 1021 dimittit,
2614 955 2717 1010 hoc
2736 965 2917 1009 autem
2944 952 3299 1023 eligit,ipsum
3325 951 3475 1021 prius

1871 1062 2088 1124 oportet
2114 1062 2167 1107 ut
2194 1050 2540 1115 condemnet,
2568 1048 2717 1104 etab
2742 1062 2810 1103 eo
2833 1046 3053 1103 recedat
3079 1046 3391 1111 affectione,
3421 1055 3476 1101 et

1877 1157 2004 1201 tunc
2046 1146 2229 1200 veniat
2273 1142 2340 1198 ad
2382 1142 2610 1215 alterum
2638 1158 2652 1194 :
2677 1140 2721 1195 si
2752 1148 2932 1194 autem
2973 1138 3139 1208 priori
3178 1152 3366 1193 rursus
3393 1148 3480 1194 est

1871 1238 2213 1301 adhmsurus,
2238 1234 2513 1306 quomodo
2531 1237 2759 1303 attinget
2781 1229 3123 1287 secundum?
3152 1230 3289 1298 Quid
3320 1246 3474 1302 ergo,

1874 1332 2079 1403 inquit,
2108 1330 2178 1385 de
2207 1329 2365 1400 lege?
2396 1328 2529 1383 Eam
2559 1326 3059 1387 condemnavimus.
3092 1334 3146 1379 et
3190 1339 3380 1379 rursus
3406 1324 3475 1378 ad

1872 1423 2045 1495 ipsam
2074 1422 2405 1479 rccurrimus
2426 1439 2439 1473 :
2462 1420 2566 1476 hoe
2592 1433 2697 1474 non
2720 1426 2806 1473 est
2827 1418 3108 1473 translatio
3131 1425 3187 1473 et
3208 1427 3480 1473 transmu-

1880 1518 2014 1572 tatio
2036 1535 2049 1571 :
2070 1514 2270 1571 ctenim
2294 1514 2380 1569 hic
2404 1512 2665 1567 habemus
2685 1511 2879 1582 legem.
2905 1509 3093 1581 Legem
3113 1525 3254 1581 ergo,
3280 1510 3477 1581 inquit,

1873 1616 2185 1670 destruintus
2231 1629 2322 1684 per
2370 1608 2571 1679 ﬁdem?
2615 1608 2758 1663 Absit
2783 1648 2799 1672 ,
2848 1608 2940 1663 sed
2991 1609 3156 1679 legent
3204 1608 3483 1664 statuimus

1875 1708 2055 1780 (Itoni.
2087 1708 2144 1764 3.
2172 1704 2287 1779 3|).
2332 1705 2446 1775 Ego
2487 1712 2667 1759 autem
2712 1700 2961 1758 dicebam
3000 1700 3069 1757 de
3109 1700 3271 1757 rebus
3302 1700 3479 1754 malis.

1874 1800 2007 1859 Nam
2028 1800 2120 1872 qui
2143 1810 2226 1854 est
2246 1797 2312 1853 ad
2335 1797 2585 1851 virtutem
2609 1793 2960 1859 transiturus,
2986 1790 3151 1848 debet
3174 1791 3325 1862 prius
3347 1805 3484 1846 eou-

1874 1894 2135 1951 demnare
2169 1892 2379 1959 vitium,
2409 1900 2463 1946 et
2491 1899 2618 1945 tunc
2641 1888 2706 1943 ad
2730 1903 2849 1943 eam
2874 1886 3137 1942 accedere
3163 1903 3176 1939 :
3201 1900 3308 1941 non
3336 1886 3481 1941 enim

1878 1984 2095 2040 valebat
2142 1980 2464 2054 pcenitentia
2502 1995 2599 2036 eos
2631 1977 2861 2034 mundos
2905 1976 3155 2033 reddere.
3188 1976 3484 2046 Pr0pterca

1878 2078 2061 2135 statim
2088 2074 2535 2146 baptizabantur,
2566 2082 2623 2127 ut
2652 2071 2797 2143 quod
2827 2087 2925 2141 per
2952 2068 3164 2141 seipsos
3195 2084 3299 2124 non
3335 2080 3485 2137 pote-

1876 2179 2000 2226 rant
2035 2169 2254 2224 efficere
2278 2210 2293 2231 ,
2326 2164 2380 2220 id
2426 2164 2584 2220 fieret
2624 2179 2722 2235 per
2755 2161 2959 2217 Christi
3004 2161 3250 2232 gratiam.
3295 2158 3484 2226 Neque

1877 2275 2007 2332 ergo
2029 2258 2232 2317 sufficit
2251 2257 2567 2330 pmnitentia
2590 2256 2658 2311 ad
2681 2254 3141 2319 emundatimtem,
3161 2253 3253 2310 sed
3272 2262 3487 2325 oportet

1879 2352 2141 2423 baptisma
2170 2364 2468 2406 assumere.
2501 2348 2802 2418 Oportebat
2836 2363 2967 2420 ergo
2995 2347 3063 2403 ad
3092 2348 3361 2417 baptisma
3392 2362 3485 2402 ac-

1877 2445 2096 2511 ccdcre,
2125 2446 2273 2515 prius
2298 2442 2569 2499 damnatis
2595 2441 2833 2512 peccatis
2855 2457 2974 2512 qua:
3001 2440 3314 2497 admiserat.
3344 2439 3484 2508 Quid

1875 2547 1959 2593 est
2005 2546 2184 2592 autem
2211 2578 2228 2603 ,
2261 2534 2643 2606 Baptismatum
2683 2533 2969 2588 doctrinm?
3006 2533 3125 2589 Non
3155 2533 3297 2604 quod
3331 2533 3486 2589 multi

1876 2630 1988 2684 sint
2018 2626 2291 2697 baptismi,
2314 2626 2418 2683 sed
2447 2642 2607 2682 unus.
2639 2624 2749 2682 Cur
2775 2640 2906 2697 ergo
2934 2625 2984 2679 id
3012 2624 3147 2679 dixit
3174 2625 3485 2695 pluraliter?

1876 2722 2014 2791 Quia
2044 2722 2286 2784 dixerat,
2319 2718 2443 2775 Non
2473 2736 2651 2774 rursus
2674 2719 2925 2789 jacientes
2958 2718 3346 2789 fundamentum
3374 2733 3483 2787 pm-

1878 2816 2125 2871 nitentite.
2157 2813 2291 2870 Nam
2317 2814 2362 2869 si
2392 2828 2487 2869 eos
2515 2827 2704 2867 rursus
2730 2810 3074 2881 baptizasset,
3103 2820 3156 2865 et
3183 2809 3251 2865 de
3277 2810 3493 2881 integro

1877 2907 2148 2967 ealechesi
2186 2906 2550 2971 instituisset,
2598 2916 2653 2962 et
2694 2919 2885 2959 rursus
2928 2903 2997 2960 ab
3038 2903 3192 2958 initio
3230 2901 3505 2973 baptizati.

1877 3003 2204 3058 docerentur
2224 3017 2343 3073 quae
2363 3010 2490 3056 sunt
2508 2998 2738 3069 agenda,
2763 3006 2817 3052 et
2837 3013 2959 3067 qua:
2981 3011 3086 3051 non
3108 3005 3235 3051 sunt
3255 2995 3482 3066 agenda,

1879 3103 2035 3150 erant
2056 3104 2316 3166 perpetuo
2345 3094 2585 3147 mansuri
2621 3089 2936 3145 iucorrccti.
2972 3086 3329 3159 Impositionis
3354 3106 3486 3160 quo-

1878 3203 1974 3257 que
2017 3202 2278 3240 manuum.
2324 3183 2415 3241 Sic
2454 3183 2601 3240 enim
2651 3180 2991 3252 accipiebant
3036 3179 3319 3250 Spiritum.
3358 3178 3488 3235 Cum

1880 3278 2085 3335 Paulus
2108 3280 2207 3345 eis,
2240 3278 2413 3349 inquit
2436 3320 2451 3343 ,
2481 3275 2807 3344 imposuisset
2848 3289 3051 3339 manus,
3085 3274 3218 3327 venit
3258 3274 3489 3342 Spiritus

1880 3380 2088 3427 sanctus
2112 3370 2247 3441 (Act.
2277 3368 2363 3425 i9.
2388 3369 2468 3438 6).
2494 3368 2567 3422 Ac
2593 3365 2977 3421 resurrectionis
3007 3376 3345 3419 mortuorum.
3376 3364 3489 3421 lluc

1882 3464 2023 3519 enim
2062 3462 2114 3517 lit
2144 3462 2198 3517 in
2234 3462 2501 3531 baptismo
2525 3501 2540 3525 ,
2572 3469 2627 3514 ct
2656 3456 3007 3515 Confirmatur
3039 3457 3090 3511 in
3122 3456 3486 3513 confessione.

1884 3555 1952 3611 Et
1965 3556 2155 3625 jndicii
2184 3554 2383 3609 (sterni.
2406 3552 2515 3609 Cur
2539 3561 2719 3607 autem
2751 3550 2855 3606 hoc
2883 3550 3055 3605 dicit?
3082 3550 3345 3617 Quoniam
3373 3560 3492 3606 erat

1884 3648 2181 3703 verisimile
2212 3660 2308 3701 eos
2339 3644 2419 3700 vel
2448 3659 2570 3699 cum
2607 3643 2717 3712 jam
2749 3641 3113 3698 credidissent
3144 3641 3326 3697 labare
3350 3683 3365 3706 ,
3398 3650 3494 3697 aut

1886 3742 2027 3797 male
2059 3740 2414 3814 aedis-solute
2444 3737 2627 3791 vivere
2654 3754 2666 3789 :
2692 3734 2824 3789 dicit
2862 3748 3013 3805 ergo,
3053 3732 3253 3805 Vigiles
3294 3742 3488 3790 estote.

1887 3828 2386 3911 Abduccns‘igitur
2425 3828 2548 3883 illos
2591 3844 2622 3881 a
2674 3826 2764 3881 tali
2808 3826 3041 3897 ignavia,
3084 3836 3135 3880 ct
3176 3826 3506 3881 attentiores.

1888 3926 2123 3983 reddens
2143 3968 2157 3989 ,
2192 3924 2334 3978 hunc
2366 3930 2547 3976 movet
2575 3934 2907 3975 sermonem.
2940 3916 3056 3973 Non
3087 3917 3211 3973 licet
3239 3917 3383 3972 enim
3412 3916 3496 3971 di-

1892 4035 2037 4084 cere,
2082 4017 2139 4073 Si
2182 4014 2445 4071 dissolute
2485 4024 2538 4067 ct
2582 4013 2916 4081 negligenter
2954 4010 3271 4077 vinrimus,
3310 4024 3495 4065 rursus

1893 4108 2307 4179 baptizabimur,
2340 4103 2612 4160 catcchcsi
2646 4116 2839 4157 rursus
2866 4101 3233 4167 inStituemur,
3265 4100 3497 4171 aecipie-

1894 4217 2014 4257 tnus
2046 4214 2232 4255 rursus
2263 4197 2525 4267 Spiritum
2556 4213 2568 4248 :
2596 4204 2729 4259 aut,
2771 4193 2825 4249 Si
2859 4209 2888 4246 a
2922 4191 3029 4247 fide
3057 4208 3199 4247 nunc
3227 4191 3490 4247 excideri-

1896 4311 2016 4351 nms
2038 4337 2051 4358 ,
2084 4307 2268 4348 rursus
2294 4290 2592 4360 poterimus
2620 4285 2877 4356 baptizati
2911 4293 3127 4355 peccata
3159 4284 3411 4350 abluere,
3445 4294 3501 4338 et

1896 4385 2085 4443 eadem
2114 4382 2327 4452 assequi
2354 4396 2475 4451 qua:
2504 4380 2675 4451 prius.
2705 4377 2931 4441 Erratis,
2957 4376 3150 4445 inquit,
3175 4376 3291 4430 iure
3312 4376 3504 4430 existi-

1898 4484 2109 4534 mantus
2135 4491 2147 4528 :
2172 4474 2227 4529 4.
2252 4470 2575 4543 lmpossibile
2597 4470 2729 4524 enim
2752 4478 2823 4524 est
2846 4485 2930 4523 eos
2952 4469 3037 4538 qui
3060 4467 3216 4521 semel
3235 4476 3354 4521 sunt
3376 4466 3500 4521 illu-

1902 4563 2111 4629 minati,
2141 4570 2472 4635 gustamunt
2498 4561 2650 4615 etiam
2684 4559 2877 4613 donum
2915 4557 3112 4614 cteleste
3140 4566 3188 4612 et
3224 4559 3507 4630 participes

1901 4665 2017 4713 sunt
2043 4654 2274 4725 Spiritus
2294 4652 2481 4717 sancti,
2509 4650 2561 4707 5.
2592 4658 2920 4722 gustauerunt
2949 4644 3281 4703 nihilominus
3312 4649 3503 4703 bonum

1902 4746 2001 4803 Dei
2030 4744 2237 4801 uerbum
2259 4784 2274 4811 ,
2312 4744 2621 4812 virtutesque
2658 4740 2820 4812 futuri
2858 4739 3071 4807 seaculi,
3110 4740 3163 4795 6.
3191 4748 3241 4795 et
3268 4738 3508 4811 prolapsi

1899 4849 2052 4907 sunt;
2078 4855 2255 4893 rursus
2280 4851 2524 4891 renouare
2551 4834 2619 4888 ad
2650 4834 2995 4905 paenitentiam
3016 4874 3033 4900 ,
3066 4849 3244 4887 rursus
3288 4832 3496 4898 cruci/i-

1896 4942 2067 5006 gentes
2092 4928 2417 5001 sibimetipsis
2443 4926 2642 4983 Filium
2677 4925 2792 4992 Dei,
2823 4936 2870 4979 et
2896 4926 3115 4979 ostentui
3137 4925 3397 4979 habentes.
3420 4923 3501 4995 (a)

1896 5023 2033 5080 Vide
2060 5030 2239 5079 autem
2270 5035 2430 5093 quam
2459 5028 2583 5089 apte
2612 5016 2833 5085 incipiat
2869 5015 2936 5070 ad
2988 5015 3248 5085 pudorem
3292 5013 3500 5069 suiTun-

1893 5114 2131 5171 dendum
2157 5122 2215 5170 et
2241 5109 2640 5186 prohibendum
2666 5125 2679 5162 :
2707 5106 3033 5180 lmpossibile
3059 5116 3133 5162 est
3154 5148 3169 5174 ,
3202 5106 3412 5176 inquit,
3443 5106 3497 5161 id

1893 5216 1999 5275 est,
2028 5222 2098 5263 ne
2126 5204 2359 5275 amplius
2382 5210 2670 5274 exspectes
2695 5197 2840 5272 quod
2870 5214 2977 5254 non
3005 5208 3183 5271 potest
3211 5198 3347 5253 ﬁeri.
3378 5197 3494 5253 Non

1892 5302 2037 5358 enim
2067 5299 2225 5367 dixit,
2258 5296 2377 5355 Non
2404 5300 2598 5363 decet,
2629 5309 2842 5366 neque,
2878 5292 2998 5350 Non
3026 5292 3264 5365 expedit,
3295 5306 3489 5363 neque,

1890 5394 2005 5451 Non
2034 5393 2181 5459 licet,
2212 5392 2329 5459 sed,
2352 5388 2448 5446 Est
2468 5389 2817 5463 impossibile;
2846 5398 2906 5442 ut.
2927 5401 3023 5442 eos
3045 5386 3269 5443 omnino
3290 5384 3497 5454 injiciat

1888 5487 1943 5543 in
1974 5484 2404 5556 desperationem
2428 5524 2445 5551 ,
2475 5483 2521 5537 si
2552 5481 2778 5537 omnino
2814 5478 2985 5537 semel
3011 5478 3303 5534 illuminati
3331 5479 3488 5533 estis.

1959 5579 2013 5634 3.
2057 5575 2263 5633 Deinde
2289 5574 2587 5645 subiungit,
2618 5571 2959 5628 Gustaverunt
2982 5572 3134 5625 etiam
3165 5571 3357 5624 donum
3381 5585 3489 5625 cat-

1886 5672 2041 5733 leste;
2071 5667 2173 5723 hoc
2205 5674 2308 5734 est,
2341 5666 2739 5723 remissionem.
2778 5662 2851 5718 Et
2889 5663 3165 5735 participes
3207 5663 3331 5735 facti
3370 5670 3489 5717 sunt

1961 5839 2035 5903 (a)
2057 5836 2149 5890 Hic
2172 5834 2319 5888 trium
2343 5831 2453 5884 fere
2477 5828 2760 5894 paginarum
2782 5824 2942 5874 hiatus
2967 5826 3043 5871 est
3069 5821 3119 5871 in
3143 5817 3444 5871 Culhcrtino.
