4112 6344
598 323 666 382 79
1398 316 1458 372 S.
1483 312 1756 371 JOANNIS
1791 301 2263 367 CHRYSOSTOMI
2300 300 2613 356 ARCIIIEP.
2654 294 3180 357 CONSTANTINOP.

3795 291 3867 349 80

617 428 839 500 Spiritus
858 427 1040 493 sancti,
1070 435 1117 480 et
1141 432 1461 497 gustaveraut
1490 424 1675 476 bonum
1697 421 1793 477 Dei
1836 421 2065 477 Verbum.
2086 422 2184 478 Hic
2274 416 2355 470 nis
2378 420 2669 490 mysteriis,
2695 430 2749 475 et
2780 436 2846 475 ne
2876 422 2954 476 sic
3002 424 3218 492 quidem
3248 423 3438 479 melior
3467 425 3715 491 etractus;
3750 430 3845 482 sed

616 522 739 575 dicit
765 519 1083 574 doctrinam.
1129 516 1438 585 Virtutesque
1464 514 1639 567 σιτευιὶ
1669 514 1884 569 venturi.
1912 514 2180 582 Quasnam

610 611 738 665 dicit
762 609 1019 665 virtutes?
1048 606 1139 661 Vel
1169 605 1344 660 facere
1369 606 1645 672 miracula,
1670 607 1751 660 vel
1774 609 1987 661 arrbam
2014 607 2182 678 Spiri-

612 711 714 757 tus.
741 701 804 754 Et
824 700 1051 772 prolapsi
1079 707 1213 764 sunt,
1246 714 1423 752 rursus
1462 714 1704 752 renovare
1721 699 1790 751 ad
1808 700 2172 769 panitentiam,

607 810 779 847 rursm
801 793 1143 863 cruciﬁgentes
1162 790 1481 859 sibimetipsis
1510 789 1703 844 Filium
1724 790 1838 857 Dei,
1877 800 1925 845 et
1961 794 2178 847 ostentui

607 887 859 939 habentes.
890 883 1169 938 Renovare
1215 882 1347 936 dicit
1394 881 1460 935 ad
1507 881 1906 951 paenitentiam:
1942 882 2042 938 hoc
2068 893 2171 951 est,

605 993 700 1047 per
728 974 1115 1045 penitentiam.
1148 974 1285 1041 Quid
1315 973 1478 1043 ergo?
1511 973 1679 1043 ejecta
1706 984 1789 1029 est
1824 976 2174 1044 poenitentia?

601 1068 716 1124 Non
765 1067 1096 1135 poenitentia,
1148 1067 1305 1131 absit,
1340 1065 1434 1120 sed
1462 1081 1580 1135 qua:
1605 1082 1791 1121 rursus
1825 1068 1879 1121 lit
1909 1083 2004 1138 per
2024 1070 2171 1123 lava-

599 1173 744 1212 crum
778 1159 1078 1213 renovatio.
1105 1156 1220 1212 Non
1264 1157 1403 1211 enim
1445 1156 1600 1223 dixit,
1634 1156 1954 1225 Impossibile
1990 1172 2061 1214 est
2084 1178 2169 1216 re-

599 1249 770 1301 novari
799 1248 867 1301 ad
898 1248 1259 1318 ptrnitentiam,
1303 1256 1356 1301 et
1399 1248 1588 1313 tacuit;
1619 1248 1712 1302 sed
1755 1264 1875 1303 cum
1924 1250 2164 1318 dixisset,

596 1336 915 1408 Impossibile
934 1349 1024 1402 est,
1053 1336 1341 1407 subjunxit,
1370 1336 1569 1391 Rursus
1592 1340 1959 1410 cruciﬁgentes.
1988 1341 2167 1397 Reno-

594 1432 718 1494 vari,
747 1429 848 1485 hoc
877 1440 978 1495 est,
1010 1445 1201 1483 novum
1229 1428 1346 1483 ﬁeri
1370 1447 1381 1481 :
1410 1443 1576 1482 novos
1596 1431 1739 1484 enim
1770 1428 1947 1485 facere
1973 1441 2165 1487 estso-

594 1522 694 1575 lius
726 1523 951 1575 lavacri:
980 1520 1342 1587 Renovabitur,
1378 1521 1567 1591 inquit,
1600 1522 1728 1575 sicut
1770 1522 1955 1592 aquila
1971 1524 2163 1595 juven-

591 1622 672 1666 tus
701 1622 791 1665 tua
815 1597 985 1682 (Ρὲαι.
1013 1611 1137 1666 102.
1161 1612 1238 1681 5).

658 1703 940 1758 Lavacrum
961 1704 1192 1775 baptismi
1217 1720 1317 1758 non
1340 1713 1497 1774 potest
1521 1706 1802 1763 iterari.‘—
1830 1708 2162 1766 Pmnitentia:

587 1807 762 1852 autem
790 1805 889 1863 est,
920 1812 1014 1852 eos
1034 1798 1121 1867 qui
1153 1798 1275 1851 novi
1304 1798 1425 1852 lacti
1446 1807 1587 1865 sunt,
1613 1814 1675 1855 ac
1694 1800 1889 1857 deinde
1914 1817 1942 1856 a
1973 1818 2161 1873 pecca-

587 1889 654 1943 tis
684 1888 1126 1954 inveteraverunt,
1160 1889 1386 1945 liberare
1410 1904 1440 1943 a
1459 1900 1722 1948 vetustate
1740 1908 2014 1966 novosque
2039 1898 2159 1953 red-

584 1978 740 2034 dere:
769 1980 833 2033 ad
862 1980 1007 2035 illum
1025 1990 1202 2037 autem
1224 1981 1561 2051 splendorem
1590 2000 1697 2040 non
1724 1986 2153 2045 licetreducere:

587 2072 695 2126 illic
724 2072 863 2127 enim
891 2081 1059 2127 totum
1085 2083 1200 2126 erat
1228 2073 1413 2141 gratia.
1445 2072 1642 2125 Rursus
1670 2074 2038 2140 cruciﬁgeutes,
2072 2075 2147 2128 iu-

589 2163 723 2232 quit,
745 2163 799 2217 in
828 2163 1103 2233 semetipsis
1128 2161 1320 2215 Filium
1339 2163 1450 2228 Dei,
1467 2172 1514 2215 et
1532 2163 1745 2217 ostentui
1769 2162 2024 2218 habentes.
2048 2164 2155 2219 lloc

587 2264 670 2309 est
698 2264 873 2310 autem
899 2255 1039 2326 quod
1079 2255 1241 2309 dicit:
1274 2256 1535 2325 baptisma
1565 2266 1648 2311 est
1676 2272 1838 2321 crux;
1871 2255 2158 2326 Cruci/imus

586 2346 720 2398 enim
744 2356 815 2398 est
843 2354 977 2399 uetus
1009 2356 1176 2399 noster
1222 2345 1370 2398 homo
1387 2364 1405 2409 ;
1435 2356 1488 2400 et
1517 2362 1723 2414 rursus,
1756 2345 2048 2415 Conformrs
2074 2351 2155 2416 [a-

584 2436 653 2489 cti
692 2452 863 2490 sumus
894 2436 1213 2490 similitudini
1249 2437 1423 2490 mortis
1452 2437 1592 2507 ejus;
1637 2446 1690 2491 ct
1736 2452 1942 2503 rursus,
1974 2438 2159 2493 Conse-

584 2526 711 2593 pulti
736 2542 849 2579 cum
890 2542 947 2579 eo
993 2542 1167 2581 sumus
1196 2542 1284 2594 per
1323 2526 1628 2595 baptismum
1667 2529 1717 2581 in
1747 2538 1976 2583 mortem.
2010 2528 2159 2585 Sicut

584 2631 712 2687 ergo
741 2617 851 2672 fieri
882 2633 983 2671 non
1013 2628 1186 2688 potest
1218 2627 1273 2672 ut
1302 2620 1492 2673 iterum
1515 2620 1856 2691 crucitigatur
1876 2622 2156 2688 Christus;

586 2708 686 2762 hoc
711 2710 850 2762 enim
884 2717 966 2763 est
993 2724 1116 2763 eum
1157 2710 1470 2764 traducere:
1504 2711 1580 2765 sic
1607 2727 1711 2764 non
1742 2726 2024 2781 possumus
2057 2716 2156 2769 ite-

583 2812 699 2850 rum
730 2797 1007 2867 baptizari.
1039 2798 1169 2852 Nam
1200 2799 1241 2853 si
1273 2814 1419 2853 mors
1448 2801 1567 2869 ejus
1590 2816 1693 2854 non
1722 2802 1951 2870 amplius
1985 2803 2151 2857 domi-

583 2889 825 2954 nabitur;
851 2888 895 2942 si
938 2890 1251 2957 resurrexit,
1282 2890 1612 2960 resurgendo
1656 2902 1825 2946 morte
1867 2892 2033 2949 lactus
2064 2910 2157 2964 po.

583 2983 810 3047 teutior;
835 2980 877 3035 si
907 2998 1001 3051 per
1026 2994 1253 3037 mortem
1287 2992 1511 3038 mortem
1540 2984 1733 3038 devicit
1752 2999 1815 3039 ac
1841 2989 2153 3056 prostravit,

582 3072 777 3127 deinde
823 3073 1016 3127 iterum
1068 3074 1118 3127 iu
1163 3089 1376 3129 crucem
1429 3076 1633 3145 agitur:
1660 3075 1852 3130 fabulm
1898 3090 2021 3132 sunt
2069 3078 2156 3135 illa

582 3162 758 3218 omnia
788 3173 841 3219 et
866 3164 1127 3219 traductio
1166 3180 1227 3219 ac
1254 3165 1449 3218 irrisio.
1480 3165 1551 3219 lta
1582 3166 1671 3236 qui
1695 3182 1881 3221 rursus
1916 3169 2152 3238 seipsum

581 3252 829 3321 liaptizat,
881 3268 1066 3308 rursus
1110 3254 1285 3323 ipsum
1337 3256 1616 3325 crucitigit.
1650 3257 1787 3323 Quid
1829 3269 1907 3313 est
1952 3270 2151 3326 autem,

580 3344 775 3398 Rursus
798 3346 1183 3415 cruciﬁgentes?
1204 3346 1285 3400 Ab
1312 3347 1461 3400 initio
1487 3362 1609 3402 cum
1638 3348 1814 3403 denuo
1842 3350 2155 3421 crucifigen-

581 3444 680 3490 tes.
706 3435 835 3490 Nam
858 3446 916 3490 ut
936 3438 1182 3491 Christus
1204 3447 1443 3493 mortuus
1465 3448 1549 3493 est
1578 3440 1629 3493 in
1662 3455 1841 3505 cruce,
1872 3444 1942 3496 ita
1971 3458 2067 3496 nos
2097 3444 2150 3498 in

580 3518 920 3594 baptismate,
954 3542 1057 3581 non
1087 3542 1272 3592 carne,
1302 3528 1394 3583 sed
1421 3540 1661 3598 peccato.
1692 3529 1827 3586 Vide
1858 3542 2080 3587 mortem
2100 3546 2155 3588 et

581 3627 842 3674 mortem:
872 3619 962 3674 ille
992 3628 1233 3674 mortuus
1259 3621 1413 3675 estin
1440 3635 1623 3686 carne,
1656 3636 1755 3679 nos
1782 3633 2021 3692 peccato.
2054 3625 2155 3679 Per

580 3711 899 3781 baptismum
922 3721 1076 3766 vetus
1100 3720 1284 3791 noster
1307 3710 1467 3766 homo
1492 3714 1733 3782 sepultus
1758 3720 1861 3780 est,
1891 3722 1945 3767 et
1970 3731 2152 3771 resur-

579 3803 723 3857 rexlt
747 3818 931 3866 novus,
956 3802 1249 3857 conformis
1271 3804 1441 3860 factus
1461 3805 1791 3861 similitudini
1815 3810 1996 3861 mortis
2016 3809 2151 3878 ejus.

580 3892 636 3947 Si
652 3908 779 3963 ergo
795 3908 1013 3948 necesse
1033 3902 1116 3948 est
1137 3909 1321 3949 rursus
1344 3895 1618 3966 baptizari,
1646 3912 1867 3953 necesse
1883 3912 1959 3953 est
1980 3900 2149 3969 ipsum

582 4000 764 4039 rursus
790 3987 960 4041 mori:
994 3986 1254 4056 baptisma
1282 3989 1423 4042 enim
1455 3989 1587 4043 nihil
1625 4000 1707 4044 est
1733 4006 1891 4059 quam
1925 3991 2041 4059 ejus
2063 3994 2152 4062 qui

580 4077 881 4145 baptizatur
910 4078 1225 4147 peremptio,
1256 4088 1309 4133 et
1333 4080 1473 4134 illius
1495 4082 1797 4136 suscitatio.
1819 4083 1882 4137 Et
1900 4083 2153 4153 prteclare

581 4168 735 4235 dixit,
775 4168 997 4224 Rursum
1024 4171 1549 4241 cruciﬁgentcsmam
1580 4174 1670 4243 qui
1703 4175 1803 4228 hoc
1832 4174 1977 4241 facit,
2021 4185 2153 4229 tam-

582 4275 738 4335 quam
769 4261 959 4330 prioris
981 4262 1164 4332 gratire
1183 4263 1402 4331 oblitus,
1426 4265 1613 4335 ignave
1641 4274 1695 4320 et
1714 4265 1971 4323 dissolute
1993 4269 2153 4323 vitam

580 4365 731 4404 suam
756 4351 881 4421 agit,
915 4353 1098 4423 sicque
1121 4354 1297 4407 omnia
1327 4354 1463 4424 gerit
1491 4365 1757 4425 tamquam
1800 4359 1868 4411 sit
1888 4358 2032 4413 aliud
2061 4360 2153 4414 ba-

584 4442 1161 4511 ptisma.Quamobrem
1181 4453 1263 4498 est
1279 4445 1653 4500 attendendum
1676 4456 1729 4501 et
1750 4446 2050 4503 adhibenda
2075 4458 2157 4527 est

582 4534 776 4588 cautio.
799 4534 934 4601 Quid
952 4543 1052 4596 est,
1078 4533 1410 4591 Gustaverunt
1429 4539 1579 4592 etiam
1599 4540 1783 4593 donum
1800 4541 2027 4596 cazleate?
2046 4542 2158 4597 lloc

582 4632 684 4685 est,
718 4624 1085 4679 remissionem
1129 4626 1627 4695 peccatorumzhoc
1666 4629 1807 4683 enim
1851 4631 2017 4687 solius
2061 4633 2153 4686 Dei

583 4723 666 4767 est
689 4714 910 4778 donare,
939 4724 993 4769 et
1016 4715 1127 4769 lure
1152 4716 1320 4785 gratia
1340 4717 1505 4772 semel
1526 4727 1608 4773 est
1630 4720 1820 4790 gratia.
1849 4719 1983 4787 Quid
2006 4722 2159 4793 ergo?

583 4805 889 4859 manebimus
924 4807 975 4858 in
1002 4816 1202 4877 peccato
1245 4818 1297 4860 ut
1326 4808 1542 4863 abundet
1586 4812 1789 4882 gratia?
1813 4813 1952 4867 Absit
1980 4814 2155 4884 (Rom.

585 4897 636 4950 ti.
673 4897 721 4949 1.
750 4894 828 4967 2).
862 4896 917 4951 Si
948 4909 1124 4952 autem
1157 4915 1369 4971 semper
1395 4902 1529 4957 salvi
1558 4903 1721 4959 futuri
1746 4920 1933 4960 sumus
1960 4908 2153 4978 gratia,

587 5000 873 5054 numquam
914 4987 1115 5041 erimus
1152 4987 1296 5043 boui.
1329 4990 1458 5046 Nam
1486 4994 1552 5060 si,
1596 4993 1685 5049 ubi
1726 5011 1827 5050 una
1858 5005 1939 5051 est
1966 4997 2155 5067 gratia,

605 5076 681 5129 sic
713 5092 921 5148 quoque
948 5096 1133 5136 sumus
1164 5083 1338 5153 ignavi
1383 5094 1436 5140 et
1483 5089 1764 5156 socordes;
1811 5093 1854 5146 si
1904 5095 2161 5151 sciremus

603 5168 865 5225 abluenda
909 5188 1093 5228 rursus
1123 5185 1358 5245 peccata,
1406 5192 1810 5237 cessaremusne
1832 5199 1862 5239 a
1894 5187 2165 5253 peccatis?

604 5262 715 5329 Ego
731 5262 944 5331 quidem
978 5266 1193 5322 minime
1214 5270 1426 5340 opinor.
1456 5270 1614 5327 Multa
1644 5272 1726 5327 hic
1751 5276 1982 5329 ostendit
2002 5276 2161 5342 dona,

602 5360 656 5403 et
687 5361 741 5404 ut
769 5352 1034 5423 intelligas
1064 5356 1221 5410 audi:
1248 5358 1525 5429 Dignatus,
1570 5362 1757 5431 inquit,
1804 5379 1862 5417 es
1909 5374 2050 5419 tanta
2081 5382 2165 5421 rc-

604 5442 889 5495 miSsione:
921 5444 1010 5513 qui
1039 5446 1258 5500 sedebat
1286 5448 1337 5501 in
1369 5451 1621 5515 tenebris,
1658 5454 1745 5522 qui
1781 5454 2043 5521 inimicus,
2072 5458 2161 5526 qui

604 5529 796 5593 hostis,
828 5532 916 5597 qui
939 5536 1287 5601 abalienatus,
1321 5540 1407 5607 qui
1434 5541 1539 5595 Deo
1562 5541 1780 5609 invisus,
1800 5546 1884 5614 qui
1904 5548 2159 5617 perditus,

600 5620 644 5671 is
678 5629 889 5685 repente
910 5622 1257 5690 illuminatus,
1279 5629 1466 5696 spiritu
1485 5629 1751 5699 dignatus,
1770 5635 1911 5688 duno
1936 5636 2159 5703 crrlesti,

598 5711 883 5783 adoptione
910 5714 958 5770 iu
989 5715 1177 5788 lilium,
1215 5735 1379 5790 regno
1408 5723 1630 5793 CiL‘lCSli,
1663 5726 1779 5781 aliis
1809 5727 1978 5792 bonis.
2009 5746 2158 5787 arca-

2272 527 2389 565 cmn
2407 510 2477 565 sit
2497 512 2708 580 quidem
2734 512 2921 582 dignus
2942 515 3032 584 qui
3056 524 3257 584 pereat,
3280 517 3503 570 salutem
3527 531 3844 587 assequutns

2270 610 2323 654 ct
2348 601 2605 658 honorem
2632 613 2895 674 tamquam
2929 606 3019 675 qui
3048 608 3302 674 praeclare
3326 623 3388 662 ex
3422 610 3617 663 virtute
3637 629 3695 664 se
3724 628 3849 679 ges-

2269 690 2447 755 sisset,
2488 694 2757 763 quomodo
2794 709 2982 749 rursus
3029 698 3263 765 potuerit
3304 697 3597 769 baptizari?
3627 700 3847 756 Duobus

2269 797 2396 851 ergo
2426 784 2598 838 modis
2629 800 2741 839 rem
2767 785 2901 839 dixit
2926 801 3031 840 non
3064 802 3219 856 posse
3248 788 3382 855 ﬁeri,
3413 799 3468 845 et
3495 806 3615 846 cum
3648 794 3735 862 qui
3762 802 3848 848 est

2271 874 2474 928 ﬁrmior
2502 884 2557 929 et
2603 874 2826 929 validior
2870 877 3050 945 posuit
3098 880 3365 946 posterius
3400 898 3413 933 :
3449 897 3554 935 uno
3602 882 3841 952 quidem,

2265 966 2405 1035 quod
2430 982 2532 1021 non
2552 976 2632 1022 est
2648 967 2860 1037 dignus,
2886 969 2974 1039 qui
3002 977 3083 1024 est
3106 971 3268 1025 rebus
3291 971 3551 1040 ejusmodi
3573 975 3844 1044 dignatus,

2270 1068 2323 1113 et
2348 1060 2525 1114 omnia
2554 1076 2674 1131 qua:
2702 1062 2805 1117 sibi
2846 1072 2971 1117 sunt
3012 1062 3205 1117 donata
3250 1064 3503 1133 prodidit,
3556 1075 3613 1120 ut
3658 1083 3845 1123 rursus

2270 1160 2587 1217 renovetur;
2616 1153 2806 1219 altero,
2840 1154 2981 1223 quod
3010 1154 3122 1209 ﬁeri
3152 1171 3255 1209 non
3284 1167 3462 1224 potest
3494 1167 3546 1211 ut
3580 1159 3693 1228 ipse
3717 1177 3845 1215 rur-

2266 1256 2357 1295 sus
2384 1243 2760 1308 crucillgatur:
2790 1240 2893 1297 hoc
2917 1244 3058 1296 enim
3090 1253 3173 1298 est
3210 1248 3444 1300 ostentui
3489 1246 3707 1315 habere,
3741 1264 3850 1304 seu

2266 1330 2565 1385 traducere.
2584 1329 2701 1386 Non
2720 1340 2971 1402 estergo,
2996 1347 3099 1388 non
3127 1342 3210 1389 est
3233 1335 3523 1390 secundum
3546 1337 3841 1396 lavacrum:

2264 1423 2309 1477 si
2336 1433 2417 1477 est
2445 1432 2644 1490 autem,
2688 1432 2772 1479 est
2813 1426 3028 1479 tertium
3069 1427 3229 1481 etiam
3276 1436 3331 1482 et
3377 1440 3661 1498 quartum:
3694 1432 3848 1501 prius

2264 1516 2405 1570 enim
2436 1530 2647 1585 semper
2673 1515 2986 1571 dissolvitur
3012 1533 3042 1573 a
3071 1520 3380 1587 posteriori,
3412 1531 3464 1576 et
3490 1520 3591 1576 hoc
3627 1537 3845 1592 semper

2264 1607 2331 1661 ab
2355 1608 2490 1671 alio;
2524 1606 2685 1677 idque
2711 1609 2765 1662 in
2796 1607 3080 1662 inﬁnitum.
3104 1608 3237 1664 Cum
3260 1610 3481 1667 dixisset
3507 1621 3706 1680 autem,
3729 1614 3843 1669 Gu-

2262 1711 2516 1755 staverunt
2532 1701 2713 1781 bonum
2740 1702 2836 1756 Dei
2849 1703 3070 1766 verbum,
3094 1707 3393 1777 virtutesque
3416 1711 3590 1763 sa'culi
3610 1711 3805 1765 venturi
3820 1728 3854 1778 ε.

2264 1806 2370 1846 non
2400 1791 2452 1845 id
2479 1792 2729 1862 explicat,
2758 1794 2851 1849 sed
2880 1794 3201 1862 subindicat,
3235 1810 3297 1851 ac
3317 1798 3358 1851 si
3389 1796 3627 1854 diceret:
3655 1801 3842 1857 vivere

2256 1888 2522 1951 tamquam
2557 1885 2797 1953 angelos,
2827 1901 2893 1941 ex
2926 1887 2993 1943 iis
3019 1904 3136 1958 qua:
3175 1891 3260 1946 hic
3297 1901 3425 1947 sunt
3465 1894 3658 1949 nullius
3694 1897 3843 1951 indi-

2262 1985 2410 2039 gere,
2441 1972 2578 2027 scire
2604 1974 2745 2043 quod
2775 1976 3005 2032 ﬁliorum
3033 1979 3246 2050 adoptio
3276 1983 3429 2038 nobis
3460 1982 3623 2040 futuri
3646 1990 3833 2043 szcculi

2260 2059 2395 2115 bona
2459 2063 2730 2132 attribuat,
2786 2077 3094 2136 exspectare
3147 2070 3523 2129 admissionem
3574 2078 3627 2130 in
3676 2077 3838 2149 adyta

2264 2150 2349 2205 illa
2380 2169 2390 2204 :
2422 2150 2534 2207 hcc
2578 2156 2705 2209 licet
2729 2170 2823 2225 per
2866 2159 3108 2228 spiritum
3142 2161 3369 2219 discere.
3401 2165 3657 2230 Quaenam
3688 2180 3836 2233 snnt,

2273 2239 2493 2295 Virtutes
2538 2246 2699 2313 futuri
2742 2248 2959 2301 seculi?
2992 2249 3104 2303 Vita
3154 2263 3373 2318 aeterna,
3419 2256 3659 2326 angelica
3712 2259 3837 2313 vita:

2262 2331 2523 2387 institutio
2572 2334 2769 2390 [lorum
2811 2338 2920 2406 jam
2968 2340 3182 2396 arrham
3212 2346 3515 2413 accepimus
3550 2362 3647 2417 per
3674 2346 3839 2404 ﬁdem

2257 2437 2285 2475 a
2316 2422 2537 2492 Spiritu.
2588 2426 2683 2481 Dic
2738 2443 2885 2498 ergo,
2937 2432 2979 2484 si
3034 2432 3087 2485 in
3146 2435 3348 2504 regiam
3396 2451 3545 2493 esses
3591 2440 3839 2494 introdu-

2259 2524 2395 2581 ctus,
2447 2527 2500 2571 et
2542 2534 2659 2588 qua:
2702 2531 2826 2575 sunt
2877 2523 2986 2578 illic
3032 2529 3208 2581 omnia
3243 2529 3335 2583 tibi
3377 2541 3558 2586 essent
3604 2533 3847 2601 credita,

2258 2604 2451 2660 deinde
2480 2610 2809 2677 prodidisses
2848 2616 3045 2679 omnia,
3089 2632 3221 2673 eane
3264 2621 3357 2674 tibi
3400 2636 3590 2677 rursus
3635 2624 3833 2680 crede--

2259 2699 2475 2750 rentur?

2327 2792 2381 2845 4.
2422 2791 2467 2858 Q
2490 2792 2555 2846 :id
2584 2795 2744 2864 ergo?
2771 2795 2959 2866 inquit,
2992 2815 3097 2854 non
3126 2810 3204 2855 est
3232 2804 3577 2872 pmnitcntia?
3601 2807 3696 2863 Est
3720 2825 3843 2879 pm-

2260 2883 2476 2937 nitcntia
2504 2886 2740 2955 quidem,
2764 2898 2818 2943 at
2844 2906 2972 2945 vero
2997 2907 3098 2946 uou
3128 2905 3207 2947 est
3230 2897 3523 2952 secundum
3546 2900 3833 2969 baptisma.

2258 2974 2551 3030 Estautem
2580 2980 2892 3047 pmnitentia
2920 2998 3037 3051 qua:
3066 3000 3311 3055 magnam
3358 2987 3514 3044 habet
3543 2992 3669 3057 vim,
3715 3011 3841 3065 qua:

2263 3077 2437 3137 potest
2464 3083 2585 3122 eum
2617 3071 2705 3139 qui
2733 3080 2816 3125 est
2845 3074 3079 3142 peccatis
3104 3076 3411 3145 immersus,
3434 3081 3480 3134 si
3519 3083 3665 3151 velit,
3690 3086 3831 3141 libe-

2260 3174 2381 3211 rare
2401 3158 2466 3212 ab
2488 3173 2651 3213 onere
2678 3172 3034 3229 peccatorum,
3059 3176 3247 3220 etcum
3272 3170 3361 3238 qui
3387 3180 3471 3225 est
3495 3173 3545 3226 in
3570 3175 3833 3241 periculo,

2259 3246 2311 3301 in
2342 3258 2453 3302 tuto
2478 3250 2763 3315 collocare,
2796 3253 3006 3308 etiamsi
3034 3258 3241 3312 venerit
3268 3260 3317 3313 in
3347 3260 3522 3327 ipsum
3564 3264 3673 3319 vitii
3706 3282 3834 3336 pro-

2259 3338 2499 3393 fundum.
2532 3339 2586 3393 Id
2616 3350 2791 3395 autem
2836 3360 2901 3397 ex
2953 3346 3135 3400 multis
3174 3358 3255 3402 est
3285 3352 3639 3422 perspicuum.
3671 3356 3833 3422 Num,

2259 3430 2448 3499 inquit,
2492 3432 2579 3500 qui
2626 3432 2763 3485 cadit
2794 3450 2896 3488 non
2938 3438 3196 3506 resurgit?
3224 3452 3311 3494 aut
3341 3444 3429 3512 qui
3467 3456 3542 3499 est
3567 3447 3837 3516 adversus,

2257 3536 2356 3573 non
2385 3524 2694 3576 convertitur
2720 3523 2857 3592 (Jer.
2894 3527 2947 3581 8.
2979 3528 3072 3597 4)?
3102 3530 3302 3594 Potest,
3333 3535 3375 3588 si
3406 3536 3647 3604 velimus,
3677 3541 3837 3597 Chri-

2258 3619 2372 3665 stus
2403 3612 2454 3666 iu
2485 3614 2637 3667 nobis
2666 3631 2851 3670 rursus
2881 3617 3095 3673 formari
3126 3639 3139 3675 :
3168 3623 3291 3676 audi
3321 3628 3462 3680 enim
3498 3628 3718 3683 Paulum
3747 3633 3835 3687 di-

2257 3709 2465 3755 contem
2490 3719 2501 3756 :
2529 3701 2710 3757 Filioli
2735 3708 2852 3773 mei,
2879 3724 3003 3776 quos
3033 3712 3214 3764 iterum
3246 3718 3498 3783 parturio,
3528 3720 3688 3776 donec
3724 3727 3836 3795 {or-

2256 3800 2417 3846 metur
2444 3792 2678 3850 Christus
2703 3798 2755 3850 in
2782 3798 2918 3853 vobis
2948 3800 3089 3872 (Gal.
3113 3803 3169 3858 4.
3202 3804 3289 3876 19)
3316 3824 3328 3859 :
3358 3810 3680 3881 attingamus
3712 3792 3834 3870 tau-

2258 3892 2367 3937 tum
2388 3887 2776 3955 paenitentiam.
2808 3890 2940 3945 Nam
2974 3893 3092 3949 vide
3122 3895 3210 3949 Dei
3246 3898 3627 3968 benignitatem
3650 3914 3705 3960 et
3732 3908 3843 3979 cleo

2256 3977 2508 4061 mentiam
2549 3996 2561 4031 :
2592 3981 2871 4061 Oportebat
2897 3998 2994 4039 nos
3019 3987 3164 4040 omni
3202 3989 3360 4043 modo
3385 3993 3553 4058 puniri
3578 3993 3629 4049 in
3656 3977 3828 4061 initio,

2262 4053 2423 4119 quod,
2456 4070 2575 4109 cum
2603 4068 2657 4112 et
2686 4059 2855 4132 legem
2883 4068 3280 4136 accepissemus
3319 4053 3635 4141 naturalem,
3658 4088 3715 4133 et
3745 4053 3843 4136 ad:-

2263 4145 2366 4211 cpti
2396 4144 2533 4200 bona
2562 4164 2802 4208 essemus
2831 4156 3262 4228 innumerabilia,
3298 4175 3351 4220 et
3381 4167 3662 4225 Dominum
3691 4174 3844 4243 igno—

2263 4242 2573 4303 rarerimus,
2609 4242 2971 4317 impuramque
3000 4260 3053 4305 et
3084 4253 3410 4311 immundam
3440 4260 3603 4316 vitam
3632 4242 3837 4319 vixeri-

2263 4338 2415 4379 mus:
2447 4327 2533 4381 ille
2573 4344 2752 4387 autem
2800 4352 2903 4390 non
2936 4340 3106 4395 solum
3151 4358 3257 4398 non
3302 4350 3491 4415 puniit,
3538 4352 3631 4406 sed
3677 4355 3836 4409 etiam

2262 4415 2398 4471 bona
2444 4419 2699 4489 impertiit
2742 4428 3043 4494 innumera,
3090 4434 3309 4502 perinde
3339 4448 3498 4509 atque
3528 4422 3571 4495 Si
3601 4459 3687 4499 res
3720 4461 3835 4499 ma-

2259 4520 2387 4575 guas
2418 4518 2470 4563 ct
2498 4514 2781 4579 praeclaras
2808 4522 3183 4587 gessissemus.

2330 4598 2646 4659 Paenitmtia:
2674 4609 2744 4662 vis
2770 4627 2973 4683 magna.
2996 4645 3068 4657 —
3090 4617 3285 4674 lterum
3318 4621 3448 4693 lapsi
3474 4641 3676 4693 sumus,
3698 4639 3750 4683 et
3770 4646 3838 4684 ne

2258 4688 2334 4785 sic
2358 4692 2569 4758 quidem
2606 4698 2775 4763 punit,
2807 4702 2898 4755 sed
2926 4703 3070 4759 dedit
3095 4688 3538 4773 medicamentum
3569 4688 3834 4785 pmuiteua-

2261 4779 2344 4832 tia:
2374 4783 2513 4850 quod
2543 4787 2737 4843 sul’tlcit
2764 4792 2829 4846 ad
2876 4794 3103 4851 delenda
3156 4810 3211 4855 et
3251 4779 3607 4876 abstergeud-a
3655 4815 3837 4869 omnia

2259 4882 2472 4939 peccata
2506 4888 2706 4943 nostra,
2737 4882 2780 4935 si
2814 4885 2972 4940 modo
3003 4892 3248 4945 novimus
3289 4895 3591 4961 cujusmodi
3625 4902 3694 4955 sit
3723 4920 3840 4958 me-

2258 4960 2639 5037 dicamentum,
2665 4982 2719 5027 et
2747 4979 3015 5043 quomodo
3042 4982 3093 5035 id
3120 4982 3191 5035 sit
3215 4960 3609 5055 applicandum.
3645 4992 3839 5063 Cujus-

2258 5055 2398 5108 modi
2417 5072 2543 5128 ergo
2560 5071 2641 5115 est
2660 5065 3102 5126 medicamentum
3129 5076 3472 5143 pmnitcntiw,
3496 5091 3550 5135 et
3566 5055 3838 5151 quomodo

2256 5146 2568 5202 conficitur?
2604 5150 2842 5209 Primqu
2872 5168 2953 5213 cst
2985 5175 3048 5215 ex
3090 5179 3305 5219 suorum
3339 5182 3679 5237 peccatorum
3706 5190 3839 5230 con-

2251 5233 2618 5309 demnatione,
2667 5254 2721 5299 et
2765 5264 2830 5302 cx
2869 5252 3207 5312 confessione
3250 5275 3264 5311 :
3315 5260 3586 5328 Delictum,
3634 5268 3829 5338 inquit,

2256 5342 2416 5381 meum
2446 5336 2702 5404 cognitum
2733 5341 2820 5393 tibi
2862 5342 2980 5409 feci,
3014 5356 3059 5398 et
3088 5360 3348 5417 peccatum
3394 5370 3560 5409 meum
3607 5336 3720 5412 non
3744 5336 3838 5413 ulr-

2254 5422 2458 5485 scandi;
2484 5434 2556 5488 et,
2592 5424 2947 5487 Pronuntiabo
2976 5448 3154 5489 contra
3194 5457 3271 5494 me
3313 5443 3630 5513 iniquitatem
3669 5466 3837 5506 meam

2254 5509 2495 5582 Domino,
2523 5528 2570 5571 et
2588 5528 2641 5571 tu
2662 5522 2896 5578 remisisti
2914 5527 3221 5597 impietatem
3242 5509 3408 5588 cordii
3431 5538 3528 5590 mei
3548 5537 3715 5611 (Psal.
3737 5542 3832 5597 5i.

2254 5604 2307 5700 5ἶ
2340 5604 2416 5673 6).
2448 5607 2514 5663 Et
2543 5610 2855 5678 iterum,Dic
2880 5629 3087 5687 peccata
3132 5631 3220 5677 tua
3265 5626 3427 5695 prior,
3458 5638 3512 5682 ut
3528 5604 3836 5700 j‘usti/iceris

2258 5698 2408 5767 (Isai.
2434 5702 2521 5759 43.
2546 5704 2676 5776 26);
2702 5716 2776 5778 et,
2805 5710 2838 5766 Ι
2846 5723 2984 5771 ustus
3008 5726 3085 5772 est
3110 5720 3190 5776 sui
3215 5733 3478 5780 accusatur
3502 5698 3554 5781 iu
3580 5698 3837 5798 principio
