4112 6344
224 379 289 438 79
1068 378 1145 449 [IN
1183 378 1400 435 EPIST.
1457 380 1547 438 AD
1585 380 1959 438 HEBBEOS.
1994 380 2157 437 CAP.
2198 380 2286 434 νι.
2333 378 2570 435 HOMIL.
2614 379 2703 435 IX.
3446 378 3517 433 80

223 498 359 554 γιον
378 495 488 552 τοῦ
519 496 669 552 Θεοῦ
685 495 784 550 καί
805 495 1467 568 παραδειγματίζοντας.
1505 499 1560 553 Ἀ
1570 500 1817 555 νακαινί-

226 585 361 648 ζειν,
380 584 573 654 φησὶν,
602 582 683 646 είς
708 583 999 651 μετάνοιαν
1019 599 1031 611 ·
1061 584 1337 647 τουτέστι,
1362 585 1451 639 διά
1483 585 1775 655 μετανοίας
1801 600 1815 614 ·

225 667 280 720 τί
340 662 474 734 οῦν;
510 665 893 736 ἐκϐέϐληταιὴ
926 666 1227 737 μετάνοια;
1274 669 1388 739 Οὐχ
1420 670 1453 739 ἡ
1521 668 1816 740 μετάνοια,

231 751 307 822 μὴ
340 750 570 821 γένοιτο,
598 750 715 803 ἀλλ’
747 751 775 803 6
807 750 897 803 διά
924 750 1152 822 λουτροῦ
1187 751 1352 805 πάλιν
1391 753 1813 822 ἀνακαινισμός.

226 835 305 887 υύ
337 833 450 905 γάρ
478 829 654 896 εἶπεν,
703 832 1028 888 Ἀδύνατον
1056 833 1561 903 ἀνακαινισθῆναι
1607 837 1694 901 εὶς
1721 853 1820 905 μεο

224 918 512 982 τάνοιαν,
566 918 661 971 καὶ
729 918 1023 988 ἐσίγησεν·
1062 918 1180 971 ἀλλ’
1243 918 1437 985 εἰπὼν,
1485 918 1819 973 Ἀδύνατον

224 1002 541 1071 ἀπήγαγεν,
604 1001 1176 1071 Ἁνασταυροῦντας.
1245 1002 1769 1069 Ἀνακαινισθῆναι
1801 1018 1814 1031 ·

224 1085 497 1146 τουτέστι,
526 1084 713 1139 καινὸν
744 1084 999 1153 γενέσθαι
1033 1099 1047 1113 ·
1080 1085 1140 1137 16
1163 1084 1273 1157 γάρ
1306 1088 1530 1148 καινοὺς
1562 1085 1815 1155 ποιῆσαι,

225 1168 324 1220 τοῦ
346 1166 574 1238 λουτροῦ
610 1168 771 1239 μόνον
804 1170 952 1223 ἐστίν
974 1186 985 1197 ·
1034 1169 1636 1236 Ἀνακαινισθιξσεται
1680 1171 1815 1239 τὰρ,

225 1252 419 1321 φησὶν,
452 1253 533 1318 ὡς
550 1252 729 1307 ἀετοῦ
752 1254 789 1323 ἠ
811 1254 1026 1323 νεότης
1063 1268 1201 1307 σου.

302 1414 417 1484 Τῆς
450 1415 507 1468 δὲ
540 1416 831 1485 μετανοίας
875 1418 996 1471 ἐστὶ
1027 1419 1107 1482 16,
1179 1420 1405 1483 καινοὺς
1464 1420 1813 1491 γενομένους,

224 1495 354 1550 εἶτα
384 1499 799 1566 παλαιωθέντας
837 1502 943 1556 ὑπὸ
970 1503 1077 1556 τῶν
1134 1504 1579 1575 ἁμαρτημάτων,
1642 1504 1819 1559 ἀπα).-

224 1580 392 1645 λάξαι
411 1584 512 1653 τῆς
541 1585 907 1656 παλαιότητος
930 1588 1026 1640 κα)⁵
1056 1590 1280 1653 καινοὺς
1322 1588 1669 1659 ἐργάσασθαι
1695 1604 1710 1619 ο
1738 1590 1818 1651 εἰς

225 1666 452 1737 ἐκείνην
509 1668 691 1738 μέντοι
737 1669 836 1741 τὴν
887 1672 1252 1743 λαμπρότητα
1298 1674 1532 1742 ἀγαγεῖν
1564 1673 1667 1725 ούκ
1700 1671 1815 1725 ἔνι·

226 1752 352 1803 ἐκεῖ
384 1751 493 1822 γὰρ
510 1752 570 1805 τὸ
599 1753 718 1806 ὅλον
747 1756 780 1825 ἡ
800 1755 959 1825 χάρις
984 1750 1073 1825 ἦν.
1094 1756 1661 1823 Ἀνασταυροῦντας
1678 1754 1818 1808 ἐαυ-

225 1831 379 1897 τοῖς,
413 1833 567 1901 φησὶ,
598 1833 706 1888 τὸν
744 1835 880 1889 Υίὸν
914 1834 1022 1890 τοῦ
1064 1837 1211 1892 Θεοῦ
1236 1837 1336 1891 καί
1371 1835 1823 1905 παραδειγματί-

228 1913 461 1981 ζοντας.
503 1916 568 1970 '0
588 1915 646 1969 δέ
678 1916 847 1985 λέγει,
874 1918 1034 1973 τοῦτό
1060 1921 1210 1974 ἐστι’
1244 1920 1318 1973 T6
1340 1918 1627 1990 βάπτισμα
1660 1933 1823 1970 σταυ-

231 1997 330 2068 ρός
351 1998 467 2051 ἐστι
492 2016 507 2031 ο
536 2001 1008 2071 Συνεσταιφώθη
1058 2002 1169 2073 γὰρ
1192 2006 1225 2056 ό
1251 2004 1511 2068 παλαιὸς
1534 2000 1704 2071 ἡμῶν
1724 2000 1823 2054 ἄν·

230 2084 483 2148 θρωπος.
537 2084 647 2138 Kal
692 2085 855 2139 πάλιν
885 2102 899 2115 ·
954 2088 1300 2157 Σύμμορφοι
1341 2087 1677 2158 γεγόναμεν
1740 2083 1823 2150 τῷ

232 2165 560 2235 ὁμοιώματι
578 2168 683 2223 τοῦ
700 2170 964 2226 θανάτου
998 2172 1186 2226 αὐτοῦ
1202 2189 1217 2204 ο
1239 2173 1333 2225 καὶ
1355 2172 1540 2226 πάλινο
1566 2169 1825 2224 Συνετά-

230 2266 434 2318 φημεν
461 2248 576 2307 οὗν
624 2253 785 2319 αὐτῷ
839 2255 935 2309 διὰ
981 2256 1088 2311 τοῦ
1118 2256 1546 2326 ,ϐαπτίσματος
1571 2258 1658 2320 εις
1714 2253 1825 2308 τὸν

229 2334 739 2409 θάνατον.”Ωσπερ
764 2334 859 2392 οὖν
906 2340 1009 2393 οὐκ
1048 2339 1128 2393 ἔνι
1179 2340 1436 2412 δεύτερον
1498 2338 1826 2412 σταυρωθῆ-

228 2434 322 2471 ναι
356 2417 447 2471 τὸν
472 2420 711 2491 Χριστόν
733 2437 748 2451 °
770 2423 929 2477 τοῦτο
955 2424 1066 2495 γὰρ
1088 2424 1603 2495 παραδειγματίσαι
1657 2423 1824 2477 αὐτόν

228 2506 421 2559 ἐστιν’
456 2507 626 2573 οὕτως
658 2510 781 2563 οὐδὲ
815 2510 1209 2581 βαπτισθῆναι.
1235 2513 1299 2566 El
1330 2511 1441 2583 γὰρ
1473 2511 1703 2577 θάνατος
1734 2511 1825 2566 αύ-

229 2590 329 2643 τοῦ
356 2590 867 2666 οὐκέτικυριεύσει,
894 2598 941 2649 εί
959 2595 1187 2665 ἀνέστη,
1215 2599 1285 2667 τῇ
1310 2595 1616 2649 ἀναστάσει
1642 2595 1825 2666 κρείτ·

227 2690 342 2727 των
354 2674 652 2746 γενόμενος
666 2679 761 2732 τοῦ
784 2678 1042 2746 θανάτου,
1067 2678 1223 2733 είδιά
1240 2678 1336 2733 τοῦ
1363 2678 1597 2732 θανάτου
1623 2678 1715 2732 τὸν
1728 2678 1824 2732 θά-

227 2774 394 2811 νατον
416 2760 821 2816 κατεπάλαισεν
840 2802 855 2828 ,
892 2757 1013 2816 εἶτα
1041 2762 1204 2816 πάλιν
1233 2761 1569 2833 σταυροῦται
1594 2778 1608 2791 ·
1652 2760 1825 2832 μῦθος

228 2840 415 2895 πάντα
429 2844 615 2897 ἐκεῖνα
644 2846 739 2898 καὶ
792 2845 1369 2919 παραδειγματισμός.
1405 2847 1463 2898 'U
1488 2845 1674 2898 τοίνυν
1700 2844 1823 2897 δεύ-

226 2942 393 2998 τερον
417 2928 611 2982 ἐαυτὸν
638 2927 939 2999 βαπτίζων,
976 2930 1141 2985 πάλιν
1193 2930 1358 2983 αὑτὸν
1391 2930 1639 3001 σταυροῖ,
1664 2928 1733 2981 Τί
1764 2928 1823 2981 δέ

226 3011 403 3074 ἐστιν,
422 3011 988 3083 Ἀνασταυροῦντας
1009 3031 1024 3081 ;
1050 3013 1295 3068 ’Δνωθεν
1316 3013 1488 3068 πάλιν
1518 3009 1822 3083 σταυροῦν-

225 3110 353 3158 τας.
373 3095 545 3149 Ὦσπε
554 3114 585 3169 ρ
603 3094 715 3170 [97]
735 3098 843 3169 γάρ
870 3098 1145 3152 ἀπέθανεν
1160 3100 1189 3153 6
1206 3097 1446 3169 Χριστὸς
1465 3100 1524 3150 ἐν
1550 3096 1633 3167 τῷ
1662 3113 1826 3150 σταυ·

230 3178 336 3250 ρῷ,
362 3177 539 3244 οὕτως
556 3182 718 3252 ἡμεῖς
739 3185 797 3237 ἐν
817 3181 895 3254 τῷ
918 3182 1282 3253 βαπτίσματι,
1299 3182 1358 3241 οὐ
1374 3185 1441 3253 τῇ
1470 3180 1658 3251 σαρκὶ,
1685 3181 1824 3236 ἀλλά

226 3264 300 3333 τῇ
324 3262 592 3335 ἁμαρτίᾳ.
613 3265 757 3338 Ὅρα
780 3266 1033 3330 θάνατον,
1066 3267 1160 3321 καὶ
1190 3266 1439 3320 θάνατον’
1467 3267 1674 3327 ἐκεῖνος
1689 3264 1824 3319 ἀπέ-

230 3344 395 3399 θανεν
412 3348 472 3401 ἐν
491 3350 555 3418 τῇ
580 3349 770 3421 σαρκὶ,
801 3351 966 3420 ἡμεῖς
990 3350 1049 3403 δὲ
1080 3352 1149 3421 τῇ
1176 3349 1445 3421 ἁμαρτίᾳ.
1469 3348 1569 3402 Διά
1601 3348 1696 3402 τοῦ
1735 3347 1825 3418 βα·

236 3430 547 3502 πτίσματος
567 3433 728 3504 ἡμῶν
750 3434 779 3487 6
806 3433 1039 3498 παλαιὸς
1068 3433 1357 3506 ἄνθρωπος
1388 3433 1586 3505 ἐτάφη,
1617 3433 1712 3487 καὶ
1736 3434 1826 3486 ἀν-

232 3513 371 3583 έστη
400 3516 429 3567 6
454 3516 666 3582 καινὸς,
693 3518 723 3570 ὁ
744 3516 1072 3589 σύμμορφος
1092 3517 1390 3587 γενόμενος
1412 3515 1491 3588 τῷ
1506 3514 1825 3588 ὁμοιώματι

232 3594 333 3648 τοῦ
369 3595 599 3652 θανάτου
627 3599 818 3654 αὑτοῦ.
851 3601 915 3655 Εἰ
941 3600 1123 3654 τοίνυν
1151 3600 1370 3672 ἀνάγκη
1408 3600 1573 3654 πάλιν
1631 3598 1828 3670 βαπτι-

235 3677 455 3748 σθῆναι,
480 3681 693 3754 ἀνάγκη
712 3684 877 3739 πὰλιν
894 3684 1056 3739 αὐτὸν
1077 3684 1369 3740 ἀποθανεῖν
1390 3684 1580 3739 τοῦτον
1602 3700 1614 3714 ·
1638 3683 1702 3737 τὸ
1718 3683 1829 3755 γάρ

236 3759 525 3831 βάπτισμα
544 3765 697 3818 οὐδέν
726 3769 873 3821 ἐστιν
895 3766 1047 3832 ἀλλο,
1074 3768 1107 3839 ἢ
1132 3768 1415 3839 ἀναίρεσις
1438 3766 1533 3822 τοῦ
1567 3766 1829 3837 βαπτιζο-

242 3844 436 3912 μένου,
464 3848 560 3917 καὶ
582 3848 802 3920 ἕτεροις
826 3850 1062 3907 ἐκείνου.
1096 3852 1209 3906 Kal
1238 3852 1421 3914 καλῶς
1442 3848 1620 3916 εἶπεν,
1656 3852 1829 3906 Ἑαυ-

233 3926 366 3994 τοῖς
390 3930 928 4002 ἀνασταυροῦντας
948 3954 960 3966 ·
1002 3938 1030 3989 6
1052 3936 1161 4009 γάρ
1184 3936 1344 3990 τοῦτο
1390 3934 1561 3989 ποιῶν
1577 3975 1592 3999 ,
1626 3934 1703 3999 ώς
1728 3938 1830 4006 τῆς

235 4014 519 4086 προτέρας
551 4018 779 4090 χάριτος
826 4021 1242 4093 ἐπιλαθόμενος,
1275 4023 1373 4077 καὶ
1418 4022 1682 4094 ῥᾳθύμως
1734 4023 1829 4078 τὸν

237 4096 442 4178 ἑαυτοῦ
467 4099 579 4170 βίον
605 4104 1019 4173 οίκονομῶν,ώς
1041 4106 1193 4170 ὄντος
1210 4106 1399 4178 ἐτέρου
1423 4106 1827 4177 βαπτίσματος,

237 4176 389 4233 οὕτω
414 4183 595 4239 πάντα
619 4185 1042 4258 διαπράττεται.
1068 4190 1272 4261 Διόπερ
1291 4176 1703 4261 προσέχεινχρὴ
1730 4190 1830 4244 καὶ

240 4263 667 4333 ἁσφαλίζεσθαι.
720 4272 789 4325 Τί
810 4273 950 4338 ἐστι,
980 4273 1414 4343 Γευσαμένους
1452 4272 1564 4344 τῆς
1605 4273 1831 4344 δωρεᾶς

238 4349 357 4419 τῆς
371 4352 737 4426 ἐπουρανίου
753 4378 774 4427 ;
806 4361 1090 4429 Τουτέστι,
1118 4363 1219 4434 τῆς
1248 4362 1499 4432 ἀφέσεως
1524 4362 1634 4417 τῶν
1649 4364 1833 4437 ἀμαρ-

238 4437 541 4506 τημάτωνο
569 4440 729 4496 τοῦτο
770 4444 881 4517 γὰρ
942 4446 1078 4501 Θεοῦ
1118 4447 1281 4517 μόνου
1332 4446 1681 4519 χαρίζεσθαι,
1735 4449 1833 4503 καὶ

241 4522 277 4590 ἢ
300 4521 463 4593 χάρις
518 4524 667 4594 ἅπαξ
696 4529 812 4581 ἐστὶ
838 4528 1018 4602 χάρις.
1056 4531 1118 4586 Τί
1155 4525 1271 4585 οὖν
1314 4530 1723 4600 ἐπιμενοῦμεν
1756 4532 1832 4603 τῇ

239 4604 525 4674 ἁμαρτίᾳ,
555 4610 658 4663 ἵνα
690 4612 730 4680 ἠ
759 4612 934 4682 χάρις
965 4613 1280 4683 πλεονάσῃ
1300 4630 1321 4679 ;
1343 4614 1438 4682 Μὴ
1475 4612 1729 4684 γένοιτο.
1767 4617 1833 4671 Εί

239 4688 303 4742 δέ
324 4691 414 4745 ἀεὶ
444 4693 713 4766 μέλλομεν
738 4698 924 4768 χάριτι
960 4696 1259 4763 σώζεσθαι,
1290 4698 1557 4753 οὐδέποτε
1590 4699 1833 4771 ἐσόμεθα

238 4773 465 4844 ἀγαθοί.
499 4778 677 4833 Ὀπου
708 4782 818 4852 γὰρ
845 4782 944 4851 μία
967 4782 1084 4835 ἐστὶ
1113 4784 1297 4853 χάρις,
1332 4783 1428 4836 καὶ
1457 4782 1603 4837 οὕτω
1660 4784 1834 4856 ῥαθυ-

245 4858 492 4931 μοῦμεν·
517 4864 566 4915 εί
595 4863 818 4936 ᾔδειμεν
845 4866 927 4919 ὅτι
956 4865 1121 4920 πάλιν
1145 4866 1295 4919 ἐστιν
1324 4866 1739 4921 ἀπολούσασθαι
1764 4868 1834 4923 τὰ

243 4944 649 5016 ἁμαρτήματα,
697 4944 808 5019 ἆρα
861 4949 929 5003 ἂν
979 4949 1344 5021 ἐπαυσάμεθα
1388 4950 1833 5021 ἁμαρτάνοντες;

247 5026 365 5081 Οὐκ
390 5027 569 5100 ἔγωγε
594 5026 769 5103 οἶμαι.
801 5034 980 5089 Πολλά
1023 5034 1261 5089 ἐνταῦθα
1284 5034 1524 5088 δείκνυσι
1547 5034 1617 5087 τὰ
1643 5033 1795 5106 δῶρα
1819 5050 1834 5064 ’

249 5110 347 5164 καὶ
377 5110 469 5168 ἵνα
504 5114 703 5189 μάθῃς,
732 5118 992 5174 ἀκουσονο
1018 5118 1400 5191 Κατηειώθης,
1434 5118 1587 5189 φησὶ,
1636 5119 1838 5173 τοσαύ-

249 5211 351 5267 της
402 5198 689 5270 ἀφέσεως,
716 5205 775 5258 ἐν
812 5206 1033 5279 σκότῳι
1088 5205 1457 5276 καθεζόμενος
1480 5205 1508 5258 6
1540 5203 1759 5277 ἐχθρὸς,
1808 5208 1837 5260 6

252 5282 537 5355 πολέμιος,
567 5289 597 5341 6
632 5288 1167 5362 ἀπηλλοτριωμένος,
1192 5292 1221 5343 6
1248 5289 1570 5359 θεοστυγὴς,
1606 5291 1634 5344 6
1676 5291 1838 5343 ἀπολ-

251 5361 486 5438 λύμενος
509 5387 525 5404 ’
548 5373 577 5426 6
599 5371 845 5437 τοιοῦτος
871 5368 963 5427 οὖν
996 5373 1261 5444 ἐξαίφνης
1314 5373 1628 5443 φωτισθεὶς,
1662 5374 1837 5427 Πνεῦ-

260 5470 425 5526 ματος
445 5454 724 5521 ἀξιωθεὶς,
741 5457 952 5529 δωρεᾶς
975 5458 1324 5529 ἐπουρανίου,
1353 5457 1653 5523 υἱοθεσίας,
1679 5458 1838 5529 βασι-ο

254 5534 405 5603 λείας
433 5537 706 5609 οὐρανῶν,
730 5540 842 5593 τῶν
866 5540 1041 5595 ἀλλων
1062 5542 1304 5611 ἀγαθῶν,
1329 5543 1647 5615 μυστηρίων
1674 5545 1841 5617 ἀπορο

280 5786 331 5852 ,⁸
357 5786 510 5857 Legi}
531 5787 799 5857 Mutiagns,
824 5792 1058 5849 τοσαύτης
1090 5793 1320 5857 ἀφέσεως.
1355 5792 1415 5844 '0
1437 5794 1525 5857 γὰρ
1567 5795 1615 5842 ἐν
1655 5794 1837 5857 σκότῳ,

255 5850 422 5914 sicque
440 5850 451 5851 “
469 5850 652 5915 Βεεεη
680 5852 869 5904 Comm.
896 5860 948 5904 el
981 5850 1144 5920 marg;
1162 5854 1313 5905 Savil.

1930 499 2133 569 ρήτων,
2161 500 2255 553 xal
2280 500 2404 553 οὐδὲ
2436 498 2578 552 οὕτω
2607 494 2836 567 βελτίων
2864 492 3159 562 γενόμενος
3178 534 3192 557 ,
3222 492 3336 546 ἀλλ’
3366 492 3517 559 ἄξιος

1926 582 2029 652 μὲν
2062 581 2139 637 ὢν
2184 582 2485 645 ἀπωλείας,
2509 578 2689 650 τυχὼν
2715 578 2772 631 δέ
2806 575 3084 646 σωτηρίας
3110 576 3208 633 καὶ
3230 577 3413 646 τιμῆς,
3440 577 3517 640 ὡς

1919 669 1987 720 τὰ
2022 666 2236 737 μεγάλα
2270 662 2683 737 κατωρθωκὼς,
2722 660 2839 723 πῶς
2862 659 2928 713 ἂν
2954 658 3173 711 δύναιτο
3205 658 3516 729 βαπτισθῆ-

1920 768 2008 805 ναι
2034 751 2230 813 πάλιν;
2258 750 2362 804 Δύο
2389 750 2574 803 τοίνυν
2604 747 2829 819 τρόποις
2864 744 2920 797 τὸ
2952 744 3189 814 πρᾶγμα
3253 741 3517 796 ἀδύνατον

1918 834 2123 906 ἔφησεν
2155 831 2318 900 εἶναι,
2343 835 2437 887 καὶ
2464 832 2557 885 τὸν
2610 830 2965 901 ἰσχυρότερον
3015 826 3241 897 ὕστερον
3285 825 3480 896 ἔθηκεν
3502 844 3513 855 ·

1921 920 2003 972 ἐνὶ
2034 921 2133 990 μὲν
2154 960 2169 985 ,
2200 920 2283 973 ὅτι
2316 919 2418 971 οὑκ
2468 916 2618 981 ἀξιος
2638 915 2666 967 6
2690 913 2948 967 τοιούτων
2989 909 3373 977 καταξιωθεὶς,
3423 911 3519 962 καὶ

1920 1005 2099 1058 πάντα
2128 1004 2364 1076 προδοὺς
2380 1002 2450 1056 τά
2481 1000 2796 1072 δωρηθέντα
2828 996 2999 1066 αὐτῷ,
3022 996 3187 1049 πάλιν
3217 997 3512 1049 ἀνακαινι-

1928 1088 2144 1157 τθῆναι·
2176 1088 2419 1156 δευτέρῳ
2452 1086 2532 1147 δὲ,
2558 1085 2641 1137 ὅτι
2674 1083 2736 1136 ού
2766 1081 2997 1134 δυνατόν
3028 1081 3178 1132 ἐστιν
3213 1078 3377 1131 αὐτὸν
3410 1078 3517 1130 πά-

1919 1172 2001 1226 λιν
2036 1170 2519 1241 ἀνασταυροῦσθαι
2552 1185 2567 1200 ο
2596 1166 2757 1220 τοῦτο
2785 1165 2897 1236 γάρ
2931 1166 3050 1217 ἐστι
3084 1162 3520 1232 παραδειγματί-

1921 1273 2031 1309 σαι.
2065 1256 2180 1309 Οὐκ
2215 1254 2333 1306 ἔστι
2360 1252 2543 1305 τοίνυν
2568 1249 2824 1321 δεύτερον
2847 1247 3097 1319 λουτρὸν,
3126 1247 3226 1299 οὐκ
3255 1246 3403 1300 ἐστιν
3428 1264 3441 1277 ·
3469 1248 3519 1299 εί

1920 1340 1975 1392 δὲ
2006 1338 2147 1403 ἔστι,
2177 1337 2273 1391 καὶ
2302 1336 2489 1407 τρίτον
2518 1334 2657 1397 ἐστὶ,
2692 1334 2788 1387 καὶ
2818 1331 3082 1402 τέταρτόν
3114 1332 3254 1396 ἐστι,
3287 1332 3381 1384 καὶ
3405 1331 3513 1384 ὑπὸ

1919 1421 2011 1476 τοῦ
2056 1421 2289 1492 ὑστέρου
2344 1418 2432 1472 ἀεὶ
2454 1420 2514 1471 16
2541 1417 2760 1489 πρῶτον
2814 1415 3170 1472 καταλύεται.
3222 1414 3318 1467 καὶ
3360 1413 3521 1468 τοῦτο

1920 1506 2082 1561 πάλιν
2105 1505 2211 1558 ὑπὸ
2238 1502 2334 1557 τοῦ
2365 1503 2551 1565 άλλου,
2584 1502 2679 1556 καὶ
2718 1501 2879 1554 τοῦτο
2908 1502 2989 1563 εἰς
3030 1500 3281 1569 ἄπειρον.
3339 1496 3521 1551 Εἰπὼν

1919 1589 1996 1655 δὲ,
2028 1587 2137 1643 Καὶ
2160 1588 2363 1643 καλὸν
2396 1586 2545 1641 Θεοῦ
2562 1583 2981 1653 γευσαμένους
2998 1581 3211 1650 Ῥἦμα,
3233 1580 3522 1651 δυνάμεις

1920 1688 1985 1725 τε
2010 1672 2225 1737 αἰῶνος
2264 1670 2601 1739 μέλλοντος
2623 1710 2637 1734 ,
2691 1670 2792 1722 οὐκ
2814 1656 3190 1722 ἀποκαλύπτει
3221 1664 3337 1738 [98]
3366 1665 3524 1726 αὐτὸ,

1922 1755 2037 1809 ἀλλ’
2060 1754 2387 1818 αἰνίττεται,
2421 1754 2518 1807 καὶ
2572 1752 2859 1824 μονονουχὶ
2906 1750 3079 1804 ταῦτα
3129 1749 3279 1818 λέγει
3315 1766 3329 1779 ο
3357 1748 3524 1801 ὅτιτὸ

1923 1837 2023 1910 ζῇν
2047 1838 2121 1901 ώς
2152 1837 2447 1906 ἀγγέλους,
2472 1836 2535 1889 16
2566 1835 2795 1907 μηδενὸς
2837 1834 3050 1888 δεῖσθαι
3080 1833 3190 1887 τῶν
3240 1830 3476 1885 ἐνταῦθα
3502 1869 3519 1894 ,

1922 1924 1984 1977 16
2012 1922 2214 1975 εἰδέναι
2242 1922 2448 1990 ὄτιτῆς
2474 1918 2584 1972 τῶν
2642 1918 2949 1990 μελλόντων
3002 1917 3214 1972 αίώνων
3275 1914 3521 1969 ἀπολαύ-

1925 2025 2064 2071 σεως
2095 2006 2356 2077 πρόξενος
2382 2007 2516 2075 ἡμῖν
2540 2006 2573 2073 ἡ
2600 2004 2849 2057 υἱοθεσία
2866 2002 3101 2071 γίνεται,
3129 2002 3191 2055 τὸ
3215 2002 3295 2065 είς
3316 2000 3383 2053 τά
3395 1999 3523 2055 ἀδυ-

1922 2110 1991 2145 τα
2025 2094 2214 2145 ἐκεῖνα
2246 2088 2518 2142 εἰσελθεῖν
2560 2086 2892 2158 προσδοκᾷν,
2927 2086 3016 2139 διὰ
3045 2085 3143 2139 τοῦ
3198 2084 3521 2150 Πνεύματος

1924 2174 2041 2228 ἐστι
2072 2162 2250 2227 ταῦτα
2282 2170 2501 2241 μαθεῖν.
2530 2171 2597 2223 Τί
2631 2171 2773 2231 ἐστι,
2806 2167 3104 2238 Δυνάμεις
3142 2186 3205 2222 τε
3236 2167 3343 2222 τοῦ
3372 2165 3523 2237 μέλ-

1920 2262 2141 2323 λοντος
2165 2255 2413 2321 αἰῶνοςῖ
2453 2255 2519 2307 Ἠ
2550 2253 2665 2325 ζωὴ
2706 2255 2741 2323 ἡ
2774 2252 3018 2317 αἰώνιος,
3072 2254 3105 2323 η
3138 2250 3411 2322 ἀγγελικὴ
3438 2250 3522 2303 διο
3612 2244 3615 2245 ν

1923 2341 2141 2412 αγωγή.
2176 2340 2397 2395 Τούτων
2419 2338 2520 2409 ἤδη
2550 2338 2643 2391 τὸν
2672 2336 2974 2409 ἀρραϐῶνα
2999 2336 3267 2408 ἐλάϐομεν
3304 2334 3391 2388 διὰ
3422 2334 3524 2405 τῆς

1924 2424 2167 2487 πίστεως
2194 2423 2349 2495 παρά
2373 2422 2470 2475 τοῦ
2494 2420 2635 2475 Πνεύ
2646 2438 2839 2491 ματος.
2866 2420 3002 2474 Είπὲ
3037 2438 3127 2491 μοι
3149 2420 3335 2475 τοίνυν
3359 2418 3409 2472 εί
3442 2419 3522 2480 εἰς

1926 2510 2175 2582 βασίλεια
2207 2508 2507 2579 εἰσαχθεὶς.
2536 2507 2631 2561 καὶ
2663 2507 2840 2561 πάντα
2868 2506 3258 2572 ἐμπιστευθεὶς
3282 2505 3351 2559 τά
3382 2505 3522 2568 ἐκεῖ,

1924 2592 2046 2650 εἶτα
2092 2593 2420 2665 προῦδωκας
2474 2594 2714 2658 ᾶπαντα,
2768 2586 2881 2662 ἆρα
2909 2590 2974 2644 ἂν
3023 2587 3417 2658 ἐνεπιστεύθης
3455 2588 3522 2640 τά

1924 2680 2043 2733 ἐκεῖ
2073 2677 2237 2731 πάλιν
2258 2696 2273 2745 ;

1997 2828 2063 2885 δ’.
2083 2829 2149 2882 Τί
2169 2822 2303 2896 οῦν;
2332 2828 2434 2882 οὐκ
2460 2827 2574 2882 ἔστι
2605 2826 2886 2898 μετάνοια,
2918 2823 3120 2895 φησίν;
3157 2822 3314 2876 Ἔστι
3359 2820 3525 2892 μετά·

1924 2930 2063 2980 νοια,
2090 2912 2229 2966 ἀλλά
2254 2911 2541 2983 βάπτισμα
2569 2912 2671 2965 οὐκ
2705 2909 2824 2963 ἔστι
2848 2907 3127 2978 δεύτερον.
3160 2904 3441 2960 Μετάνοια
3467 2903 3523 2957 δὲ

1924 2998 2040 3052 ἐστι
2076 2995 2282 3067 πολλὴν
2311 2995 2514 3066 ἔχουσα
2552 2996 2654 3066 τὴν
2691 2994 2869 3065 ίσχὺν.
2905 2992 3123 3047 καὶτὸν
3162 2990 3373 3062 σφόδρα
3412 2991 3526 3053 τοῖς

1926 3081 2297 3153 ἁμαρτήμασι
2326 3077 2785 3148 βεϐαπτισμένον,
2818 3078 2869 3130 εἰ
2900 3074 3217 3146 βουληθείη,
3246 3072 3525 3143 δυναμένη

1926 3164 2237 3231 ἀπαλλάξαι
2267 3163 2361 3216 τοῦ
2392 3163 2502 3216 τῶν
2540 3161 2961 3233 ἁμαρτημάτων
3012 3159 3262 3229 φορτίου,
3296 3158 3391 3211 καὶ
3432 3156 3527 3210 τὸν

1926 3248 2312 3303 κινδυνεύοντα
2363 3246 2717 3315 καταστῆσαι
2768 3247 2828 3298 ἐν
2877 3244 3175 3314 ἀσφαλείᾳ,
3224 3242 3330 3296 κᾶν
3385 3242 3526 3312 πρὸς

1927 3335 2092 3389 αὑτὸν
2124 3334 2255 3406 ἔλθῃ
2284 3335 2383 3402 τῆς
2410 3331 2610 3394 κακίας
2635 3330 2727 3385 τὸν
2754 3330 3033 3399 πυθμένα.
3062 3329 3172 3382 Kal
3200 3327 3361 3381 τοῦτο
3395 3327 3527 3381 πολ-

1925 3417 2155 3489 λαχόθεν
2188 3415 2416 3469 δυνατὸν
2442 3413 2746 3479 ἀποδεῖξαι.
2795 3415 2890 3481 Μὴ
2918 3416 2951 3468 d
2985 3414 3223 3466 πίπτων
3245 3412 3381 3481 γὰρ,
3417 3429 3530 3480 φη-

1928 3502 2036 3570 σὶν,
2083 3503 2197 3555 οὐκ
2242 3500 2582 3563 ἀνίσταται,
2634 3498 2675 3566 ἢ
2722 3501 2753 3552 ὀ
2784 3495 3187 3566 ἀποστρέφων
3235 3498 3347 3550 οὐκ
3395 3497 3527 3549 ἐπι·-

1927 3586 2209 3656 στρέςοει;
2244 3585 2457 3645 Ἔστιν,
2496 3585 2592 3635 ἐὰν
2638 3580 2982 3653 βουλώμεθα,
3021 3580 3385 3650 μορφωθῆναι
3435 3579 3529 3636 16v

1929 3669 2168 3743 Χριστὸν
2201 3670 2262 3721 ἐν
2300 3668 2430 3739 ἡμῖν
2464 3666 2630 3720 πάλιν
2661 3679 2679 3695 ·
2710 3666 2877 3721 ἄκουε
2920 3664 3031 3736 γὰρ
3082 3664 3303 3718 Παύλου
3339 3663 3530 3732 λέγον-

1926 3774 2042 3822 τος,
2079 3754 2290 3811 Τεκνία
2309 3770 2452 3823 μου,
2483 3752 2591 3818 οὓς
2612 3750 2803 3805 πάλιν
2833 3750 3046 3815 ὠδίνω,
3078 3748 3254 3819 ἄχρις
3278 3744 3351 3805 οὗ
3382 3765 3531 3816 μορ-

1929 3838 2099 3911 φωθῇ
2120 3836 2378 3908 Χριστὸς
2407 3836 2475 3890 ὲν
2505 3834 2649 3905 ὑμῖν
2674 3851 2689 3866 ·
2727 3834 2887 3905 μόνον
2928 3832 3199 3903 ἁψώμεθα
3226 3832 3327 3900 τῆς
3360 3848 3529 3901 μετα-

1930 3923 2107 3986 νοίας.
2164 3922 2309 3993 Ὅρα
2346 3918 2457 3991 γάρ
2501 3917 2637 3972 θεοῦ
2702 3917 3163 3990 φιλανθρωπίανο
3214 3915 3321 3970 εδει
3379 3918 3531 3987 ἡμᾶς

1932 4009 2099 4061 παντὶ
2130 4006 2322 4077 τρόπῳ
2353 4003 2692 4073 κολασθῆναι
2727 4003 2884 4074 παρά
2935 4001 3036 4074 τὴν
3087 4000 3286 4072 ἀρχὴν,
3314 4000 3398 4053 ὄτι
3436 4001 3532 4055 zal

1932 4092 2099 4164 νόμον
2131 4089 2392 4152 λαϐόντες
2422 4088 2515 4140 τὸν
2542 4086 2776 4157 φυσικὸν
2810 4087 2905 4140 καὶ
2938 4087 3153 4157 μυρίων
3180 4083 3528 4139 ἀπολαύσαν-

1933 4193 2025 4240 τες
2061 4173 2314 4243 ἀγαθῶν,
2348 4171 2443 4225 τόν
2469 4188 2530 4223 τε
2560 4170 2842 4239 Δεσπότην
2872 4171 3252 4240 ὴγνοήκαμεν,
3294 4169 3388 4221 καὶ
3417 4167 3531 4238 βίον

1933 4258 2248 4329 ἀκάθαρτον
2279 4254 2628 4327 βεϐιώκαμεν
2654 4271 2668 4285 ’
2705 4255 2735 4306 6
2759 4253 2817 4306 δὲ
2833 4253 2895 4307 οὐ
2931 4252 3092 4322 μόνον
3122 4253 3223 4306 οὐκ
3245 4252 3530 4316 ἐκόλασεν,

1934 4342 2071 4397 ἀλλά
2102 4341 2199 4395 καὶ
2232 4340 2445 4412 μυρίων
2489 4338 2798 4408 μετέδωκεν
2850 4336 3093 4407 ἀγαθῶν,
3133 4336 3210 4401 ὼς
3243 4335 3308 4390 ἂν
3344 4339 3408 4389 εί·
3433 4352 3531 4407 με·

1935 4427 2081 4497 γάλα
2112 4424 2545 4498 κατωρθωκότες
2566 4418 2731 4494 ἦμεν.

2008 4592 2181 4648 Πάλιν
2216 4591 2574 4663 ὲξεπέσομεν,
2636 4591 2733 4645 καὶ
2780 4591 2904 4645 οὐδὲ
2937 4590 3082 4645 οὕτω
3110 4592 3331 4657 κολάζει
3359 4634 3374 4656 ,
3418 4593 3535 4646 ἀλλ’

1938 4678 2109 4733 ἔδωκε
2134 4676 2198 4731 16
2230 4676 2329 4746 τῆς
2369 4675 2658 4747 μετανοίας
2690 4674 3010 4746 φάρμακον,
3048 4676 3228 4730 πάντα
3275 4676 3434 4747 ήμῶν
3467 4679 3537 4730 τά

1940 4762 2322 4833 ἁμαρτήματα
2352 4759 2540 4813 ίκανὸν
2573 4759 2841 4826 ἀφανίσαι
2870 4758 2965 4811 καὶ
2998 4758 3322 4829 ἀπαλεῖψαι,
3367 4760 3531 4831 μόνον

1940 4846 2036 4900 ἐάν
2060 4844 2293 4913 εἰδῶμεν
2322 4843 2385 4896 τὸ
2413 4842 2712 4913 φάρμακον
2744 4842 2930 4895 ὁποῖόν
2961 4845 3098 4905 ἐστι,
3130 4845 3224 4897 καὶ
3251 4843 3369 4907 πῶς
3395 4844 3530 4897 αὐτο

1940 4927 2248 4982 ἐπιτιθέναι
2276 4927 2378 4980 δεῖ.
2414 4928 2574 4979 Ποῖον
2607 4920 2701 4979 οὖν
2731 4926 2850 4978 ἐστι
2879 4926 2941 4978 τὸ
2969 4926 3263 4997 φάρμακον
3298 4928 3400 4997 τῆς
3431 4946 3531 4997 με-

1938 5014 2181 5076 τανοίας,
2226 5012 2322 5065 καὶ
2362 5009 2481 5075 πῶς
2533 5011 2667 5063 αὐτὸ
2716 5011 3231 5078 κατασκευάζεταις
3281 5012 3529 5082 Πρῶτον,

1940 5096 2050 5150 ἀπὸ
2080 5093 2490 5163 καταγνώσεως
2517 5093 2629 5147 τῶν
2681 5093 2901 5147 οίκείων
2939 5096 3385 5168 ἁμαρτημάτων,
3430 5097 3530 5154 καὶ

1939 5182 2049 5236 ἀπὸ
2092 5177 2523 5250 ἐξαγορεύσεως.
2568 5178 2689 5246 Τὴν
2720 5178 2980 5247 ἀνομίαν
3012 5183 3123 5250 γὰρ
3158 5198 3303 5250 μου,
3341 5182 3534 5253 φησὶν,

1938 5262 2258 5333 ἐγνώρισα,
2288 5261 2387 5316 καί
2424 5262 2540 5329 τὴν
2586 5262 2885 5330 ἁμαρτίαν
2903 5280 3024 5331 μου
3064 5266 3177 5317 οὐκ
3215 5264 3533 5334 ἐκάλυψαο

1942 5349 2058 5409 καὶ,
2103 5346 2511 5415 Ἐξαγορεύσω
2532 5346 2659 5399 κατ’
2684 5345 2833 5415 ἐμοῦ
2859 5345 2975 5413 τὴν
2995 5348 3254 5417 ἀνομίαν
3296 5366 3417 5418 μου
3456 5348 3540 5414 τῷ

1941 5432 2157 5500 Κυρίῳ,
2182 5431 2281 5484 καὶ
2303 5430 2386 5485 σὺ
2408 5427 2649 5499 ἀφῆκας
2670 5428 2788 5495 τὴν
2807 5430 3093 5485 ἀσέϐειαν
3144 5431 3257 5501 τῆς
3288 5433 3539 5502 καρδίας

1939 5532 2057 5586 μου
2078 5527 2091 5541 '
2120 5513 2216 5565 καὶ
2249 5512 2436 5566 πάλιν·
2470 5510 2621 5583 Λέγε
2647 5512 2729 5567 σὺ
2766 5512 2875 5579 τὰς
2906 5514 3197 5583 ἁμαρτίας
3229 5530 3347 5569 σου
3380 5518 3539 5583 πρῶ-

1942 5617 2065 5664 τος,
2102 5598 2202 5651 ἵνα
2228 5594 2546 5663 δικαιωθῇς
2578 5609 2591 5623 '
2626 5598 2743 5658 καὶ,
2775 5598 3013 5663 Δίκαιος
3040 5599 3258 5653 ἑαυτοῦ
3285 5598 3531 5669 κατήτο.

1936 5701 2046 5754 ρος
2071 5682 2142 5737 ὲν
2170 5681 2566 5751 πρωτολογίᾳ.
2607 5681 2895 5751 Δεύτερον,
2950 5683 3061 5736 ἀπὸ
3095 5701 3361 5752 ταπεινοφ
3375 5685 3538 5754 ροσύ-

1944 5785 2041 5835 νης
2064 5764 2268 5835 πολλῆς
2302 5783 2315 5795 ι
2350 5764 2545 5835 ὥσπερ
2574 5764 2683 5837 γὰρ
2714 5766 2873 5836 σειρά
2899 5767 2985 5829 τίς
3022 5768 3136 5821 ἐπι
3176 5766 3292 5837 [99]
3334 5771 3536 5838 χρυσῆ,

1952 5850 2055 5904 κᾶν
2082 5850 2257 5921 ἀρχὴν
2284 5848 2447 5920 λάϐῃ,
2486 5849 2664 5904 πάντα
2692 5850 2909 5903 ἕπεται.
2956 5852 3080 5905 Ἐὰν
3141 5850 3249 5929 γὰρ
3268 5853 3506 5927 ὁμολογή
3524 5884 3538 5894 ·
