4112 6344
198 399 261 457 ιι
1032 397 1097 454 IN
1141 392 1361 451 EPIST.
1405 380 1901 445 .\D.llt'IBR.£OS.
1936 380 2091 437 CAP.
2122 378 2209 435 Π.
2244 374 2457 432 "OM".
2507 372 2602 431 IX.

212 502 444 561 sermonis
470 503 654 576 (Prov.
682 503 766 561 18.
794 502 904 575 l7).
926 502 1177 560 Secundo
1196 520 1261 559 ex
1282 510 1449 558 multa
1468 503 1788 559 humilitate:

215 605 290 651 est
313 595 461 650 enim
502 595 666 651 veluti
698 593 942 665 quzedam
971 604 1161 650 catena
1190 608 1377 657 aurea,
1419 604 1474 649 et
1511 596 1554 648 si
1583 594 1792 649 initium

212 688 409 757 ceperit
451 698 757 759 sequuntur
804 689 1008 742 omnia.
1039 687 1173 743 Nam
1213 688 1257 742 si
1304 698 1586 758 peccatum
1628 687 1795 743 fueris

212 780 489 836 cantessus
515 790 570 835 ut
601 779 1094 849 oportetcontiteri,
1120 778 1178 833 fit
1204 778 1422 834 humilis
1442 778 1618 833 anima
1642 796 1655 831 :
1676 793 1795 833 eam

211 872 343 926 enim
376 884 599 925 versans
626 879 680 924 et
708 870 914 939 agitans
940 869 1287 934 conscientia,
1313 868 1550 923 eflicitut
1581 868 1650 922 sit
1676 882 1800 923 cou-

214 970 395 1016 tracla.
424 960 647 1030 Oportet
678 970 855 1015 autem
883 961 984 1014 alia
1007 974 1220 1029 quoque
1249 958 1449 1015 addere
1481 958 1794 1025 humilitati,

214 1052 251 1105 si
274 1052 396 1106 talis
415 1051 489 1104 sit
513 1049 727 1119 qualem
761 1050 949 1104 beatus
978 1048 1142 1103 David
1168 1048 1420 1114 habebat,
1449 1048 1665 1105 dicens:
1697 1048 1800 1104 Cor

213 1146 452 1199 mundum
477 1159 591 1197 (νεα
612 1143 667 1195 in
688 1159 765 1198 me
790 1142 961 1207 Dem;
989 1150 1044 1196 et
1076 1144 1291 1210 iterum,
1318 1141 1421 1197 Cor
1451 1144 1724 1196 contritum
1753 1151 1799 1196 et

216 1235 529 1289 humiliantur
557 1234 696 1289 Deus
721 1250 821 1288 non
849 1234 1087 1303 despiciet
1109 1233 1280 1307 (Ρωι.
1302 1235 1392 1291 50.
1422 1234 1508 1289 12.
1531 1235 1645 1305 19).
1666 1236 1797 1291 Nam

215 1327 346 1397 quod
378 1335 469 1381 est
496 1326 812 1390 contritum,
851 1342 958 1379 non
987 1327 1248 1396 exsurgit,
1282 1342 1389 1381 non
1420 1326 1567 1393 ferit,
1598 1328 1694 1384 sed
1720 1338 1803 1383 est

215 1430 451 1489 paratum
479 1417 545 1472 ad
566 1418 703 1471 male
726 1418 1054 1485 patiendum,
1074 1418 1245 1487 ipsum
1266 1427 1447 1473 autem
1472 1434 1580 1473 non
1606 1435 1801 1474 exsur-

213 1512 300 1583 git.
329 1509 481 1564 Talis
512 1519 594 1564 est
634 1508 812 1563 cordis
839 1510 1126 1575 contritio;
1158 1510 1371 1565 etiamsi
1410 1510 1597 1565 affecta
1642 1511 1803 1567 fuerit

213 1603 559 1665 couttttttelia,
590 1602 798 1656 etiamsi
830 1602 971 1657 male
999 1618 1180 1673 passa,
1205 1603 1456 1673 quiescit,
1490 1618 1588 1659 nec
1614 1606 1800 1659 conci-

219 1693 352 1738 tatur
377 1684 451 1739 ad
479 1684 790 1740 vindictam.
820 1684 947 1740 Post
974 1685 1329 1743 humilitatem
1359 1703 1491 1744 vero
1516 1704 1652 1758 opus
1689 1700 1794 1754 est,

218 1777 440 1833 intensis
464 1778 735 1849 precibus,
768 1779 953 1833 multis
983 1779 1258 1851 lacrymis,
1285 1790 1341 1836 et
1373 1782 1609 1837 interdiu
1628 1790 1683 1837 et
1704 1800 1801 1837 no-

213 1875 328 1922 ctu:
356 1866 568 1922 Lavabo
593 1868 758 1936 enim,
778 1869 973 1940 inquit,
1021 1887 1112 1942 per
1154 1868 1388 1943 singulas
1415 1884 1585 1928 noctes
1616 1875 1801 1928 lectum

215 1975 369 2013 meum
386 1974 414 2023 ;
443 1960 684 2031 lacrymt's
721 1962 845 2016 meis
882 1972 1098 2016 stratum
1138 1979 1303 2017 meum
1329 1964 1545 2035 rigabo;
1575 1965 1803 2020 laboravi

214 2048 262 2101 in
288 2050 481 2117 gemitu
518 2067 629 2103 meo
661 2050 830 2124 (Psal.
858 2051 911 2107 6.
946 2053 1023 2124 7).
1054 2054 1121 2108 Et
1150 2054 1342 2109 iterum
1370 2073 1384 2109 :
1422 2055 1677 2123 Quoniam
1722 2058 1797 2110 ci-

216 2156 378 2193 nerem
402 2148 666 2212 tamquam
697 2160 882 2210 partem
910 2145 1302 2210 manducabam,
1332 2156 1377 2200 et
1416 2157 1590 2216 potum
1636 2166 1802 2203 meum

214 2246 321 2285 cum
341 2233 468 2303 ﬂetu
490 2234 757 2287 miscebant
785 2234 954 2306 (Paul.
983 2237 1075 2291 lOl
1091 2276 1104 2290 .
1132 2236 1246 2306 10).
1270 2238 1336 2292 Et
1358 2248 1481 2307 post
1500 2242 1800 2295 orationem

217 2322 343 2377 adeo
376 2323 643 2378 intonsam
665 2328 826 2379 multa
856 2341 990 2396 Opus
1016 2337 1099 2382 est
1126 2328 1490 2401 eleemosyna.
1521 2331 1633 2387 Iloc
1659 2334 1805 2388 enim

219 2415 463 2485 estquod
498 2415 672 2471 reddit
718 2417 1008 2474 admodum
1059 2422 1295 2476 validum
1353 2424 1801 2480 medicamentum

220 2507 580 2574 ptenitentiaz:
610 2518 665 2563 et
706 2510 847 2565 sicut
881 2512 932 2565 in
984 2515 1315 2568 medicorum
1365 2515 1692 2585 adjttmentis
1722 2528 1807 2573 est

221 2596 668 2654 medicamentum
692 2602 832 2671 quod
858 2603 1053 2658 multas
1073 2605 1288 2674 quidem
1313 2608 1457 2676 capit
1478 2608 1691 2672 herbas,
1711 2609 1805 2663 srd

220 2704 371 2744 unam
398 2706 523 2760 qua:
568 2693 781 2749 obtinet
826 2695 1219 2765 principatum:
1250 2700 1320 2751 ita
1353 2701 1513 2753 etiam
1547 2703 1597 2755 in
1628 2704 1807 2773 potni-

216 2782 377 2835 tenlia
408 2783 527 2837 hme
554 2794 636 2838 est
666 2787 932 2854 prmcipua
975 2786 1174 2851 herba,
1223 2799 1277 2844 et
1323 2792 1434 2855 ipsa
1488 2803 1654 2848 totum
1701 2804 1807 2850 est.

219 2872 350 2928 Audi
386 2874 535 2929 enim
567 2877 695 2945 qttid
728 2877 907 2931 divina
936 2879 1079 2933 dicat
1107 2881 1417 2950 Scriptura:
1448 2882 1575 2937 Date
1595 2885 1813 2939 clcemo-

220 2982 413 3035 sgnum,
444 2976 494 3019 et
516 2969 689 3022 omnia
714 2979 860 3023 erant
886 2971 1025 3025 vobis
1064 2974 1255 3026 munda
1287 2974 1437 3045 (Luc.
1487 2978 1573 3031 11.
1605 2980 1724 3047 ll);
1759 2990 1813 3035 ct

221 3058 428 3119 iterum,
467 3056 821 3129 Eleemosyuis
857 3070 901 3115 et
930 3062 1032 3130 ﬁde
1071 3069 1387 3119 mandantur
1418 3080 1622 3136 peccata
1656 3070 1808 3135 (ch.

220 3150 271 3203 ι.
302 3150 433 3221 ll);
485 3160 562 3215 et,
613 3149 793 3223 Ignem
844 3154 1192 3223 ﬂammantem
1240 3159 1523 3229 exstinguat
1567 3178 1718 3231 aqua,
1768 3172 1815 3216 rt

222 3240 540 3311 eleemosyna
567 3252 851 3311 compescet
887 3261 1073 3314 magna
1113 3257 1320 3317 peccata
1377 3247 1563 3319 (Ειϊίὶ.
1596 3251 1650 3305 ὅ.
1688 3252 1812 3321 55).

225 3331 421 3385 Deinde
451 3348 563 3385 non
598 3334 777 3398 irasci,
799 3350 974 3404 neque
993 3336 1200 3405 injurim
1220 3351 1457 3409 acceptae
1478 3343 1812 3411 meminisse,

224 3421 471 3475 omnibus
505 3432 721 3491 peccata
774 3426 1097 3481 remittere:
1144 3426 1315 3483 Homo
1356 3430 1572 3497 homini,
1623 3434 1813 3501 inquit,

225 3522 438 3565 reservat
460 3513 615 3578 iram,
640 3526 687 3568 ct
710 3516 851 3585 apud
872 3516 1141 3571 Dominum
1162 3523 1341 3589 quwrit
1362 3524 1607 3578 medelam
1626 3526 1816 3597 (lit-cli.

224 3600 311 3655 28.
340 3602 418 3671 ὅ).
451 3603 737 3671 Remittitc,
786 3607 979 3677 inquit,
1028 3620 1081 3663 ut
1120 3614 1406 3667 remittatur
1437 3619 1569 3671 vobis
1600 3619 1815 3689 (Matth.

226 3696 277 3749 6.
306 3695 420 3766 H).
454 3695 529 3750 Ει
557 3695 746 3752 fratres
764 3699 830 3751 ab
854 3714 1041 3756 errore
1058 3714 1410 3760 convertere:
1446 3707 1602 3773 Vade,
1627 3710 1816 3780 inquit,

226 3796 527 3841 etconvertc
557 3792 740 3859 fratres
771 3799 881 3844 tuos
912 3791 1061 3864 (Luc.
1096 3793 1187 3849 29..
1220 3795 1335 3868 332),
1392 3808 1451 3852 ut
1479 3803 1822 3859 remittantur

230 3878 317 3933 tibi
351 3887 575 3948 peccata
608 3888 720 3933 tua.
754 3880 823 3934 Et
848 3897 907 3937 se
932 3884 983 3937 in
1010 3886 1320 3943 sacerdotes
1353 3900 1407 3944 ut
1437 3895 1689 3947 convenit
1722 3911 1820 3965 ge—

229 3986 378 4027 rere:
406 3971 534 4026 Etsi
563 3974 756 4042 fecerit,
779 3975 966 4043 inquit,
990 3979 1243 4046 quispiam
1261 3992 1485 4051 peccata,
1510 3987 1821 4041 remittemur

226 4066 272 4118 ei
297 4065 436 4135 (Jac.
465 4067 520 4120 5.
559 4066 684 4136 15):
718 4082 811 4120 eos
840 4070 976 4123 tueri
1009 4085 1071 4123 ac
1108 4084 1389 4142 protegere
1432 4077 1627 4146 quibus
1656 4079 1713 4132 lit
1741 4080 1822 4132 in-

224 4154 382 4224 juria,
418 4157 560 4209 iram
596 4174 701 4210 non
735 4158 954 4224 habere,
988 4163 1167 4216 omnia
1218 4165 1423 4234 placide
1466 4178 1520 4223 et
1548 4172 1825 4228 moderate

230 4246 386 4301 lerre.

299 4339 353 4393 5.
396 4338 597 4392 Annon
634 4340 943 4409 priusquam
966 4344 1308 4411 didicissetis,
1342 4352 1480 4418 quod
1524 4368 1620 4422 per
1648 4360 1822 4425 pmni-

234 4431 451 4483 tentiam
489 4429 633 4483 ablui
686 4443 907 4499 possunt
939 4447 1153 4503 peccata
1179 4481 1188 4489 .
1216 4444 1377 4493 eratis
1422 4446 1562 4496 anxii
1587 4487 1599 4504 .
1644 4459 1699 4500 ut
1736 4451 1825 4519 qui

231 4522 442 4576 sciretis
479 4536 586 4575 non
620 4536 739 4575 esse
785 4523 924 4577 aliud
974 4528 1247 4581 lavat-rum
1273 4573 1285 4585 ,
1318 4544 1368 4583 et
1403 4536 1467 4583 (Ιιι
1499 4538 1643 4586 ιἰιῖιίς
1676 4559 1823 4595 suum

229 4610 590 4675 aitjeeeratis?
618 4612 768 4668 Nune
787 4624 968 4669 autem
997 4629 1116 4667 cum
1141 4630 1200 4668 ea
1228 4614 1545 4675 didiceritis,
1582 4629 1676 4682 per
1703 4629 1824 4683 quae

230 4712 370 4755 recte
402 4704 586 4772 agitur
636 4706 947 4771 paenitentia
989 4714 1041 4759 et
1071 4707 1317 4760 remissio
1341 4748 1356 4771 ,
1390 4715 1443 4760 et
1470 4705 1611 4776 quod
1638 4704 1819 4758 omnia

232 4796 530 4859 poterimus
561 4794 794 4865 effugere
816 4839 830 4862 ,
863 4798 903 4849 si
933 4814 994 4852 ea
1022 4808 1234 4852 utamur
1273 4808 1329 4851 ut
1359 4808 1606 4867 oportet,
1638 4813 1827 4867 quam-

231 4900 349 4940 nam
382 4903 741 4956 assequentur
778 4892 986 4943 veniam
1015 4930 1031 4956 ,
1064 4892 1106 4944 si
1138 4907 1204 4944 ne
1248 4892 1299 4943 in
1346 4902 1579 4945 mentem
1612 4890 1827 4959 quidem

233 4979 385 5032 nobis
434 4982 663 5033 veniant
713 4991 894 5034 nostra
945 4983 1198 5051 peccata?
1247 4982 1376 5035 Nam
1408 4983 1450 5038 si
1498 4986 1600 5036 hoc
1638 4992 1825 5047 esset,

231 5071 408 5122 omnia
438 5080 628 5125 essent
655 5072 922 5126 confecta.
950 5072 1097 5127 Sicut
1118 5074 1260 5127 enim
1290 5075 1377 5143 qui
1408 5075 1603 5128 ostium
1634 5082 1716 5128 est
1743 5073 1828 5127 in-

232 5174 445 5227 gressus
467 5201 484 5224 ,
512 5171 596 5214 est
623 5161 804 5216 intus:
838 5163 915 5216 sic
938 5164 1026 5233 qui
1071 5165 1282 5233 propria
1320 5166 1453 5217 mula
1496 5166 1729 5234 cogitat,
1783 5165 1827 5218 si

233 5252 317 5305 illa
348 5264 615 5325 supputet
660 5256 902 5325 quotidie
922 5300 935 5323 ,
966 5259 1186 5312 omnino
1216 5259 1393 5313 veniet
1432 5258 1497 5312 ad
1525 5274 1709 5313 eorum
1738 5273 1829 5311 eu-

233 5348 499 5401 rationem
534 5364 548 5399 :
578 5347 659 5400 sin
687 5357 864 5403 autem
896 5348 1077 5404 dicat:
1106 5349 1235 5405 Sum
1263 5360 1536 5419 peccator,
1568 5366 1629 5404 ea
1650 5358 1828 5404 autem

233 5451 322 5502 per
369 5438 592 5505 species
621 5453 725 5493 nou
757 5440 957 5510 cogitet
990 5456 1051 5495 ac
1090 5450 1342 5512 supputat
1367 5484 1381 5505 ,
1412 5451 1467 5496 et
1494 5457 1599 5497 non
1645 5441 1826 5495 dicat:

234 5525 342 5581 lloe
365 5540 422 5582 et
468 5528 609 5583 illud
659 5542 933 5598 peccatum
963 5531 1190 5597 admisi;
1224 5548 1514 5602 numquam
1550 5532 1825 5597 cessabit,

232 5632 453 5687 semper
501 5619 724 5689 quidem
755 5622 1019 5677 eonlitens
1042 5664 1057 5689 ,
1092 5638 1274 5678 curam
1300 5632 1477 5678 autem
1508 5623 1710 5677 nullam
1739 5640 1831 5694 ge-

234 5726 354 5766 rens
402 5714 785 5771 correctionis.
831 5715 964 5772 Nam
1015 5719 1059 5773 si
1104 5720 1364 5789 emperit,
1404 5720 1623 5774 omnino
1666 5721 1828 5774 etiam

232 5816 529 5873 sequentur
558 5806 661 5861 alia
687 5847 704 5875 ,
736 5806 782 5862 si
809 5809 860 5864 in
895 5824 1001 5865 uno
1030 5809 1329 5866 ostenderit
1354 5810 1591 5867 aditum:
1616 5826 1831 5881 semper

3419 364 3490 418 82

1890 481 2033 536 enim
2057 480 2381 551 principium
2413 488 2469 533 et
2491 472 2718 532 exordia
2747 479 2874 527 sunt
2902 466 3170 525 difficilia.
3202 465 3330 523 llaec
3358 480 3491 537 ergo

1886 574 2147 643 jaciatntts
2191 582 2463 637 taquam
2509 565 2858 623 fundamenta
2885 604 2900 629 ,
2927 570 2986 618 et
3034 558 3284 632 expedita
3329 567 3491 616 erunt

1864 666 2067 718 ‘Omuia
2110 673 2165 720 et
2210 663 2483 717 facillima.

1964 756 2284 811 l’azm'tcutiar
2325 754 2485 809 modi.
2545 752 2738 807 Rerum
2781 750 3127 803 humanarum
3172 744 3394 800 uanitas.
3418 766 3493 785 --

1891 846 2210 917 Incipiamus
2242 861 2389 916 ergo,
2421 860 2587 915 rogo;
2621 844 2758 896 alius
2785 839 3000 911 quidem
3031 838 3259 894 intensis
3288 836 3495 891 utendo

1892 940 2139 1009 precibus
2156 980 2172 1005 ,
2196 942 2332 991 alius
2364 951 2491 990 vero
2518 934 2733 989 assidue
2763 930 3131 1003 lacrymando,
3152 930 3288 984 alius
3310 938 3492 983 autem

1895 1034 2213 1089 atterendo:
2248 1048 2368 1086 naut
2402 1046 2469 1085 ne
2516 1030 2619 1084 hoc
2646 1027 2865 1098 quidem
2910 1024 3055 1096 quod
3086 1033 3169 1079 est
3198 1023 3337 1077 adeo
3365 1036 3491 1091 par.

1895 1142 2041 1188 vum,
2072 1135 2155 1180 est
2184 1126 2370 1179 inutile
2396 1141 2409 1178 :
2450 1122 2566 1176 l'idi
2589 1162 2606 1189 ,
2640 1119 2851 1191 inquit,
2880 1119 3016 1188 quod
3044 1132 3260 1171 merere
3308 1124 3382 1169 est
3410 1113 3495 1182 af-

1895 1223 2056 1290 frctus
2080 1262 2093 1283 ,
2128 1228 2173 1272 rt
2211 1217 2488 1271 ambulavit
2529 1215 2689 1269 tristis
2711 1256 2727 1279 ,
2768 1222 2815 1267 et
2842 1212 3017 1266 curavi
3061 1210 3168 1264 vias
3196 1207 3309 1277 eius
3335 1206 3491 1277 (lsai.

1896 1314 1988 1371 57.
2024 1314 2133 1383 l7).
2163 1313 2364 1367 Omnes
2391 1320 2571 1365 autem
2613 1308 2957 1377 eleemosyna
2977 1346 2992 1371 ,
3022 1312 3076 1359 et
3105 1301 3366 1372 proximis
3402 1314 3494 1355 re-

1897 1408 2162 1465 tnittcndo
2186 1415 2401 1475 peccata
2424 1446 2439 1470 ,
2473 1411 2528 1459 et
2555 1401 2768 1470 injuria:
2794 1407 3028 1468 accepta:
3056 1412 3163 1451 non
3200 1392 3497 1450 recordan-

1899 1502 1968 1555 do
1988 1542 2003 1566 ,
2034 1514 2135 1555 nec
2162 1496 2475 1554 ulciscendo
2498 1538 2513 1561 ,
2548 1495 2783 1549 humiles
2810 1501 3024 1546 nostras
3054 1488 3345 1544 reddamus
3372 1486 3497 1540 ani-

1901 1607 2037 1646 mas.
2063 1590 2116 1645 Si
2145 1589 2359 1643 assidue
2387 1588 2686 1657 Cogitemus
2714 1600 2776 1638 ca
2809 1598 2929 1654 qua:
2954 1579 3296 1651 peccavimus
3315 1618 3332 1645 ,
3358 1576 3493 1631 nihil

1897 1698 1960 1737 ex
1993 1682 2156 1737 rebus
2195 1680 2434 1736 externis
2456 1693 2555 1733 nos
2586 1676 2783 1748 poterit
2811 1674 3071 1731 extollere
3096 1689 3109 1725 :
3134 1687 3242 1727 non
3270 1671 3500 1736 divitim,

1899 1788 2006 1827 non
2041 1773 2300 1842 potentia,
2335 1785 2443 1825 non
2476 1768 2809 1839 principatus
2832 1776 2886 1822 et
2912 1765 3233 1834 imperium,
3264 1776 3373 1818 non
3400 1761 3499 1817 bo-

1902 1880 2001 1918 nor
2025 1882 2039 1929 ;
2062 1862 2155 1918 sed
2189 1863 2291 1920 ets'i
2342 1862 2395 1916 in
2438 1861 2554 1931 ipso
2586 1861 2728 1930 regis
2748 1873 2910 1914 curru
2934 1855 3240 1912 sederimus
3263 1895 3279 1920 ,
3304 1852 3503 1909 acerbe

1898 1956 2337 2027 ingemiscetnus.
2385 1952 2519 2008 Nam
2566 1952 2727 2009 etiam
2760 1950 2950 2005 beatus
2996 1947 3165 2002 David
3213 1957 3335 2003 erat
3356 1961 3451 2002 rex
3478 1986 3499 2013 ,

1900 2059 1955 2104 et
1981 2048 2225 2103 dicebat:
2267 2046 2473 2100 Lavabo
2500 2062 2591 2115 per
2618 2044 2852 2116 singulas
2880 2051 3054 2097 noctes
3096 2043 3287 2097 lectam
3331 2057 3505 2095 meum

1904 2138 2078 2209 (Ptol.
2110 2139 2165 2195 6.
2198 2139 2289 2210 ti);
2322 2154 2427 2195 nec
2473 2155 2537 2193 ex
2571 2153 2805 2209 purpura
2852 2146 2908 2192 et
2950 2152 3014 2191 ex
3046 2134 3351 2191 diademate
3400 2133 3501 2189 fuit

1908 2224 2098 2289 lmsus,
2145 2239 2245 2280 nec
2290 2225 2543 2294 superbia
2582 2227 2796 2281 elatus:
2831 2227 3039 2280 sciebat
3080 2225 3225 2280 enim
3274 2239 3334 2280 se
3384 2238 3507 2280 esse

1908 2314 2177 2371 hominem
2208 2334 2221 2369 :
2254 2326 2307 2370 et
2335 2318 2589 2385 quoniam
2619 2328 2736 2373 erat
2766 2321 3031 2375 contritus
3056 2319 3258 2385 corde,
3292 2318 3516 2373 lumen-

1910 2408 2141 2464 tahatnr.
2189 2409 2328 2477 Quid
2359 2410 2502 2464 enim
2534 2419 2661 2465 sunt
2691 2425 2780 2466 res
2804 2410 3098 2465 humanm?
3124 2410 3263 2466 cinis
3294 2418 3350 2465 et
3394 2408 3512 2479 pul-

1910 2501 1990 2555 vis
2016 2542 2028 2563 ,
2063 2511 2117 2556 et
2150 2513 2424 2571 tamquam
2452 2503 2626 2572 pulvis
2658 2513 2784 2558 ante
2814 2504 3003 2559 faciem
3032 2502 3176 2557 venti
3202 2543 3218 2568 ,
3250 2501 3429 2558 fumus
3455 2509 3510 2557 et

1910 2593 2097 2647 umbra
2117 2635 2130 2656 ,
2155 2604 2209 2647 et
2236 2592 2419 2647 folium
2466 2593 2611 2664 quod
2639 2593 3019 2649 circumfertur
3063 2603 3117 2647 et
3160 2593 3291 2659 llos,
3323 2604 3376 2649 ct
3418 2608 3514 2649 so-

1908 2687 2115 2740 mnium
2144 2695 2197 2740 et
2221 2687 2456 2740 narratio
2494 2696 2548 2741 et
2574 2686 2776 2752 fabula,
2806 2696 2997 2741 ventus
3022 2695 3079 2742 et
3107 2701 3200 2742 aer
3227 2686 3402 2741 mollis
3436 2697 3517 2740 te.

1911 2792 2060 2833 mere
2108 2777 2363 2832 difﬂuens
2392 2818 2408 2843 ,
2456 2792 2638 2847 penna
2694 2793 2800 2831 non
2853 2778 3159 2832 consistens
3191 2817 3206 2843 ,
3250 2776 3516 2833 ﬂuentum

1909 2882 2341 2942 prtclcrcurretts
2361 2913 2377 2938 ,
2411 2880 2463 2925 et
2492 2885 2613 2940 qua:
2638 2880 2766 2925 sunt
2790 2886 2953 2941 quam
2984 2872 3099 2925 lucc
3127 2871 3296 2941 magis
3336 2870 3513 2925 nihili.

1910 2961 2047 3027 Quid
2083 2963 2226 3016 enim
2248 3005 2262 3027 ,
2296 2961 2383 3016 die
2411 2976 2597 3031 quaeso
2626 3002 2641 3027 ,
2672 2975 2927 3033 magnum
2972 2960 3293 3015 existimas?
3322 2977 3516 3031 quam-
3591 3016 3593 3018 .

1910 3070 2072 3122 quam
2128 3064 2286 3124 putas
2343 3070 2593 3125 magnam
2640 3070 2763 3110 esse
2821 3055 3182 3125 dignitatem?
3228 3056 3517 3111 consulis?

1914 3161 2035 3199 nam
2068 3144 2167 3200 hac
2193 3147 2453 3216 dignitate
2495 3147 2699 3201 nullam
2730 3147 3003 3202 existimat
3036 3149 3226 3218 vulgus
3254 3164 3376 3205 esse
3403 3165 3517 3204 mtt-

1905 3238 2103 3306 jorem.
2132 3239 2209 3291 Eo
2240 3254 2371 3309 ergo
2410 3240 2499 3307 qui
2530 3247 2677 3293 tanto
2708 3236 2803 3294 fuit
2846 3238 3139 3309 splendore
3162 3283 3177 3308 ,
3208 3240 3299 3309 qui
3331 3240 3426 3295 fuit
3463 3242 3515 3297 in

1911 3346 2105 3399 magna
2146 3330 2357 3385 habitus
2396 3331 2791 3399 admiratione,
2828 3332 2875 3387 is
2913 3314 3001 3401 qui
3035 3349 3141 3387 non
3171 3343 3253 3388 est
3282 3335 3469 3389 consul
3497 3377 3512 3398 ,

1913 3424 2045 3477 nihil
2076 3423 2240 3478 habet
2270 3424 2447 3479 minus
2476 3443 2489 3478 :
2521 3437 2574 3479 ct
2604 3425 2693 3480 hic
2718 3435 2772 3481 et
2801 3427 2889 3481 ille
2920 3438 3004 3482 est
3036 3428 3087 3481 in
3115 3428 3305 3484 eadem
3342 3429 3518 3500 digni-

1914 3526 2020 3571 tate
2048 3535 2060 3571 :
2091 3518 2337 3572 similiter
2361 3517 2575 3587 utrique
2612 3519 2772 3587 paulo
2801 3529 2918 3589 post
2946 3535 3053 3574 non
3085 3531 3266 3575 erunt.
3290 3521 3521 3589 Quando

1912 3608 2007 3663 fuit
2040 3653 2054 3677 ,
2101 3621 2303 3679 quanto
2335 3621 2579 3679 tempore
2605 3652 2619 3676 ,
2669 3610 2757 3665 die
2802 3611 2972 3665 mihi?
3002 3611 3233 3668 duorum
3263 3613 3471 3668 dierum
3495 3615 3520 3667 ?

1915 3700 2019 3755 hoc
2044 3702 2205 3756 etiam
2242 3701 2299 3754 lit
2332 3702 2382 3754 in
2410 3701 2637 3756 somnis.
2667 3700 2774 3757 Sed
2814 3711 2937 3769 est,
2971 3702 3145 3773 inquit
3174 3745 3188 3770 ,
3221 3707 3515 3760 somnium.

1914 3794 1983 3849 Et
2011 3794 2137 3864 quid
2178 3794 2327 3847 tum?
2353 3794 2494 3864 quod
2524 3794 2669 3849 enim
2716 3793 2775 3849 lit
2829 3795 3101 3860 interdiu,
3144 3811 3251 3850 non
3293 3805 3377 3852 est
3425 3812 3524 3852 so.

1914 3886 2120 3940 mnium
2145 3886 2167 3936 ’ἒ
2207 3886 2294 3939 dic
2325 3885 2454 3940 mihi
2504 3901 2600 3941 cur
2629 3900 2736 3941 non
2792 3886 2907 3942 hzcc
2949 3888 3119 3958 magis
3173 3888 3403 3944 dicimus
3432 3904 3522 3944 so-

1913 3981 2116 4034 mnium
2146 3979 2168 4031 ?
2200 3978 2271 4034 Ut
2296 3981 2441 4033 enim
2470 3980 2703 4046 somnia,
2733 3996 2856 4035 cum
2889 3982 3008 4037 dies
3037 3984 3351 4048 accesserit,
3386 3984 3519 4038 nihil

1916 4087 2036 4128 esse
2062 4074 2496 4128 convincuntur:
2531 4075 2603 4127 ita
2636 4084 2691 4128 et
2722 4074 2836 4130 hcce
2872 4084 3029 4130 nocte
3058 4085 3349 4146 appetente
3385 4076 3520 4132 nihil

1915 4174 2078 4219 sunt:
2113 4166 2447 4220 tantumdem
2480 4167 2625 4222 enim
2660 4167 2919 4235 temporis
2947 4176 3003 4223 et
3045 4182 3149 4223 nox
3192 4176 3248 4223 et
3276 4168 3396 4224 dies
3425 4184 3520 4223 ae-

1916 4258 2160 4327 cipiunt,
2208 4270 2262 4311 et
2314 4268 2485 4313 totum
2520 4268 2733 4329 tempus
2762 4276 2827 4314 ex
2860 4274 3017 4328 :equo
3046 4259 3311 4314 dividunt.
3369 4260 3522 4316 Sicut

1917 4368 2045 4423 ergo
2074 4353 2138 4407 iis
2170 4368 2289 4423 quae
2325 4361 2485 4407 noctu
2516 4352 2653 4407 facta
2688 4362 2815 4407 sunt
2856 4369 2963 4407 non
2990 4353 3206 4408 Iretatur
3235 4354 3521 4425 quisquam

1920 4444 2191 4497 interdiu:
2228 4447 2295 4497 ita
2349 4460 2449 4499 nec
2495 4445 2610 4499 lieri
2656 4454 2832 4513 potest
2880 4454 2937 4499 ιιι
2986 4460 3149 4499 noetu
3198 4444 3403 4500 fruatur
3458 4448 3523 4502 iis

1920 4551 2037 4601 qua:
2078 4534 2310 4588 interdiu
2345 4534 2480 4589 facta
2513 4545 2655 4588 sunt.
2693 4535 2863 4589 Fuisti
2897 4536 3126 4590 consul?
3171 4545 3224 4590 et
3253 4551 3354 4607 ego
3383 4553 3521 4607 quo-

1918 4641 2045 4693 que.
2095 4626 2199 4679 Sed
2243 4642 2343 4695 ego
2378 4635 2576 4690 noctu,
2626 4637 2680 4680 et
2713 4636 2767 4681 ιιι
2817 4627 3072 4681 interdiu.
3107 4627 3244 4695 Quid
3278 4629 3427 4682 tum?
3456 4645 3523 4682 ne

1920 4718 1995 4771 sic
2022 4718 2237 4787 quidem
2269 4719 2385 4787 plus
2412 4718 2577 4772 habes
2606 4734 2765 4788 quam
2797 4734 2918 4787 ego.
2953 4718 3065 4773 Nisi
3101 4718 3239 4773 forte
3268 4719 3409 4774 hunc
3435 4721 3519 4775 vel

1924 4810 2070 4861 illum
2119 4809 2222 4862 dici
2277 4812 2595 4871 consulem,
2649 4825 2768 4863 eam
2821 4826 2943 4879 qua:
2995 4826 3062 4865 ex
3118 4811 3299 4865 verbis
3350 4811 3523 4867 oritur

1921 4916 2115 4969 capere
2161 4901 2514 4969 voluptatem,
2547 4901 2670 4972 plus
2716 4901 2915 4957 habere
2946 4901 3110 4956 eflicil
3148 4921 3160 4957 :
3194 4912 3251 4956 ιιι
3288 4905 3523 4973 exempli

1921 5008 2121 5058 causa,
2158 4993 2205 5048 id
2240 4994 2385 5047 enim
2410 4992 2585 5047 dicam
2616 4996 2854 5062 apertius
2877 5034 2891 5056 ,
2942 4996 2986 5048 si
3032 4994 3255 5050 dixero:
3296 4995 3391 5051 llic
3437 4998 3523 5052 vel

1926 5085 2011 5136 ille
2044 5086 2268 5151 consul,
2302 5094 2357 5139 et
2401 5084 2678 5139 donavero
2711 5085 2811 5140 hoc
2853 5102 3048 5142 nomen
3072 5128 3087 5153 ,
3134 5104 3314 5142 annon
3364 5090 3524 5143 simul

1924 5175 2128 5229 dctum
2152 5184 2233 5228 est
2260 5184 2313 5230 et
2348 5176 2519 5231 abiit?
2562 5178 2634 5232 Ita
2670 5194 2756 5233 res
2784 5194 2998 5248 quoque
3036 5196 3049 5231 :
3083 5180 3241 5234 simul
3279 5182 3525 5248 apparuit

1928 5261 2130 5324 consul,
2160 5270 2214 5315 et
2246 5278 2349 5316 non
2380 5272 2466 5320 est
2494 5265 2746 5334 amplius.
2780 5264 3052 5321 Ponamus
3078 5279 3258 5323 autem
3285 5284 3485 5324 annum
3506 5311 3522 5334 ,

1927 5362 1976 5404 et
2008 5351 2142 5407 aluos
2169 5368 2339 5408 annos
2364 5365 2417 5409 et
2441 5366 2549 5411 tres
2580 5367 2630 5410 et
2660 5366 2894 5427 quatuor
2920 5378 2931 5412 :
2958 5359 3045 5413 ubi
3070 5369 3196 5414 sunt
3225 5361 3312 5431 qui
3336 5362 3524 5417 decetn

1921 5457 2091 5498 annos
2124 5443 2339 5501 fuerunt
2368 5449 2664 5505 consules?
2689 5449 2989 5520 Nusquam.
3017 5452 3123 5508 Sed
3152 5470 3258 5507 non
3282 5455 3359 5509 sic
3390 5456 3529 5510 Pau-

1922 5535 2001 5588 lus
2022 5556 2034 5588 :
2056 5552 2179 5591 nam
2205 5537 2627 5609 fuitsplentlidus
2653 5553 2761 5597 tum
2795 5542 3006 5609 vivens,
3034 5559 3140 5599 non
3166 5562 3329 5600 unum
3353 5547 3522 5615 diem,

1920 5643 2019 5683 nec
2060 5629 2197 5684 duos
2218 5672 2232 5693 ,
2265 5648 2437 5699 neque
2470 5633 2657 5688 decem
2679 5675 2693 5699 ,
2735 5650 2843 5689 non
2875 5636 3057 5705 viginti
3081 5680 3095 5701 ,
3123 5653 3224 5691 nec
3257 5641 3471 5709 triginta
3504 5683 3521 5706 ,

1920 5737 2088 5791 neque
2116 5739 2284 5776 annos
2316 5725 2523 5787 decem,
2558 5742 2653 5781 nec
2686 5728 2893 5797 viginti,
2923 5744 3019 5782 nec
3049 5730 3297 5797 triginta;
3332 5732 3425 5786 sed
3468 5742 3522 5787 et

1918 5825 1997 5867 (‘5‘.
2032 5825 2306 5883 mortuus,
2342 5829 2393 5873 et
2421 5819 2982 5890 quadringentesimus
3023 5837 3193 5875 annus
3222 5823 3331 5891 jam
3378 5839 3516 5893 pra:-
