4112 6344
633 348 701 406 83
1423 348 1479 401 S.
1521 344 1787 403 JOANNIS
1823 338 2292 399 CHRYSOSTOMI
2333 334 2641 392 ARClllEP.
2683 327 3210 388 CONSTANTINOP.
3778 327 3847 388 st

610 449 749 500 iet-iit
775 448 851 516 (α)
872 488 885 512 ,
920 458 971 503 ct
1002 448 1174 504 adhuc
1202 464 1339 503 nunc
1365 457 1447 503 Cal
1474 450 1691 510 clarior,
1720 458 1769 501 et
1796 450 1965 502 multo
1988 451 2182 503 clarior

604 552 763 605 quam
792 536 1005 605 quando
1035 536 1263 590 vivebat.
1296 534 1361 589 Et
1391 533 1506 587 haec
1525 533 1741 602 quidem
1771 533 1985 586 interra
2012 548 2025 583 :
2052 546 2179 585 san-

604 636 812 679 ctorum
846 636 1020 680 autem
1054 626 1373 689 claritatem,
1402 639 1522 693 qua:
1540 632 1622 678 est
1648 625 1699 677 in
1732 622 1901 688 cadis,
1933 635 2177 691 qua‘nam

604 717 883 783 explicarit
902 715 1113 770 oratio?
1138 714 1515 781 Quamobrem,
1540 729 1688 784 rogo,
1716 713 1852 768 hanc
1875 726 2177 782 quatramus

666 980 738 1042 (ιι)
762 978 904 1042 Srepe
926 966 1533 1042 vidimus
1556 955 1605 1003 in
1635 955 1910 1011 tetnporum
1934 943 2180 1000 computa-

606 1035 738 1091 tione
762 1035 856 1088 non
882 1039 945 1085 ita
969 1036 1242 1083 accuratum
1267 1035 1396 1074 esse.

716 1192 1974 1225 ”“—-——-W—_M

614 1420 738 1475 CAP.
771 1415 823 1470 6.
866 1430 917 1466 v.
948 1409 1001 1463 7.
1046 1403 1203 1461 Terra
1229 1402 1362 1457 enim
1387 1413 1519 1466 stupe
1546 1393 1821 1449 venientem
1848 1403 1998 1457 super
2021 1402 2073 1439 se
2100 1384 2179 1437 bi-

684 1511 802 1563 bens
828 1503 1033 1559 imbrem
1057 1542 1072 1566 ,
1096 1507 1141 1551 et
1170 1494 1458 1563 germinans
1484 1486 1689 1541 herbam
1714 1490 2051 1552 opportunam
2079 1477 2183 1529 illis

684 1619 715 1654 a
735 1599 910 1672 quibus
931 1594 1132 1654 colitur,
1152 1589 1262 1642 acci
1268 1586 1340 1655 pit
1365 1579 1762 1637 benedictionem
1789 1590 1819 1626 a
1842 1571 1974 1635 Deo;
1995 1570 2047 1625 8.
2070 1585 2187 1638 pro—

688 1666 852 1762 ferens
880 1698 1047 1742 autent
1077 1683 1249 1753 spinas
1275 1688 1319 1732 et
1363 1673 1594 1734 tribulos,
1624 1666 1842 1735 reprobo
1867 1673 1941 1717 est
1988 1670 2031 1715 et
2076 1676 2185 1713 ma-

686 1787 867 1840 ledicto
922 1778 1154 1851 proxima
1196 1789 1213 1827 :
1258 1772 1403 1840 cujus
1457 1760 1825 1820 consummatio
1880 1755 1934 1810 in
1984 1752 2185 1808 comba-

686 1879 918 1931 stionem.

696 1972 747 2022 1.
796 1966 867 2033 ia)
898 1964 1027 2019 Cum
1057 1961 1244 2012 timore
1272 1951 1547 2007 audiamus
1573 1942 1669 2001 Dei
1696 1938 1903 2011 eloquia
1930 1954 1944 2003 ;
1978 1951 2096 1991 cum
2128 1932 2191 1987 ti-

626 2075 774 2117 more
795 2069 845 2113 et
874 2056 1038 2109 multo
1062 2063 1292 2106 tremore
1319 2067 1330 2098 :
1356 2042 1551 2099 Set-vite
1570 2039 1730 2101 enim,
1760 2036 1949 2103 inquit,
1976 2026 2192 2083 Domino

619 2155 671 2206 in
702 2153 894 2210 timore,
920 2157 963 2199 et
993 2142 1238 2198 exsultate
1277 2138 1323 2191 ei
1366 2151 1479 2188 cum
1524 2141 1737 2184 tremore
1781 2123 1951 2194 (Paul.
1980 2122 2035 2175 2.
2071 2117 2183 2189 ll).

624 2244 680 2298 Si
723 2253 897 2296 autem
942 2248 995 2289 et
1035 2232 1281 2303 gaudium
1314 2236 1557 2282 nostrum
1586 2231 1639 2276 ct
1680 2217 1967 2273 exsultatio
2010 2222 2193 2267 nostra

629 2334 789 2387 debet
830 2344 947 2383 esse
976 2343 1095 2382 cum
1129 2334 1361 2377 tremore
1396 2335 1408 2368 :
1449 2312 1662 2385 quando
1690 2310 1848 2365 etiam
1878 2322 1937 2362 ea
1967 2320 2084 2374 qua:
2112 2303 2192 2355 di-

625 2432 818 2478 cuntur
858 2426 976 2474 sunt
1027 2410 1281 2468 terribilia
1309 2450 1323 2475 ,
1364 2416 1423 2461 ut
1466 2418 1642 2466 nunc,
1672 2414 1778 2469 quo
1804 2396 2061 2465 supplicio
2093 2409 2194 2445 non

626 2527 811 2570 sumus
838 2508 1015 2578 digni,
1044 2506 1087 2560 si
1117 2520 1176 2559 ea
1206 2516 1325 2571 qua:
1354 2498 1601 2552 dicuntur
1629 2507 1733 2545 non
1765 2486 2048 2542 audiamus
2074 2497 2192 2537 cum

630 2600 897 2660 treuiore?
926 2600 1055 2653 Cum
1103 2594 1333 2648 dixisset
1374 2587 1486 2643 fieri
1530 2600 1634 2639 non
1679 2595 1837 2651 posse
1866 2586 1921 2631 ut
1947 2576 2033 2645 qui
2066 2572 2200 2641 lapsi

631 2698 985 2771 sopt.iternm
1036 2689 1385 2756 baptizentnr,
1416 2690 1468 2735 et
1496 2676 1869 2733 remissionem
1898 2686 1991 2739 per
2016 2666 2188 2734 βψω-

635 2758 804 2841 sinum
834 2785 1009 2837 denuo
1036 2777 1329 2846 accipiant,
1368 2780 1422 2825 et
1466 2765 1789 2823 ostendisset
1827 2775 1982 2830 quam
2029 2758 2070 2811 si
2116 2770 2201 2809 res

637 2878 918 2935 horrenda,
943 2870 1211 2940 subiungit
1237 2887 1249 2921 :
1276 2864 1431 2919 Terra
1453 2860 1582 2940 enim
1605 2875 1738 2927 stupe
1757 2854 2031 2910 venientem
2053 2865 2202 2915 super

638 2990 689 3024 se
707 2970 873 3021 bibens
898 2965 1122 3023 imbrem,
1149 2970 1192 3013 et
1211 2957 1495 3028 germinans
1517 2932 1719 3004 Iierbam
1742 2952 2078 3015 opportunam
2102 2938 2205 2991 illis

641 3081 727 3133 per
750 3076 873 3131 quos
902 3058 1105 3115 colitur,
1138 3050 1320 3119 accipit
1352 3042 1743 3101 benedictionem
1782 3055 1814 3090 a
1860 3034 2003 3098 Deo;
2045 3033 2215 3100 profe-

640 3123 949 3209 rens-autem
977 3149 1147 3217 spinas
1178 3152 1221 3197 et
1248 3139 1456 3195 tribulos
1483 3134 1695 3205 reprobo
1726 3140 1831 3193 est,
1862 3137 1907 3181 et
1950 3123 2215 3177 maledicto

645 3244 873 3313 proxima
898 3258 914 3292 :
938 3239 1079 3307 cujus
1106 3230 1466 3289 consummatio
1486 3229 1537 3281 in
1565 3222 1975 3279 combustionem.
2006 3211 2218 3269 Timea-

645 3350 764 3390 mus
789 3347 914 3401 ergo
936 3372 951 3393 ,
980 3346 1012 3382 ο
1043 3324 1261 3381 dilecti:
1293 3337 1401 3376 non
1430 3328 1554 3374 sunt
1590 3314 1737 3371 Pauli
1771 3312 1853 3365 lue
1885 3308 2043 3363 mina:
2067 3347 2080 3370 ,
2112 3318 2217 3357 non

649 3519 738 3583 sti,
772 3516 858 3584 qui
889 3515 939 3567 in
970 3513 1087 3581 ipso
1115 3506 1369 3577 loquitur.
1423 3502 1588 3556 Estne
1613 3512 1741 3567 ergo
1768 3491 1960 3562 aliquis
1993 3486 2221 3542 mundus

653 3581 835 3662 abhis
866 3600 1071 3672 spinis?
1098 3596 1250 3665 Quod
1282 3598 1325 3650 si
1355 3593 1516 3648 etiam
1546 3600 1790 3643 essemus
1818 3581 2022 3641 mundi,
2053 3593 2119 3632 ne
2148 3581 2224 3629 sic

648 3691 859 3764 quidem
886 3684 1154 3743 conﬁdere
1175 3684 1441 3749 Oporteret
1460 3716 1476 3739 ,
1507 3672 1600 3728 sed
1630 3673 1815 3725 timere
1841 3677 1893 3722 et
1929 3677 2161 3719 tremere
2179 3703 2194 3727 ,

649 3753 720 3839 ne
746 3781 797 3836 in
824 3776 976 3833 nobis
1000 3773 1305 3845 germinent.
1324 3767 1489 3835 spina:
1513 3781 1526 3815 :
1559 3776 1678 3817 cum
1722 3767 1896 3813 autem
1929 3756 2020 3809 toti
2047 3753 2201 3823 peni-

651 3885 735 3929 tus
781 3872 943 3926 simus
989 3866 1152 3935 spina:
1195 3871 1249 3915 et
1293 3854 1469 3911 tribuli
1489 3851 1836 3919 ,undenam,
1863 3847 1947 3901 dic
1991 3857 2200 3914 quaeso,

656 3961 999 4022 confidimus,
1026 3965 1079 4010 et
1112 3951 1283 4021 supini
1328 3947 1603 4018 ignavique
1632 3939 1940 3997 reddimur‘!
1970 3935 2092 4006 quid
2121 3940 2205 3989 est

656 4053 794 4123 quod
828 4066 920 4104 uos
951 4046 1073 4101 facit
1101 4046 1315 4112 ignavos
1342 4048 1394 4091 et
1422 4034 1708 4090 socordes?
1733 4031 1786 4085 Si
1814 4031 1857 4084 is
1883 4030 1968 4098 qui
1994 4026 2205 4081 videtur

655 4156 815 4202 stare,
840 4139 997 4194 debet
1021 4137 1203 4189 timere
1225 4147 1290 4185 ne
1310 4128 1462 4183 cadat
1487 4145 1499 4179 ι
1528 4142 1645 4180 nam
1668 4125 1751 4190 qui
1776 4122 1990 4184 videtur,
2011 4118 2201 4187 inquit,

658 4244 807 4293 stare,
841 4226 999 4282 rideat
1045 4242 1104 4277 ne
1142 4221 1286 4273 cadat
1332 4220 1405 4287 (1.
1429 4215 1546 4271 Cor.
1576 4216 1660 4269 l0.
1688 4213 1772 4282 l9)
1806 4231 1816 4263 :
1851 4212 1939 4280 qui
1973 4209 2202 4273 cecidit,

661 4339 817 4392 quam
862 4319 1018 4373 debet
1059 4329 1179 4369 esse
1226 4311 1482 4365 sollicitus
1510 4317 1565 4359 ut
1594 4303 1871 4371 resurgat?
1914 4302 1967 4355 Si
2010 4298 2204 4353 Paulus

663 4391 810 4469 timet
836 4428 901 4465 ne
930 4423 1047 4463 cum
1080 4406 1198 4459 aliis
1230 4399 1623 4471 pr:edicaverit,
1660 4396 1769 4463 ipse
1817 4394 1905 4446 fiat
1945 4391 2206 4460 reprobus

660 4504 868 4571 (LCor.
895 4500 947 4553 9.
973 4497 1087 4566 ‘27),
1112 4496 1198 4565 qui
1223 4502 1303 4548 est
1330 4491 1460 4545 adeo
1491 4489 1688 4557 probus
1714 4505 1725 4539 :
1754 4500 1849 4539 nos
1878 4485 1964 4553 qui
1991 4480 2098 4550 jam
2129 4482 2208 4536 fa-

663 4599 730 4652 cti
777 4608 956 4648 sumus
1000 4588 1207 4656 reprobi
1231 4626 1242 4648 ,
1276 4597 1553 4652 quamnam
1583 4591 1928 4647 assequemur
1962 4576 2165 4629 veniam
2189 4613 2204 4636 ,

664 4704 779 4743 Cum
828 4683 957 4737 nihil
996 4681 1291 4738 timeamus,
1321 4674 1409 4726 sed
1458 4680 1723 4737 tamquam
1770 4665 2205 4720 consuetudinem

659 4772 1119 4832 Christianismum
1163 4765 1508 4833 impleamus,
1542 4766 1596 4813 ct
1624 4772 1687 4811 co
1729 4758 1913 4811 leviter
1951 4755 2206 4823 dcfunga-

662 4867 808 4923 mur?
838 4863 1139 4919 Timeamus
1171 4872 1326 4925 ergo,
1356 4870 1387 4906 ο
1431 4853 1639 4915 dilecti;
1673 4851 1941 4905 Revelatur
1970 4851 2099 4901 enim
2130 4849 2208 4900 ira

664 4961 757 5015 Dei
785 4959 844 5009 de
872 4956 991 5008 cmlo
1016 4948 1186 5021 (Rom.
1214 4951 1264 5001 l.
1292 4946 1373 5009 l8)
1404 4964 1415 4997 :
1443 4946 1749 5005 timeamus;
1780 4941 2040 4997 revelatur
2068 4942 2207 4994 enim

662 5066 762 5105 non
793 5047 961 5101 solum
992 5042 1244 5095 adversus
1274 5037 1615 5104 impietatem,
1647 5033 1738 5086 sed
1771 5034 1927 5087 etiam
1952 5031 2207 5085 adversus

662 5153 869 5190 onmem
892 5133 1238 5201 iniquitatem,
1264 5135 1319 5181 et
1347 5140 1558 5193 parvam
1586 5132 1639 5177 et
1668 5138 1927 5192 magnam.
1962 5122 2057 5175 Hic
2084 5121 2208 5175 sub-

663 5230 857 5284 indicat
887 5226 975 5279 Dei
1010 5220 1382 5289 benignitatem
1405 5227 1456 5268 et
1478 5214 1826 5268 clementiam.
1853 5214 2077 5267 lmbrem
2109 5228 2208 5267 au-

663 5332 765 5373 lt‘m
796 5316 919 5370 dicit
946 5313 1270 5372 doctrinam;
1304 5318 1355 5361 et
1381 5305 1517 5376 quod
1549 5305 1791 5370 superius
1814 5303 2021 5356 dicebat
2041 5346 2055 5367 ,
2087 5304 2209 5356 Cum

661 5409 897 5463 deberetis
928 5420 1029 5458 esse
1058 5401 1277 5469 magistri
1319 5407 1516 5465 propter
1556 5411 1778 5463 tempus,
1812 5395 1858 5447 id
1891 5394 1974 5446 hic
2004 5408 2212 5462 quoque

662 5503 805 5556 dicit.
866 5501 929 5551 Et
971 5494 1149 5549 multis
1194 5492 1244 5544 in
1290 5489 1417 5542 locis
1447 5488 1722 5554 Scriptura
1753 5486 2046 5538 doctrinam
2078 5484 2205 5538 dicit

682 5698 713 5710 ἱ
732 5631 803 5710 ςρ)
824 5627 1266 5710 Ῑῃξιὶίξῖἒξξρςςιλε
1281 5629 1982 5710 lifeAbonuliadecimaincipit
2005 5647 2114 5695 pag.
2134 5635 2242 5684 79b.

668 5691 795 5763 ςτυιι).
812 5705 957 5763 vero,
984 5692 1430 5763 ouiigsisoumi‘lms,
1458 5692 1699 5741 lunniltun
1724 5695 1888 5755 incipit
1912 5691 1938 5744 ξι
1964 5691 2128 5744 morali
2157 5710 2243 5745 ex-

669 5754 935 5802 hortatione
961 5766 1067 5815 qum
1095 5753 1280 5800 initium
1308 5752 1453 5801 habet
1476 5760 1525 5799 Ν.
1554 5755 1597 5800 4.

1978 1188 2393 1301 “insita
2434 1234 2519 1294 x.

2273 450 2569 505 claritatem
2589 487 2603 509 ,
2632 444 2770 498 hanc
2800 455 3202 511 persequamur,
3238 445 3294 490 ut
3319 447 3707 503 assequamur:
3738 430 3855 484 lu-e

2274 543 2418 597 enim
2456 549 2538 594 est
2564 554 2681 608 qua:
2713 546 2795 591 est
2825 549 2951 589 vere
2978 532 3213 586 claritas.
3244 526 3483 584 Tandem
3510 525 3854 580 discedat-ius

2275 634 2431 687 abiis
2461 647 2580 702 qua:
2621 629 2689 684 ad
2726 629 2865 682 hanc
2892 628 3052 678 vitam
3083 624 3353 694 pertinent
3391 637 3404 673 :
3436 627 3492 673 ut
3521 617 3855 671 inveniamus

2276 728 2498 799 gratiam
2548 732 2603 779 et
2654 718 3077 776 miscricordiam
3117 716 3168 769 in
3205 714 3419 770 Christo
3460 711 3587 765 Jesu
3630 708 3857 762 Domino

2277 798 2483 882 nostro,
2512 829 2633 870 cum
2656 826 2762 882 quo
2784 810 2926 865 Patri
2950 822 3053 862 una
3081 821 3200 861 cum
3225 811 3412 860 sancto
3439 801 3636 871 Spiritu
3660 798 3856 869 gloria,

2279 906 2562 978 imperium
2584 944 2599 970 ,
2632 903 2804 957 honor
2830 909 2886 955 et
2915 896 3177 961 adoratio,
3208 908 3351 949 nunc
3377 902 3432 949 et
3456 905 3690 961 semper,
3722 900 3774 941 et
3805 890 3857 939 iu

2277 998 2475 1056 saecula
2501 994 2843 1051 saaculorum.
2878 993 3072 1046 Amen.

3063 1152 3863 1177 ,__..___._————-—-—_.

2774 1172 3046 1183 ..___.___.————-

2300 1392 2521 1450 imbrem
2548 1414 2560 1449 :
2585 1389 2840 1445 laudabo
2867 1389 3007 1445 enim
3027 1431 3043 1456 ,
3070 1390 3258 1459 inquit,
3293 1384 3501 1444 nubibus
3528 1408 3589 1447 ne
3613 1396 3665 1447 in
3692 1391 3856 1463 ipsum

2300 1486 2474 1557 pluunt
2498 1486 2703 1540 imbrem
2732 1482 2881 1553 (lsai.
2904 1482 2959 1537 5.
2994 1478 3066 1553 6)
3088 1522 3102 1543 ,
3134 1479 3355 1550 loquens
3386 1480 3451 1537 de
3484 1483 3637 1539 vinea
3671 1503 3683 1538 :
3714 1485 3857 1555 ψιυὰ

2296 1579 2505 1648 quidem
2535 1572 2660 1631 alibi
2689 1583 2840 1629 vocat
2857 1574 3055 1641 ﬁamem
3086 1572 3238 1641 panis
3258 1582 3312 1626 et
3334 1574 3473 1628 sitim
3502 1590 3652 1645 aqua:
3677 1576 3855 1649 (Amos

2296 1672 2348 1726 8.
2384 1672 2439 1723 ll
2467 1670 2504 1737 ).
2550 1666 2618 1723 Et
2664 1668 2851 1721 iterum
2886 1684 2897 1718 :
2938 1663 3150 1719 Flavius
3196 1662 3292 1717 Dei
3334 1665 3552 1733 repletus
3598 1678 3669 1721 est
3712 1672 3857 1736 aquis

2300 1756 2466 1829 (Psal.
2494 1759 2579 1813 6i.
2609 1756 2716 1826 l0).
2750 1755 2903 1809 Terra
2927 1757 3079 1817 enim,
3110 1755 3294 1823 inquit,
3319 1770 3451 1822 saepe
3480 1757 3746 1810 veniente»:
3771 1776 3857 1810 su-

2296 1867 2382 1919 per
2422 1865 2474 1902 se
2518 1847 2685 1901 bibens
2723 1846 2949 1900 imbrem.
2996 1846 3092 1899 llic
3118 1845 3348 1900 ostendit
3377 1846 3516 1916 quod
3548 1857 3603 1901 et
3632 1853 3853 1904 verbum

2292 1942 2593 2011 acceperint
2613 1983 2625 2002 ,
2658 1950 2711 1995 et
2740 1936 2895 1993 simul
2924 1938 3157 1993 biberint
3187 1979 3201 2004 ,
3227 1946 3281 1992 et
3311 1938 3361 1992 id
3393 1953 3534 2008 sarpe
3564 1940 3673 1995 sint
3699 1958 3853 1997 asse~

2291 2029 2458 2103 quuti,
2484 2046 2579 2086 nec
2607 2026 2658 2084 id
2688 2040 2858 2084 tamen
2882 2031 2959 2084 eis
2986 2027 3262 2098 profuerit.
3285 2023 3338 2084 Si
3363 2029 3630 2099 agricolae,
3656 2032 3851 2102 inquit,

2291 2138 2449 2192 opera
2483 2137 2584 2175 non
2616 2119 2806 2175 fuisses
2834 2119 3021 2183 cultus,
3063 2120 3106 2172 si
3140 2119 3396 2174 imbribus
3425 2136 3528 2174 non
3558 2136 3706 2177 esses
3736 2123 3857 2176 irri-

2290 2226 2473 2284 gaius,
2507 2231 2608 2268 non
2637 2225 2779 2268 esset
2804 2222 3002 2267 tantum
3042 2213 3235 2265 malum
3269 2230 3280 2264 :
3310 2228 3431 2265 nam
3458 2213 3519 2268 Si
3558 2230 3657 2266 non
3684 2218 3820 2268 venis
3839 2246 3854 2256 ο

2298 2317 2420 2361 seut,
2452 2302 2641 2369 inquit,
2674 2311 2718 2351 et
2745 2300 2812 2351 eis
2841 2316 2937 2350 non
2961 2300 3163 2367 fuissem
3193 2299 3443 2364 loquutus,
3477 2306 3729 2365 peccatum
3763 2311 3864 2344 non

2300 2392 2582 2445 habuissent
2622 2389 2801 2459 (Joan.
2850 2390 2935 2444 l5.
2980 2388 3053 2442 9.2
3075 2387 3094 2459 )
3119 2406 3131 2439 :
3162 2388 3203 2441 si
3231 2398 3406 2442 autem
3435 2400 3576 2455 sape
3605 2385 3782 2440 bibisti
3810 2393 3866 2437 et

2300 2482 2552 2551 accepisti
2579 2524 2591 2545 ,
2621 2496 2715 2534 cur
2759 2494 2850 2547 pro
2878 2478 3136 2532 fructibus
3164 2478 3268 2531 alia
3299 2476 3627 2546 produxisti?
3666 2474 3865 2541 Exspe-

2296 2573 2446 2636 ctavi,
2476 2572 2664 2640 inquit,
2690 2580 2741 2622 ut
2772 2574 2956 2639 faceret
2984 2584 3151 2629 uvam,
3182 2569 3297 2635 fecit
3321 2578 3485 2620 autem
3509 2566 3681 2632 spinas
3708 2559 3759 2634 (1
3768 2565 3865 2618 sai.

2300 2662 2351 2716 6.
2378 2663 2457 2728 9.).
2490 2662 2647 2715 Vides
2668 2661 2805 2729 quod
2837 2660 3108 2729 Scriptura
3134 2658 3328 2726 ubique
3353 2656 3533 2726 spinas
3562 2665 3714 2709 vocat
3744 2669 3870 2727 per.-

2302 2752 2455 2807 cata?
2484 2752 2612 2805 Nam
2637 2762 2688 2805 et
2714 2750 2873 2804 David
2898 2750 3023 2803 dicit
3052 2767 3065 2802 :
3094 2748 3366 2802 Conversus
3387 2764 3495 2801 sum
3516 2747 3566 2799 in
3586 2720 3867 2800 (erumnam

2300 2842 2421 2896 dum
2437 2841 2557 2895 mihi
2580 2842 2738 2908 inﬁxa
2755 2850 2825 2892 est
2838 2840 2983 2907 spina
3001 2836 3171 2908 (Psal.
3187 2837 3247 2891 51
3263 2876 3276 2890 .
3294 2837 3371 2905 4).
3396 2836 3509 2890 Νοη
3534 2835 3703 2889 solum
3722 2835 3867 2887 enim

2304 2935 2617 3005 ingreditur,
2651 2932 2742 2988 sed
2771 2932 2931 2989 etiam
2960 2929 3197 2999 inligitur
3226 2946 3239 2981 :
3270 2936 3324 2982 et
3349 2928 3392 2982 si
3420 2941 3606 2996 parum
3633 2924 3747 2994 ejus
3781 2941 3868 2978 re-

2305 3037 2548 3090 maneat,
2577 3036 2623 3079 ct
2673 3043 2774 3079 non
2821 3036 2987 3081 totum
3034 3024 3208 3095 ipsum
3255 3019 3645 3080 exemerimus,
3681 3031 3865 3083 parum

2307 3118 2432 3171 illud
2463 3134 2609 3187 atque
2641 3118 2797 3173 infert
2840 3119 3078 3172 dolorem
3101 3159 3115 3181 ,
3156 3117 3316 3185 atque
3344 3110 3399 3163 in
3423 3109 3593 3177 spina.
3642 3108 3704 3162 Et
3740 3108 3865 3175 quid

2308 3208 2425 3262 dico
2444 3210 2610 3276 ipsum
2636 3210 2854 3276 parum?
2876 3212 3037 3262 etiam
3063 3217 3338 3276 pOSIquam
3364 3202 3518 3259 fuerit
3543 3208 3865 3266 exemptum,

2308 3302 2396 3355 diu
2429 3301 2661 3354 immittit
2690 3300 2854 3370 plagze
2873 3300 3143 3353 dolorem:
3166 3298 3391 3365 ideoque
3412 3297 3575 3350 multa
3603 3288 3868 3349 medicina

2170 3396 2217 3448 i-
2307 3405 2439 3458 opus
2464 3400 2545 3444 est
2571 3401 2619 3443 ct
2653 3392 2947 3453 curatione,
2982 3398 3040 3443 ut
3069 3387 3300 3457 perfecte
3330 3388 3659 3442 liberemur:
3694 3398 3869 3452 neque

2307 3482 2446 3535 enim
2494 3491 2763 3550 peccatum
2814 3482 2985 3533 solum
3033 3480 3267 3533 eximere
3310 3476 3524 3542 sufficit,
3566 3475 3658 3529 sed
3704 3476 3866 3528 etiam

2308 3580 2517 3637 oportet
2548 3586 2736 3623 curare
2785 3572 2956 3624 locum
2987 3582 3318 3637 percussum.
3358 3566 3459 3622 Sed
3493 3566 3650 3619 timeo
3675 3580 3742 3617 ne
3774 3576 3868 3617 no-

2311 3661 2392 3715 bis
2417 3662 2581 3729 mang
2609 3661 2870 3725 dicantur,
2913 3675 3068 3729 quam
3115 3660 3230 3712 aliis
3271 3658 3475 3711 dicatur
3516 3654 3678 3715 illud,
3715 3654 3871 3707 Terra

2312 3752 2462 3816 enim,
2494 3752 2681 3821 inquit,
2713 3767 2842 3819 stupe
2872 3766 3019 3818 super
3047 3766 3100 3802 se
3132 3749 3403 3802 venientem
3431 3745 3597 3800 bibens
3628 3741 3872 3798 imbrem:

2310 3856 2524 3911 semper
2551 3845 2691 3897 cnim
2722 3842 2972 3904 bibimus,
3001 3855 3212 3910 semper
3242 3838 3517 3893 audimus:
3557 3837 3648 3892 sed
3679 3837 3873 3891 humo-

2310 3950 2424 3990 rem
2453 3935 2626 3988 statim
2656 3934 2943 4001 perdimus,
2974 3932 3182 3985 oriente
3209 3931 3345 3996 sole,
3370 3939 3420 3983 et
3452 3939 3731 3998 propterea
3760 3928 3870 3997 splo

2312 4039 2408 4080 nas
2438 4022 2726 4078 efferimus.
2761 4022 3014 4089 Quaenam
3046 4030 3170 4074 sunt
3195 4035 3322 4089 ergo
3352 4020 3553 4089 spinae?
3578 4019 3873 4073 Audiamus

2312 4117 2579 4172 Christum
2607 4115 2891 4178 dicentem,
2922 4112 3061 4179 quod
3084 4113 3385 4166 sollicitudo
3410 4114 3564 4179 hujus
3594 4113 3796 4171 smerili,
3821 4120 3875 4165 et

2316 4208 2520 4263 fallacia
2548 4208 2846 4261 divitiarum
2878 4206 3100 4259 sufl‘ocat
3130 4206 3385 4268 verbum,
3415 4212 3470 4257 et
3500 4204 3553 4256 lit
3583 4203 3864 4273 infrugil'e-

2316 4315 2431 4355 rum
2457 4298 2604 4369 (Luc.
2634 4298 2684 4351 8.
2722 4298 2828 4363 Μ).
2858 4296 3015 4348 Terra
3041 4296 3193 4359 enim,
3229 4295 3415 4363 inquit,
3451 4309 3583 4360 saepe
3602 4295 3863 4347 veniente»

2315 4406 2463 4459 super
2488 4408 2541 4443 se
2565 4390 2733 4442 bibens
2763 4388 2999 4451 imbrem,
3031 4396 3075 4440 et
3117 4387 3401 4457 germinans
3443 4386 3645 4439 herbam
3694 4401 3881 4456 oppor-

2318 4494 2508 4537 tunam.

2387 4575 2444 4627 2.
2484 4574 2619 4627 Nihil
2662 4583 2743 4626 est
2783 4572 2914 4626 adeo
2953 4566 3360 4641 opportunum,
3390 4578 3446 4622 ut
3487 4570 3605 4623 vita:
3641 4571 3840 4639 pur-itas
3865 4588 3886 4633 ς-

2321 4667 2449 4721 nihil
2476 4668 2609 4721 adeo
2632 4680 2969 4719 numerosum
2995 4679 3056 4718 ac
3077 4665 3417 4727 concinnum,
3448 4672 3501 4715 ut
3528 4663 3629 4714 vita
3657 4664 3879 4728 Optima.

2322 4758 2451 4815 nihil
2480 4758 2612 4812 adeo
2638 4772 2955 4827 congruens,
2988 4766 3041 4808 ut
3067 4758 3250 4809 virtus.
3279 4755 3339 4807 Et
3358 4755 3664 4824 germinans,
3691 4755 3879 4821 inquit,

2324 4851 2525 4905 herbam
2544 4859 2882 4918 opportunam
2912 4850 3014 4901 illis
3041 4865 3069 4897 α
3098 4846 3275 4914 quibus
3305 4846 3509 4910 colitur,
3537 4846 3719 4911 accipit
3746 4842 3904 4897 bene—-

2324 4940 2589 4994 dictionem
2637 4956 2666 4989 α
2718 4937 2843 4989 Deo.
2902 4936 3171 4990 llic'dicit
3223 4935 3383 4987 Deum
3437 4948 3555 4987 esse
3609 4945 3883 4988 auctorem

2326 5032 2559 5084 omnium
2585 5071 2595 5089 .
2624 5029 2835 5083 Cra-eos
2864 5026 3059 5080 sensim
3095 5025 3290 5077 feriens
3317 5067 3327 5081 .
3375 5025 3460 5090 qui
3502 5024 3677 5076 virtuti
3726 5033 3881 5075 terno

2324 5120 2634 5176 adscribunt
2652 5117 2915 5171 fructumn
2941 5112 3359 5183 generationem.
3377 5106 3561 5177 Neque
3579 5106 3720 5159 enim
3748 5113 3892 5164 sunt,

2326 5214 2529 5283 inquit,
2558 5225 2748 5265 manus
2782 5207 3131 5277 agricolarum
3164 5217 3281 5272 qum.
3311 5201 3481 5270 ipsam
3512 5207 3707 5252 terram
3742 5195 3897 5249 exci-

2330 5312 2442 5357 tant
2481 5302 2546 5356 ad
2584 5302 2785 5354 fructus
2811 5296 3080 5357 ferendos,
3114 5294 3205 5348 sed
3236 5292 3329 5346 Dei
3356 5291 3537 5360 jussus
3570 5306 3584 5341 :
3615 5299 3898 5355 propterea

2332 5395 2458 5449 dicit
2485 5411 2499 5449 :
2528 5392 2720 5461 Accipit
2754 5389 3149 5443 benedictionem
3174 5401 3203 5436 a
3230 5383 3355 5436 Deo.
3391 5381 3523 5434 Vide
3549 5387 3722 5432 autem
3757 5376 3895 5445 quod

2333 5488 2381 5538 in
2412 5484 2580 5553 spinis
2611 5499 2716 5536 non
2743 5481 2899 5545 dixit,
2930 5479 3152 5533 Paricns
3184 5476 3367 5543 spinas
3387 5514 3401 5538 ,
3435 5486 3609 5541 neque
3646 5468 3747 5521 hoc
3782 5465 3899 5519 utili

2331 5590 2453 5628 usus
2482 5584 2563 5627 cst
2594 5573 2845 5634 nomine;
2879 5569 2971 5624 sed
3000 5568 3168 5638 quid?
3195 5565 3476 5633 Proferens
3506 5556 3679 5633 spinas
3705 5576 3721 5611 :
3745 5557 3899 5626 quasi

2330 5666 2495 5729 dicas,
2526 5679 2718 5719 cruens
2742 5674 2797 5719 et
2822 5661 3115 5731 expellens.
3173 5657 3406 5726 lleproba
3453 5664 3559 5716 est,
3606 5652 3808 5721 inquit,
3853 5661 3901 5703 et

2332 5758 2595 5811 ttt:tl.'tilt‘l0
2619 5758 2871 5823 proximo.
2904 5754 3089 5817 Papae!
3122 5761 3372 5817 quautam
3404 5748 3560 5802 habet
3584 5743 3899 5801 consulatioo
