4122 6338
227 374 297 430 83
1032 378 1096 434 IN
1137 378 1350 436 EI’IST.
1396 376 1484 432 AD
1525 370 1898 431 llEBBEOS.
1940 373 2097 432 CAP.
2144 373 2229 431 Vl.
2270 372 2507 431 ilOZillL
2556 373 2621 427 x.
3442 366 3508 421 ειν

228 503 349 543 nem
378 485 521 555 quod
549 486 775 544 diciturl
808 486 933 554 Est,
981 489 1188 560 inquit,
1225 489 1498 543 maledicto
1538 490 1810 559 proxima,

232 594 337 634 non
366 580 715 635 maledictum
744 580 870 650 :qui
898 589 1074 636 autem
1104 582 1341 635 nomium
1367 580 1553 635 incidit
1576 580 1627 635 in
1656 581 1813 636 male-

224 673 450 739 dictum,
474 673 570 728 sed
598 688 763 743 prope
783 681 885 737 est,
913 673 1075 728 etiam
1108 675 1293 743 procul
1314 688 1436 728 esse
1467 674 1677 743 poterit.
1700 672 1813 728 Nec

226 764 327 819 hoc
357 765 534 820 solum
566 775 652 820 est
678 765 1021 830 consolatus,
1051 767 1147 822 sed
1182 781 1247 821 eo
1275 765 1437 820 etiam
1470 766 1611 835 quod
1652 765 1811 821 dein-

223 876 351 928 ceps
382 862 626 931 sequitur
650 878 664 915 :
688 876 795 916 non
823 861 964 915 enim
992 860 1159 914 dixit:
1185 858 1430 930 chroba
1459 868 1544 916 est
1568 870 1621 915 et
1648 860 1812 915 male-

222 939 366 1007 dicso
415 952 656 1021 proxima
681 994 697 1018 ,
739 967 858 1022 quin
885 952 1264 1014 comburetur;
1313 952 1407 1007 sed
1452 954 1622 1022 quid?
1650 944 1812 1023 Crijus

222 1042 342 1111 linis
362 1053 442 1097 est
464 1049 516 1095 tu
537 1042 957 1098 combustionem.
977 1041 1033 1099 Si
1061 1053 1396 1113 permaneat,
1428 1045 1615 1113 inquit,
1642 1051 1811 1114 utique

220 1133 285 1187 ad
316 1133 504 1197 linem,
538 1132 591 1187 id
622 1132 873 1203 patietur.
904 1132 1265 1202 Quamobrem
1299 1136 1342 1187 si
1373 1135 1558 1205 spinas
1590 1136 1805 1191 excide-

222 1225 388 1277 rimus
416 1232 475 1277 et
500 1223 901 1289 exusserimus,
934 1226 1230 1295 putet-imus
1256 1225 1356 1281 frui
1386 1228 1539 1282 bonis
1563 1228 1807 1283 innume-

217 1314 501 1380 rabilibus,
534 1324 589 1369 et
621 1316 773 1385 probi
800 1317 941 1371 ellici
963 1356 979 1381 ,
1011 1327 1068 1372 et
1092 1331 1214 1372 csse
1258 1318 1549 1389 participes
1582 1320 1808 1376 benedi-

216 1405 437 1460 ctionis.
464 1406 657 1461 Merito
682 1415 863 1463 autem
894 1418 1170 1477 peccatum
1198 1410 1489 1480 appellavit
1518 1411 1770 1466 tribulum
1792 1454 1807 1478 ,

215 1496 430 1563 dicens,
466 1497 742 1568 Profereas
771 1508 939 1553 autem
965 1500 1143 1569 spinas
1169 1517 1231 1557 ac
1260 1502 1472 1558 tribulos
1493 1519 1511 1556 :
1541 1520 1662 1558 nam
1704 1522 1808 1558 nn-

215 1588 520 1660 decumque
550 1590 602 1643 id
636 1592 895 1656 tenueris,
924 1591 1044 1648 ierit
1073 1603 1127 1649 et
1153 1594 1383 1657 mordet.
1419 1606 1474 1651 et
1497 1597 1613 1651 visu
1644 1599 1807 1651 etiam

215 1690 298 1733 est
326 1677 576 1735 deforme
601 1690 656 1735 et
688 1689 907 1737 tetrum.
932 1682 1064 1737 Cum
1088 1700 1217 1756 ergo
1239 1700 1335 1742 eos
1363 1689 1495 1741 satis
1520 1688 1806 1758 tetigisset,

217 1770 502 1826 terruisset
549 1786 613 1827 ac
662 1774 1013 1844 pupugisset,
1047 1792 1234 1831 rursus
1258 1788 1413 1832 curat
1444 1794 1505 1834 ac
1538 1780 1806 1848 medetur,

216 1876 282 1915 ne
312 1876 411 1916 eos
444 1861 562 1931 plus
589 1878 751 1933 quam
782 1880 876 1933 par
905 1866 976 1920 sit
998 1866 1234 1936 dejiciat.
1270 1868 1595 1941 ignavosque
1621 1870 1811 1928 reddat

214 1968 278 2008 ac
302 1952 529 2023 supinos
563 1973 577 2007 :
608 1970 729 2009 nam
762 1956 851 2025 qui
882 1972 1105 2027 segnem
1142 1960 1259 2014 ierit
1286 1975 1350 2015 ac
1378 1960 1654 2028 desidem,
1683 1977 1808 2019 eum

213 2044 394 2100 reddit
424 2047 755 2117 segniorem.
789 2047 976 2120 Neque
1004 2066 1133 2122 ergo
1163 2054 1386 2110 omnino
1416 2054 1708 2125 blanditur,
1741 2073 1810 2113 ne

213 2140 399 2197 animo
418 2141 638 2197 extollat
656 2157 673 2207 ;
700 2156 874 2214 neque
894 2143 1110 2215 gravius
1132 2144 1274 2213 ferit,
1301 2149 1576 2205 nc’reddat
1596 2153 1811 2222 segnio-

212 2248 331 2298 res;
364 2233 463 2287 sed
511 2235 808 2303 pauxillum
860 2235 1106 2305 iujicicns
1150 2238 1292 2308 quod
1342 2240 1531 2308 feriat,
1577 2246 1807 2302 multum

212 2326 438 2382 adhibet
466 2327 608 2397 quod
639 2338 793 2383 curet
819 2343 883 2383 ac
912 2328 1196 2385 medeatur
1224 2347 1319 2401 per
1346 2348 1409 2387 ea
1437 2349 1558 2404 qua:
1584 2337 1813 2406 subjun-

209 2421 320 2488 git,
354 2426 413 2472 ut
442 2419 584 2489 quod
614 2420 725 2475 vult
757 2419 981 2477 elliciat.
1012 2422 1152 2491 Quid
1175 2425 1319 2481 enim
1342 2425 1511 2483 dicit?
1555 2432 1634 2500 (α)
1667 2432 1808 2504 [Non

213 2510 329 2562 Im:
367 2508 602 2563 dicimus
652 2518 925 2580 tamquam
970 2512 1062 2582 qui
1096 2527 1190 2570 vos
1220 2516 1769 2578 condcmnaverimus
1790 2565 1807 2590 ,

205 2606 310 2645 nec
343 2600 403 2644 ut
431 2592 523 2659 qui
555 2592 928 2651 existimemus
957 2611 1053 2653 vos
1080 2613 1202 2656 esse
1226 2604 1416 2672 plenos
1441 2607 1613 2678 spinis
1636 2650 1653 2677 ,
1695 2611 1797 2669 sed

204 2682 376 2752 utqui
412 2681 697 2739 timeamus
722 2702 790 2741 ne
810 2687 915 2743 hoc
936 2689 1143 2747 accidat
1168 2709 1182 2747 :
1211 2695 1404 2751 melius
1427 2708 1511 2755 est
1530 2703 1675 2757 enim
1695 2718 1792 2759 vos

203 2774 389 2828 verbis
410 2784 634 2841 terrere,
657 2791 724 2832 ne
746 2793 804 2833 re
828 2778 943 2849 ipsa
962 2780 1213 2841 deleatis.
1236 2784 1303 2841 Et
1330 2785 1430 2845 hoc
1456 2793 1693 2851 maxime
1713 2806 1798 2854 est

205 2862 354 2920 Pauli
400 2865 726 2937 prudentia.
756 2870 825 2925 Et
855 2887 962 2926 non
993 2872 1151 2943 dixit,
1184 2876 1571 2939 Existimamus
1591 2926 1607 2952 ,
1650 2902 1751 2942 nec
1777 2929 1794 2951 .

201 2954 561 3027 Cotijicimus,
594 2975 714 3026 nec,
752 2961 1160 3032 Exspectsmus,
1192 2983 1311 3035 nec,
1340 2969 1666 3043 Speramus;
1699 2979 1794 3035 scd

204 3047 405 3121 quid?]
437 3047 493 3103 9.
518 3048 833 3119 Conﬁdimus
854 3063 1027 3109 autem
1052 3056 1119 3111 de
1136 3058 1298 3125 vobis,
1321 3060 1663 3133 dilectissimi,
1690 3087 1802 3125 me-

204 3139 338 3195 liora
365 3150 416 3194 et
448 3142 693 3197 viciniora
720 3144 901 3211 saluti,
936 3150 1140 3205 tametsi
1160 3150 1230 3205 ita
1251 3152 1533 3221 loquimur.
1559 3158 1672 3217 Hoc
1690 3171 1797 3231 est,

202 3226 319 3287 Non
348 3241 404 3286 ut
426 3233 856 3294 eondemnantcs
880 3254 996 3306 vos,
1026 3242 1125 3296 ista
1148 3243 1398 3315 dicimus,
1427 3264 1601 3322 neque
1627 3262 1685 3308 ut
1710 3226 1799 3309 ar;

205 3322 475 3380 bitrantes
505 3342 603 3382 vos
646 3328 819 3398 spinis
846 3345 969 3388 esse
1001 3334 1209 3392 obsitos
1250 3346 1306 3394 et
1345 3341 1534 3410 plenos
1555 3386 1570 3408 ,
1603 3345 1697 3401 sed
1728 3347 1797 3402 tl-

206 3425 421 3470 mentcs
452 3432 520 3473 ne
550 3419 654 3475 hoc
686 3419 775 3476 tiat
802 3439 816 3477 :
847 3433 1068 3493 praestat
1093 3430 1237 3484 enim
1268 3445 1362 3487 vos
1389 3448 1456 3489 ex
1487 3436 1665 3491 verbis
1690 3436 1795 3495 lor-

208 3506 452 3574 midare,
483 3524 553 3564 ne
577 3525 637 3564 re
666 3512 779 3582 ipsa
812 3514 1027 3571 tandem
1072 3517 1326 3578 deleatis.
1374 3524 1551 3596 Atque
1594 3528 1647 3584 in
1694 3528 1799 3589 hoc

207 3600 511 3694 prmsertim
534 3602 817 3672 prudentis
849 3604 997 3663 Pauli
1029 3622 1270 3680 apparet.
1286 3613 1474 3685 Neque
1494 3633 1623 3675 vero
1642 3622 1797 3694 dixit,

206 3688 571 3785 frbitramur,
618 3708 826 3765 neque,
854 3695 1240 3768 Conjecturam
1286 3703 1515 3767 iacimus
1540 3753 1553 3777 ,
1588 3688 1802 3785 neque,

208 3777 626 3877 Exspef-miiius,
655 3800 853 3857 neque,
880 3788 1171 3860 Speremus
1195 3835 1210 3863 ,
1240 3796 1336 3854 sed
1368 3801 1533 3871 quid?
1558 3777 1796 3877 Conlidi-I

208 3888 341 3926 mus.
368 3873 523 3968 Quod
545 3877 705 3968 etiam
726 3878 937 3936 dicebat
964 3885 1208 3945 scribens
1228 3890 1294 3945 ad
1319 3890 1536 3951 Galatas
1552 3914 1565 3951 ε
1581 3873 1800 3968 Conﬁdo

406 3964 473 4062 de
507 3964 742 4062 trabisjn
783 3970 1004 4028 Domino
1024 4016 1039 4043 ,
1070 3982 1212 4047 quod
1240 3982 1373 4037 nihil
1412 3987 1562 4042 aliud
1589 3964 1802 4062 sapietis

214 4050 377 4149 (dat.
410 4054 470 4110 5.
500 4057 569 4112 ιο
592 4057 632 4127 ).
662 4058 777 4115 Non
823 4062 981 4132 dixit,
1007 4065 1226 4138 Sapitis,
1263 4073 1358 4129 sed
1405 4050 1662 4149 Sapietis:
1689 4082 1801 4140 Illic

208 4146 424 4213 quidem
448 4188 465 4214 ,
496 4150 618 4219 quia
647 4152 803 4210 valde
829 4170 926 4214 eos
952 4160 1408 4236 reprehenderat,
1438 4146 1537 4226 nec
1567 4172 1801 4233 habebat

209 4236 352 4293 unde
376 4252 476 4295 eos
504 4254 535 4295 a
566 4242 728 4301 rebus
756 4252 1113 4316 przesentibus
1145 4254 1421 4329 laudaret,
1452 4278 1481 4316 a
1524 4263 1719 4324 futuris
1745 4270 1798 4325 id

207 4329 540 4401 aggreditur,
571 4333 778 4404 dicens,
810 4340 965 4397 Nihil
990 4346 1140 4401 aliud
1162 4351 1376 4421 sapietis
1400 4370 1421 4408 :
1449 4355 1534 4413 hic
1558 4370 1737 4418 autem
1770 4380 1801 4420 a

209 4424 573 4513 praesentibus
601 4446 615 4482 :
640 4428 962 4502 Conﬁdimus
989 4449 1184 4507 autem,
1214 4443 1412 4512 dilecti,
1438 4450 1502 4505 de
1528 4454 1667 4511 vobis
1690 4474 1796 4513 meo

205 4511 339 4567 liora
366 4524 417 4569 et
441 4516 688 4615 viciniora
712 4521 889 4589 saluti,
922 4529 1018 4582 etsi
1039 4531 1117 4585 sic
1140 4511 1420 4605 loquimur.
1449 4541 1514 4597 Et
1542 4511 1798 4615 quoniam

206 4616 236 4710 ο
265 4607 624 4710 praesentibus
645 4627 749 4667 non
776 4618 940 4710 multa
968 4620 1199 4681 habebat
1221 4644 1340 4698 quae
1361 4607 1584 4703 diceret,
1606 4655 1635 4693 a
1662 4657 1797 4710 pra:-

207 4696 382 4789 teritis
406 4698 645 4756 instituit
663 4707 1117 4781 consolationem,
1142 4727 1196 4773 et
1219 4696 1351 4777 dicit
1373 4741 1386 4777 :
1414 4725 1502 4782 to.
1525 4696 1647 4785 Non

205 4786 435 4882 iniustus
461 4801 537 4845 est
564 4790 704 4850 Deus
724 4838 740 4861 ,
770 4809 826 4852 ut
854 4801 1181 4862 obliviscatur
1206 4816 1377 4882 operis
1402 4822 1555 4874 vestri
1590 4834 1638 4877 et
1668 4786 1804 4882 dile-

208 4879 391 4983 ctionis
413 4920 427 4942 ,
459 4897 615 4949 quam
658 4889 945 4946 ostendistis
981 4895 1034 4949 in
1078 4902 1282 4957 nomine
1310 4906 1470 4976 ipsius
1488 4951 1504 4975 ,
1540 4915 1629 4983 qui
1655 4918 1804 4971 mini-

209 4972 413 5025 strastis
442 4976 639 5031 sanctis
667 4988 715 5032 et
744 4982 1066 5045 ministratis.
1100 4990 1288 5064 Papazl
1314 4972 1585 5064 quomodo
1614 5023 1802 5067 eorum

211 5073 418 5156 recreat
457 5078 513 5120 et
551 5069 838 5129 conﬁrmat
882 5078 1142 5148 animam,
1173 5100 1261 5141 res
1292 5099 1506 5149 veteres
1537 5112 1801 5156 revocans

213 5151 271 5205 in
303 5157 623 5249 memoriam
646 5202 662 5226 ,
701 5171 757 5218 et
782 5165 1034 5239 redigens
1063 5174 1129 5228 ad
1159 5181 1538 5241 necessitatem
1572 5151 1803 5249 nou—cx;

212 5247 490 5340 spectandi
538 5248 703 5306 Deum
742 5270 865 5313 esse
894 5259 1157 5322 oblitum?
1198 5266 1435 5329 Necesse
1462 5288 1544 5334 est
1570 5283 1712 5337 enim
1747 5247 1802 5340 ut

213 5332 298 5434 ille
326 5346 555 5406 peccet,
583 5343 674 5412 qui
719 5360 823 5401 non
852 5360 1056 5409 certam
1098 5355 1257 5415 habet
1301 5370 1705 5433 persuasionem
1734 5377 1803 5434 de

208 5426 352 5496 justo
380 5431 476 5488 Dei
507 5433 713 5503 judicio
733 5449 789 5496 et
815 5441 884 5499 de
907 5460 1059 5517 atque
1087 5426 1336 5513 mercede
1361 5426 1802 5528 secundum

214 5592 497 5702 sese:
514 5596 681 5702 se.
698 5596 1806 5702 2.“?.:‘“..5‘...‘2§.122cme

296 5655 1084 5737 FPELEE.§E'€°2§‘!9,°Imi
1105 5655 1806 5737 ειρὲἆὲἷῐιιᾶεξὶἱῖιῗὶῑῖῐὶ

528 5880 806 5940 Parum.
856 5882 976 5945 (in.
1028 5887 1250 5952 LXI“.

1914 487 2179 539 rationem
2224 480 2437 545 danda,
2468 489 2524 536 et
2569 488 2627 535 ut
2669 476 2816 535 dicat
2862 478 3029 534 Deum
3074 494 3197 536 esse
3227 480 3504 551 injustam.

1915 573 2274 643 Quamobrem
2296 586 2392 627 eos
2413 571 2637 625 omnino
2658 570 2835 641 coegit
2856 582 3174 639 exspectare
3194 571 3282 625 illa
3304 570 3506 626 futura.

1917 656 2056 724 Eum
2085 666 2231 724 enim
2261 667 2350 734 qui
2381 681 2448 722 ex
2492 665 2654 721 rebus
2699 665 3062 733 praesentibus
3106 664 3413 734 desperavit
3455 675 3513 719 et

1909 746 2148 801 animum
2178 744 2507 818 despondit,
2534 759 2600 800 ex
2628 742 2822 798 tuturis
2852 743 3049 813 poterit
3080 743 3346 812 quispiam
3378 755 3504 795 cor.

1911 839 2213 896 roborare:
2248 839 2389 894 sicut
2435 841 2551 908 ipse
2601 848 2830 907 quoque
2872 836 2939 889 ad
2992 833 3217 890 Galatas
3263 831 3511 888 scribens

1910 933 2126 990 dicebat
2157 950 2170 985 :
2202 930 2495 990 Currebatis
2538 929 2702 996 bene;
2732 928 2847 998 quis
2884 942 2971 981 eos
3000 924 3302 998 impedivit?
3329 932 3385 980 et
3413 924 3515 978 ite-

1909 1041 2027 1079 rum
2056 1043 2067 1077 :
2094 1024 2260 1078 Tanta
2284 1023 2420 1094 passi
2445 1021 2566 1076 estis
2587 1021 2696 1075 sine
2716 1018 2913 1074 causa?
2936 1020 2980 1073 si
3003 1027 3171 1071 tamen
3193 1018 3303 1072 sine
3327 1030 3507 1069 causa.

1908 1120 2056 1173 Sicut
2082 1128 2261 1171 autem
2291 1117 2377 1171 hic
2410 1131 2533 1171 cum
2564 1112 2937 1184 Increpatione
2969 1110 3183 1167 laudem
3221 1112 3392 1181 ponit,
3421 1110 3511 1163 di-

1909 1224 2036 1264 cens
2064 1228 2076 1265 :
2100 1207 2225 1264 Cum
2254 1208 2500 1262 deberetis
2527 1223 2636 1261 esse
2663 1207 2897 1278 magistri
2925 1214 3136 1275 propter
3166 1213 3364 1274 tenipns
3392 1219 3411 1257 :
3437 1202 3511 1258 ita

1909 1302 2021 1356 illic
2048 1316 2260 1374 quoque
2286 1320 2301 1357 :
2327 1301 2495 1355 Miror
2520 1301 2657 1371 quod
2683 1310 2787 1354 tam
2814 1299 2913 1353 cito
2944 1298 3319 1369 transferimiui
3346 1298 3363 1368 (
3384 1296 3507 1352 Gal.

1906 1392 1961 1446 5.
1988 1392 2042 1445 «7.
2071 1403 2116 1446 et
2147 1393 2200 1447 ὅ.
2222 1394 2274 1447 ι.
2295 1402 2342 1446 et
2378 1394 2396 1447 l
2445 1391 2521 1462 6).
2547 1390 2690 1447 Laus
2714 1401 2797 1446 est
2819 1406 2941 1445 cum
2963 1388 3323 1445 admiratione
3350 1404 3509 1445 :nam

1906 1480 1973 1537 de
2003 1483 2162 1538 rebus
2188 1483 2395 1554 magnis
2422 1482 2641 1555 quando
2681 1482 2985 1538 exciderint
3028 1481 3310 1537 miramur.
3344 1481 3511 1537 Vides

1907 1576 1964 1631 in
1992 1578 2337 1633 accusatione
2359 1586 2414 1633 et
2442 1577 2867 1647 reprehensione
2893 1577 3220 1633 absconsam
3244 1593 3367 1634 esse
3394 1579 3511 1634 lauc

1905 1668 2065 1725 dem?
2095 1668 2204 1725 Nec
2229 1670 2297 1726 de
2325 1685 2385 1726 se
2412 1670 2588 1725 solum
2618 1668 2723 1725 hoc
2750 1667 2905 1737 dicit,
2932 1669 3025 1726 sed
3050 1670 3213 1726 etiam
3235 1669 3304 1726 de
3333 1672 3513 1726 onnii-

1906 1761 2006 1818 bus
2028 1781 2041 1816 :
2062 1779 2167 1817 non
2194 1764 2338 1819 cnim
2357 1761 2513 1826 dixit,
2532 1760 2783 1828 Confido,
2805 1762 2924 1828 sed,
2944 1759 3265 1832 Con/idimus
3288 1763 3351 1817 de
3370 1762 3511 1818 vobis

1911 1854 2126 1910 meliora
2148 1871 2169 1910 :
2194 1855 2245 1910 id
2274 1864 2377 1922 est,
2425 1855 2587 1912 bona.
2621 1858 2727 1911 Aut
2758 1854 2874 1911 lucc
2900 1866 3080 1911 autem
3116 1855 3247 1912 dicit
3276 1856 3343 1912 de
3370 1857 3510 1911 bona

1908 1948 2032 2002 vitae
2075 1947 2295 2017 agend-e
2327 1948 2534 2001 ratione
2556 1989 2571 2013 ,
2603 1956 2695 2001 aut
2721 1946 2789 2003 de
2816 1948 3270 2003 remuneratione.
3306 1948 3511 2005 Deinde

1904 2052 2027 2093 cum
2068 2039 2294 2095 dixisset
2324 2039 2572 2109 superius
2601 2040 2745 2110 quod
2778 2040 2850 2095 sit
2875 2040 3109 2109 reproba
3136 2049 3191 2095 ct
3222 2041 3510 2097 maledicto

1910 2131 2186 2202 proxima,
2211 2140 2266 2187 et
2291 2130 2436 2202 quod
2464 2132 2562 2187 erit
2594 2131 2649 2187 in
2676 2130 3113 2187 combustionem
3136 2149 3150 2185 :
3172 2148 3240 2188 ne
3266 2132 3511 2189 videatur

1905 2223 1973 2279 de
2005 2222 2073 2278 iis
2102 2222 2290 2279 istluec
2319 2222 2494 2289 effari,
2527 2223 2808 2291 subjuuxit
2837 2223 3018 2279 statim
3057 2243 3069 2279 :
3105 2223 3228 2280 Non
3259 2227 3394 2281 enim
3421 2228 3512 2282 itt-

1902 2313 2081 2385 jnstus
2105 2323 2179 2370 est
2210 2313 2370 2380 Deus,
2406 2325 2460 2368 ut
2482 2313 2809 2371 obiiciuntur
2832 2315 3002 2383 operis
3032 2317 3185 2371 vestri
3210 2326 3257 2372 et
3284 2318 3512 2373 dilectio-

1921 2407 2031 2473 nis;
2064 2405 2376 2471 ostendens,
2404 2405 2546 2476 quod
2574 2406 2675 2461 etsi
2702 2405 2776 2462 ita
2808 2405 3114 2478 loquimur,
3148 2424 3257 2463 non
3284 2412 3511 2465 omnino

1916 2498 2031 2554 ba-c
2049 2496 2118 2555 de
2144 2498 2297 2555 vobis
2321 2498 2574 2555 dicimus.
2607 2498 2677 2553 Et
2700 2500 2747 2553 si
2777 2498 2845 2555 de
2872 2498 3029 2555 nobis
3058 2514 3166 2555 non
3190 2500 3349 2570 dicis,
3378 2503 3510 2574 quid

1909 2588 2126 2645 demum
2156 2598 2427 2661 tamquam
2450 2587 2668 2645 desides
2697 2589 3034 2661 perstringis,
3058 2599 3114 2646 ct
3137 2600 3309 2647 terres
3329 2595 3513 2662 spina-

1906 2696 2025 2736 rum
2051 2679 2312 2736 refricans
2339 2680 2695 2737 memoria-In?
2726 2681 2813 2736 il.
2833 2680 3085 2751 Cupitum
3118 2692 3291 2737 autem
3323 2689 3510 2739 imum-

1906 2788 2154 2846 qaemque
2192 2782 2415 2827 vestrum
2444 2772 2691 2833 eamdem
2710 2772 2974 2828 ostendere
3001 2774 3404 2830 sollicitudinem
3436 2778 3508 2831 ml

1907 2867 2242 2939 expiationem
2268 2867 2375 2937 spei
2402 2882 2563 2938 usque
2591 2867 2646 2921 in
2673 2867 2861 2936 ﬁnem;
2892 2865 2979 2922 l2.
3012 2877 3066 2921 ut
3094 2884 3196 2922 non
3223 2886 3403 2942 segnes
3425 2874 3504 2940 ef-

1907 2961 2159 3033 ﬁciamiui
2177 3003 2193 3026 ,
2223 2976 2398 3015 verum
2425 2960 2709 3015 imitatores
2739 2977 2913 3014 eorum
2938 2960 3028 3039 qui
3057 2961 3161 3030 [ide
3187 2974 3235 3017 et
3262 2966 3511 3033 patientia

1908 3054 2257 3109 hereditabnnt
2284 3053 2665 3121 promissiones.

1969 3127 2022 3183 5.
2055 3127 2217 3183 Pauli
2254 3130 2530 3201 prudentia
2574 3133 2845 3189 mirabilis.
2872 3161 2943 3179 αι·
2972 3135 3220 3209 Cupimus
3240 3183 3255 3206 ,
3286 3140 3494 3215 inquit:

1904 3233 2009 3273 non
2025 3220 2200 3275 solum
2231 3235 2361 3291 ergo
2393 3222 2459 3277 ad
2478 3223 2639 3280 verba
2660 3239 2831 3297 usque
2850 3226 2952 3282 hoc
2968 3228 3239 3286 Volumus.
3256 3231 3361 3288 Sed
3375 3238 3504 3307 quid

1900 3312 2094 3382 cupis?
2119 3312 2380 3385 Cupimus
2406 3331 2500 3370 vos
2522 3314 2802 3373 adhaerere
2829 3320 3012 3375 virtuti
3040 3363 3056 3389 ,
3089 3337 3196 3377 non
3230 3334 3503 3395 tamquam

1902 3406 2078 3475 priora
2100 3406 2545 3477 condemnantes,
2572 3411 2666 3466 sed
2688 3413 2756 3467 de
2778 3412 2971 3469 futuris
2993 3415 3268 3474 timentes.
3300 3418 3371 3475 Et
3396 3438 3502 3476 non

1901 3497 2055 3566 dixit,
2079 3498 2376 3572 Tamquam
2397 3504 2573 3572 priora
2594 3505 3038 3571 condemnantes,
3063 3510 3157 3567 sed
3183 3518 3465 3583 pnesctitia
3487 3534 3504 3572 :

1900 3593 2032 3649 estis
2056 3594 2200 3649 enim
2246 3595 2530 3665 dissoluti,
2586 3599 2712 3656 facti
2745 3604 2878 3657 estis
2918 3606 3217 3675 segniores.
3249 3608 3355 3667 Sed
3385 3614 3506 3668 vide

1900 3697 2060 3753 quam
2090 3684 2300 3756 placide
2350 3688 2402 3743 id
2434 3691 2708 3760 ostendit,
2741 3702 2928 3750 etnon
2972 3695 3139 3753 leriit.
3187 3698 3325 3769 Quid
3360 3703 3502 3758 enim

1900 3775 2070 3833 dicit?
2097 3775 2344 3849 Cupimus
2364 3794 2534 3837 autem
2574 3801 2981 3860 nitamquemque
3022 3801 3243 3848 oestrum
3273 3796 3503 3851 earudem

1900 3870 2569 3932 ostenderesollieitudinem
2586 3881 2811 3950 usquin
2836 3884 3008 3951 ﬁnem.
3038 3884 3153 3942 lloe
3176 3886 3319 3943 enim
3351 3889 3505 3948 Pauli

1902 3962 2201 4030 prudentiae
2248 3976 2331 4023 est
2376 3969 2734 4038 admirabile,
2793 3974 2937 4045 quod
2985 3991 3094 4033 non
3131 3982 3365 4037 ostendit
3408 3999 3505 4040 eos

1901 4054 2152 4122 cessisse,
2174 4067 2228 4113 et
2256 4058 2429 4115 laeuis
2448 4076 2569 4118 esse
2595 4065 2959 4123 remissiores.
2988 4067 3179 4128 Dicere
3206 4074 3372 4141 cnim,
3395 4073 3503 4133 Cu-

1902 4147 2067 4215 pimus
2096 4164 2503 4224 ttuunsqttentque
2532 4168 2773 4225 Destruit,
2806 4159 2909 4217 hoc
2958 4173 3066 4230 est,
3117 4167 3339 4235 perinde
3368 4184 3433 4225 ac
3457 4171 3502 4226 si

1899 4238 2049 4296 dicas
2081 4259 2095 4301 :
2127 4242 2263 4299 Volo
2292 4254 2344 4302 te
2374 4262 2589 4319 semper
2608 4250 2853 4319 studere,
2881 4262 2938 4309 et
2966 4256 3140 4326 qualis
3163 4260 3311 4329 prius
3340 4276 3500 4327 cras,

1902 4331 2062 4389 talem
2102 4349 2227 4392 esse
2259 4346 2313 4393 et
2343 4352 2486 4395 nunc
2507 4351 2561 4398 et
2590 4342 2643 4397 in
2672 4354 2969 4415 posterum.
3002 4347 3116 4405 lloc
3152 4351 3296 4406 enim
3320 4347 3502 4409 mitio-

1900 4441 2014 4482 rem
2034 4426 2164 4486 l’acit
2188 4431 2380 4502 reprelz
2391 4434 2689 4499 cnsionem,
2713 4448 2767 4494 ct
2792 4453 2897 4494 non
2918 4455 3062 4512 azgre
3090 4442 3501 4505 admittendam.

1899 4516 2011 4573 Nec
2036 4518 2189 4585 dicit,
2223 4520 2381 4588 Volo,
2412 4526 2555 4595 quod
2584 4534 2702 4583 crat
2725 4528 2954 4586 docendi
2980 4534 3352 4603 auctoritatis;
3384 4539 3502 4603 sed,

1901 4611 2043 4681 quod
2076 4620 2315 4683 paterna:
2360 4627 2479 4673 erat
2508 4618 2901 4677 benevolentim
2932 4625 3104 4697 magis
3133 4642 3293 4697 quam
3326 4632 3462 4688 velle
3486 4676 3501 4697 ,

1902 4703 2182 4777 Cupimus;
2206 4709 2596 4779 propemodum
2624 4712 2843 4771 dicens:
2876 4715 3143 4788 Ignoscite
3167 4721 3211 4775 si
3240 4723 3365 4793 quid
3391 4742 3503 4778 uio-

1902 4794 2095 4852 Iestum
2132 4807 2190 4854 et
2234 4814 2396 4870 grave
2426 4800 2754 4861 dixerimus.
2799 4806 3046 4877 Cupimus
3102 4826 3507 4886 unumquemque

1902 4902 2121 4945 vestrum
2160 4892 2394 4948 eatmlem
2442 4897 2712 4953 ostendere
2738 4899 3137 4958 sollicitudinem
3159 4905 3229 4959 ad
3256 4909 3505 4979 explatio-

1903 4998 2017 5037 ncm
2040 4983 2148 5055 spei
2170 4995 2347 5042 vestrm
2373 5004 2531 5057 usque
2554 4990 2606 5044 in
2636 4991 2812 5060 linem.
2839 4992 2979 5059 Quid
3010 5006 3094 5051 est
3138 4996 3282 5053 hoc?
3325 5001 3461 5073 Spes
3485 5042 3502 5067 ,

1903 5073 2093 5145 inquit,
2122 5086 2323 5149 portat,
2364 5078 2479 5151 ipsa
2523 5094 2733 5139 recreat
2768 5085 2883 5142 :Ne
2928 5088 3263 5161 allbgamini,
3312 5109 3380 5149 ttc
3406 5096 3505 5149 dc-

1902 5172 2150 5240 speretis,
2186 5188 2253 5227 ne
2283 5172 2355 5229 sit
2381 5185 2561 5232 vestra
2601 5191 2726 5249 spes
2767 5192 3167 5251 supervacanea
3199 5201 3213 5239 :
3248 5203 3369 5241 nam
3414 5191 3505 5258 qui
3540 5216 3547 5219 ~

1904 5262 2041 5318 bona
2071 5273 2349 5335 operatur,
2396 5266 2535 5323 bona
2566 5280 2771 5340 sperat,
2821 5280 2875 5328 ct
2907 5290 3197 5346 numquam
3224 5277 3292 5333 de
3323 5296 3380 5335 se
3412 5280 3507 5336 de-

1903 5363 2103 5425 sperat.
2146 5354 2214 5412 Ut
2262 5373 2364 5412 non
2391 5375 2568 5431 segnes
2607 5361 2914 5434 cﬁciamini,
2938 5365 3117 5424 adhuc
3147 5368 3455 5427 cmi-iamini
3490 5392 3503 5427 :

1904 5450 2067 5521 Atqui
2118 5451 2695 5539 diccbatsuperius,
2769 5459 3026 5528 Quoniam
3089 5464 3331 5521 imbecilli
3384 5470 3508 5539 facti

1912 5539 2031 5588 estis
2059 5534 2131 5588 ad
2154 5538 2483 5593 audiendum.
2510 5539 2619 5594 Sed
2658 5540 2777 5595 vide
2807 5545 3078 5613 quomodo
3120 5534 3402 5620 segnitiem
3432 5552 3505 5607 ibi

1912 5626 1977 5680 ad
2007 5629 2249 5685 auditmu
2294 5644 2463 5702 usque
2502 5634 2785 5700 statuerit;
2821 5634 2908 5691 hic
2947 5647 3127 5691 autem
3176 5640 3319 5695 aliud
3348 5642 3511 5699 tacite

1912 5720 2172 5787 signiﬁcat
2195 5739 2208 5774 :
2228 5738 2349 5777 cum
2380 5722 2624 5779 dicturus
2653 5725 2797 5779 enim
2825 5737 2989 5793 esset,
3020 5727 3096 5784 Nc
3124 5735 3506 5799 pcrmaneatis.

1912 5813 2070 5879 dixit,
2114 5812 2196 5869 Ne
2244 5831 2422 5887 segnes
2469 5816 2779 5888 eﬁiciamini.
2813 5819 3017 5877 liursus
3044 5838 3137 5875 eos
3176 5826 3239 5874 ad
3270 5824 3505 5883 futurum

3151 5916 3193 5975 ti
