4122 6338
617 384 680 435 37
1325 369 1384 426 S.
1423 360 1699 424 JOANNIS
1734 350 2207 415 CliRYSOSTOMi
2247 348 2561 405 ARClllEP.
2601 336 3135 401 CONSTKNTINOP.
3798 325 3871 379 SS

627 504 833 560 tempus
863 486 1063 559 profert
1082 484 1220 555 quod
1248 481 1416 550 culpa:
1445 494 1551 533 non
1576 484 1659 533 est
1682 474 1859 537 aliine.
1887 472 2090 535 dicens,
2122 464 2189 522 Ut

626 602 725 637 non
768 583 1019 653 segniores
1071 574 1370 649 eﬁiciamiui.
1419 572 1565 625 illius
1610 569 1751 623 enim
1780 564 1919 636 quod
1954 562 2188 618 nondum

625 689 727 740 est,
757 689 1040 745 numquam
1063 671 1315 726 fuerimus
1338 667 1510 736 culpa:
1530 663 1766 719 obnoxii.
1791 662 1920 715 Nam
1944 662 2009 725 is,
2034 671 2190 726 quem

626 770 744 837 quis
772 766 1009 820 hortatur
1035 770 1093 816 ut
1122 761 1175 814 itt
1215 772 1455 829 praesens
1482 755 1551 811 sit
1576 754 1801 823 diligens
1828 760 1880 805 et
1909 750 2188 811 sollicitus,

627 876 746 914 cum
777 859 844 913 sit
872 856 1165 927 negligens,
1188 850 1415 906 fortasse
1459 849 1561 902 erit
1589 847 1747 900 etiam
1791 843 1984 917 pigrior
2009 852 2061 896 et
2096 858 2191 898 nc—

629 948 941 1017 gligentior;
974 959 1132 1014 quem
1158 950 1333 996 autem
1358 942 1407 994 in
1438 940 1691 1002 futurmn,
1715 952 1816 989 non
1846 942 1932 988 ita.
1953 933 2194 1003 Cupimus

628 1049 810 1101 autem,
854 1037 1042 1105 inquit,
1087 1047 1484 1103 unumquemque
1508 1038 1744 1083 restrain.
1777 1026 1935 1082 Multa
1964 1027 2196 1081 benevo-

630 1133 787 1186 lentia
817 1141 900 1186 est
922 1149 935 1183 :
960 1139 1014 1184 et
1038 1141 1345 1197 magnorum
1372 1133 1422 1177 et
1447 1136 1725 1192 parvorum
1748 1119 1994 1173 similiter
2015 1133 2196 1173 curam

630 1224 782 1291 gerit,
815 1233 869 1277 et
901 1221 1050 1275 novit
1089 1233 1297 1282 omnes,
1332 1226 1385 1269 et
1436 1213 1701 1267 neminem
1732 1210 1987 1279 despicit;
2019 1208 2110 1263 sed
2143 1209 2195 1262 in

632 1328 1061 1384 unumquemque
1103 1310 1343 1366 eamdem
1399 1308 1535 1377 gerit
1587 1320 1790 1367 curam,
1824 1312 1878 1356 ct
1916 1316 2092 1369 parem
2145 1301 2194 1352 in

630 1422 819 1460 omnes
850 1408 1127 1459 honorem.
1164 1401 1315 1457 Unde
1356 1401 1515 1453 etiam
1548 1396 1715 1465 magis
1742 1392 2111 1463 pet-suadebat,
2143 1400 2197 1442 ιιι

633 1498 914 1551 verborum
939 1494 1268 1560 susciperent
1313 1488 1608 1543 molestiam
1639 1494 1693 1539 et
1742 1484 2099 1552 asperitatem.
2134 1478 2199 1534 Ut

634 1604 731 1639 non
761 1602 951 1655 segnes,
987 1583 1174 1651 inquit,
1209 1579 1510 1649 efficiat-lini.
1545 1576 1674 1631 Nam
1706 1584 1765 1628 ut
1807 1572 2007 1628 desidia
2058 1572 2201 1626 itedit

632 1690 824 1743 certius
853 1692 863 1725 :
900 1674 967 1725 ita
994 1672 1157 1725 etiam
1187 1670 1419 1721 animam
1440 1666 1665 1720 cessatio
1711 1679 1739 1716 a
1781 1662 1935 1717 bonis
1964 1661 2201 1731 supinio-

635 1782 746 1820 rem
791 1764 981 1827 reddit,
1028 1771 1081 1815 et
1110 1761 1431 1830 ignaviorem
1463 1766 1515 1811 et
1544 1755 1882 1810 imbecillam.
1917 1751 2201 1805 Imitatores

632 1868 817 1919 autem,
843 1855 1026 1922 inquit,
1047 1869 1216 1906 eormn
1235 1850 1321 1919 qni
1347 1866 1433 1917 per
1449 1849 1599 1917 ﬁdem
1624 1856 1671 1900 et
1693 1846 1980 1913 patientiam
2007 1844 2203 1896 heredi-

639 1960 743 2001 tant
775 1947 1145 2017 promissiones.
1179 1943 1243 1996 Et
1268 1942 1480 2011 quinam
1512 1940 1563 1992 hi
1616 1939 1740 1999 sint,
1770 1937 2023 2004 deinceps
2052 1935 2195 1989 dicit.

640 2038 951 2099 l’riusdixi',
974 2035 1249 2088 imitamini
1268 2048 1325 2086 ea
1346 2047 1461 2101 qua:
1492 2032 1633 2100 prius
1657 2044 1683 2081 a
1707 2029 1857 2082 vobis
1889 2037 2032 2082 recte
2057 2037 2201 2097 gesta

638 2139 761 2182 stitit
793 2148 804 2182 :
834 2128 1025 2181 deinde
1054 2143 1118 2180 nc
1146 2126 1342 2189 dicant,
1368 2124 1750 2193 qiuenam'Icos
1776 2119 1991 2174 deducit
2011 2119 2073 2172 ad
2108 2135 2201 2187 pa-

646 2220 955 2282 triarcham,
979 2233 1161 2271 eorum
1189 2215 1400 2284 quidem
1428 2229 1545 2283 qua:
1572 2221 1713 2266 recte
1734 2221 1880 2281 gesta
1911 2217 2054 2275 sunt,
2077 2210 2205 2280 ipsis

642 2314 850 2382 propria
877 2310 1111 2378 exempla
1140 2308 1395 2370 all'crcns;
1428 2322 1494 2359 ne
1536 2314 1710 2357 autem
1741 2311 1983 2371 putarent
2010 2316 2067 2356 se
2087 2314 2207 2356 esse

642 2406 904 2465 desertos,
937 2416 964 2453 a
994 2400 1289 2469 patriarcha
1313 2396 1594 2451 confortat.
1630 2394 1739 2447 lloc
1760 2401 1935 2446 autem
1967 2391 2110 2457 facit,
2138 2406 2207 2446 ne

640 2495 881 2549 dicerent
910 2510 968 2547 se
995 2499 1330 2558 contemptos
1348 2488 1497 2558 quasi
1532 2486 1726 2539 nullius
1750 2483 1903 2553 pretii
1926 2483 2207 2537 derelictos

643 2587 839 2650 fuisse;
869 2583 958 2638 sed
979 2590 1196 2654 possent
1217 2580 1354 2633 scire
1380 2576 1517 2647 quod
1548 2577 1781 2629 virorum
1813 2574 1965 2628 valde
1986 2587 2209 2642 genero-

642 2692 821 2731 sorum
848 2684 903 2730 et
950 2675 1162 2728 fortium
1206 2672 1275 2725 sit
1309 2671 1427 2733 hoc,
1458 2682 1648 2737 nempe
1676 2668 1812 2721 viam
1834 2718 1843 2729 ,
1866 2664 2067 2735 ingredi
2113 2679 2207 2734 per

645 2768 979 2830 tentationes,
1010 2761 1226 2832 etquod
1265 2761 1391 2815 viris
1419 2760 1626 2831 magnis
1666 2767 1722 2813 et
1769 2754 2094 2811 admirandis
2133 2756 2210 2810 sic

645 2873 773 2913 usus
816 2856 883 2911 sit
912 2857 1069 2910 Deus.
1118 2852 1337 2923 Oportet
1365 2862 1566 2913 autem,
1609 2848 1795 2918 inquit,
1848 2846 2023 2900 omnia
2069 2844 2209 2900 ferre

643 2967 765 3006 cum
791 2949 1039 3018 patientia
1061 2965 1072 2999 :
1094 2945 1194 2999 hoc
1223 2945 1361 2999 enim
1390 2953 1473 2998 est
1498 2942 1658 2997 etiam
1686 2940 1925 2994 credere.
1950 2938 2004 2993 Si
2035 2948 2209 2992 autem

648 3041 787 3094 dicat
803 3039 939 3108 quod
956 3038 1037 3092 det
1050 3079 1063 3101 ,
1082 3046 1133 3090 et
1151 3037 1324 3090 statim
1341 3034 1630 3102 acceperis,
1652 3032 1776 3103 quid
1792 3030 2092 3086 credidisti?
2108 3044 2211 3084 non

647 3140 750 3193 est,
782 3129 968 3198 inquit,
993 3125 1216 3196 amplius
1244 3134 1346 3178 tute
1392 3122 1532 3186 ﬁdei,
1562 3121 1655 3177 sed
1698 3136 1849 3185 mete,
1900 3121 2098 3191 inquit,
2122 3120 2212 3190 qui

656 3216 914 3281 promissa
948 3215 1092 3283 prius
1122 3215 1330 3286 explevi
1386 3224 1439 3269 et
1462 3214 1605 3269 dedi.
1659 3212 1751 3269 Sin
1792 3222 1966 3267 autem
2004 3212 2173 3269 dicam
2201 3257 2219 3285 ,

658 3305 752 3368 Do,
778 3314 831 3359 et
860 3314 975 3374 post
1002 3314 1213 3359 centum
1242 3320 1411 3361 annos
1431 3305 1590 3368 dabo,
1618 3315 1669 3359 ttt
1700 3314 1875 3359 autem
1906 3320 2009 3359 non
2026 3304 2221 3376 deSpc—

656 3395 880 3460 raveris,
909 3404 1033 3448 tunc
1062 3410 1147 3449 me
1172 3396 1484 3450 existimasti
1510 3395 1611 3449 ﬁde
1637 3394 1873 3464 dignum,
1906 3402 2031 3449 tunc
2060 3395 2222 3450 habes

656 3488 725 3539 de
763 3501 845 3540 me
899 3500 1015 3540 eam
1055 3502 1209 3554 quam
1266 3502 1361 3556 par
1396 3496 1478 3541 est
1521 3486 1848 3555 Opinionem.
1892 3485 2051 3540 Vides
2080 3487 2221 3557 quod

660 3590 802 3644 sarpe
840 3576 1071 3629 nascitur
1102 3576 1464 3641 incredulitas,
1494 3593 1599 3629 non
1631 3576 1803 3631 solum
1834 3590 1897 3629 ex
1948 3576 2061 3645 spei
2102 3591 2225 3646 ege-

660 3674 817 3728 state,
850 3664 942 3719 sed
970 3668 1127 3719 etiam
1155 3680 1217 3719 ex
1262 3665 1715 3734 pusillanimitate,
1754 3674 1806 3719 et
1839 3666 1977 3734 quod
2009 3680 2113 3718 non
2152 3666 2228 3721 sis

663 3759 883 3828 patienti
922 3773 1118 3824 animo,
1169 3768 1223 3813 et
1261 3772 1365 3811 non
1391 3772 1455 3812 ex
1482 3771 1548 3812 eo
1578 3756 1668 3827 qui
1715 3756 1972 3826 promisit.
2009 3754 2129 3810 Non
2157 3765 2228 3809 est

658 3848 815 3911 enim,
847 3849 1037 3918 inquit,
1069 3848 1287 3917 injustas
1313 3845 1467 3911 Deus,
1505 3855 1561 3900 ut
1599 3847 1920 3901 obiiciscatur
1948 3846 2229 3901 dilectionis

662 3950 836 3993 vestrm
849 3950 894 3992 et
906 3938 1276 4002 sollicitudinis,
1296 3954 1445 4009 quam
1463 3938 1750 3991 ostendistis
1768 3938 1819 3989 in
1832 3938 2030 3990 nomine
2047 3936 2226 4007 ipsius,

662 4030 749 4099 qui
775 4030 1091 4083 ministrastis
1113 4030 1297 4083 sanctis
1317 4038 1363 4081 et
1383 4029 1697 4082 ntinistratis.
1718 4026 1902 4097 Magna
1923 4026 1990 4081 de
2022 4028 2123 4081 illis
2151 4037 2229 4081 te-

665 4121 943 4183 stilicatur,
977 4134 1083 4173 non
1111 4134 1271 4187 opera
1305 4128 1529 4183 tantum,
1553 4117 1645 4172 sed
1682 4127 1735 4173 et
1761 4117 1923 4171 alacri
1954 4118 2129 4170 animo
2152 4118 2228 4175 fa-

660 4221 747 4264 eta
780 4228 792 4261 :
828 4210 876 4264 id
904 4211 1043 4281 quod
1074 4211 1197 4265 alibi
1228 4220 1302 4263 att
1328 4228 1340 4262 :
1378 4209 1497 4263 Non
1523 4208 1688 4263 solum
1722 4219 1910 4275 autem,
1962 4210 2050 4263 sed
2078 4220 2123 4262 et
2150 4226 2225 4263 se-

666 4305 802 4371 ipsos
845 4304 1091 4356 dederunt
1135 4300 1356 4355 Domino
1398 4313 1443 4355 et
1491 4302 1653 4355 nobis.
1702 4301 1867 4366 Quam
1908 4302 2228 4359 ostendistis.

669 4393 855 4462 inquit,
890 4394 940 4445 in
970 4393 1171 4445 nomine
1193 4394 1325 4463 ejus,
1347 4392 1431 4460 qui
1457 4392 1776 4450 ministrastis
1804 4391 1991 4445 sanctis
2016 4401 2059 4443 et
2087 4391 2234 4443 mini-

667 4486 855 4539 stratis.
886 4484 1015 4539 Vide
1036 4484 1302 4555 quomodo
1326 4484 1445 4540 illos
1472 4498 1654 4540 rursus
1680 4493 1851 4548 curat,
1884 4493 1938 4538 ut
1968 4484 2054 4553 qui
2082 4484 2220 4536 dixe-

668 4577 737 4628 rit
760 4587 810 4629 ct
846 4575 928 4627 hic
973 4576 1263 4643 repetierit.
1298 4574 1398 4641 Qui
1440 4574 1767 4639 ministratis,
1800 4583 1859 4628 ut
1883 4572 1978 4628 eos
2016 4574 2230 4640 excitat,

671 4664 959 4719 ostendens
1006 4665 1145 4733 quod
1191 4680 1294 4719 non
1344 4664 1452 4718 illis
1482 4663 1725 4731 fecerint,
1775 4664 1869 4719 sed
1900 4665 2025 4720 Deo.
2062 4664 2229 4729 Quam

670 4755 976 4820 ostendistis,
1034 4755 1220 4825 inquit,
1280 4768 1384 4809 non
1430 4754 1602 4809 solum
1660 4755 1718 4813 in
1754 4765 1987 4819 sanctos,
2029 4756 2121 4809 sed
2177 4755 2227 4809 in

672 4846 836 4899 Deum
867 4865 879 4899 :
910 4845 1010 4899 hoc
1038 4846 1176 4899 enim
1224 4853 1327 4910 est,
1382 4842 1449 4896 In
1490 4844 1690 4897 nomine
1730 4843 1925 4912 ipsius;
1977 4858 2041 4899 ac
2069 4845 2111 4898 si
2156 4843 2236 4898 di-

672 4948 837 5001 ceret,
869 4937 1088 5006 Propter
1116 4950 1306 4990 nomen
1354 4934 1470 5004 ejus
1511 4935 1689 4988 omnia
1734 4934 1954 4989 lecistis.
1982 4934 2082 5002 Qui
2108 4950 2236 5006 ergo

675 5037 875 5082 tantam
924 5042 954 5080 a
1008 5024 1156 5081 vobis
1199 5025 1392 5095 accipit
1435 5024 1845 5081 sollicitudinem
1889 5036 1943 5081 et
1988 5026 2232 5082 dilectio-

674 5136 835 5184 nem,
884 5134 978 5173 vos
1031 5132 1320 5189 numquam
1367 5118 1643 5189 despiciet,
1673 5133 1843 5189 neque
1890 5119 2058 5176 vestri
2102 5119 2239 5176 obli-

676 5212 921 5265 viseetur.

746 5303 802 5355 4.
834 5300 957 5355 Ηωο
980 5300 1275 5367 audientes,
1304 5316 1451 5372 rogo,
1482 5301 1844 5359 ministremus
1864 5304 2081 5361 sanctis.
2110 5303 2235 5359 Om-

678 5396 761 5449 nis
796 5395 938 5447 enim
972 5391 1142 5446 lidelis
1184 5403 1267 5447 est
1310 5402 1523 5448 sanctus
1551 5435 1565 5458 ,
1595 5404 1857 5465 quatenus
1900 5404 1983 5451 est
2022 5395 2192 5450 lidelis
2223 5414 2239 5454 :

677 5486 883 5540 etiamsi
910 5485 1030 5557 quis
1057 5486 1125 5540 sit
1152 5485 1448 5541 mundanus
1473 5497 1528 5542 et
1574 5487 1867 5553 saecularis,
1889 5497 1973 5542 est
1994 5497 2241 5544 sanctus:

679 5577 1041 5646 Sanctiﬁcatus
1069 5576 1211 5631 enim
1236 5617 1251 5643 ,
1278 5575 1480 5645 inquit,
1511 5590 1586 5631 est
1622 5578 1698 5630 vir
1725 5577 1947 5645 inﬁdelis
1972 5578 2027 5631 in
2066 5594 2241 5644 uxore,

2300 454 2464 504 rinttts
2503 451 2552 502 itt
2599 447 2776 517 aliquo
2821 446 3133 507 infortunio,
3172 455 3385 497 manum
3418 453 3466 495 Ct
3510 442 3869 511 porrigantus.

2298 541 2373 597 Nc
2418 542 2466 593 in
2515 555 2609 594 eos
2653 539 2825 590 solum
2869 536 2959 605 qui
3004 531 3195 590 sedent
3237 535 3287 588 in
3328 534 3595 587 montibus
3626 551 3693 587 no
3726 544 3868 587 trum

2298 635 2526 689 studium
2556 630 2899 685 ostendamus
2939 645 2951 681 :
2980 629 3051 681 illi
3083 626 3297 698 quidem
3326 634 3447 681 sunt
3487 628 3654 680 sancti
3685 636 3735 680 et
3766 630 3871 681 vita

2299 737 2351 783 et
2382 726 2515 789 (ide;
2565 724 2732 778 sancti
2770 732 2945 775 autem
2987 718 3037 771 hi
3083 733 3294 789 quoque
3340 716 3462 781 lide,
3500 717 3648 770 ntttlli
3694 725 3873 770 autem

2298 822 2456 877 etiam
2486 818 2613 872 vita.
2647 816 2723 870 Ne
2747 856 2763 881 ,
2794 813 3185 867 si-monaeltum
3223 809 3509 865 viderimus
3538 809 3588 863 in
3619 824 3839 862 carcere
3859 850 3873 872 ,

2293 914 2419 963 tunc
2448 905 2837 978 ingrediamur;
2868 903 2949 954 sin
2978 911 3154 953 autem
3185 901 3531 960 mundanum,
3563 912 3665 950 non
3700 898 3873 965 ingrc-

2294 1002 2501 1055 diamur
2530 1015 2543 1054 :
2573 1006 2654 1051 est
2683 995 2765 1049 hic
2788 1007 2999 1064 quoque
3020 1003 3237 1044 sanctus
3263 1002 3314 1044 et
3342 990 3519 1044 frater.
3553 990 3686 1058 Quid
3716 1004 3868 1052 vero,

2296 1091 2484 1160 tttquit,
2533 1089 2574 1142 si
2617 1089 2685 1140 sit
2731 1085 3033 1139 immundus
3075 1092 3129 1136 et
3171 1082 3500 1136 sceleratus?
3532 1080 3664 1135 Audi
3711 1079 3873 1132 Chri-

2296 1199 2433 1237 s'um
2481 1183 2785 1236 dicentem:
2840 1176 3015 1230 Nolite
3051 1176 3306 1244 judicare,
3344 1183 3395 1225 ut
3433 1191 3533 1227 non
3568 1171 3875 1242 judicemini

2298 1274 2507 1340 (Matth.
2546 1272 2598 1325 7.
2641 1271 2717 1339 i).
2751 1268 2828 1321 Tn
2872 1266 2952 1321 fac
2990 1276 3206 1334 propter
3238 1264 3421 1317 Deum.
3462 1264 3524 1317 Et
3555 1262 3678 1332 qttid
3710 1260 3873 1315 dico?

2302 1365 2498 1417 ttiamsi
2528 1378 2590 1417 ex
2623 1356 2869 1431 gentibus
2895 1356 3197 1427 quempiam
3231 1354 3519 1408 viderimus
3549 1356 3599 1407 in
3644 1353 3874 1407 infortu-

2299 1456 2407 1520 nio,
2439 1461 2648 1523 Oporlt'l
2676 1452 2723 1505 ei
2756 1451 3103 1510 benefacere;
3136 1456 3209 1509 et,
3235 1455 3291 1498 ut
3313 1445 3477 1499 semel
3505 1445 3699 1509 dicam,
3724 1444 3873 1497 omni

2300 1545 2499 1597 hotnini
2527 1543 2609 1596 cui
2640 1541 2852 1594 adversi
2883 1537 3079 1607 aliquid
3107 1536 3300 1591 accidit
3326 1555 3335 1589 :
3364 1536 3531 1589 tnulto
3561 1546 3735 1589 ante...
3760 1550 3876 1587 ma-

2296 1637 2377 1704 gis
2406 1635 2672 1689 tnundano
2703 1632 2866 1687 lldeli.
2910 1630 3044 1685 Audi
3076 1629 3295 1684 Paulum
3329 1629 3594 1683 dicentem
3617 1670 3633 1694 ,
3674 1626 3875 1681 Bonum

2298 1727 2447 1789 facite
2484 1726 2551 1778 ad
2581 1740 2783 1789 omnes,
2825 1722 3044 1775 maxime
3082 1731 3249 1773 autent
3293 1719 3361 1772 ad
3409 1721 3706 1773 dantesticos
3754 1718 3877 1785 ﬁdei

2299 1820 2439 1881 (Gal.
2475 1818 2524 1871 6.
2563 1816 2674 1889 10).
2708 1815 2813 1870 Sed
2854 1816 3035 1869 nescio
3065 1814 3205 1868 unde
3233 1813 3336 1867 hoc
3365 1815 3433 1867 sit
3472 1812 3831 1867 introdtu-tum
3856 1851 3874 1877 ,

2297 1923 2351 1967 et
2391 1909 2652 1965 tmdenam
2691 1908 2803 1962 haec
2836 1906 3087 1961 invaserit
3111 1903 3464 1960 consuetudo.
3502 1904 3629 1957 Nam
3662 1905 3749 1974 qui
3782 1918 3877 1956 eos

2297 2003 2469 2057 solum
2501 2000 2689 2070 quatrit
2717 1999 2803 2068 qui
2828 1998 2986 2051 vitam
3016 2006 3178 2066 agunt
3208 1996 3523 2059 solitariam,
3554 2004 3607 2049 et
3640 1995 3748 2047 vult
3772 1994 3878 2047 illis

2300 2093 2631 2157 benefacere,
2664 2102 2717 2146 et
2745 2091 2813 2145 de
2844 2088 2949 2142 illis
2982 2103 3168 2142 rursus
3202 2087 3412 2141 curiose
3446 2096 3689 2141 scrutans
3717 2094 3771 2140 et
3797 2084 3880 2139 di-

2298 2201 2425 2241 cens
2455 2203 2468 2236 :
2499 2184 2554 2238 Si
2586 2197 2689 2236 non
2722 2180 2791 2234 sit
2816 2180 3029 2249 dignus,
3058 2180 3101 2231 si
3135 2193 3238 2231 non
3266 2177 3335 2231 sit
3355 2176 3554 2247 justus,
3588 2177 3631 2230 si
3662 2191 3768 2229 non
3798 2175 3879 2228 fa-

2300 2278 2402 2332 ciat
2428 2278 2599 2345 signa,
2640 2286 2852 2326 manum
2893 2286 2995 2323 non
3027 2269 3290 2338 porrigam
3326 2285 3338 2321 :
3371 2268 3727 2337 cieemosyna:
3760 2267 3880 2334 pitt-

2307 2373 2498 2426 rimttm
2530 2366 2788 2429 detraxit,
2830 2362 2956 2433 quin
2983 2362 3141 2416 etiam
3171 2360 3271 2413 hoc
3308 2360 3479 2428 ipsum
3510 2374 3717 2429 quopte
3743 2368 3883 2412 tem-

2301 2476 2429 2532 pore
2455 2455 2777 2529 procedente
2818 2468 3004 2507 rursus
3031 2450 3257 2506 auferet.
3291 2451 3447 2520 Atqui
3488 2450 3574 2503 illa
3604 2450 3765 2503 etiam
3793 2459 3883 2503 est

2300 2555 2639 2621 elecmosyna
2668 2561 2786 2616 quae
2815 2546 2873 2599 lit
2902 2545 2953 2598 in
2986 2551 3319 2613 peceatores,
3363 2557 3481 2611 qua:
3509 2542 3558 2593 in
3591 2556 3729 2594 reos.
3763 2540 3882 2595 Hoc

2301 2647 2441 2702 enim
2481 2652 2564 2698 est
2591 2640 2931 2710 eleemosyna
2959 2675 2973 2700 ,
3003 2650 3108 2689 non
3136 2648 3323 2689 eorum
3352 2632 3440 2703 qui
3474 2633 3608 2686 bona
3639 2631 3885 2686 fecerunt

2302 2748 2486 2809 opera,
2535 2735 2630 2791 sed
2673 2747 2860 2790 eorum
2904 2729 2995 2799 qui
3038 2735 3350 2798 peccarunt,
3395 2726 3661 2781 misereri.
3708 2726 3770 2779 Et
3820 2736 3886 2780 ut

2302 2832 2459 2893 scias,
2490 2826 2611 2881 audi
2634 2822 2830 2880 Christi
2860 2819 3189 2890 parabolam.
3219 2815 3512 2880 Descendit,
3546 2817 3732 2886 inquit,
3765 2818 3886 2885 qui-

2302 2924 2422 2976 dam
2449 2921 2510 2973 ab
2548 2913 2883 2984 Jerosolymis
2920 2913 2973 2964 in
3014 2908 3221 2964 Iericho
3243 2950 3257 2971 ,
3297 2918 3342 2961 et
3371 2907 3549 2961 incidit
3575 2907 3627 2960 in
3658 2906 3885 2961 latrones

2304 3013 2450 3087 (Luc.
2476 3009 2563 3064 l0.
2592 3007 2678 3063 '50.
2713 3003 2873 3073 seqq.)
2903 3016 2919 3057 :
2949 3009 3006 3057 et
3031 3015 3151 3055 eum
3180 3014 3304 3054 eum
3354 2998 3752 3065 verberassent,
3784 3014 3884 3054 rt»

2304 3107 2574 3176 liquerunt
2604 3101 2656 3152 in
2686 3096 2767 3149 via
2795 3093 3200 3148 semimortuam
3232 3090 3551 3145 sauciatam.
3594 3089 3750 3144 Venit
3777 3106 3887 3144 au-

2306 3205 2412 3251 tem
2455 3192 2589 3247 forte
2619 3185 2831 3259 quidam
2881 3184 3086 3249 Levita,
3130 3190 3186 3235 et
3222 3195 3344 3236 eum
3373 3180 3545 3236 visum
3575 3182 3838 3250 praeteriit
3868 3200 3885 3237 ε

2306 3286 2654 3350 similiterque
2692 3274 2945 3331 sacerdos
2986 3273 3079 3327 illo
3106 3273 3221 3327 viso
3253 3272 3565 3343 printerivit.
3596 3272 3749 3327 Venit
3778 3272 3887 3328 de-

2309 3393 2451 3434 mum
2498 3373 2710 3444 quidam
2756 3368 3144 3432 Samaritanus,
3187 3373 3243 3419 et
3284 3364 3503 3419 multam
3542 3364 3658 3435 ejus
3694 3379 3886 3420 curam

2307 3472 2515 3545 gessit:
2548 3462 2784 3533 alligavit
2828 3460 3071 3523 vulnera,
3121 3455 3313 3509 infudit
3360 3456 3573 3519 oleum,
3627 3457 3891 3525 imposuit

2309 3544 2479 3621 asino,
2505 3556 2657 3612 duxit
2681 3552 2733 3606 itt
2757 3548 3133 3613 diversorium,
3161 3546 3399 3615 dixitque
3425 3544 3675 3615 przel‘eeto
3704 3546 3891 3601 direre

2311 3651 2656 3715 sorii,Cnram
2678 3642 2793 3713 ejus
2812 3654 2958 3710 gere.
2985 3636 3053 3691 Et
3073 3634 3194 3691 vide
3217 3650 3459 3705 magnam
3482 3635 3887 3691 liberalitatem:

2316 3741 2380 3797 ει
2410 3753 2519 3810 ego,
2551 3734 2739 3804 inquit,
2768 3731 2899 3783 dabo
2937 3728 3023 3782 tibi
3049 3726 3294 3796 quidquid
3323 3726 3646 3795 impenderis.
3678 3727 3890 3783 Deinde

2311 3834 2616 3897 interrogat,
2671 3823 2796 3890 Quis
2844 3828 2914 3874 est
2958 3834 3111 3889 ergo,
3160 3816 3364 3887 inquit,
3414 3818 3524 3886 ejus
3571 3818 3885 3887 proximus!

2309 3917 2656 3988 Respondens
2683 3914 3036 3985 legisperitus,
3072 3911 3173 3978 Qui
3199 3911 3316 3982 fecit
3343 3906 3757 3965 misericordiam,
3786 3918 3891 3955 au-

2310 4009 2426 4064 dit:
2464 4006 2603 4062 Vade
2630 4023 2745 4078 ergo
2767 4048 2782 4073 ,
2817 4016 2863 4059 et
2888 4014 2941 4058 tu
3006 4008 3089 4075 fac
3114 4003 3364 4058 similiter.
3408 4000 3473 4053 Et
3513 3996 3633 4054 vide
3670 3994 3890 4066 qualem

2311 4097 2447 4153 dixit
2486 4096 2815 4167 parabolam.
2857 4095 2971 4150 Non
2997 4095 3167 4160 dixit,
3199 4091 3339 4163 quod
3369 4089 3586 4146 Iudaeus
3614 4087 3802 4143 iecerit
3832 4086 3890 4141 in

2314 4188 2703 4244 Samaritanum
2733 4229 2747 4251 ,
2794 4186 2885 4240 sed
2917 4184 3058 4255 quod
3090 4183 3456 4239 Samaritanus
3485 4194 3699 4235 omnem
3744 4178 3893 4232 illam

2319 4278 2609 4333 ostenderit
2636 4277 3034 4331 liberalitatem.
3067 4275 3197 4329 Hinc
3224 4270 3501 4338 discimus,
3544 4284 3725 4341 parem
3766 4283 3894 4324 om-

2317 4370 2463 4423 nium
2493 4383 2674 4423 curam
2701 4382 2818 4423 esse
2848 4365 3167 4431 habendam,
3197 4379 3295 4420 nec
3322 4364 3739 4419 domesticorum
3768 4358 3896 4413 ltdei

2319 4460 2512 4525 mlum,
2544 4458 2797 4530 neglectis
2822 4460 2961 4513 aliis.
3004 4458 3095 4513 Sic
3123 4471 3251 4528 ergo
3278 4468 3333 4510 ttt
3360 4470 3593 4526 quoque,
3621 4452 3665 4507 si
3694 4452 3898 4506 videris

2318 4551 2547 4620 aliquem
2592 4552 2730 4605 male
2777 4550 3087 4620 patientem,
3136 4547 3268 4601 nihil
3313 4545 3543 4614 amplius
3589 4546 3895 4597 scruleris:

2322 4639 2483 4695 habet
2528 4641 2618 4695 ille
2643 4642 2731 4709 jus
2773 4640 2989 4705 auxilii,
3041 4636 3183 4709 quod
3226 4636 3365 4692 male
3392 4635 3642 4706 patiatur.
3688 4631 3820 4687 Nam
3854 4632 3899 4688 si

2321 4736 2548 4797 asinum,
2578 4748 2735 4802 quem
2777 4731 2972 4787 videris
2997 4730 3267 4795 sull‘ocari,
3297 4729 3476 4797 erigis,
3511 4740 3609 4781 nec
3634 4725 3790 4795 cujus
3827 4725 3899 4778 sit

2325 4823 2598 4887 scrutaris,
2651 4823 2820 4877 multo
2861 4824 3027 4893 magis
3076 4835 3181 4875 non
3225 4828 3437 4889 Oportet
3482 4815 3708 4871 scrutari
3749 4815 3905 4881 cujus

2326 4916 2415 4971 ille
2442 4914 2602 4970 homo
2631 4916 2701 4969 sit
2730 4932 2744 4970 :
2770 4915 2861 4970 Dei
2885 4925 2985 4980 est,
3014 4914 3131 4968 sive
3154 4915 3225 4967 sit
3246 4912 3484 4973 Gre-eus,
3509 4911 3621 4965 sive
3643 4908 3863 4964 inda-us
3887 4925 3901 4961 :

2328 5007 2372 5062 si
2401 5007 2470 5062 sit
2500 5006 2751 5070 infidelis,
2786 5005 2987 5074 indiget
3028 5004 3246 5058 auxilio.
3298 5003 3355 5056 Si
3400 5002 3543 5057 enim
3593 4999 3907 5054 examinare

2329 5098 2541 5170 quidem
2570 5107 2625 5154 et
2650 5097 2943 5167 dijudicare
2972 5098 3063 5151 tibi
3094 5106 3235 5149 esset
3263 5097 3603 5166 permissum,
3644 5100 3791 5145 recte
3818 5090 3901 5144 di-

2331 5204 2481 5245 ceres
2511 5205 2525 5243 :
2559 5205 2696 5243 nunc
2724 5199 2899 5241 autem
2928 5187 3205 5241 calamitas
3248 5200 3351 5239 non
3383 5185 3505 5239 sinit
3549 5182 3663 5237 b.t-c
3705 5181 3910 5237 exami-

2333 5296 2479 5336 nare.
2508 5280 2640 5335 Nam
2681 5281 2725 5333 si
2755 5294 2853 5333 nec
2890 5278 2958 5333 de
2986 5279 3133 5331 sanis
3174 5285 3385 5348 oportet
3425 5274 3681 5337 scrutari,
3715 5289 3813 5327 nec
3842 5274 3914 5327 de

2334 5373 2558 5429 aliorum
2599 5373 2757 5427 rebus
2799 5385 2917 5427 esse
2946 5370 3205 5432 Clll‘ilSOS,
3252 5369 3418 5422 multo
3459 5368 3626 5437 mag's
3664 5365 3733 5421 de
3773 5368 3914 5420 male

2337 5467 2680 5537 patientibus.
2726 5465 2937 5534 Alioqui
2972 5478 3101 5518 vero
3142 5460 3315 5531 quid?
3348 5459 3534 5516 Vidisti
3583 5474 3706 5513 eum
3753 5458 3917 5513 rebus

2339 5559 2413 5612 uti
2438 5556 2707 5619 secundis,
2732 5566 2785 5610 et
2805 5555 2972 5626 gloria
3000 5554 3192 5608 ﬂorere
3214 5554 3339 5607 etin
3362 5553 3497 5606 bona
3517 5550 3919 5605 existimatione

681 5680 725 5721 et
752 5640 876 5722 uxor
900 5668 1117 5736 inﬁdelis
1141 5671 1193 5722 in
1215 5640 1321 5723 am
1352 5640 1426 5737 it.
1456 5666 1569 5725 Cor.
1605 5670 1658 5724 7.
1691 5640 1801 5743 tt).
1824 5668 1956 5727 Vide
1976 5640 2246 5740 quomotto
2339 5665 2480 5715 esse.
2509 5664 2628 5704 cum
2653 5649 2786 5702 dicis
2811 5662 2932 5702 eum
2958 5660 3077 5701 esse
3103 5643 3299 5700 malum
3326 5654 3377 5698 ει
3406 5640 3749 5711 improbum?
3778 5642 3920 5743 ιιξειιε

683 5761 813 5813 tides
840 5759 960 5813 facit
983 5759 1477 5817 sanctificationem.
1508 5759 1563 5816 Si
1588 5775 1717 5828 ergo
1750 5760 2073 5817 mundanum
2098 5760 2247 5818 vide-
2342 5745 2536 5816 Ροιῖιιιτ
2578 5762 2590 5798 ε

2636 5744 2679 5797 si
2708 5751 2894 5815 autem
2934 5739 3117 5795 videas
3146 5739 3283 5794 male
3324 5736 3632 5808 patientem,
3676 5750 3742 5791 ne
3774 5724 3920 5789 dicas
