4122 6338
248 328 314 383 89
1095 326 1157 382 IN
1200 322 1413 381 EPIST.
1457 320 1548 376 AD
1587 316 1845 375 HEBRE

1946 357 1959 371 .
2003 317 2157 375 CAP.
2204 316 2292 374 Vl.
2352 318 2584 375 llUMIL.
2632 317 2723 373 XI.
3466 304 3534 356 SH)

257 445 373 482 eum
403 444 523 483 esse
551 432 748 487 malum
777 438 833 485 et
860 433 1183 500 improbum.
1211 432 1341 487 Nam
1366 434 1583 505 quando
1611 446 1693 491 est
1721 441 1834 507 qut-

255 520 377 576 dem
418 520 554 574 fama
596 521 847 588 celebris,
891 521 1006 577 lucc
1047 530 1194 578 recte
1219 522 1487 579 dicimus:
1514 528 1729 597 quando
1754 544 1843 582 au-

264 624 371 667 tem
398 624 479 667 est
510 616 563 669 in
591 614 897 669 calamitate
919 624 973 670 et
994 625 1116 686 eget
1142 616 1368 683 auxilio,
1399 633 1504 671 non
1528 629 1742 687 oportet
1764 618 1845 673 di-

254 718 379 760 eerc
408 720 530 759 eum
560 721 684 760 esse
713 706 912 761 malum
944 724 957 759 :
990 710 1090 761 hoc
1119 708 1263 761 enim
1295 718 1376 763 est
1406 709 1740 765 crudelitatis
1788 720 1842 766 et

256 796 668 851 inbumauitatis
696 807 751 851 et
779 800 1118 868 arrogantiae.
1145 800 1285 869 Quid
1308 844 1321 867 ,
1367 801 1454 857 die
1494 818 1680 872 qua'so
1703 847 1717 869 ,
1751 806 1846 871 luit

252 886 454 942 linteis
486 888 763 957 iniquius?
784 889 888 944 Sed
922 890 1059 945 Deus
1088 876 1182 945 eos
1211 892 1401 962 puniit,
1435 902 1490 948 et
1513 894 1655 964 jure,
1686 907 1846 967 atque

253 978 389 1032 adeo
411 978 536 1046 jure
564 980 768 1048 Optimo
800 1000 813 1035 :
845 990 899 1035 et
932 991 1108 1037 tamen
1137 997 1253 1048 eos,
1284 985 1373 1055 qui
1408 986 1646 1056 ipsorum
1678 989 1846 1043 mise-

257 1058 531 1132 mltﬁntnr,
587 1069 771 1125 habuit
812 1084 1093 1143 acceptos,
1140 1089 1235 1129 eos
1274 1091 1428 1144 vero,
1473 1078 1564 1147 qui
1611 1079 1845 1149 ipsorum

252 1161 543 1215 calamitati
584 1164 905 1218 insultarunt
946 1177 999 1220 et
1041 1166 1204 1221 liBlali
1241 1178 1389 1235 sunt,
1433 1170 1622 1240 puniit.
1659 1171 1846 1244 Nihil,

255 1250 462 1321 inquit,
497 1253 822 1323 patiebantur
849 1257 911 1310 ob
950 1260 1303 1314 contritionent
1330 1260 1524 1332 Joseplt
1552 1261 1746 1337 (Alnos.
1788 1268 1842 1321 ϐ.

254 1344 332 1412 6).
380 1344 447 1399 Et
488 1360 675 1400 rursus
715 1346 842 1401 dicit
880 1366 894 1401 :
937 1347 1150 1403 Redime
1182 1368 1267 1405 eos
1294 1358 1380 1421 qui
1406 1355 1742 1427 occiduntur,
1786 1375 1845 1413 ne

254 1434 653 1525 par-caelibes.
674 1436 768 1491 24.
804 1439 910 1508 11).
930 1439 1058 1525 .Non
1088 1441 1251 1506 dixit,
1282 1445 1554 1525 Scrutare,
1584 1459 1634 1502 et
1664 1466 1845 1518 qna-re

253 1516 374 1584 quis
408 1516 518 1569 sit:
542 1529 863 1584 quamquam
894 1516 1206 1589 plerumque
1234 1522 1358 1575 mali
1398 1534 1525 1577 sunt
1554 1525 1643 1593 qui
1672 1516 1842 1580 abdu-

250 1614 488 1670 cuntur;
522 1604 617 1659 sed
658 1605 974 1675 simpliciter
1014 1609 1166 1674 dixit,
1219 1610 1451 1679 Redime,
1479 1617 1722 1686 quisquis
1751 1619 1843 1686 sit,

250 1696 445 1766 inquit.
478 1696 590 1751 lloc
620 1698 763 1751 enim
790 1700 1019 1755 maxime
1058 1712 1139 1755 est
1182 1702 1549 1777 eleemosyua.
1584 1707 1713 1763 Nam
1753 1713 1843 1780 qui

246 1791 428 1845 amico
458 1790 597 1846 bene
624 1791 749 1846 facit
770 1833 786 1858 ,
816 1809 922 1847 non
950 1793 1000 1848 id
1034 1795 1190 1864 plane
1223 1795 1349 1851 facit
1380 1810 1601 1868 pr0p1er
1629 1802 1793 1858 Deum
1829 1825 1841 1861 :

245 1883 333 1951 qui
367 1893 551 1938 autem
593 1883 794 1953 ignoto,
844 1886 889 1939 is
934 1902 1067 1956 pure
1112 1898 1167 1942 et
1214 1891 1428 1946 sincere
1468 1892 1594 1948 facit
1624 1906 1842 1966 propter

246 1974 444 2029 Deum.
480 1975 547 2030 Et
574 1975 665 2031 ille
689 1977 905 2047 quidem
932 1978 1081 2045 dicit,
1115 1980 1189 2035 Ne
1222 1996 1407 2051 parcas
1442 1987 1702 2054 pecuniis,
1744 1990 1837 2045 sed

240 2067 457 2122 etiamsi
505 2083 693 2125 omnes
737 2080 984 2139 Oporteat
1030 2073 1305 2129 effundere
1327 2118 1342 2141 ,
1377 2077 1441 2131 da
1473 2094 1485 2130 :
1517 2094 1616 2134 nos
1652 2094 1834 2137 autem

242 2158 489 2213 videntes
516 2158 787 2227 sull'ocari,
820 2161 1122 2227 lamentari,
1153 2166 1301 2221 mille
1333 2168 1597 2225 mortibus
1620 2172 1835 2241 gravio-

239 2264 294 2305 ra
323 2252 471 2321 pati,
503 2260 560 2307 et
588 2268 735 2323 saepe
774 2253 993 2325 injuste,
1028 2258 1297 2327 parcimus
1335 2262 1613 2330 pecuniis,
1643 2273 1697 2319 et
1724 2279 1833 2320 non

1951 427 2222 499 parcimus
2254 422 2538 485 fratribus;
2571 435 2749 474 rerum
2780 416 3138 471 inanimarum
3170 428 3354 467 curam
3399 413 3547 482 geri-

1950 534 2090 587 mus,
2120 519 2353 572 animam
2384 526 2563 570 autem
2593 512 2933 582 negligimus.
2970 510 3127 579 Atqui
3155 508 3282 561 dicit
3327 508 3543 563 l‘aulus:

1948 613 1973 668 Ι
1982 632 2015 669 n
2043 611 2426 667 mansuetudine
2443 609 2645 663 erudire
2659 624 2743 661 eos
2755 606 2842 676 qui
2864 606 3199 672 adversantur
3222 619 3239 656 :
3258 621 3319 657 ne
3338 604 3545 673 quando

1950 706 2086 762 Deus
2111 706 2193 761 det
2221 705 2325 759 illis
2355 701 2703 774 pa'nitentiam
2733 698 2799 751 ad
2828 696 3228 767 roguosccndmu
3262 697 3540 758 veritatem,

1945 810 1992 854 et
2020 800 2319 871 resipiscam
2344 813 2376 849 a
2401 794 2593 849 diaboli
2623 791 2818 861 laqueis
2840 831 2856 857 ,
2887 806 2919 843 a
2945 805 3045 859 quo
3092 788 3281 855 captivi
3312 798 3547 841 tenentur

1943 893 2012 948 ad
2038 893 2197 962 ipsius
2225 890 2532 944 voluntatem
2558 885 2635 953 (2.
2664 882 2799 937 Tim.
2838 880 2894 937 2.
2930 880 3017 935 25.
3052 878 3167 951 26).
3214 877 3300 932 Ne
3337 879 3545 949 quamlo

1941 981 2073 1037 dicit
2117 998 2134 1038 :
2181 981 2331 1037 rides
2370 989 2567 1051 quanta
2601 981 2857 1049 patientia
2906 980 3121 1049 plenum
3169 979 3239 1030 sit
3278 974 3546 1032 verbum!

1944 1072 2078 1127 Eum
2113 1086 2211 1127 nos
2256 1087 2473 1143 quoque
2516 1073 2792 1126 imitantes
2820 1071 2887 1125 de
2918 1071 3136 1126 nemine
3165 1070 3543 1139 desperemus.

1946 1166 2157 1222 Etenim
2190 1166 2490 1237 piscatores
2519 1180 2641 1220 cum
2671 1178 2817 1234 sa‘pe
2846 1163 2978 1218 retia
3012 1164 3065 1218 in
3102 1177 3253 1218 mare
3273 1160 3509 1231 jeccrint
3528 1200 3547 1232 ,

1944 1257 2078 1314 nihil
2109 1268 2233 1312 sunt
2270 1258 2579 1327 assequuti;
2628 1272 2752 1312 cum
2798 1265 2986 1327 postea
3028 1264 3209 1309 autem
3248 1252 3548 1323 jecissent,

1947 1364 2117 1421 t0tum
2146 1361 2491 1423 acceperunt.
2528 1352 2603 1406 lta
2634 1366 2733 1406 nos
2759 1366 2975 1423 quoque
3007 1348 3318 1419 neutiquam
3348 1347 3546 1416 despe-

1945 1460 2147 1510 ramus,
2178 1446 2275 1501 sed
2306 1456 2685 1516 exspectamus
2725 1443 2867 1514 quod
2902 1452 3073 1497 totum
3120 1441 3280 1496 simul
3327 1449 3558 1509 repente

1947 1539 2102 1594 nobis
2129 1536 2430 1595 ostendetis
2460 1538 2688 1593 fructum
2716 1547 3009 1591 maturum.
3040 1534 3174 1590 Nam
3207 1544 3262 1590 et
3289 1530 3547 1603 agricola,

1948 1642 2227 1703 postquam
2258 1632 2649 1697 seminaverit,
2680 1631 2917 1701 primum
2955 1629 3100 1684 diem
3147 1636 3201 1682 et
3248 1624 3550 1681 secundum

1948 1724 2307 1795 przestolatur,
2331 1735 2383 1779 et
2404 1724 2565 1795 longa
2588 1735 2829 1793 tempore
2849 1730 3127 1794 exspectat
3152 1739 3165 1786 ;
3193 1730 3301 1774 tum
3328 1729 3553 1790 repente

1949 1817 2130 1881 videt,
2164 1816 2401 1886 undique
2449 1815 2655 1870 fructus
2694 1815 2856 1869 simul
2897 1814 3289 1885 germinantes.
3339 1810 3452 1866 lloc
3499 1811 3550 1863 in

1948 1911 2101 1965 vobis
2131 1925 2348 1981 quoque
2376 1909 2614 1965 futurum
2661 1919 3041 1979 exspectamus
3084 1907 3253 1978 gratia
3297 1914 3353 1959 ct
3396 1904 3551 1958 beni-

1948 2005 2152 2076 gnitate
2202 2003 2417 2059 Domini
2464 2003 2633 2057 nostri
2679 2001 2809 2058 Jesu
2853 1999 3091 2066 Christi,
3122 1998 3208 2054 cui
3236 2013 3361 2055 cum
3393 1996 3553 2051 Patre

1952 2113 2055 2153 una
2101 2114 2222 2155 cum
2267 2106 2455 2153 sancto
2497 2096 2703 2168 Spiritu
2744 2097 2937 2168 gloria,
2982 2094 3291 2165 imperium,
3338 2092 3551 2157 honor,

1953 2208 2093 2248 nunc
2114 2203 2165 2247 et
2194 2207 2429 2263 semper,
2454 2202 2510 2247 et
2537 2192 2589 2246 in
2618 2191 2813 2246 smcula
2845 2189 3190 2246 szeculorum.
3220 2188 3418 2242 Amen.

249 2384 3535 2409 ———____——————_—_—______—___—______—________

1594 2483 1943 2551 HOMILIA
1999 2492 2088 2554 Xl
2107 2539 2121 2552 .

245 2630 379 2684 (lar.
414 2627 467 2682 6.
497 2642 547 2678 ν.
580 2626 664 2679 15.
699 2625 915 2678 Abrahae
944 2623 1076 2676 enim
1104 2622 1398 2689 promittens
1432 2620 1583 2685 Deus,
1614 2639 1729 2676 cum
1760 2642 1844 2680 ne-

320 2722 507 2773 minem
534 2720 733 2773 haberet
758 2734 847 2786 per
866 2733 1009 2784 quem
1029 2717 1230 2785 jnraret
1257 2716 1521 2783 majorem,
1537 2716 1732 2784 jnrat'it
1757 2736 1845 2787 per

319 2815 562 2882 seipsum,
591 2812 760 2863 dicens
785 2825 802 2862 :
828 2811 905 2863 l4.
945 2808 1062 2861 Nisi
1086 2807 1382 2861 benedicens
1414 2809 1703 2862 benedicam
1731 2812 1841 2879 tibi,

319 2915 370 2957 et
409 2903 755 2971 multiplicans
786 2899 1131 2977 multiplicabo
1170 2908 1234 2951 te.
1276 2898 1362 2953 l5.
1398 2898 1462 2951 Et
1491 2901 1565 2952 sic
1609 2902 1846 2970 longani-

322 2999 472 3050 miter
510 3001 675 3067 ferens
714 2995 927 3059 adoptas
970 3001 1042 3045 est
1088 2993 1545 3059 repromissiancm.
1599 2992 1844 3047 Homines

320 3090 456 3141 enim
489 3103 576 3157 per
596 3087 839 3147 maiorem
870 3100 920 3137 se
939 3084 1119 3152 jurant
1143 3098 1160 3135 :
1188 3084 1271 3136 16.
1298 3095 1344 3135 et
1366 3085 1528 3136 omnis
1550 3094 1845 3139 controver-

318 3183 412 3235 sia:
434 3180 551 3246 linis
576 3179 625 3231 ia
649 3176 1102 3247 conformationem
1129 3184 1200 3227 est
1221 3177 1597 3245 juramentmn.

327 3276 377 3327 1.
418 3270 551 3324 Cum
582 3267 837 3322 Hebrteos
865 3266 1209 3320 vehementer
1246 3275 1300 3320 et
1343 3266 1550 3323 fortiter
1582 3269 1847 3340 tetigisset

244 3376 305 3422 ct
333 3380 429 3419 eos
457 3364 587 3419 satis
614 3361 931 3428 terruisset;
970 3360 1197 3429 primum
1225 3358 1439 3429 quidem
1472 3376 1567 3416 eos
1596 3364 1845 3417 consola-

248 3473 338 3513 tur
364 3457 643 3515 laudibus;
676 3453 913 3508 secundo
934 3464 1137 3515 autem,
1160 3453 1300 3522 quod
1324 3462 1407 3507 est
1437 3454 1596 3509 etiam
1630 3456 1841 3525 fortius,

248 3552 394 3620 quod
425 3566 486 3604 ea
518 3565 637 3618 quae
664 3557 883 3619 sperant
923 3548 1030 3599 sint
1066 3546 1288 3600 omnino
1327 3551 1734 3617 consequuturi.
1778 3550 1846 3605 Et

246 3645 584 3708 consolatur,
629 3657 734 3695 non
779 3657 808 3693 a
856 3640 1248 3709 praesentibus,
1296 3640 1390 3693 sed
1437 3656 1463 3691 a
1507 3643 1840 3710 prmteritis:

248 3738 395 3807 quod
424 3735 639 3806 quidem
666 3734 746 3788 eis
777 3734 943 3803 magis
976 3733 1347 3798 persnzulebat.
1376 3732 1838 3799 Quemadmodum

247 3823 393 3875 enim
438 3823 489 3874 in
532 3819 796 3889 supplicio
833 3836 925 3887 per
952 3818 1037 3872 illa
1072 3818 1241 3887 magis
1270 3826 1467 3883 terret,
1500 3817 1571 3872 ita
1598 3818 1759 3873 etiam
1793 3819 1843 3871 iu

250 3913 491 3981 praemiis
523 3927 616 3981 per
643 3910 760 3965 base
791 3911 1119 3974 consolatur,
1150 3911 1239 3965 Dei
1272 3926 1391 3965 esse
1424 3926 1628 3966 morem
1661 3920 1845 3965 osten-

252 4006 389 4059 dens
422 4023 435 4058 :
470 4004 515 4057 is
542 4012 721 4058 autem
754 4010 856 4065 est,
890 4017 994 4056 non
1027 4002 1207 4057 statim
1247 4002 1503 4056 exhibere
1548 4006 1845 4071 promissa,

251 4098 345 4152 sed
375 4098 537 4165 longo
564 4104 685 4166 post
711 4106 970 4163 tempore.
1009 4093 1119 4148 lloe
1145 4104 1324 4149 autem
1356 4094 1499 4158 facit,
1531 4104 1583 4148 et
1611 4110 1719 4147 sum
1750 4109 1847 4163 po-

254 4190 435 4243 tcntite
467 4204 714 4258 maguum
746 4186 1024 4255 proferens
1052 4185 1305 4240 indicium
1328 4228 1342 4249 ,
1370 4196 1425 4240 et
1458 4202 1555 4239 nos
1586 4186 1849 4242 inducens

253 4280 320 4331 ad
351 4280 536 4343 tidem,
563 4287 619 4331 ut
645 4277 735 4347 qui
770 4278 950 4331 \‘it‘tllll
990 4277 1042 4331 in
1071 4276 1448 4331 afﬂictionibus
1467 4319 1482 4341 ,
1513 4286 1567 4331 et
1594 4292 1692 4331 nec
1720 4292 1844 4347 pro-

254 4372 418 4423 missa
467 4370 733 4437 accipiunt
778 4383 877 4423 nec
915 4368 1211 4431 mercedes,
1245 4368 1309 4422 ad
1345 4368 1556 4422 labores
1585 4382 1688 4422 non
1718 4370 1851 4423 deli-

254 4465 420 4515 ciant.
478 4461 540 4517 Et
588 4476 777 4515 omnes
820 4459 1131 4523 dimittens,
1177 4462 1301 4514 licet
1345 4460 1566 4515 haberet
1614 4462 1836 4530 multos,

258 4554 533 4607 Abraham
568 4554 619 4606 in
654 4553 886 4606 medium
919 4552 1176 4616 adduxit,
1208 4560 1261 4606 et
1288 4562 1507 4623 propter
1538 4552 1633 4605 viri
1662 4562 1843 4605 aucto.

259 4648 510 4709 ritatein,
542 4654 596 4700 et
621 4645 763 4715 quod
793 4645 842 4698 id
877 4645 1105 4698 maxime
1150 4643 1204 4697 in
1244 4659 1311 4697 eo
1354 4644 1614 4697 creuerit.
1656 4646 1855 4709 Quam-

258 4753 421 4804 quam
454 4735 585 4789 dicit
614 4736 668 4789 in
693 4738 799 4789 line
824 4734 1087 4803 lipistolw,
1115 4734 1253 4803 quod
1283 4734 1366 4787 isti
1396 4749 1584 4787 oinues
1611 4750 1731 4787 cum
1760 4748 1852 4789 cas

261 4829 453 4897 procul
485 4827 742 4881 vidissent
780 4835 833 4879 et
873 4826 1103 4895 amplexi
1141 4834 1360 4889 essent,
1393 4841 1495 4879 non
1529 4834 1855 4895 acceperunt

264 4918 695 4987 promissiones,
745 4933 811 4969 ne
867 4910 1067 4983 absque
1126 4916 1277 4968 nobis
1329 4926 1851 4970 consumtnarenlur.

258 5009 481 5063 Abt-alue
507 5006 657 5070 enim,
694 5002 898 5073 inquit,
939 4999 1233 5069 promittens
1263 4995 1418 5061 Deus,
1446 5011 1560 5048 cum
1592 4996 1843 5048 neminem

263 5104 467 5154 haberet
510 5113 598 5167 per
633 5112 779 5166 quem
805 5095 1007 5162 juraret
1043 5092 1306 5158 majorem,
1328 5088 1523 5155 juravit
1546 5103 1637 5157 per
1662 5095 1848 5141 semet-

258 5198 447 5261 ipsum,
483 5191 655 5244 dicens
679 5205 696 5241 :
722 5185 838 5239 Nisi
864 5185 1157 5239 benedicens
1185 5181 1475 5236 benedicam
1504 5180 1616 5244 tibi,
1646 5188 1690 5232 et
1722 5180 1854 5232 mul-

256 5288 502 5353 tiplicans
544 5279 891 5347 multiplicabo
934 5287 1000 5330 te.
1045 5275 1109 5328 Et
1152 5276 1223 5327 sic
1265 5272 1620 5343 longanimiter
1663 5276 1849 5341 ferens,

260 5379 473 5448 adeptus
517 5385 588 5429 est
630 5370 1090 5442 repromissionem.
1131 5366 1412 5432 Quomodo
1453 5365 1611 5433 igitur
1650 5364 1703 5417 iii
1747 5366 1854 5419 lino

259 5470 417 5533 dicit,
453 5465 575 5521 Non
605 5465 801 5531 accepit
828 5480 910 5530 pri
925 5461 1186 5515 missiones
1226 5458 1241 5524 (
1276 5456 1431 5509 llebr.
1464 5457 1547 5510 ll.
1577 5455 1646 5510 39
1674 5456 1724 5523 );
1768 5454 1856 5511 hic

262 5580 409 5627 sero,
444 5557 832 5630 Longanituiter
852 5553 1262 5624 ferens,adeptus
1284 5562 1356 5605 est
1382 5551 1818 5620 rcpromissionem
1833 5549 1859 5603 .’

257 5654 530 5727 qnnnunlo
579 5666 689 5704 non
740 5648 987 5717 accepit?
1031 5644 1302 5715 quomodo
1331 5654 1409 5698 est
1444 5642 1708 5710 adeptus?
1737 5643 1853 5698 Non

258 5755 317 5813 tle
345 5753 539 5811 iisdem
574 5748 659 5805 hic
694 5756 747 5802 et
776 5744 885 5801 illic
907 5743 1065 5808 dicit,
1097 5740 1191 5797 sed
1219 5738 1484 5810 duplicem
1514 5737 1639 5795 facit
1665 5753 1854 5795 1201150·

1950 2624 2225 2671 latiutteltt.
2313 2609 2970 2668 PromisitAbrahanet
3018 2622 3138 2676 qua:
3186 2604 3276 2661 bie
3322 2605 3542 2674 quidem

1948 2715 2096 2772 sunt,
2143 2705 2293 2762 dedit
2331 2705 2490 2774 longo
2532 2713 2650 2773 post
2694 2711 2965 2769 tempore;
3011 2715 3131 2768 qua:
3169 2708 3349 2752 autem
3396 2698 3541 2762 illic,

1951 2802 2187 2856 nnmlum
2221 2818 2233 2853 :
2268 2808 2323 2854 et
2349 2798 2427 2851 sic
2455 2798 2609 2865 longa
2643 2810 2775 2848 usus
2805 2791 3058 2862 patientia
3081 2833 3097 2857 ,
3129 2789 3545 2860 promissionem

1949 2906 2031 2949 est
2070 2890 2335 2961 adeptus?
2382 2888 2542 2943 Vides
2579 2886 2721 2957 quod
2756 2900 2863 2938 non
2894 2885 3008 2937 sola
3044 2882 3332 2951 promissio
3374 2892 3543 2936 totum

1949 2986 2146 3047 elici-it,
2188 2984 2282 3039 sed
2324 2983 2485 3036 etiam
2529 2980 2687 3049 longa
2734 2975 3029 3047 patientia?
3079 2975 3174 3029 Ilie
3218 2989 3314 3028 eos
3356 2984 3543 3039 terret,

1948 3078 2242 3134 ostendens
2271 3074 2411 3144 quod
2440 3088 2585 3142 saepe
2611 3071 2898 3140 impeditur
2923 3069 3210 3139 promissio
3242 3083 3337 3137 per
3366 3066 3545 3137 pusilli

1947 3172 2112 3229 animi
2143 3170 2353 3224 vitium.
2389 3167 2454 3220 lit
2483 3167 2585 3220 hoc
2612 3164 2827 3235 quidem
2855 3160 3094 3217 ostendit
3121 3175 3218 3232 per
3248 3159 3501 3231 populum
3530 3177 3544 3213 :

1949 3282 2071 3322 nam
2093 3264 2345 3335 quoniam
2371 3257 2568 3328 pusillo
2598 3255 2814 3311 fuerunt
2843 3256 3046 3318 animo,
3077 3268 3180 3309 non
3210 3260 3337 3306 sunt
3364 3250 3546 3319 adepti

1947 3356 2361 3429 promissionem
2384 3349 2750 3407 :contrarium
2778 3357 2957 3401 autem
2988 3344 3222 3401 osxendit
3252 3360 3346 3414 per
3369 3345 3545 3399 Abra-

1947 3449 2093 3503 ham.
2137 3442 2341 3501 Deinde
2381 3444 2433 3495 in
2476 3440 2584 3494 line
2631 3439 2761 3494 l'aci-t
2806 3440 2969 3492 etiam
3014 3434 3216 3507 aliquid
3258 3434 3542 3505 amplius:

1944 3537 2178 3595 ostendit
2216 3534 2357 3606 quod
2392 3533 2551 3587 etiam
2593 3545 2715 3586 cum
2759 3531 2912 3600 longa
2945 3528 3197 3598 patientia
3228 3542 3333 3581 non
3363 3536 3547 3582 essent

1942 3632 2147 3699 adepti,
2180 3643 2354 3696 neque
2382 3626 2459 3679 sic
2487 3623 2703 3695 quidem
2732 3628 2860 3676 sunt
2884 3620 3097 3674 tristitia
3128 3619 3327 3674 allecti.
3361 3617 3544 3692 Homi—

1945 3741 2029 3775 nes
2057 3723 2189 3776 enim
2223 3735 2313 3790 per
2339 3717 2584 3787 majorem
2604 3714 2810 3785 jurant,
2834 3722 2882 3766 et
2906 3713 3030 3784 ipsis
3061 3711 3225 3764 omnis
3255 3721 3547 3765 controver-

1942 3814 2034 3866 sia'
2060 3812 2178 3879 ﬁnis
2206 3812 2257 3863 in
2288 3807 2731 3876 conﬁrmationem
2761 3814 2834 3857 est
2854 3805 3206 3872 juramentum
3234 3818 3252 3857 :
3282 3801 3418 3856 Deus
3447 3819 3544 3855 au-

1940 3912 2039 3957 tem
2069 3917 2185 3955 cum
2226 3898 2422 3953 nullum
2466 3896 2667 3949 haberet
2715 3895 2961 3963 majorem
3002 3911 3092 3963 per
3129 3910 3277 3963 quem
3312 3896 3540 3963 jurarel,

1938 3995 2129 4067 iuravit
2150 4009 2239 4063 per
2263 3991 2608 4061 scinetipsum.
2643 3985 2831 4041 Recte.
2860 3986 2991 4054 Quis
3012 3995 3095 4041 est
3120 4002 3250 4056 ergo
3275 3987 3363 4056 qni
3388 3986 3543 4055 jura.

1940 4087 2013 4134 vit
2044 4079 2308 4136 Abrahae?
2346 4093 2524 4131 annon
2560 4076 2763 4131 Filius?
2810 4075 2956 4143 Non,
3002 4074 3193 4144 inquit.
3247 4072 3397 4128 Unde
3438 4073 3541 4126 hoc

1936 4172 2109 4226 dicis?
2157 4170 2392 4225 Maxime
2444 4166 2665 4238 quidem
2720 4166 2869 4236 ipse;
2924 4165 3021 4220 sed
3078 4181 3185 4220 non
3239 4163 3532 4219 contendo.

1938 4262 2163 4333 Quando
2190 4277 2320 4333 ergo
2350 4262 2464 4330 ipse
2488 4260 2636 4331 jurat
2680 4260 2782 4314 hoc
2822 4259 2938 4327 ipso
2973 4258 3303 4328 juramento,
3336 4257 3498 4310 Amen
3523 4297 3535 4316 ,

1940 4374 2085 4411 amen
2109 4357 2221 4409 dico
2244 4356 2417 4419 vobis;
2442 4367 2620 4408 annon
2645 4354 2765 4407 ideo
2784 4352 3011 4419 scilicet,
3034 4351 3175 4422 quod
3207 4365 3314 4405 non
3344 4348 3545 4404 habent

1942 4449 2201 4518 majorem
2231 4463 2324 4517 per
2351 4462 2511 4517 quem
2540 4445 2725 4516 juret?
2757 4444 2825 4500 Ut
2852 4443 2995 4500 enim
3018 4443 3219 4513 juravit
3249 4442 3430 4509 Pater,
3467 4440 3541 4496 ita

1943 4545 2103 4601 etiam
2137 4543 2302 4598 Filius
2319 4545 2465 4612 jurat
2495 4558 2589 4611 per
2610 4557 2669 4597 se
2695 4540 2902 4606 dicens,
2935 4539 3115 4601 Amen,
3142 4554 3289 4592 amen
3318 4536 3435 4591 dico
3454 4550 3542 4589 eo-

1944 4638 2036 4692 bis.
2083 4638 2178 4692 llic
2222 4638 2350 4706 ipsis
2395 4644 2615 4691 revocat
2659 4636 2710 4689 in
2755 4633 3065 4688 memoriam
3094 4629 3297 4686 Christi
3322 4644 3542 4700 quoque

1941 4731 2267 4799 juramcnta,
2308 4743 2429 4798 qua:
2473 4726 2686 4782 dicebat
2721 4724 2937 4779 assidue
2969 4742 2983 4776 :
3010 4723 3187 4786 Amen,
3232 4737 3381 4775 auten
3427 4720 3543 4774 a'ico

1948 4822 2057 4887 tibi,
2084 4822 2169 4889 qui
2198 4821 2355 4874 credit
2386 4820 2439 4871 in
2467 4835 2575 4882 me,
2610 4835 2712 4871 non
2738 4818 2984 4871 morietur
3010 4816 3064 4869 in
3094 4823 3335 4869 (sternunt
3362 4811 3545 4882 (Joan.

1950 4914 2036 4968 11.
2070 4913 2188 4982 9.6).
2217 4910 2353 4977 Quid
2386 4919 2489 4975 est,
2524 4908 2589 4963 Et
2617 4911 2782 4963 onmis
2811 4906 3166 4962 controversia
3191 4906 3307 4969 linis
3334 4905 3385 4957 in
3416 4920 3543 4957 con-

1950 5006 2289 5077 ﬁrmationem
2320 5014 2389 5059 est
2413 5002 2803 5075 juramentum?
2839 5002 2896 5057 1d
2930 5011 3015 5056 est
3044 5019 3057 5054 :
3088 5015 3153 5056 ex
3185 4998 3290 5055 hoc
3319 4998 3548 5053 solvitur

1950 5102 2124 5155 munis
2155 5098 2543 5154 controversiae
2571 5098 2835 5153 dubitatio
2869 5114 2882 5150 :
2914 5111 3022 5151 non
3051 5094 3231 5165 hujus,
3260 5101 3353 5147 aut
3381 5092 3548 5156 illius,

1952 5194 2047 5248 sed
2077 5194 2276 5247 omnis.
2308 5194 2481 5261 Atque
2510 5191 2793 5261 oportebat
2820 5188 3039 5259 quidem
3067 5189 3227 5242 etiam
3256 5186 3372 5240 sine
3399 5186 3551 5254 jura-

1954 5297 2135 5341 mento
2181 5285 2289 5338 Deo
2333 5283 2578 5338 credere.
2608 5284 2695 5337 17.
2742 5280 2806 5334 In
2834 5298 2953 5347 quo,
2984 5278 3175 5350 inquit,
3206 5278 3553 5331 abundantius

1954 5383 2123 5435 volens
2152 5377 2291 5432 Deus
2317 5377 2581 5431 ostendere
2610 5374 2994 5445 pollicitationis
3024 5372 3289 5427 heredibus
3316 5371 3550 5423 immobi-

1957 5476 2149 5529 litatem
2172 5472 2372 5526 consilii
2402 5471 2501 5536 sui,
2532 5469 2831 5538 interposuit
2854 5468 3245 5539 jusjurandum.
3280 5464 3377 5519 llic
3406 5481 3553 5520 (‘mlt-

1956 5565 2242 5638 prehendit
2262 5566 2421 5620 etiam
2451 5562 2656 5619 lideles.
2684 5563 2972 5630 Propterea
3001 5560 3245 5615 meminit
3264 5558 3426 5615 etiam
3455 5556 3558 5611 hu-

1955 5660 2041 5731 jns
2086 5657 2480 5729 promissionis,
2510 5672 2629 5724 qua:
2672 5654 2817 5724 prior
2864 5653 3001 5709 facta
3049 5663 3131 5707 est
3173 5651 3554 5708 coutitteuiter.

2038 5752 2049 5785 ¹
2085 5750 2173 5801 llic
2198 5754 2366 5811 incipit
2392 5746 2584 5798 bemdta
2610 5746 2865 5796 undeunia
2893 5756 2938 5791 ιιι
2965 5740 3097 5787 ιζυιιι
