4122 6338
561 262 623 316 Μ
744 318 745 325 η
1252 284 1307 336 S.
1350 280 1624 339 JO.\NNIS
1654 274 2119 335 CllliYSOSTUMl
2172 273 2484 331 ARCIIIEP.
2524 274 3054 331 CONSTANTINOP.
3730 271 3800 325 ii“

556 393 887 459 Interposait,
922 390 1111 460 inquit,
1136 391 1514 461 Jusjurandum.
1552 389 1645 443 Hic
1675 404 1859 443 rimus
1882 389 2007 443 dicit
2038 389 2114 443 Fi-

553 484 675 535 lium
710 481 875 536 fuisse
917 482 1360 545 intercessorem,
1404 480 1541 534 inter
1584 479 1823 533 homines
1851 490 1897 533 et
1934 479 2117 531 Deum.

551 574 638 627 ιδ.
676 571 743 626 Ut
773 588 861 640 per
884 574 1013 625 duas
1050 588 1127 624 res
1163 570 1457 635 iurmobiles,
1492 572 1668 640 quibus
1704 570 2011 641 impossibile
2048 580 2121 621 est

550 666 748 717 mentiri
780 664 960 717 Deum‘.
994 664 1094 717 Per
1120 678 1376 729 quasnam
1406 663 1532 718 res?
1576 662 1674 717 l’er
1702 662 1801 717 hoc
1822 665 1958 733 quod
1986 664 2120 721 dixit

548 774 608 810 ae
639 756 899 827 promisit,
921 766 974 808 et
1001 770 1095 824 per
1124 754 1226 810 hoc
1251 756 1391 825 quod
1420 754 1754 826 promissioni
1783 755 1976 824 adjecit
2002 756 2116 825 jus-

549 849 847 917 jurandum.
889 846 1017 901 Nam
1061 848 1313 917 quoniam
1337 847 1476 916 apud
1507 846 1748 901 homines
1776 845 1880 901 hoc
1907 845 2115 901 videtur

545 955 665 993 esse
718 938 1053 1003 credibilius,
1106 954 1336 1009 nempe,
1387 939 1788 1010 juramentutn,
1839 949 2117 1010 propterea

548 1033 718 1099 ipsum
748 1044 961 1100 quoque
990 1030 1211 1085 addidit.

615 1114 671 1167 ἢ.
709 1114 864 1167 Vides
891 1113 1034 1182 quod
1078 1127 1180 1165 non
1211 1124 1360 1163 Suam
1400 1116 1604 1177 spectet
1633 1106 1982 1176 dignitatem,
2025 1106 2117 1162 sed

552 1203 816 1273 quomodo
847 1201 1151 1256 hominibus
1181 1198 1528 1269 persuadeat,
1580 1206 1636 1253 et
1682 1197 1749 1251 de
1796 1211 1858 1250 se
1905 1194 2120 1263 indigna

550 1296 651 1349 dici
681 1294 929 1355 sustinet,
971 1302 1026 1345 ut
1055 1291 1145 1360 qui
1180 1291 1305 1343 velit
1353 1290 1564 1357 plenam
1596 1296 1650 1340 et
1694 1295 1896 1341 certant
1928 1284 2122 1339 aﬂerre

548 1383 954 1454 probationem?
988 1383 1054 1435 Et
1095 1383 1147 1434 in
1190 1381 1495 1434 Abrahamo
1534 1377 1751 1448 quidem
1780 1376 2012 1431 ostendit
2036 1370 2121 1429 to-

548 1492 657 1532 tum
680 1493 802 1532 esse
833 1476 962 1538 Dei,
994 1492 1098 1529 non
1130 1474 1273 1528 illius
1301 1474 1568 1529 diuturna:
1599 1473 1870 1542 patientia:
1892 1513 1906 1535 ,
1956 1470 2123 1539 siqui»

546 1569 667 1621 dem
717 1566 970 1620 sustinuit
1020 1566 1176 1619 etiam
1228 1563 1431 1618 addere
1475 1562 1875 1632 juramentum;
1931 1562 1974 1614 si
2030 1575 2122 1629 per

542 1674 700 1724 «piem
725 1656 906 1727 jurant
937 1656 1203 1717 homines,
1241 1653 1381 1709 Deus
1413 1668 1624 1724 quoque
1652 1668 1745 1722 per
1782 1651 2118 1723 ipsumjura-

544 1753 639 1813 vil,
674 1766 866 1820 nempe
908 1764 1000 1818 per
1047 1748 1305 1816 seipsum.
1348 1746 1454 1802 Sed
1487 1748 1558 1801 illi
1590 1746 1802 1817 quidem
1852 1754 2119 1815 tauquam

545 1858 640 1909 per
670 1840 946 1909 majorem,
996 1840 1081 1893 hic
1125 1849 1301 1893 autem
1352 1854 1455 1890 non
1507 1851 1774 1907 tamquam
1808 1852 1901 1905 per
1956 1837 2121 1904 utajo-

547 1951 657 1987 rem
690 1953 701 1986 :
732 1944 786 1986 et
833 1944 1009 1985 tamen
1065 1930 1208 1984 fecit.
1251 1929 1364 1983 Non
1416 1938 1539 1982 sunt
1591 1928 1732 2004 enim
1778 1926 1963 1997 paria,
2024 1926 2119 1979 ho-

545 2028 739 2078 minem
772 2040 865 2093 per
888 2040 946 2077 se
963 2024 1165 2090 jurare,
1194 2032 1246 2075 et
1279 2021 1442 2075 Deum
1471 2038 1483 2075 :
1515 2021 1675 2074 homo
1704 2022 1845 2075 enim
1888 2036 1991 2073 non
2025 2019 2118 2073 ha-

546 2120 633 2171 bet
677 2119 758 2170 sui
819 2125 1160 2183 potestatem.
1221 2114 1383 2170 Vides
1431 2114 1572 2184 Quod
1625 2114 1727 2171 hoc
1783 2129 1889 2169 non
1948 2115 2116 2184 magis

544 2213 770 2264 Abrahae
796 2210 994 2264 dictum
1023 2210 1086 2262 sit
1114 2224 1274 2278 quam
1299 2208 1493 2262 nobis?
1520 2206 1893 2271 Fortissimum,
1922 2206 2112 2276 inquit,

544 2301 781 2354 solatium
809 2299 1083 2351 habeamus
1124 2300 1210 2366 qui
1236 2298 1557 2368 confugimus
1594 2298 1662 2352 ad
1687 2297 1954 2351 tenendam
1998 2312 2118 2365 pro-

544 2393 763 2459 positam
791 2407 954 2461 spent.
984 2390 1080 2445 llic
1109 2405 1320 2458 quoque
1346 2404 1534 2444 rursus
1563 2390 1716 2460 longa
1747 2404 1877 2445 usus
1906 2388 2115 2457 patien~

544 2482 634 2541 tia.
667 2490 984 2549 assequutus
1018 2488 1100 2533 est
1136 2479 1567 2548 promissionem.
1603 2477 1751 2531 Nunc
1772 2516 1787 2541 ,
1823 2478 2030 2547 inquit,
2060 2487 2117 2533 et

542 2586 646 2624 non
693 2570 870 2624 dixit:
900 2570 1164 2638 Quoniam
1203 2569 1421 2638 juravit.
1468 2567 1607 2636 Quid
1639 2568 1707 2622 sit
1748 2576 1927 2622 autem
1968 2567 2116 2637 jura-

542 2672 801 2727 mentum,
828 2663 1083 2729 ostendit,
1112 2662 1299 2716 dicens
1319 2703 1332 2725 ,
1356 2660 1548 2719 .lurare
1576 2675 1674 2732 per
1701 2660 1982 2729 majorem.
2008 2659 2115 2716 Sed

540 2755 789 2821 quoniam
816 2763 900 2809 est
925 2754 1253 2809 incredulum
1282 2766 1453 2823 genus
1481 2751 1775 2815 hominum,
1804 2750 1872 2804 ad
1898 2749 2111 2816 eadem,

540 2845 605 2898 ad
627 2860 743 2915 qua:
767 2860 883 2909 nes,
912 2860 971 2900 se
1001 2844 1237 2899 dimittit.
1262 2846 1410 2899 Sient
1437 2859 1565 2914 ergo
1585 2844 1729 2912 jurat
1757 2852 1972 2912 promer
1993 2858 2112 2908 nos,

541 2938 888 2992 etiamsi'illo
933 2940 1002 2992 sit
1033 2938 1307 3007 indignum
1348 2937 1490 3008 quod
1542 2952 1646 2990 non
1686 2937 1938 2991 credatur
1979 2953 1994 2989 :
2042 2937 2114 2991 ita

542 3032 701 3083 illam
729 3030 930 3085 dictum
972 3041 1051 3085 est
1093 3030 1257 3092 illud,
1295 3028 1487 3083 Didicit
1514 3044 1575 3081 ea:
1608 3029 1669 3083 iis
1692 3043 1804 3096 quia
1837 3043 2015 3097 passus
2042 3038 2114 3081 est

545 3121 727 3186 (Hebr.
754 3120 807 3175 5.
835 3122 892 3187 8)
928 3138 939 3172 :
969 3122 1220 3189 quoniam
1247 3121 1553 3179 existimant
1579 3119 1823 3174 homines
1859 3118 1963 3174 hoc
1995 3134 2116 3175 esse

542 3214 709 3281 magis
738 3214 837 3265 lide
864 3214 1080 3281 dignum
1104 3255 1117 3275 ,
1157 3213 1366 3281 assequi
1412 3227 1504 3278 per
1543 3211 1949 3279 experientiam.
1978 3210 2112 3275 Quid

541 3315 642 3367 est,
683 3302 1005 3369 PmpOsitum
1037 3319 1176 3371 spem
1198 3302 1224 3355 ?
1249 3302 1325 3355 Ex
1358 3303 1439 3354 his
1463 3342 1480 3367 ,
1508 3302 1716 3369 inquit,
1748 3300 1919 3354 futura
1948 3300 2114 3367 eotiji-

541 3396 747 3448 cimtis:
780 3412 899 3446 nam
927 3396 969 3445 si
1002 3396 1113 3449 lm-c
1139 3403 1261 3462 post
1302 3402 1505 3446 tantum
1547 3401 1755 3459 tempus
1795 3400 2109 3455 evenerunt,

542 3505 759 3540 υιινιιιιο
799 3488 885 3540 illa
914 3502 1141 3554 quoque.
1186 3486 1543 3550 Quamobrem
1581 3501 1697 3552 qum
1734 3483 1869 3537 facta
1900 3482 2113 3536 fuerunt

538 3575 787 3637 Abrahm,
820 3576 971 3629 nobis
996 3590 1208 3645 quoque
1230 3574 1386 3629 ﬁdem
1418 3576 1616 3629 faciunt
1644 3574 1710 3629 de
1738 3574 1951 3628 futuris.
1978 3577 1994 3606 ί
2027 3574 2108 3629 l9.

542 3670 703 3731 Quam
726 3670 851 3722 sicut
879 3686 1116 3723 ancoram
1145 3669 1382 3721 habemus
1411 3668 1593 3722 anima
1615 3677 1770 3721 tutam
1801 3684 1861 3720 ac
1887 3668 2105 3734 ﬁrmam,

539 3772 584 3812 et
615 3761 923 3813 incedentem
963 3773 1119 3831 usque
1163 3761 1230 3828 qd
1275 3761 1517 3813 interiora
1561 3760 1820 3813 velaminis
1850 3774 1869 3812 :
1896 3756 1985 3812 20.
2030 3757 2109 3810 ubi

542 3869 823 3919 prtvcursor
847 3870 938 3923 pro
968 3854 1107 3907 nobis
1134 3854 1352 3906 introivit
1376 3851 1546 3914 Iesus,
1579 3854 1853 3904 secundum
1883 3852 2107 3903 ordinrm

541 3946 908 3999 Melchisedech
936 3948 1161 4017 pontifex
1191 3946 1355 4010 factus
1390 3946 1440 3997 in
1478 3956 1740 3997 retentum.
1772 3946 1903 3997 Cum
1936 3942 2109 3995 adhuc

540 4041 707 4093 simus
759 4042 807 4092 in
856 4040 1075 4103 mundo,
1106 4048 1159 4094 et
1205 4053 1238 4093 θ
1280 4038 1383 4091 vita
1418 4037 1654 4091 nondum
1697 4038 2104 4096 excesserimus,

542 4132 774 4185 ostendit
798 4131 905 4199 jam
938 4146 1056 4185 esse
1099 4131 1152 4184 in
1183 4130 1460 4198 promissis
1493 4146 1507 4181 :
1542 4144 1661 4181 nam
1692 4139 1787 4196 per
1824 4141 1973 4195 spem
2003 4127 2109 4193 jam

541 4236 723 4275 stnnus
769 4223 819 4275 in
868 4222 1034 4275 cmlis.
1079 4221 1433 4288 Exspectate,
1485 4219 1685 4287 inquit;
1731 4219 1946 4271 (ιιιιιιίιιιι
1969 4220 2107 4271 enim

541 4316 659 4367 erit.
700 4314 895 4367 Deinde
929 4314 1137 4382 plenam
1170 4311 1399 4365 all'ereus
1452 4312 1846 4379 persuasionem
1875 4350 1889 4373 ,
1934 4307 2063 4361 dicit
2096 4326 2107 4360 ε

540 4408 700 4475 Magis
730 4418 906 4460 autem
938 4421 1032 4473 5pc
1058 4405 1166 4471 jam
1195 4403 1508 4472 consequuti
1538 4402 1688 4454 estis.
1730 4402 1791 4453 lit
1822 4415 1923 4452 non
1954 4399 2108 4464 dixit,

540 4500 737 4550 Sumus
769 4498 946 4558 intus;
978 4496 1092 4555 sed,
1130 4495 1243 4562 Ipsa
1290 4506 1370 4547 est
1413 4496 1645 4559 ingressa
1682 4510 1693 4544 :
1725 4492 1865 4560 quod
1898 4491 2109 4559 quidem

540 4597 653 4641 erat
684 4589 859 4641 verius
905 4596 959 4639 et.
1000 4586 1347 4655 probabilius.
1398 4585 1541 4639 Sicut
1588 4586 1727 4637 enim
1768 4598 1962 4637 ancora
1994 4584 2110 4636 navi

540 4694 772 4749 appensa
800 4721 811 4741 ,
848 4693 953 4729 non
987 4678 1115 4730 sinit
1159 4691 1277 4729 eam
1320 4674 1653 4728 circumferri
1684 4714 1697 4732 ,
1742 4673 1947 4727 etiamsi
1993 4689 2108 4726 eam

542 4774 681 4825 venti
713 4772 954 4841 quatiant
999 4767 1414 4823 innumerabiles
1440 4808 1453 4829 ,
1494 4766 1584 4819 sed
1628 4779 1862 4836 appensa
1908 4765 2109 4819 Ιίι·ιιι;ιιιι

541 4866 715 4919 reddit
738 4874 791 4920 et
820 4864 1066 4919 stabilem
1102 4880 1113 4913 :
1147 4862 1213 4915 ita
1238 4863 1395 4913 etiam
1428 4875 1569 4929 Spes.
1609 4860 1736 4913 \‘ide
1758 4869 1933 4913 autem
1957 4875 2111 4928 quam

540 4958 694 5011 valde
730 4963 1110 5025 congruentem
1158 4952 1420 5005 invenerit
1460 4951 1742 5019 imaginem
1789 4968 1801 5003 :
1837 4964 1942 5004 non
1972 4952 2111 5004 enim

543 5052 672 5103 dicit
695 5049 1119 5107 hrridamentum,
1145 5045 1285 5114 quod
1314 5046 1690 5112 discrepasset,
1718 5042 1810 5097 sed
1840 5057 2109 5096 ancoram.

543 5141 675 5195 Nam
702 5140 840 5207 quod
882 5148 964 5193 est
1011 5142 1062 5191 in
1100 5137 1259 5192 ﬂuctu
1309 5137 1489 5197 maris,
1523 5144 1576 5187 et
1617 5150 1719 5188 non
1762 5134 1973 5188 videtur
1999 5148 2115 5190 esse

544 5230 828 5284 admodum
864 5228 1071 5281 ﬁrmum
1104 5236 1156 5283 et
1185 5228 1373 5280 stabile
1394 5267 1406 5287 ,
1442 5234 1546 5277 stat
1572 5240 1735 5293 super
1760 5239 1947 5295 aquam
1987 5232 2116 5277 tam-

543 5338 699 5391 quam
733 5336 889 5387 supra
924 5328 1155 5381 terram,
1198 5318 1525 5385 labascitque
1574 5328 1627 5369 et
1677 5332 1779 5369 non
1814 5316 2029 5370 labascit
2069 5316 2110 5371 ³.

602 5462 616 5488 ι
647 5457 764 5514 Qua:
787 5457 1059 5513 sequuntur
1080 5460 1233 5555 usque
1258 5446 1315 5493 ad
1341 5458 1595 5493 numerum
1620 5444 1649 5491 4
1671 5443 1848 5493 desunt
1874 5445 1922 5513 in
1943 5445 2079 5495 Cnlb.

602 5522 620 5550 ι
652 5520 698 5555 In
735 5516 844 5555 Μςς.
883 5512 1007 5555 anutl
1040 5510 1147 5555 Sari
1178 5544 1187 5553 .
1229 5508 1404 5555 lenitur
1431 5522 1441 5554 :
1473 5516 1586 5555 Nmn
1611 5506 1737 5555 quod
1777 5513 1846 5554 est
1880 5520 1927 5553 ιιι
1968 5505 2078 5555 Iluct

602 5522 620 5550 ³
652 5505 700 5582 lu
735 5516 844 5582 Mss.
864 5505 1007 5582 'aputl
1033 5505 1187 5582 ‘Saril.
1229 5508 1404 5582 legitur
1431 5522 1441 5554 :
1473 5516 1586 5582 Nam
1611 5506 1737 5582 quod
1777 5513 1846 5576 est
1880 5506 1927 5582 iri
1966 5505 2109 5582 [luctu

542 5580 687 5630 muris
724 5585 767 5627 et
802 5576 851 5624 in
891 5570 1072 5633 liquido
1104 5574 1331 5633 elemento
1356 5582 1446 5616 non
1480 5576 1625 5633 potest
1659 5570 1847 5633 inmitto
1888 5570 2109 5633 stabiliri,

540 5628 626 5693 nec
652 5650 775 5688 sla"?
802 5628 998 5693 νωιηὶιε
1024 5649 1077 5683 uc
1103 5632 1141 5683 si
1168 5632 1212 5680 tu
1238 5638 1295 5680 tot
1314 5646 1363 5678 ru
1389 5637 1534 5687 esset,
1570 5630 1656 5693 :iq'
1676 5628 1805 5679 idem
1842 5629 2035 5679 labascit
2070 5635 2114 5678 et

534 5719 628 5758 -ῃρη
657 5704 669 5750 l
678 5703 868 5751 ,tbttsut.

2221 388 2351 443 Nam
2407 388 2457 441 in
2505 387 2568 440 iis
2619 386 2834 457 quidem
2891 388 2981 455 qui
3034 398 3158 446 sunt
3218 388 3369 444 valde
3423 390 3559 445 Ιίνιιιί
3614 390 3798 445 solidi-

2218 494 2323 549 que
2352 489 2408 535 et
2451 480 2780 549 philosophi,
2833 480 2960 534 illud
3002 493 3364 538 consentanee
3422 486 3598 552 posuit
3636 486 3795 539 Chri—

2229 588 2383 639 stus.
2438 573 2623 629 dicens
2675 590 2689 626 :
2740 572 2838 638 Qui
2875 571 3148 637 aediﬁcavit
3199 571 3405 623 domum
3456 588 3599 624 suam
3643 589 3805 628 suum

2230 682 2421 740 petram
2467 664 2700 737 (Matth.
2732 665 2785 719 7.
2816 662 2929 732 24)
2958 680 2972 716 :
3008 664 3059 718 in
3107 664 3172 717 iis
3216 671 3393 718 autem
3433 663 3521 733 qui
3548 672 3676 718 sunt
3702 662 3804 716 de-

2229 763 2387 827 fessi,
2437 768 2493 817 et
2529 759 2726 815 debent
2771 772 2867 827 spe
2893 756 3129 826 portari,
3170 756 3553 812 convenienter
3580 754 3681 812 hoc
3712 770 3806 824 po-

2227 858 2332 912 suit
2363 854 2575 910 Paulus.
2599 851 2731 907 Nam
2760 851 2952 905 ﬂuctus
2977 846 3194 920 quidem
3222 859 3278 904 et
3303 865 3490 920 magna
3514 860 3807 919 tempestas

2226 946 2476 1016 scapham
2507 944 2680 1014 quatit
2709 961 2721 997 :
2756 957 2881 1013 spes
2908 952 3087 996 autem
3123 957 3228 995 non
3279 942 3406 995 sinit
3446 938 3803 1005 circumferri,

2225 1038 2432 1095 etiamsi
2460 1052 2576 1092 eam
2599 1039 2739 1090 venti
2762 1035 2961 1105 agitent
2984 1033 3419 1089 innumerabiles.
3444 1033 3805 1101 Quamobrem

2220 1131 2266 1184 si
2294 1144 2410 1184 eam
2440 1143 2543 1182 non
2568 1127 2956 1189 habuissemus,
2978 1126 3087 1193 jam
3117 1125 3243 1179 olim
3271 1139 3519 1181 essemus
3542 1125 3802 1180 demersi.

2223 1222 2341 1277 Non
2372 1221 2545 1276 solum
2588 1229 2765 1273 autem
2810 1218 2862 1271 in
2893 1216 3259 1285 spiritualibus
3284 1257 3299 1281 ,
3342 1216 3439 1272 sed
3465 1217 3627 1270 etiam
3657 1217 3709 1270 in
3738 1215 3806 1271 iis

2222 1328 2343 1383 qua
2371 1312 2436 1365 ad
2465 1311 2601 1366 hanc
2632 1310 2792 1362 vitam
2823 1308 3094 1377 pertinent
3119 1348 3134 1371 ,
3166 1320 3413 1376 magnam
3441 1306 3559 1376 ejus
3583 1308 3689 1360 vim
3718 1307 3805 1361 in-

2222 1404 2435 1459 veneris
2459 1444 2472 1467 ,
2523 1401 2576 1455 in
2626 1409 2923 1455 mercatura
2945 1439 2960 1464 ,
2991 1398 3045 1452 in
3084 1399 3445 1467 agricultura,
3482 1398 3533 1451 in
3570 1397 3754 1451 militia
3787 1415 3804 1457 ς

2222 1498 2322 1552 nisi
2351 1495 2494 1550 enim
2524 1493 2785 1562 quispiam
2824 1504 2943 1545 eam
2972 1490 3154 1544 statim
3190 1489 3289 1543 sibi
3321 1489 3666 1559 pra-posuerit
3686 1530 3702 1552 ,
3734 1503 3809 1543 no

2219 1600 2353 1660 Opus
2382 1583 2595 1655 quidem
2622 1581 2876 1651 attigerit.
2919 1585 3187 1635 Ancoram
3216 1590 3395 1635 autem
3424 1594 3529 1634 non
3557 1579 3692 1635 dixit
3715 1580 3806 1635 ah-

2219 1680 2416 1745 solute,
2443 1674 2539 1733 sed
2567 1674 2770 1730 ﬁrmam
2809 1682 2865 1729 et
2892 1673 3160 1738 stabilem,
3193 1682 3251 1727 ut
3273 1673 3523 1727 ostendat
3550 1672 3667 1743 ejus
3703 1673 3803 1727 lir-

2219 1771 2453 1825 mitatem
2487 1768 2553 1823 iis
2572 1767 2661 1839 qui
2692 1768 2778 1821 illa
2805 1764 3097 1820 l'ulciuntur
3122 1765 3188 1819 ad
3216 1766 3444 1819 salutem
3474 1782 3487 1816 :
3516 1764 3637 1820 ideo
3665 1764 3801 1818 sub-

2219 1862 2408 1933 iungit,
2439 1859 2565 1926 ουω
2592 1858 2875 1928 ingreditur
2910 1857 2961 1909 in
2990 1856 3236 1909 interiora
3275 1856 3536 1909 velaminis
3554 1873 3574 1921 ,'
3612 1855 3662 1910 id
3690 1865 3801 1920 est,

2217 1969 2335 2023 quze
2360 1950 2600 2021 pervadit
2625 1964 2791 2021 usque
2818 1948 2884 2003 ad
2911 1949 3126 2002 ctutum.
3160 1947 3359 2002 Deinde
3398 1947 3557 2003 ﬁdem
3583 1963 3804 2021 quoque

2215 2044 2508 2115 subjunxit,
2538 2053 2593 2096 ut
2634 2058 2740 2096 non
2784 2041 2959 2095 solum
3004 2041 3075 2093 sit
3102 2054 3262 2108 spes,
3309 2039 3404 2093 sed
3447 2041 3608 2094 etiam
3648 2039 3805 2093 valde

2216 2135 2512 2193 vera.Nam
2534 2142 2655 2205 post
2692 2131 3063 2203 jusjurandum
3111 2131 3259 2199 ponit
3294 2132 3454 2185 etiam
3500 2132 3676 2194 aliam,
3706 2146 3805 2200 per

2215 2245 2304 2287 res
2326 2232 2464 2300 ipsas
2476 2226 3012 2291 demonstrationem,
3033 2240 3224 2293 nempe
3235 2224 3376 2293 quod
3392 2223 3689 2280 Prwcursor
3705 2240 3805 2292 pro

2214 2326 2356 2378 nobis
2376 2323 2599 2376 introivit
2616 2318 2793 2376 Jesus.
2812 2318 3122 2372 Pra-cursor
3163 2327 3340 2370 autem
3371 2324 3456 2371 est
3494 2316 3800 2385 aliquorum

2215 2429 2534 2487 prmcursor,
2560 2414 2697 2467 sicut
2722 2411 2953 2465 Joannes
2970 2409 3189 2464 Christi.
3216 2407 3280 2465 Et
3311 2424 3417 2463 non
3447 2408 3576 2462 dixit
3597 2408 3797 2474 solum,

2214 2504 2474 2571 Introivit,
2528 2504 2645 2568 sed,
2704 2500 2800 2557 Ubi
2848 2516 3137 2569 pra'cursor
3188 2516 3282 2569 pro
3345 2501 3487 2555 uobis
3532 2501 3800 2565 introivit;

2216 2605 2399 2666 utpote
2427 2610 2549 2650 cum
2569 2609 2666 2648 nos
2692 2608 2902 2663 quoque
2932 2591 3224 2647 debeamus
3252 2606 3317 2645 eo
3344 2592 3644 2661 pervenire.
3678 2592 3798 2647 Non

2217 2699 2297 2744 est
2328 2688 2470 2743 enim
2496 2686 2717 2739 multum
2751 2683 3097 2739 iuterstitimn
3131 2684 3269 2737 inter
3309 2698 3693 2752 praecursorem
3738 2694 3801 2739 et

2216 2797 2311 2838 eos
2367 2782 2455 2850 qui
2505 2786 2845 2849 sequuntur:
2880 2793 3004 2830 nam
3060 2776 3258 2845 alioqui
3307 2791 3415 2831 non
3455 2787 3600 2830 esset
3655 2793 3798 2846 ιιι-ως

2222 2887 2430 2928 cursor.
2464 2870 2855 2925 Ριιιιευιεοιριιι
2904 2868 3046 2923 enim
3098 2880 3146 2922 et
3188 2882 3289 2937 eos
3336 2868 3424 2935 qui
3456 2878 3753 2937 sequuntur
3779 2910 3797 2935 ,

2212 2973 2425 3033 oportet
2450 2976 2569 3017 esse
2600 2962 2650 3014 iu
2669 2961 2854 3014 eadem
2884 2962 3003 3025 via;
3038 2959 3181 3012 illum
3211 2960 3347 3011 viam
3372 2958 3599 3028 ingredi,
3618 2973 3673 3014 et
3696 2958 3801 3014 hos

2213 3052 2490 3122 Consequi.
2540 3051 2831 3105 Secundum
2874 3049 3102 3102 ordinem
3154 3049 3522 3103 Melchisedech
3569 3052 3798 3119 ponti/“ea:

2214 3148 2263 3200 in
2314 3156 2555 3200 tulerimus
2601 3144 2786 3213 factus.
2844 3143 2982 3197 Ecce
3041 3142 3140 3199 alia
3196 3158 3407 3212 quoque
3460 3145 3795 3209 consolatio,

2212 3243 2255 3295 si
2304 3240 2515 3310 quidem
2561 3252 2719 3305 supra
2764 3246 2843 3290 est
2872 3246 3056 3290 noster
3090 3237 3326 3304 pontifex'
3352 3278 3366 3299 ,
3400 3246 3453 3291 et
3486 3238 3650 3290 multo
3678 3254 3795 3292 me-

2213 3335 2313 3387 lior
2343 3333 2402 3383 iis
2431 3333 2516 3399 qui
2549 3340 2671 3385 sunt
2692 3329 2829 3397 apud
2860 3328 3095 3387 Juda‘os.
3131 3346 3233 3381 ιιιιιι
3266 3331 3436 3383 solum
3479 3332 3655 3387 modo.
3700 3331 3791 3385 $th

2210 3418 2369 3471 etiam
2400 3417 2559 3483 loco,
2622 3419 3000 3484 tabernaculo,
3055 3424 3375 3472 testamento
3425 3424 3477 3469 ct
3541 3427 3792 3483 perSOna.

2212 3508 2415 3564 Dictum
2447 3518 2530 3565 est
2555 3520 2733 3566 autem
2781 3512 2849 3567 de
2897 3528 2961 3566 eo
3003 3512 3143 3581 quod
3192 3521 3275 3565 est
3322 3507 3617 3564 secundum
3676 3522 3797 3562 car-

2212 3615 2351 3654 "Et".

2282 3691 2336 3744 3.
2361 3690 2581 3759 Oportet
2616 3706 2743 3762 ergo
2781 3702 2833 3746 et
2861 3708 2955 3747 eos
2983 3708 3205 3762 qum-um
3238 3704 3320 3747 est
3361 3691 3613 3749 sacerdos
3640 3690 3799 3758 longe

2212 3795 2333 3835 esse
2403 3782 2693 3847 meliores;
2752 3792 2806 3837 et
2871 3794 3129 3853 quantum
3205 3786 3342 3837 inter
3415 3787 3800 3838 Aaronem-et

2213 3874 2479 3927 Christum
2536 3876 2794 3938 interest,
2851 3885 3053 3928 tantum
3108 3877 3370 3929 interesse
3417 3876 3696 3931 internus
3744 3885 3800 3929 et

2212 3967 2448 4021 Jud:eos.
2486 3967 2621 4021 Ecce
2646 3969 2788 4021 enim
2834 3968 2883 4021 in
2946 3970 3154 4036 superis
3189 3968 3449 4021 habemus
3479 3967 3749 4020 victimant
3775 4011 3789 4031 ,

2216 4060 2266 4113 in
2294 4059 2499 4127 superis
2539 4060 2915 4125 sacerdotem,
2974 4062 3024 4114 'm
3065 4062 3273 4131 superis
3315 4062 3658 4117 sacrilii-ium.
3694 4062 3797 4115 Eas

2220 4166 2347 4219 ergo
2396 4151 2686 4205 olTeramus
2738 4151 2939 4205 hostias
2968 4169 3087 4221 quas
3136 4154 3186 4206 in
3218 4153 3305 4208 illa
3338 4169 3428 4207 ara
3470 4154 3675 4221 possint
3720 4152 3800 4206 ol-

2220 4242 2387 4296 ferri:
2435 4259 2539 4296 non
2588 4244 2815 4311 amplius
2872 4260 2999 4297 oves
3055 4255 3109 4299 et
3166 4246 3368 4309 boves,
3416 4262 3521 4299 non
3564 4248 3799 4313 amplius

2225 4334 2533 4403 sanguinem
2566 4343 2617 4387 et
2648 4336 2888 4387 nidorem
2921 4356 2931 4389 :
2965 4338 3077 4389 ha'c
3105 4339 3281 4389 omnia
3332 4348 3455 4390 sunt
3481 4337 3671 4391 abolita
3697 4378 3711 4401 ,
3749 4349 3804 4390 et

2222 4439 2314 4490 pro
2363 4424 2442 4478 eis
2472 4435 2551 4477 est
2599 4426 2933 4478 introductus
2977 4427 3153 4480 cultus
3202 4428 3492 4481 rationalis.
3533 4428 3667 4496 Quid
3720 4439 3807 4483 est

2218 4529 2393 4571 autem
2424 4518 2600 4571 cultus
2642 4518 2917 4571 rationalis
2943 4525 2964 4571 ’ξ
3014 4520 3145 4585 Qum
3180 4535 3272 4587 per
3302 4521 3535 4575 animant
3566 4519 3805 4574 oll'erun—

2222 4622 2324 4673 tur,
2354 4626 2471 4681 qua:
2522 4626 2613 4679 per
2643 4610 2889 4679 spiritum
2924 4612 3213 4679 (Spiritus,
3263 4612 3452 4681 inquit,
3516 4624 3585 4665 est
3630 4612 3811 4676 Dens;

2221 4714 2265 4756 et
2298 4720 2378 4755 eos
2401 4704 2483 4771 qui
2516 4705 2679 4769 ipsum
2706 4708 2921 4755 adorant
2948 4746 2963 4768 ,
2996 4707 3046 4755 in
3078 4705 3260 4772 spiritu
3308 4715 3352 4758 et
3380 4706 3587 4757 veritate
3610 4717 3813 4773 oportet

2222 4796 2435 4849 adorare
2464 4792 2640 4863 [λοιιιι.
2672 4800 2722 4847 4.
2748 4794 2886 4864 illi),
2905 4812 3020 4863 qua:
3052 4811 3156 4848 ll')tl
3185 4812 3317 4864 opus
3341 4797 3537 4859 habent
3559 4813 3811 4866 corpore,

2222 4902 2325 4939 non
2369 4902 2500 4953 opus
2533 4886 2727 4939 habent
2775 4887 3163 4950 instrumentis,
3197 4904 3302 4940 non
3330 4887 3462 4941 locis
3495 4906 3506 4941 :
3542 4888 3653 4942 haec
3680 4904 3815 4943 Vero

2223 4985 2347 5030 sunt
2380 4976 2664 5037 modestia,
2701 4980 3072 5045 temperantia,
3104 4980 3469 5049 cleetnosyaa,
3502 4981 3813 5051 tolerantia,

2226 5068 2449 5127 leuitas.
2504 5079 2557 5121 et
2599 5053 2873 5136 patieiitia.
2932 5068 3057 5122 ll:z:c
3101 5071 3360 5124 sacriﬁcia
3407 5072 3605 5126 videris
3647 5076 3813 5127 etiam

2225 5160 2404 5214 multis
2445 5172 2587 5213 retro
2619 5163 2826 5214 saeculis
2857 5162 3219 5230 prmligurata.
3270 5164 3572 5233 Sarriﬁcate
3599 5205 3612 5228 ,
3641 5165 3815 5234 inquit

2230 5252 2416 5316 David,
2443 5250 2543 5304 Deo
2575 5254 2878 5321 sacriﬁcium
2899 5256 3118 5324 ⁸ίιιειὶιὲαι
3143 5272 3160 5308 :
3186 5266 3237 5309 et
3269 5270 3476 5321 rursus,
3497 5256 3818 5323 Sarriﬁcubo

2229 5344 2313 5396 tibi
2339 5343 2646 5409 sacri/icium
2698 5345 2903 5409 laudis;
2936 5354 3011 5409 et,
3047 5346 3373 5414 Sacriﬁcium
3422 5347 3586 5401 laudis
3613 5347 3818 5416 gloriﬁ‘

2230 5438 2361 5492 cabit
2434 5454 2547 5501 me;
2600 5448 2693 5502 et,
2744 5437 3067 5503 Sacri/icium
3127 5438 3236 5492 1)ιό
3310 5440 3519 5508 spirims
3572 5440 3819 5497 contritus

2233 5528 2415 5597 (Ptol.
2448 5529 2498 5581 -’a.
2554 5530 2607 5582 ϋ.
2651 5539 2696 5580 ct
2730 5529 2848 5583 115.
2885 5530 2969 5581 l7.
3005 5540 3049 5581 et
3100 5531 3188 5584 41).
3217 5530 3287 5584 ‘33
3332 5541 3375 5582 et
3416 5532 3505 5585 50.
3563 5530 3817 5599 19}:ct,

2236 5622 2369 5687 Quid
2420 5639 2447 5670 (ι
2502 5631 2545 5672 te
2590 5624 2795 5691 requirit
2857 5622 3103 5673 Ilomiuus
3156 5624 3253 5675 nisi
3315 5636 3365 5675 nt
3420 5626 3585 5692 ipsum
3635 5626 3821 5678 audias

2240 5712 2419 5776 (Μιιίι.
2452 5720 2499 5766 b.
2534 5715 2629 5783 8)!
2674 5712 2981 5766 llolocausta
3010 5724 3051 5765 et
3082 5733 3171 5783 pro
3210 5726 3409 5783 prima.)
3451 5732 3547 5769 non
3588 5717 3670 5767 lli)!
3701 5725 3817 5781 [tte-
