4122 6338
229 407 303 468 93
1026 395 1090 452 IN
1131 390 1348 450 EPIST.
1390 386 1482 444 AD
1510 381 1883 442 llEBRIEOS.
1925 382 2081 440 CAP.
2129 383 2213 439 Vl.
2268 383 2499 441 HOMIL.
2546 382 2640 439 XI.
3448 368 3517 427 9‘

223 528 339 570 runt
389 512 564 582 (l’sal.
595 512 685 569 £0.
720 510 825 579 l8).
863 508 1002 563 Tunc
1030 508 1159 570 dixi,
1180 505 1310 561 Ecce
1330 506 1492 562 t'enio.
1528 514 1580 558 nt
1608 508 1814 575 faciam,

228 612 367 665 Drus
393 651 406 672 ,
436 610 905 662 voluntatnntnam
952 602 1123 674 (Psal.
1177 600 1265 657 '59.
1308 601 1360 655 8.
1396 600 1483 668 9);
1528 609 1583 651 ct
1609 613 1817 661 rursus,

231 703 371 770 Quin
424 701 550 753 mihi
601 699 716 752 llius
756 694 951 766 offertis
992 711 1055 749 ea:
1098 694 1239 749 Saba
1280 692 1417 764 (Jer.
1448 692 1500 748 6.
1542 692 1676 761 90)?
1728 700 1817 757 et,

226 800 418 852 Amavi:
454 812 486 849 a
512 810 589 849 me
631 807 810 849 sonum
837 790 1151 844 canticorum
1202 798 1441 854 tuorum;
1480 796 1527 841 et
1556 788 1810 856 psalmum

226 891 679 943 instrumentorum
727 891 932 937 tuorum
979 897 1081 936 non
1109 878 1319 934 audiam
1344 877 1549 953 (Amos.
1588 878 1643 933 5.
1681 876 1818 946 23):

231 986 330 1045 sed
384 1000 481 1057 pro
524 984 609 1040 bis
658 978 1067 1040 Misericordiae:
1111 978 1226 1032 volo
1268 985 1317 1032 et
1363 992 1465 1030 non
1515 963 1826 1041 sacri/icium

234 1078 392 1149 (Osee
432 1082 487 1134 6.
518 1076 598 1147 6).

309 1172 449 1227 Deus
473 1171 774 1241 quibusnam
801 1166 1068 1235 sacriﬁciis
1085 1164 1336 1233 placatur.
1354 1191 1428 1204 -—
1450 1159 1611 1216 Vides
1632 1158 1829 1231 quibus

232 1263 519 1319 sacrificiis
567 1262 806 1332 placatur
839 1257 1025 1314 Deus?
1068 1256 1219 1312 vides
1257 1263 1311 1310 et
1336 1252 1521 1308 multis
1538 1253 1649 1321 jam
1680 1259 1828 1305 retro

232 1355 450 1411 seculis
477 1354 568 1409 illa
598 1352 813 1423 quidem
835 1349 1156 1411 excessisse.
1191 1348 1307 1402 luce
1336 1360 1465 1402 vero
1490 1360 1677 1399 eormn
1709 1344 1827 1397 loco

232 1444 505 1503 subiisse?
562 1445 687 1501 [bne
736 1445 897 1515 igitur
936 1440 1243 1495 aderamus.
1294 1436 1425 1492 Nam
1473 1437 1562 1491 illa
1608 1435 1825 1506 quidem

234 1549 364 1596 stunt
397 1538 702 1595 divitiarum
749 1546 803 1591 et
845 1549 1032 1589 eorum
1064 1532 1152 1601 qui
1194 1529 1428 1595 habent;
1482 1528 1597 1583 ha:c
1644 1536 1826 1580 autem

234 1632 453 1687 virtutis
480 1646 497 1697 ;
530 1630 616 1683 illa
645 1636 772 1683 sunt
791 1625 1131 1681 extrinsecus
1154 1663 1169 1685 ,
1204 1616 1303 1676 ista
1335 1619 1664 1675 intrinsecus
1690 1633 1705 1682 ;
1737 1617 1827 1671 illa

237 1724 323 1778 vel
369 1722 596 1792 quilibet
643 1718 857 1789 operari
913 1715 1187 1787 potuerit,
1243 1714 1359 1766 hare
1405 1721 1589 1766 autem
1648 1709 1821 1780 pauci.

236 1818 451 1884 Quanto
484 1813 631 1870 enim
677 1826 778 1866 ove
809 1810 972 1864 homo
1015 1816 1100 1863 est
1143 1806 1335 1861 melior
1364 1814 1419 1861 ct
1463 1806 1826 1876 prmstantior,

238 1917 390 1963 Ltltlo
420 1904 523 1961 hoc
570 1904 664 1960 illo
691 1901 1012 1958 sacrificium
1049 1918 1062 1954 :
1098 1899 1183 1954 hic
1213 1898 1356 1953 enim
1399 1897 1633 1951 animam
1683 1906 1827 1950 tuam

236 2001 400 2053 atri-rs
443 1997 693 2052 hostiam.
746 1994 884 2051 Sunt
940 2003 1120 2049 autem
1160 1991 1281 2045 alia:
1326 2003 1543 2060 quoque
1599 1988 1822 2059 hostia!"

236 2107 363 2147 vere
395 2090 707 2144 holocausta
730 2129 746 2155 ,
802 2100 996 2155 nempe
1021 2092 1329 2139 sanctorum
1362 2091 1662 2153 martyrum
1703 2096 1828 2136 cor-

238 2199 369 2253 pora
403 2200 419 2238 :
451 2182 557 2237 illic
596 2189 781 2235 sancta
813 2187 867 2234 et
895 2176 1071 2232 anima
1100 2185 1156 2231 et
1182 2189 1379 2245 corpus
1415 2193 1428 2230 :
1463 2175 1548 2228 illa
1577 2188 1832 2244 maguum

239 2277 444 2333 habent
486 2274 711 2329 odorem
742 2269 1145 2329 suaveolentiai.
1189 2269 1348 2324 Potes
1394 2277 1449 2321 tu
1499 2281 1753 2335 quoque,
1784 2266 1831 2320 si

239 2369 412 2434 velis,
447 2368 553 2422 tale
601 2365 796 2421 oll'erre
825 2362 1172 2418 sacriﬁcium.
1225 2360 1362 2429 Quid
1404 2361 1546 2415 enim
1575 2402 1589 2423 ,
1633 2360 1678 2413 si
1711 2359 1833 2429 igne

234 2477 435 2531 corpus
473 2474 580 2515 non
616 2456 1033 2513 combusseris?
1086 2453 1181 2508 sed
1222 2463 1376 2523 putes
1412 2453 1519 2506 alio
1546 2452 1701 2519 igne;
1751 2459 1833 2506 ut-

236 2564 363 2626 pnta
407 2554 531 2623 igne
573 2550 907 2622 paupertatis
948 2547 1297 2610 voluntarie,
1352 2545 1473 2615 igne
1503 2543 1828 2598 nillil-tionis.

244 2647 439 2701 Licere
481 2643 627 2699 enim
678 2642 907 2696 delicate
953 2639 1203 2709 lauteque
1258 2647 1313 2692 ct
1352 2636 1629 2707 splendide
1669 2636 1831 2690 vitam

237 2752 437 2809 agerc;
470 2734 795 2792 laboriosam
826 2740 1004 2785 autem
1036 2740 1091 2786 et
1131 2730 1382 2785 acerbam
1415 2729 1575 2782 vitam
1605 2728 1830 2797 eligere,

235 2840 291 2885 et
328 2843 531 2898 corpus
560 2833 731 2880 morte
779 2822 997 2879 afﬁcere
1029 2840 1042 2877 :
1078 2837 1258 2877 annon
1301 2829 1382 2876 est
1431 2819 1631 2874 oblatio
1680 2818 1830 2873 holo-

235 2919 450 2975 causti?
492 2918 703 2988 Corpus
735 2926 881 2970 tuum
938 2926 1110 2970 morte
1140 2913 1297 2968 attice
1348 2921 1402 2968 et
1447 2912 1732 2983 cruciﬁge,
1778 2920 1835 2967 et

238 3015 357 3085 ipse
383 3026 599 3083 quoque
639 3010 873 3080 accipies
904 3022 1160 3063 coronam
1206 3005 1364 3075 hujus
1396 3005 1667 3076 martyrii.
1702 3004 1832 3059 Nam

237 3104 379 3178 quod
433 3104 542 3159 illic
584 3111 839 3172 operatur
869 3101 1043 3164 ensis,
1087 3098 1189 3153 hoc
1239 3098 1327 3153 hic
1374 3098 1536 3151 faciat
1582 3106 1831 3166 prompta

238 3199 404 3253 animi
453 3197 725 3251 alacritas.
772 3193 889 3248 Non
970 3200 1127 3256 urat,
1180 3206 1350 3259 neque
1398 3189 1636 3244 detgneat
1683 3205 1835 3243 amor

242 3289 486 3361 pecunia:
508 3330 523 3354 ,
574 3287 666 3342 sed
697 3294 881 3340 uratur
909 3294 964 3339 et
1012 3284 1385 3354 exstinguatur
1433 3282 1545 3351 ipsa
1582 3282 1751 3350 turpis
1781 3291 1837 3336 et

246 3383 450 3438 nefaria
506 3379 772 3449 cupiditas
826 3378 949 3447 igne
980 3375 1243 3446 Spiritus,
1302 3373 1618 3428 concidatur
1650 3372 1831 3443 gladio

241 3473 492 3544 Spiritus.
527 3470 639 3526 lloc
663 3480 747 3525 est
774 3468 1053 3539 pulchrum
1084 3466 1406 3522 sacriﬁcium
1430 3510 1444 3531 ,
1474 3466 1617 3535 qttod
1645 3482 1833 3522 sacer-

242 3566 365 3621 dote
388 3579 529 3635 opus
578 3578 683 3618 non
727 3561 925 3628 habet,
979 3561 1072 3616 sed
1104 3561 1221 3629 ipso
1266 3570 1469 3613 tantum
1518 3558 1828 3615 oll'erente:

243 3659 389 3729 quod
464 3657 670 3713 inferae
723 3656 940 3726 quidem
1002 3654 1303 3723 peragitur,
1361 3668 1594 3722 superne
1647 3662 1828 3708 autent

243 3752 528 3807 confestim
584 3749 848 3805 ascendit.
893 3748 1080 3802 Nonne
1131 3746 1464 3800 admiramur
1508 3745 1652 3812 quod
1701 3746 1832 3800 olim

244 3835 380 3906 ignis
429 3833 764 3889 descendens
807 3833 988 3889 omnia
1019 3832 1423 3889 consumebat?
1476 3832 1663 3887 Potest
1716 3829 1841 3888 lierl

245 3934 303 3979 ut
348 3925 484 3995 ignis
515 3939 732 3995 quoque
782 3940 923 3979 nunc
971 3924 1265 3980 descendat
1316 3923 1409 3979 illo
1464 3922 1621 3993 longe
1663 3920 1837 3975 admi-

245 4018 482 4082 rabilior,
535 4028 590 4073 et
637 4016 816 4073 omnia
852 4033 972 4088 quae.
1018 4028 1143 4072 sunt
1197 4018 1471 4087 proposita
1514 4024 1836 4075 eunsumat:

247 4110 356 4163 imo
391 4125 519 4165 vere
570 4124 675 4163 non
716 4118 1000 4164 consumat
1022 4151 1036 4175 ,
1069 4109 1164 4164 sed
1197 4111 1376 4164 omnia
1423 4111 1474 4162 in
1506 4111 1696 4162 emtum
1728 4108 1834 4163 tolo

247 4200 322 4259 lat
348 4219 362 4256 :
390 4218 497 4255 non
530 4202 725 4270 redigit
752 4202 838 4255 illa
864 4202 915 4256 in
942 4202 1204 4267 cinerem,
1236 4201 1333 4256 scd
1366 4202 1474 4256 Deo
1496 4202 1654 4256 olfert
1677 4202 1837 4257 dona.

320 4292 681 4349 Misericordia
724 4311 845 4367 erga
874 4311 1120 4365 pauperes
1148 4296 1552 4349 commendatur.
1582 4324 1654 4335 —
1680 4295 1840 4349 Tales

248 4396 402 4443 erant
429 4387 669 4443 Cornelii
700 4388 1007 4443 oblationes
1038 4406 1052 4441 :
1098 4388 1369 4442 Orationes
1414 4388 1556 4443 enim
1578 4431 1592 4451 ,
1637 4388 1839 4456 inquit,

249 4493 352 4538 tua:
394 4492 441 4535 et
469 4483 803 4553 clecmosyna:
843 4483 1178 4537 ascenderunt
1220 4487 1273 4536 in
1300 4484 1594 4537 memoriam
1638 4483 1689 4536 in
1718 4500 1836 4537 con-

248 4582 423 4641 spectu
445 4572 543 4626 Dei
558 4571 697 4646 (Act.
719 4573 805 4629 10.
828 4574 903 4644 4).
925 4574 1087 4630 Vides
1108 4576 1363 4645 optimam
1387 4576 1843 4645 conjugationcm?

251 4664 401 4720 Tunc
421 4664 691 4731 audimur,
724 4666 939 4737 quando
962 4667 1060 4738 ipsi
1084 4684 1296 4738 quoque
1319 4668 1563 4723 audimus
1584 4668 1845 4724 acceden-

253 4768 331 4813 tes
348 4773 629 4828 pauperes.
651 4758 752 4827 Qui
773 4760 1007 4827 obstruit,
1032 4763 1223 4831 inquit,
1252 4778 1403 4816 aures
1432 4779 1551 4815 suas
1573 4779 1636 4815 ne
1664 4763 1845 4815 audiat

251 4869 546 4921 pauperem,
598 4870 769 4924 preces
790 4859 1027 4925 ejus'non
1074 4858 1308 4909 exaudiet
1341 4854 1477 4909 Deus
1515 4854 1701 4925 (Prov.
1749 4855 1841 4911 2|.

253 4946 366 5013 I3).
397 4945 586 5000 Beatus
613 4948 698 5017 qui
726 4947 961 5018 intelligit
990 4964 1143 5016 super
1171 4964 1381 5019 egenum
1428 4957 1473 5000 et
1521 4964 1794 5017 pattpt’rettt
1827 4963 1844 5000 :

251 5038 305 5089 in
349 5037 434 5091 die
453 5038 592 5091 mala
621 5038 849 5092 liberabit
874 5055 988 5093 eum
1016 5037 1267 5094 Dominus
1294 5039 1464 5109 (Psal.
1496 5040 1584 5094 40.
1618 5040 1694 5109 ‘2).
1721 5039 1836 5093 Non

248 5138 432 5182 autem
465 5129 604 5186 alius
623 5128 739 5184 dies
766 5129 971 5195 malus,
1012 5132 1116 5186 nisi
1144 5132 1235 5185 ille
1276 5131 1391 5185 dies
1443 5133 1842 5201 peccatoribus.

251 5220 387 5285 Quid
424 5229 548 5286 est,
600 5221 701 5288 Qui
726 5221 1004 5293 intelligit?
1046 5222 1146 5289 Qui
1188 5231 1372 5277 mente
1406 5231 1585 5277 versat
1608 5223 1733 5292 quid
1778 5225 1847 5277 sit

249 5325 479 5383 pauper,
526 5314 616 5381 qui
663 5314 781 5383 ejus
824 5312 1351 5369 discitafllictionem
1391 5332 1403 5367 :
1439 5330 1559 5368 nam
1592 5316 1681 5385 qui
1725 5315 1841 5385 ejus

249 5409 435 5465 didicit
466 5409 834 5477 altlietionem,
887 5411 1108 5465 omnino
1138 5411 1255 5479 ejus
1290 5410 1651 5466 miserebitur.
1683 5411 1737 5465 Si
1769 5412 1849 5463 vi-

247 5503 333 5557 de:
350 5503 394 5557 is
425 5517 739 5572 pauperem,
791 5518 857 5557 ne
889 5513 1274 5571 prmtercurras
1296 5546 1309 5568 ,
1341 5502 1432 5557 sed
1462 5503 1644 5556 statim
1677 5503 1851 5572 cogita

249 5596 499 5665 quisnam
523 5610 700 5659 esses,
726 5596 768 5648 si
794 5606 847 5648 tu
870 5594 956 5649 ille
974 5610 1126 5650 esses
1145 5610 1158 5646 :
1177 5595 1303 5664 quid
1336 5610 1438 5649 non
1460 5594 1629 5649 velles
1654 5609 1845 5649 eximes

250 5687 469 5741 facere?
496 5688 599 5753 Qui
626 5683 863 5756 intelligit
887 5727 904 5753 ,
951 5685 1143 5753 inquit.
1189 5686 1373 5755 Cogita
1404 5685 1545 5756 quod
1593 5695 1676 5740 cst
1702 5702 1854 5755 atque

252 5779 391 5834 liber
439 5789 605 5847 atque
634 5789 687 5831 ιιι
712 5820 725 5841 ,
776 5788 831 5832 et
870 5789 952 5833 Cal
980 5778 1223 5847 ejusdem
1254 5778 1409 5848 cujus
1454 5789 1507 5832 tu
1535 5778 1850 5840 nobilitatis.

252 5883 306 5929 et
330 5889 508 5931 omnia
530 5881 708 5929 tecum
743 5870 979 5941 possidet
1010 5871 1314 5929 communia
1350 5889 1361 5927 :
1400 5880 1451 5928 ct
1483 5888 1623 5943 διευς
1667 5887 1732 5927 ne
1760 5884 1852 5942 pa-

1924 522 2038 562 rem
2086 502 2305 575 quidem
2360 503 2493 556 facis
2550 498 2660 553 tuis
2704 495 2973 560 canibus;
3031 490 3126 547 sed
3180 491 3255 546 Illi
3302 487 3523 560 quidem

1928 600 2227 661 satiantur,
2276 595 2362 648 hic
2404 604 2584 647 autem
2632 603 2778 658 same
2802 586 3003 642 dormit
3042 583 3322 646 esuriens;
3355 590 3411 637 et
3436 580 3529 651 qui

1924 702 2006 745 est
2040 690 2194 753 liber,
2243 701 2390 757 stupe
2422 685 2530 738 tuis
2556 683 2730 737 servis
2762 680 2935 736 factus
2967 687 3053 756 est
3105 677 3266 731 vilior
3293 686 3349 729 et
3378 673 3530 741 abje-

1925 786 2081 840 ctior.
2129 786 2195 837 At
2222 782 2298 836 illi
2331 779 2489 835 nobis
2517 786 2777 849 pr:cstant
2807 789 3026 842 operam
3053 812 3069 838 ,
3100 770 3331 840 inquies.
3378 768 3531 835 Qua:-

1928 894 2050 931 natu
2082 892 2143 931 ea
2186 875 2315 930 est?
2347 874 2485 927 bene
2516 870 2609 925 tibi
2640 866 2926 925 serviunt?
2967 864 3107 935 Quid
3135 864 3286 919 dices
3308 902 3323 926 ,
3355 861 3401 915 si
3432 858 3531 914 tibi

1927 968 2216 1026 ostendero
2257 966 2413 1022 hunc
2452 966 2609 1035 longe
2658 960 2920 1031 majorem
2963 958 3055 1013 tibi
3090 966 3349 1028 praestare
3395 966 3529 1023 ope-

1929 1080 2043 1120 ram
2069 1104 2084 1130 ,
2129 1078 2289 1134 quam
2317 1061 2437 1115 illos
2467 1059 2492 1113 ἲ
2535 1058 2628 1113 tibi
2657 1056 2802 1111 enim
2834 1052 3008 1109 aderit
3035 1052 3093 1105 in
3120 1050 3210 1106 die
3234 1046 3449 1119 judicii,
3478 1052 3531 1099 et

1929 1171 1983 1214 te
2014 1159 2083 1212 ab
2114 1158 2235 1227 igne
2262 1154 2475 1224 eripiet.
2508 1150 2646 1219 Quid
2679 1146 2948 1219 ejusmodi
2979 1143 3073 1199 tibi
3103 1142 3309 1198 faciunt
3336 1153 3530 1193 multos

1932 1248 2117 1304 servi?
2162 1247 2387 1315 Quando
2416 1255 2623 1301 tnortua
2665 1250 2749 1297 est
2794 1236 3024 1295 Tabitha
3072 1234 3208 1306 (Act.
3242 1230 3361 1301 10),
3399 1227 3522 1299 quis

1928 1355 2046 1394 eam
2087 1333 2399 1393 suscitavit?
2428 1334 2568 1391 servi
2594 1331 3056 1388 circumsistentes
3081 1366 3096 1391 ,
3140 1340 3210 1380 an
3238 1320 3472 1378 mendici
3496 1319 3522 1373 3

1928 1431 2007 1485 Tu
2038 1442 2217 1483 autem
2249 1444 2314 1483 ne
2338 1428 2564 1482 liberum
2587 1424 2801 1493 quidem
2822 1422 2901 1476 vis
2925 1435 3083 1476 servo
3107 1431 3297 1490 parem
3320 1414 3507 1468 facere

1931 1521 2024 1576 Eat
2051 1535 2299 1591 magnum
2332 1517 2501 1587 frigus
2526 1526 2580 1572 et
2606 1516 2749 1586 jacet
2780 1526 2985 1583 pauper
3018 1521 3315 1579 pannosus,
3340 1517 3516 1557 emor-

1932 1622 2075 1675 tuus.
2108 1610 2343 1666 stridens
2368 1609 2620 1664 dentibus
2641 1648 2658 1675 ,
2708 1616 2763 1661 et
2789 1603 2880 1675 qui
2908 1609 3131 1672 aspectu
3173 1608 3222 1653 et
3255 1596 3440 1651 habitu
3471 1602 3525 1649 te

1932 1712 2109 1775 potest
2134 1716 2480 1759 commovere
2516 1718 2530 1756 :
2575 1712 2632 1754 tu
2664 1708 2843 1752 autem
2872 1694 3059 1749 calens
3079 1700 3136 1747 et
3164 1690 3349 1746 ebrius
3378 1701 3521 1755 prm-

1930 1796 2098 1851 tcris:
2130 1804 2184 1849 et
2211 1792 2485 1865 quomodo
2514 1791 2595 1845 vis
2621 1799 2677 1844 nt
2708 1784 2925 1843 Deus'te
2949 1784 3175 1855 eripiat,
3214 1777 3433 1850 quando
3461 1792 3523 1831 es

1934 1887 1987 1942 in
2010 1884 2360 1941 calamitate?
2381 1884 2541 1953 Saepe
2568 1890 2743 1936 autem
2766 1879 2868 1934 hoc
2892 1891 3108 1947 quoque
3134 1873 3302 1929 dicis:
3338 1870 3451 1940 Ego
3476 1868 3522 1922 si

1930 1993 2133 2040 essem,
2178 1987 2234 2032 et
2285 1976 2450 2031 multa
2484 1983 2795 2044 peccantem
2845 1970 3077 2038 aliquem
3136 1963 3466 2033 accepissem
3504 2000 3519 2024 ,

1933 2087 2053 2127 eum
2070 2069 2419 2132 dimisissem,
2444 2074 2496 2120 et
2515 2066 2654 2119 Deus
2673 2080 2778 2117 non
2796 2058 3051 2116 dimittit?
3068 2056 3145 2113 Ne
3164 2058 3265 2111 hoc
3283 2054 3485 2109 dixeris
3508 2067 3521 2104 :

1933 2172 1987 2217 tu
2026 2160 2171 2217 enim
2199 2176 2321 2215 eum
2379 2158 2469 2228 qui
2518 2157 2569 2211 in
2602 2164 2654 2210 te
2681 2153 2812 2208 nihil
2850 2149 3123 2222 peccavit,
3166 2161 3326 2217 quem
3374 2154 3527 2214 potes

1934 2250 2480 2322 liberare,despicis.
2528 2248 2585 2306 Si
2638 2248 2798 2303 talem
2851 2255 2906 2298 tu
2935 2242 3201 2312 despicis,
3252 2236 3527 2310 quomodo

1935 2345 2075 2400 Deus
2093 2353 2143 2399 te
2159 2342 2249 2414 qui
2274 2344 2325 2396 in
2354 2343 2527 2413 ipsum
2553 2352 2743 2409 peccas
2767 2335 3006 2391 dimittet
3025 2336 3050 2387 ‘t
3070 2347 3249 2387 annon
3270 2333 3383 2384 luce
3422 2343 3530 2384 me-

1933 2447 2118 2492 rentur
2132 2433 2473 2507 gebennam?
2501 2433 2567 2488 Et
2586 2430 2711 2503 quid
2739 2427 2975 2485 mirum?
2996 2440 3194 2496 corpus
3220 2438 3364 2494 sape
3388 2436 3529 2477 mor-

1939 2539 2119 2593 tuum,
2144 2527 2294 2583 nullo
2319 2541 2479 2583 sensu
2518 2523 2822 2596 praeditum,
2856 2520 3118 2575 honorem
3138 2532 3245 2573 non
3284 2515 3523 2585 amplius

1932 2620 2194 2687 sentiens,
2220 2614 2700 2674 innumerabilibus
2716 2613 2880 2685 variis
2899 2622 2954 2669 et
2976 2610 3158 2665 aureis
3176 2623 3340 2662 ornas
3356 2607 3493 2663 vesti
3505 2634 3529 2645 ο

1932 2712 2030 2766 bus
2051 2733 2064 2767 :
2085 2711 2211 2765 illud
2234 2720 2413 2765 autem
2442 2708 2584 2778 quod
2612 2706 2780 2773 dolet,
2805 2696 3073 2759 laceratur
3093 2711 3147 2755 et
3174 2708 3456 2769 torquetur
3474 2710 3531 2753 et

1930 2816 1959 2855 ι
1989 2801 2128 2857 fame
2152 2809 2206 2855 et
2237 2800 2441 2871 frigore
2470 2799 2765 2864 cruciatur,
2798 2796 3053 2866 despicis,
3082 2801 3137 2849 et
3162 2790 3308 2846 inani
3338 2790 3528 2862 gloria:

1932 2895 2051 2964 plus
2104 2893 2319 2965 largiris
2349 2906 2509 2961 quam
2564 2890 2657 2945 Dei
2703 2886 2905 2942 timori.
2954 2887 3133 2959 Atque
3162 2883 3370 2938 utinam
3402 2882 3528 2936 hac-

1933 2995 2088 3039 tenus
2112 3000 2127 3049 ;
2158 2983 2254 3039 sed
2274 2983 2521 3053 protinus
2549 2983 2899 3035 accedentem
2925 2991 3151 3032 accusas
3175 2993 3188 3029 :
3219 2975 3331 3030 Cur
3356 2976 3527 3039 enim,

1936 3076 2135 3146 inquis,
2191 3089 2298 3130 non
2326 3072 2624 3145 operetur?
2671 3086 2769 3126 cur
2796 3084 2927 3125 vero
2972 3069 3178 3122 otiosus
3207 3066 3404 3121 alitur?
3436 3065 3532 3120 Dic

1934 3168 2066 3223 mibi
2098 3185 2112 3222 :
2140 3178 2194 3222 tu
2223 3176 2401 3223 autem
2420 3179 2723 3237 operansne
2743 3164 2914 3219 babes
2944 3177 3065 3232 qua:
3090 3160 3279 3226 habes,
3301 3175 3406 3214 non
3436 3176 3533 3212 an.

1934 3269 2043 3314 tem
2068 3268 2287 3329 accepta
2310 3257 2607 3313 hereditate
2636 3266 2853 3327 paterna
2871 3252 3061 3322 tQuod
3082 3253 3126 3306 si
3150 3253 3312 3306 etiam
3334 3268 3531 3321 opera-

1937 3354 2055 3418 ris,
2112 3360 2396 3422 propterea
2450 3349 2541 3405 alii
2570 3347 2911 3418 exprobras?
2965 3360 3071 3400 non
3120 3344 3276 3398 audis
3307 3344 3531 3399 l’aultnn

1935 3443 2249 3498 dicentem?
2278 3442 2568 3512 Postquam
2616 3442 2759 3493 enim
2801 3438 2973 3503 dixit,
3011 3437 3113 3505 Qui
3154 3454 3256 3490 non
3287 3450 3535 3504 operatur

1937 3553 2028 3590 nec
2050 3536 2316 3589 manducet
2342 3577 2357 3601 ,
2386 3534 2517 3589 dicit
2552 3552 2565 3589 :
2605 3531 2705 3586 Vos
2739 3541 2907 3586 autent
2936 3531 3122 3584 bonum
3156 3531 3399 3600 facientes
3433 3549 3536 3584 non

1938 3630 2188 3697 deﬁciatis
2248 3628 2342 3700 (2.
2394 3625 2576 3681 Thess.
2623 3625 2681 3681 3.
2727 3623 2817 3679 10.
2868 3620 3002 3695 l3).
3060 3622 3169 3677 Sed
3223 3622 3399 3690 dicis,
3446 3623 3539 3677 Est

1942 3725 2224 3793 impostor.

2009 3838 2042 3893 4
2091 3836 2223 3900 Quid
2256 3845 2309 3889 tu
2335 3833 2490 3897 dicis,
2521 3849 2553 3885 o
2582 3830 2779 3887 hoino?
2814 3840 3035 3902 propter
3062 3843 3227 3883 unum
3261 3843 3452 3899 panem
3480 3842 3538 3886 et

1938 3938 2139 3982 vestem
2172 3942 2294 3981 eum
2322 3925 2563 3995 appellas
2588 3923 2986 3994 impostorom?
3018 3923 3088 3977 Al
3109 3923 3291 3976 atatim
3327 3922 3377 3977 id
3404 3939 3534 3977 ven-

1937 4018 2053 4084 dit,
2081 4019 2270 4087 inquit.
2300 4016 2380 4071 Tn
2411 4027 2591 4070 autem
2624 4015 2802 4067 onmia
2848 4025 2936 4068 tua
2971 4021 3119 4069 recte
3144 4012 3538 4067 administras?

1940 4098 2078 4166 Quid
2107 4097 2280 4153 vero?
2308 4111 2571 4153 omnesne
2617 4104 2742 4149 sunt
2767 4107 3032 4162 pauperes
3077 4102 3295 4161 propter
3324 4091 3496 4142 otium
3517 4090 3542 4140 ἲ

1940 4206 2102 4247 nemo
2132 4200 2353 4261 propter
2378 4188 2715 4258 naufragium
2740 4188 2761 4240 ?
2792 4202 2952 4241 nemo
2978 4194 3202 4255 propter
3228 4180 3540 4251 judicium?

1942 4300 2101 4340 nemo
2132 4292 2349 4355 propter
2378 4281 2621 4336 furtum?
2649 4295 2807 4335 nemo
2825 4288 3046 4349 propter
3072 4274 3354 4348 pericula?
3380 4288 3543 4327 nemo

1942 4386 2166 4446 propter
2196 4374 2414 4427 morbos
2438 4373 2457 4425 ’ἒ
2504 4386 2663 4426 nemo
2691 4379 2912 4439 propter
2940 4368 3105 4421 alium
3136 4367 3362 4420 casum?
3390 4362 3497 4418 Sed
3522 4405 3536 4426 ,

1941 4466 1985 4520 si
2032 4465 2359 4520 audierimus
2412 4465 2645 4533 aliquem
2678 4462 2793 4516 haec
2842 4460 3253 4529 deplorantem,
3284 4465 3339 4510 ct
3384 4454 3542 4511 valde

1940 4557 2323 4612 vociferantem
2349 4597 2364 4621 ,
2394 4567 2450 4611 et
2499 4554 2701 4609 nmlutn
2732 4555 2784 4607 in
2815 4552 3006 4607 ctelum
3034 4551 3420 4619 suspicientem
3439 4587 3458 4617 ,
3486 4554 3542 4603 et

1944 4650 2262 4719 promiSsam
2281 4663 2488 4702 comam
2512 4648 2768 4706 alentem.
2794 4655 2845 4699 et
2875 4644 3064 4715 pannis
3078 4644 3333 4707 obsitum,
3361 4642 3542 4696 statim

1945 4757 2066 4796 eum
2087 4742 2453 4811 impostorem,
2469 4741 2685 4811 planum
2706 4748 2760 4794 et
2782 4738 3152 4792 simulatorem
3179 4733 3539 4805 appellamus.

1947 4837 2062 4891 Non
2113 4846 2165 4890 te
2213 4834 2413 4904 pudet?
2445 4850 2733 4903 quemnam
2776 4847 2938 4887 vocas
2988 4829 3375 4901 impostoreml
3402 4826 3546 4883 Nihil

1947 4927 2200 4991 dederis,
2224 4938 2279 4982 et
2324 4943 2391 4981 ne
2418 4942 2541 4982 eum
2588 4940 2831 4981 accuses.
2865 4924 2973 4980 Sed
3028 4923 3224 4988 habet,
3257 4923 3461 4993 inquit,
3493 4932 3549 4977 et

1948 5021 2183 5074 simulat.
2219 5019 2331 5073 Hoc
2360 5029 2443 5073 est
2475 5019 2547 5072 tui
2575 5060 2589 5082 ,
2624 5034 2729 5073 nou
2772 5016 2914 5072 illius
2959 5016 3236 5071 accusatio
3266 5033 3279 5068 :
3308 5016 3412 5069 scit
3439 5014 3540 5068 sibi

1950 5128 2064 5167 rem
2093 5127 2217 5167 esse
2258 5126 2381 5165 cum
2432 5093 2773 5178 ciudelihus,
2805 5123 2930 5163 cum
2962 5106 3155 5163 belluis
3184 5107 3353 5177 magis
3379 5122 3540 5175 quam

1949 5221 2071 5259 cum
2121 5203 2427 5258 hominibus
2447 5243 2463 5270 ,
2494 5213 2547 5257 et
2574 5202 2717 5273 quod
2745 5202 2956 5256 etiamsi
3010 5202 3233 5254 verbum
3265 5199 3550 5267 eloquatur

1951 5297 2295 5363 miserabile,
2329 5297 2603 5352 neminem
2638 5296 2835 5365 poterit
2883 5294 3194 5349 attrahere:
3226 5302 3280 5347 et
3308 5292 3428 5347 ideo
3458 5308 3550 5345 nc-

1951 5404 2107 5444 cesse
2133 5388 2295 5443 habet
2320 5404 2380 5443 se
2408 5388 2783 5441 miserabiliori
2815 5385 3000 5441 habitu
3033 5385 3277 5449 induere,
3311 5394 3368 5439 ut
3399 5394 3549 5439 tuum

1952 5482 2162 5551 frangat
2189 5480 2450 5534 animum.
2478 5480 2533 5534 Si
2563 5479 2855 5532 viderimus
2898 5477 3202 5545 quempiam
3247 5479 3299 5530 in
3345 5477 3554 5533 liberali

1955 5572 2137 5629 habitu
2170 5572 2549 5635 accedentem;
2580 5569 2708 5636 Iste,
2739 5570 2931 5639 inquit,
2967 5578 3051 5622 est
3084 5570 3377 5637 impostor,
3410 5581 3465 5623 et
3496 5579 3557 5625 ut

1956 5668 2197 5723 videatur
2224 5667 2451 5720 honesto
2478 5665 2598 5719 loco
2625 5680 2746 5719 esse
2795 5674 2983 5727 natus,
3017 5663 3085 5715 ita
3118 5662 3327 5716 aCCNlll
3355 5680 3367 5713 :
3399 5663 3443 5715 si
3472 5664 3555 5716 vi-

1955 5763 2193 5817 derimus
2222 5761 2274 5814 in
2304 5760 2488 5813 habitu
2507 5761 2802 5823 contrario,
2824 5772 2947 5810 eum
2976 5755 3137 5811 etiam
3171 5756 3552 5822 vituperamus.

1957 5854 2094 5924 Quid
2114 5855 2223 5926 jam
2258 5853 2497 5909 facient?
2528 5852 2570 5907 Ο
2621 5850 2919 5907 sxt‘itiam!
2966 5866 2998 5905 υ
3032 5848 3417 5905 indolentiam!
3450 5849 3551 5905 Cut
