4122 6338
271 357 341 410 97
1052 368 1117 426 lN
1155 367 1367 427 EPIST.
1412 369 1503 425 AD
1542 366 1901 425 uesanos.
1942 365 2091 423 cae.
2137 364 2248 423 vn.
2292 364 2519 425 nontL.
2564 367 2671 426 xn.
2861 332 2871 343 ’
3485 376 3555 433 ss

269 482 529 551 tentiam,
547 493 603 541 et
616 486 780 541 multa
799 485 946 556 prius
961 484 1347 555 dispensassct,
1366 501 1568 558 eosque
1586 496 1856 558 tamquam

270 574 577 631 imbecillos
604 579 938 649 increpasset
963 589 1014 635 et
1067 594 1253 634 rursus
1283 590 1522 635 curasset
1548 590 1600 635 et
1626 595 1865 636 recreas-

268 678 358 723 set
379 677 438 723 ut
457 669 793 725 confiderent
812 688 825 723 :
846 680 972 726 tunc
994 671 1214 727 auribus
1236 672 1347 741 jam
1367 672 1667 743 vigentibus
1689 681 1743 726 et
1770 687 1865 727 ve-

270 760 417 831 getis
430 759 864 817 al‘ertrationem
892 762 1210 818 differentia:
1240 782 1254 819 :
1282 780 1406 819 nam
1435 767 1525 835 qui
1544 764 1755 833 deiecto
1782 778 1862 825 est

269 856 482 920 animo,
500 872 605 911 non
625 856 779 913 facile
791 857 1040 914 audierit.
1063 858 1124 913 Et
1146 859 1198 913 id
1223 868 1278 913 ιιι
1299 860 1458 926 scias,
1478 859 1601 913 audi
1625 860 1714 915 Scr
1729 871 1868 929 ιβιιι-

266 963 390 1002 ram
438 949 705 1005 dicentem
740 966 753 1003 :
788 951 852 1004 Et
905 967 1006 1005 non
1050 953 1321 1007 audierunt
1371 952 1604 1024 Moysem
1657 938 1865 1023 propter

268 1040 749 1110 pnsillant'mitatem
777 1041 970 1113 (Exod.
999 1043 1053 1099 6.
1095 1044 1177 1115 9).
1210 1044 1502 1115 Propterea
1536 1060 1658 1099 cum
1715 1046 1864 1115 prius

266 1131 458 1185 multis
504 1141 560 1185 et
609 1132 935 1190 terribilibus
986 1143 1041 1190 et
1088 1135 1310 1207 placidis
1333 1152 1394 1190 ac
1421 1136 1664 1207 benignis
1686 1136 1864 1191 verbis

264 1234 462 1276 eorum
490 1224 837 1280 exinaniisset
858 1224 1022 1279 animi
1050 1227 1426 1296 tegritudinem
1446 1270 1461 1291 ,
1496 1237 1622 1282 tunc
1652 1228 1719 1283 de
1759 1244 1865 1283 cm-

268 1320 393 1368 tero
438 1315 719 1370 descendit
744 1316 811 1371 ad
843 1318 1107 1373 rationem
1137 1316 1455 1374 dill‘ereutim
1485 1340 1497 1374 :
1529 1332 1582 1375 et
1612 1321 1736 1391 quid
1778 1321 1864 1374 di-

263 1404 383 1458 cit?
418 1403 520 1459 llic
541 1408 672 1460 enim
702 1406 1075 1464 Melchisedech
1134 1429 1223 1465 rex
1247 1412 1421 1467 Solent
1439 1456 1454 1479 ,
1483 1415 1720 1469 sacerdos
1766 1413 1863 1469 Dei

264 1496 481 1548 amnti.
514 1497 578 1551 Et
608 1498 747 1566 quod
775 1508 857 1554 est
887 1502 1130 1557 mirabile
1154 1545 1169 1569 ,
1200 1502 1253 1557 in
1286 1504 1402 1573 ipso
1453 1515 1577 1576 typo
1625 1507 1865 1561 ostendit

265 1588 498 1643 multam
532 1605 654 1645 esse
678 1592 1060 1649 diﬂ‘erentiam.
1092 1595 1222 1650 Nam
1270 1599 1409 1651 sit-ut
1456 1600 1600 1666 dixi,
1654 1615 1683 1653 a
1734 1610 1863 1671 typo

268 1694 489 1749 semper
533 1681 689 1736 tidem
730 1682 853 1737 facit
883 1687 1091 1740 veritati
1118 1728 1133 1752 ,
1162 1704 1227 1743 ex
1258 1691 1542 1757 praeteritis
1575 1692 1860 1759 praesentia

262 1772 490 1837 asserit,
526 1785 744 1842 propter
770 1774 1189 1832 imbecillitatem
1217 1781 1541 1835 auditorum.
1579 1782 1677 1836 llic
1703 1786 1858 1851 cnim,

267 1862 466 1934 inquit,
504 1864 896 1932 Melchisedech,
926 1886 1018 1923 rex
1042 1869 1241 1936 Solent,
1271 1874 1507 1928 sacerdos
1532 1872 1624 1928 Dei
1644 1878 1828 1930 suntmi
1844 1918 1858 1942 ,

266 1965 317 2008 et
347 1956 437 2021 qui
462 1956 677 2011 obuiauit
698 1959 916 2015 Abrahte
936 1979 1161 2033 regresso
1182 1981 1212 2016 a
1239 1967 1374 2018 ca'de
1398 1984 1570 2038 regum
1589 2008 1603 2030 ,
1634 1979 1678 2023 et
1709 1969 1860 2022 bene-

264 2046 403 2100 dixit
444 2050 533 2101 ei:
570 2050 654 2103 cui
701 2060 748 2104 et
788 2052 1010 2107 decimas
1049 2056 1273 2108 onmiunt
1318 2057 1485 2111 divisit
1533 2060 1807 2114 Abraham.
1842 2064 1859 2094 ⁸

266 2136 406 2192 Cum
461 2140 695 2194 breviter
746 2152 911 2198 totam
968 2146 1233 2215 posuisset
1284 2161 1688 2217 narrationem,
1741 2170 1859 2209 eam

267 2232 499 2300 mystice
521 2244 601 2288 est
621 2237 1045 2307 contemplatus:
1070 2248 1123 2294 et
1148 2242 1373 2310 primum
1396 2259 1425 2296 a
1454 2246 1669 2300 nomine
1696 2264 1709 2300 :
1746 2247 1863 2303 l’ri-

268 2338 412 2375 mum
440 2324 667 2394 quidem,
694 2327 883 2397 inquit,
911 2332 1274 2399 interpretatur
1294 2338 1632 2407 rexjnstitite.
1660 2339 1859 2400 Recte:

266 2414 480 2505 Sedeeh
512 2417 656 2472 enim
687 2419 881 2475 dicitur
906 2422 1133 2492 justitia,
1157 2426 1344 2483 Melchi
1367 2438 1545 2486 autem
1571 2448 1661 2488 rex
1691 2453 1703 2487 :
1733 2451 1862 2505 ergo

268 2504 665 2564 Melchisedech
691 2526 785 2565 rex
814 2511 1037 2581 justitiaa
1063 2525 1164 2572 est.
1195 2516 1358 2574 Vides
1384 2522 1543 2576 etiam
1587 2523 1639 2578 in
1686 2504 1861 2581 nomi-

271 2598 431 2651 nibus
472 2613 779 2657 accuratam
822 2604 1194 2676 diligentiam?
1238 2609 1369 2678 Quis
1413 2622 1497 2667 est
1534 2627 1712 2671 autent
1757 2634 1858 2673 rex

264 2690 512 2759 iustitiae,
536 2694 638 2749 nisi
663 2695 916 2752 Dominus
947 2709 1131 2755 noster
1158 2701 1313 2759 .Iesus
1342 2706 1634 2763 Christus?
1661 2711 1862 2768 Deinde

269 2783 433 2838 etiam
467 2802 560 2841 rex
591 2787 789 2855 Salem,
820 2806 849 2844 a
878 2793 1093 2849 civitate
1124 2816 1137 2850 :
1172 2794 1275 2853 hoc
1302 2809 1386 2856 est
1415 2815 1511 2857 rex
1539 2804 1684 2873 pacis
1716 2822 1729 2857 :
1762 2805 1863 2861 huc

268 2877 419 2930 enim
448 2878 719 2949 signiﬁcat
745 2882 944 2939 Salem.
981 2886 1133 2954 Quod
1167 2906 1353 2947 rursus
1373 2904 1456 2951 est
1483 2894 1725 2953 Christi:
1778 2899 1865 2956 hic

268 2966 418 3022 enim
451 2984 549 3024 nos
578 2970 706 3026 fecit
730 2973 907 3042 juStos
926 3018 940 3039 ,
969 2987 1023 3032 et
1053 2979 1350 3047 paciliravit
1376 3000 1498 3054 quae
1522 2998 1645 3041 sunt
1674 2989 1726 3043 in
1755 3007 1861 3045 ca:-

267 3057 360 3117 lis.
386 3069 443 3114 et
468 3076 587 3131 qua:
619 3061 671 3117 in
699 3074 862 3118 tem.
894 3067 1026 3135 Quis
1075 3070 1235 3127 homo
1276 3083 1359 3128 est
1404 3092 1497 3131 rex
1543 3077 1768 3147 iustitia:
1811 3093 1866 3138 ct

269 3149 464 3215 pacis?
510 3151 696 3207 Ntdlus
742 3166 823 3209 est
868 3159 969 3213 nisi
1019 3162 1167 3216 solus
1202 3163 1462 3222 Dominus
1490 3179 1675 3224 noster
1703 3172 1865 3228 Jesus

272 3241 545 3298 Christus.
578 3242 783 3299 Deinde
822 3246 980 3300 aliam
1029 3261 1241 3316 quoque
1283 3248 1556 3319 subjungit
1601 3250 1857 3308 diﬂ'eren-

271 3333 425 3388 tiam.
461 3332 587 3389 Sine
607 3346 769 3403 patre,
809 3334 917 3391 sine
954 3345 1149 3399 matre.
1189 3338 1300 3393 sine
1334 3342 1661 3413 genealogia,
1703 3360 1862 3413 neque

271 3424 475 3478 initium
498 3425 717 3488 dierum,
740 3443 901 3497 neque
925 3428 1041 3481 vite
1084 3429 1236 3496 ﬁnem
1278 3430 1465 3485 habens
1490 3474 1505 3498 ,
1548 3434 1860 3490 assimilatus

274 3526 442 3571 autem
476 3516 612 3572 Filio
642 3517 768 3583 Dei,
798 3530 964 3574 manet
995 3522 1231 3576 sacerdos
1268 3523 1321 3577 in
1360 3538 1675 3596 perpetuum.
1718 3528 1861 3596 Quo.

273 3607 418 3662 niam
450 3624 582 3678 ergo
608 3609 659 3663 ei
686 3609 1108 3666 adversabantur
1143 3629 1261 3684 qua:
1308 3615 1448 3670 dicta
1494 3627 1646 3683 sunt,
1695 3619 1739 3674 Τ
1743 3638 1775 3674 ιι
1812 3637 1862 3676 es

272 3700 511 3754 sacerdos
543 3701 591 3753 in
617 3710 861 3755 uernum
889 3704 1164 3758 secundum
1187 3708 1416 3761 ordinem
1453 3708 1862 3778 Melchisedech;

276 3788 363 3843 ille
382 3800 565 3846 autem
592 3801 710 3847 erat
735 3801 1001 3859 mortuus,
1029 3804 1084 3849 et
1105 3810 1209 3851 non
1238 3796 1335 3851 fuit
1364 3799 1613 3857 sacerdos
1634 3800 1688 3856 in
1712 3814 1862 3858 teter-

277 3895 401 3937 nnm
436 3897 451 3934 :
485 3882 608 3939 vide
635 3884 907 3954 quomodo
938 3887 1042 3942 hoc
1068 3887 1141 3942 sit
1164 3890 1579 3961 contemplatus.
1623 3894 1700 3950 Ne
1742 3894 1864 3965 quis

274 3972 419 4026 enim
443 3973 723 4044 objieeret,
759 3974 827 4030 Et
856 3976 977 4047 quis
1009 3977 1111 4034 hoc
1141 3979 1210 4035 de
1242 3982 1457 4038 homine
1485 3983 1719 4041 dixerit?
1745 3985 1862 4044 Non

276 4077 336 4119 re
362 4064 476 4134 ipsa
497 4106 511 4128 ,
542 4065 736 4136 inquit,
792 4066 916 4123 dico
939 4090 953 4126 :
978 4068 1079 4125 hoc
1108 4080 1212 4137 est,
1244 4071 1525 4130 Nescimus
1572 4091 1723 4146 quem
1756 4077 1861 4133 Pa-

276 4164 409 4210 trem
433 4156 701 4219 habuerit.
731 4170 823 4215 aut
843 4177 1001 4231 quam
1025 4173 1249 4219 matrem
1276 4180 1291 4218 :
1326 4182 1432 4222 non
1458 4168 1676 4237 quando
1702 4186 1862 4227 acce-

276 4248 414 4318 perit
441 4248 652 4304 iuitittm
676 4291 692 4316 ,
720 4268 830 4308 non
860 4254 1072 4324 quando
1100 4256 1169 4311 sit
1197 4267 1461 4315 mortuus.
1486 4260 1554 4316 Et
1576 4262 1703 4332 quid
1726 4274 1859 4333 tum,

281 4339 497 4411 inquit?
519 4358 647 4397 num
672 4346 923 4415 quoniam
950 4350 1220 4407 nescimus
1242 4393 1257 4416 ,
1302 4369 1407 4409 non
1454 4363 1539 4410 est
1582 4367 1860 4427 mortuus,

276 4448 375 4490 na:
405 4432 594 4488 habuit
624 4439 913 4506 parentes?
940 4439 1107 4497 Recte
1135 4443 1291 4511 dicis,
1322 4454 1377 4499 et
1399 4457 1639 4504 mortuus
1659 4460 1742 4505 est
1760 4493 1775 4517 ,
1808 4460 1865 4507 et

280 4524 469 4581 habuit
506 4539 773 4599 parentes.
805 4530 1084 4597 Quomodo
1111 4549 1260 4605 ergo,
1288 4536 1416 4591 Siue
1439 4548 1583 4608 patre
1604 4551 1650 4594 et
1671 4544 1864 4600 matre?

274 4621 572 4685 quomodo,
610 4618 789 4692 Neque
825 4621 1028 4677 initium
1073 4625 1303 4693 dierum,
1346 4645 1508 4697 neque
1554 4632 1707 4700 ﬁnem
1752 4635 1867 4691 vita

276 4708 464 4765 habens
482 4712 510 4765 .’
535 4711 815 4780 Quomodo
834 4715 860 4768 ?
888 4732 955 4772 eo
981 4719 1121 4788 quod
1152 4719 1202 4775 in
1235 4721 1510 4791 Scriptura
1540 4742 1647 4782 non
1672 4727 1867 4784 all’era-

276 4811 381 4859 tur.
417 4804 483 4858 Et
512 4805 643 4875 quid
668 4806 769 4862 hoc
790 4809 913 4863 est?
962 4809 1032 4866 Ut
1076 4811 1163 4867 hic
1209 4814 1325 4869 sine
1376 4815 1567 4879 Patre.
1610 4820 1866 4888 quoniam

278 4909 382 4949 non
411 4907 728 4952 recensetur
749 4900 1058 4973 genealogis
1090 4918 1107 4956 :
1142 4902 1213 4959 ita
1241 4904 1489 4965 Christus
1517 4908 1631 4981 ipsa
1660 4911 1739 4967 rei
1767 4928 1867 4967 na-

277 4992 415 5037 tura.

344 5075 401 5132 2.
433 5076 579 5133 Ecce
606 5093 707 5135 nec
733 5080 939 5137 initium
974 5099 1073 5141 nec
1096 5085 1255 5142 linem
1283 5086 1506 5147 habens.
1533 5090 1684 5150 Sicut
1710 5092 1869 5164 huius

276 5168 552 5223 nescimus
578 5185 753 5241 neque
775 5173 983 5230 initium
1013 5175 1223 5233 dierum
1249 5221 1264 5245 ,
1293 5196 1468 5252 neque
1496 5184 1619 5239 vita:
1664 5184 1823 5242 linem
1849 5228 1865 5255 ,

275 5272 341 5315 eo
369 5261 515 5328 quod
552 5278 658 5318 non
686 5266 881 5337 scripta
911 5269 1021 5324 sint
1053 5288 1066 5325 :
1098 5270 1171 5326 ita
1214 5272 1343 5330 Jesu
1392 5277 1664 5335 nescimus
1687 5322 1703 5347 ,
1758 5296 1868 5336 non

275 5352 418 5421 quod
451 5370 559 5408 non
592 5357 789 5427 scripta
827 5358 972 5424 sint.
999 5362 1094 5419 sed
1122 5365 1247 5435 quia
1281 5384 1385 5424 non
1417 5379 1565 5427 sunt.
1595 5370 1727 5428 Nam
1776 5373 1868 5433 ille

276 5444 493 5513 quidem
519 5456 603 5501 est
631 5447 822 5517 ﬁgura,
848 5461 904 5509 et
930 5452 1052 5510 ideo
1078 5471 1185 5512 non
1208 5468 1291 5513 est
1320 5460 1579 5532 scriptum
1608 5480 1621 5517 :
1654 5464 1739 5519 hic
1767 5480 1867 5521 au-

279 5544 382 5590 tem
414 5538 633 5598 veritas.
653 5550 707 5593 et
734 5540 854 5599 ideo
881 5561 986 5599 non
1005 5556 1089 5602 est
1107 5548 1410 5607 talis.Sicut
1430 5554 1592 5609 etiam
1616 5556 1668 5611 in
1697 5558 1870 5613 nomi-

277 5626 431 5682 nibus
458 5645 473 5683 :
508 5644 636 5684 nam
667 5629 753 5685 hic
790 5635 1001 5706 quidem
1026 5648 1180 5694 erant
1204 5644 1612 5718 appellationes,
1639 5646 1750 5705 Rex
1776 5650 1868 5720 ju-

346 5795 366 5830 ⁶
389 5794 476 5847 Hie
500 5797 675 5861 incipit
699 5797 748 5846 in
771 5796 899 5849 ουιι».
927 5800 1121 5853 humilia
1144 5804 1449 5865 duc’xlecima.

1961 487 2122 540 ειὶιίιιε
2148 497 2203 543 et
2226 488 2397 559 pacis,
2428 488 2537 540 illic
2566 495 2748 540 autem
2779 498 2958 538 rerum
2996 483 3193 540 veritas
3238 500 3251 537 :
3294 484 3364 539 ita
3396 484 3559 539 etiam

1963 578 2048 633 hic
2061 594 2276 649 quoque
2304 588 2429 633 sunt
2454 578 2867 647 appellationes,
2892 576 2999 630 illic
3027 584 3207 631 autem
3224 591 3400 630 rerum
3420 574 3561 629 veri-

1965 650 2065 726 tas.
2097 672 2380 741 Quomodo
2404 687 2534 742 ergo
2566 671 2728 726 habet
2758 670 3013 725 initium?
3043 668 3201 725 Vides
3216 668 3409 724 Filium
3436 684 3561 723 esse

1965 764 2081 819 sine
2104 765 2276 831 initio,
2295 779 2400 820 non
2420 764 2565 835 quod
2582 780 2686 819 non
2706 746 3128 819 liabeateattsam
3146 780 3162 827 ;
3180 762 3283 817 hoc
3294 762 3437 818 enim
3458 774 3565 815 non

1966 864 2143 925 potest
2187 856 2338 920 lleri;
2380 855 2542 910 habet
2576 856 2722 909 enim
2752 854 2965 909 Patrem
2998 874 3013 909 :
3044 868 3169 907 nam
3200 852 3403 923 alioqui
3428 867 3567 923 quo-

1970 946 2129 1002 modo
2155 944 2336 1002 illius?
2362 944 2457 1001 sed
2480 945 2623 1016 quod
2646 960 2750 999 nou
2774 943 2969 997 habeat
2987 943 3197 997 initium
3217 940 3362 1004 vitm,
3394 952 3571 1008 neque

1970 1039 2152 1095 linem.
2200 1039 2524 1094 Assimilatns
2553 1048 2722 1093 atttem
2769 1035 2909 1091 Filio
2949 1034 3065 1090 Dei.
3103 1033 3206 1091 Ubi
3247 1043 3331 1089 est
3377 1030 3572 1087 simili-

1971 1131 2139 1188 tudo?
2180 1131 2335 1199 Quod
2386 1139 2442 1186 et
2485 1130 2644 1201 hujus
2684 1138 2742 1185 et
2787 1129 2932 1185 illius
2980 1128 3141 1183 linem
3178 1128 3487 1197 ignoramus
3513 1135 3570 1179 et

1972 1221 2223 1276 initium:
2255 1221 2351 1277 sed
2378 1220 2537 1290 hujus
2581 1221 2835 1292 quidem,
2886 1234 2951 1274 ex
2994 1234 3063 1275 eo
3112 1217 3255 1289 quod
3302 1232 3407 1272 non
3459 1216 3570 1270 sint

1968 1314 2201 1381 scripta;
2233 1315 2376 1369 illius
2401 1330 2563 1381 vero,
2590 1330 2654 1369 ex
2685 1329 2752 1369 eo
2778 1312 2921 1384 quod
2953 1327 3061 1367 non
3088 1312 3216 1365 sint.
3249 1310 3346 1365 Hic
3374 1320 3458 1365 est
3495 1310 3569 1363 si.

1970 1406 2234 1460 militttdo.
2260 1406 2318 1462 Si
2348 1417 2528 1462 autem
2578 1406 2775 1477 ubique
2820 1406 2998 1461 futura
3047 1414 3193 1459 esset
3237 1402 3567 1466 similitudo,

1968 1514 2073 1553 non
2103 1498 2287 1569 uti-pte
2312 1508 2496 1555 essent
2528 1507 2687 1568 typus
2714 1505 2765 1551 et
2795 1497 2995 1552 veritas
3016 1538 3029 1563 ,
3062 1493 3157 1551 sed
3187 1494 3349 1549 ambo
3382 1502 3571 1549 essent

1969 1597 2147 1660 typus.
2179 1590 2331 1645 Sicut
2360 1591 2520 1644 etiam
2556 1590 2607 1643 iu
2639 1588 2963 1654 imaginibus
2989 1596 3070 1642 est
3120 1584 3319 1657 aliquid
3347 1584 3567 1657 quidem

1965 1684 2164 1747 simile,
2186 1683 2383 1753 aliquid
2416 1700 2545 1740 vero
2568 1682 2835 1738 dissimile
2868 1700 2881 1737 :
2915 1696 3036 1735 nam
3066 1682 3329 1735 linearum
3344 1678 3565 1750 quidem

1965 1784 2020 1830 et
2069 1775 2439 1831 eharacternm
2488 1786 2571 1831 est
2623 1774 2868 1846 qna'dam
2917 1772 3246 1836 similitudo;
3301 1770 3570 1841 impositis

1966 1878 2142 1921 autem
2172 1868 2449 1923 coloribus
2469 1909 2483 1932 ,
2515 1878 2642 1921 tunc
2674 1866 2959 1921 manifeste
2987 1864 3292 1919 ostenditur
3312 1863 3569 1919 dill'eren—

1966 1959 2034 2011 tia
2061 1998 2075 2018 .
2120 1968 2175 2013 ct
2221 1958 2323 2013 hoc
2375 1959 2591 2029 quidem
2621 1959 2798 2013 simile
2821 2000 2835 2023 ,
2874 1958 3005 2013 illud
3032 1973 3163 2013 vero
3186 1956 3474 2011 dissimile.
3508 1957 3564 2011 4.

1966 2046 2248 2101 Intuemini
2271 2060 2438 2103 autem
2465 2060 2683 2119 quantus
2710 2050 2773 2102 sit
2802 2049 2904 2114 hic,
2938 2047 3021 2101 cui
3060 2058 3105 2101 et
3154 2048 3380 2101 decimas
3425 2046 3567 2101 dedit

1964 2139 2026 2192 de
2047 2140 2318 2209 pra'cipuis
2349 2140 2608 2194 Abraham
2634 2139 2944 2207 patriarcha.
2976 2137 3094 2194 Jam
3126 2138 3403 2208 adaptavit
3434 2136 3568 2208 lign-

1966 2246 2103 2285 ram.
2140 2230 2211 2286 De
2242 2241 2442 2288 caetero
2482 2232 2764 2287 cottlidens
2811 2230 3046 2287 ostendit
3091 2245 3211 2286 eam
3256 2244 3379 2285 esse
3430 2244 3570 2299 prte-

1964 2324 2249 2381 clariorem
2275 2326 2415 2381 veris
2445 2328 2607 2381 rebus
2638 2343 2759 2396 quae
2806 2324 3229 2396 apud-Judteos.
3274 2324 3335 2382 Si
3383 2335 3565 2381 autem

1963 2415 2052 2483 qtti
2081 2424 2263 2484 typum
2292 2417 2452 2472 habet
2501 2414 2742 2483 Christi,
2797 2426 2879 2472 est
2928 2416 3064 2473 adeo
3114 2417 3461 2486 prtestantior
3502 2432 3568 2473 ac

1966 2510 2180 2571 melior.
2202 2525 2309 2563 nou
2337 2510 2514 2565 solum
2542 2510 2938 2574 sacerdotibus,
2971 2510 3066 2566 sed
3095 2510 3215 2581 ipso
3241 2511 3403 2566 etiam
3430 2512 3568 2581 prin-

1964 2600 2084 2667 cipe
2119 2601 2336 2671 generis
2364 2602 2708 2658 sacerdotum
2742 2620 2755 2656 :
2789 2602 2916 2673 quid
2949 2603 3153 2659 dixeris
3182 2603 3251 2659 de
3297 2604 3522 2659 veritate
3544 2603 3570 2656 7

1968 2689 2131 2747 Vides
2160 2708 2321 2765 quam
2345 2694 2560 2749 abunde
2590 2694 2828 2751 ostendit
2852 2696 3360 2767 cxsupcrationem?
3390 2696 3567 2752 Intue-

1966 2786 2113 2849 mini,
2148 2788 2339 2856 inquit,
2373 2798 2595 2859 quantus
2622 2789 2684 2841 sit
2709 2790 2790 2842 hic
2837 2790 2919 2842 cui
2964 2800 3011 2843 et
3053 2790 3277 2844 decimas
3321 2790 3457 2844 dedit
3504 2791 3570 2846 de

1964 2879 2235 2947 ρηεεὶμυὶε
2265 2880 2584 2947 patriarcha.
2618 2880 2891 2951 l’r:ecipna
2922 2880 3179 2937 dicuntur
3221 2881 3414 2951 spolia.
3458 2882 3567 2939 Nec

1964 2970 2067 3023 dici
2095 2978 2270 3038 potest
2294 2970 2435 3040 quod
2470 2970 2589 3025 illas
2619 2974 2666 3026 ei
2699 2972 2943 3035 dederit,
2977 2982 3036 3027 ut
3068 2974 3158 3043 qui
3200 2984 3345 3029 esset
3386 2975 3569 3031 socius

1967 3063 2089 3117 belli
2126 3080 2137 3114 :
2175 3072 2458 3132 propterea
2510 3064 2657 3119 enim
2706 3064 2868 3128 dicit,
2917 3064 3167 3120 Obviavit
3208 3080 3456 3137 regresso
3497 3083 3568 3124 ex

1964 3157 2111 3212 caede
2136 3172 2343 3228 regum.
2374 3156 2557 3223 Domi,
2588 3158 2780 3228 inquit,
2805 3158 3023 3213 sedebat
3049 3198 3067 3225 ,
3092 3167 3147 3215 et
3182 3158 3337 3215 dedit
3362 3160 3413 3215 ei
3451 3160 3567 3232 pri-

1966 3249 2145 3303 mitias
2171 3264 2359 3303 eorum
2386 3264 2505 3319 qua:
2530 3250 2643 3304 suis
2669 3249 2940 3304 laboribus
2966 3250 3312 3319 acquisierat.
3342 3250 3395 3306 5.
3424 3250 3489 3305 Et
3506 3268 3573 3307 cx

1964 3340 2089 3408 ﬁliis
2115 3339 2320 3410 quidem
2351 3340 2473 3393 Levi
2503 3341 2843 3394 sacerdotium
2874 3340 3179 3409 accipientes
3202 3381 3219 3408 ,
3265 3342 3570 3397 mandatum

1967 3430 2149 3485 habent
2174 3431 2397 3486 decimas
2422 3448 2620 3485 sumere
2643 3448 2674 3484 a
2702 3433 2896 3502 papula
2925 3433 3208 3487 secundum
3255 3436 3415 3506 legem
3444 3474 3461 3500 ,
3509 3436 3567 3490 id

1964 3520 2073 3573 est,
2102 3526 2133 3561 a
2180 3509 2425 3577 fratribus
2474 3510 2955 3577 suis:quantquam
3003 3521 3051 3561 et
3095 3510 3194 3578 ipsi
3237 3511 3452 3563 exierint
3502 3512 3572 3565 de

1963 3599 2146 3654 lumbis
2174 3600 2409 3653 Abralue.
2439 3598 2612 3655 Tanta
2639 3600 2949 3665 sacerdotii,
2981 3600 3187 3670 inquit,
3221 3610 3305 3655 est
3327 3614 3533 3669 exsupe
3552 3630 3566 3642 -

1964 3690 2123 3755 ratio,
2156 3701 2213 3745 ut
2242 3692 2330 3761 qui
2363 3690 2568 3745 honore
2595 3702 2715 3745 sunt
2736 3706 2898 3762 pares
2921 3706 2949 3744 a
2979 3691 3273 3760 majoribus
3287 3702 3342 3747 et
3364 3692 3567 3748 habent

1962 3782 2212 3837 eumdem
2244 3782 2329 3837 sui
2354 3783 2569 3852 generis
2600 3783 2899 3853 principem
2922 3825 2937 3847 ,
2970 3784 3079 3837 sint
3106 3784 3278 3838 multo
3310 3784 3567 3840 meliores

1957 3885 2012 3931 et
2039 3876 2439 3945 prmstantiores
2484 3876 2626 3931 aliis.
2657 3876 2903 3931 Decimas
2934 3875 3153 3947 quidem
3180 3886 3330 3932 certe.
3364 3875 3433 3931 ab
3455 3876 3565 3933 illis

1957 3968 2245 4039 accipiunt.
2280 3968 2506 4037 Quando
2544 3984 2674 4039 ergo
2697 3969 2943 4023 iuventus
2978 3967 3137 4024 fuerit
3161 3969 3359 4040 aliquis
3383 3967 3568 4025 abhis

1959 4061 2093 4131 ipsis
2113 4061 2351 4118 decimas
2379 4060 2653 4133 accipiens
2676 4104 2691 4129 ,
2724 4077 2908 4117 annon
2941 4060 2995 4115 hi
3026 4061 3242 4132 quidem
3269 4062 3447 4117 locum
3476 4070 3565 4118 te-

1960 4163 2089 4209 nent
2109 4154 2391 4221 laicorum,
2412 4154 2502 4210 ille
2518 4164 2699 4209 autem
2717 4165 2800 4222 est
2820 4156 2960 4210 inter
2985 4153 3339 4210 sacerdotes?
3376 4154 3566 4222 Neque

1960 4246 2063 4302 hoc
2084 4247 2286 4315 solum,
2310 4246 2406 4302 sed
2437 4264 2505 4302 ne
2527 4247 2590 4301 iis
2605 4246 2821 4318 quidem
2849 4257 2969 4302 erat
2998 4262 3095 4318 par
3117 4245 3347 4315 honere,
3373 4246 3469 4303 sed
3494 4263 3563 4304 ex

1958 4339 2066 4395 alio
2093 4355 2315 4411 genere.
2334 4339 2697 4409 Quamobrem
2722 4340 2829 4395 non
2854 4338 3097 4395 dedisset
3111 4338 3351 4395 decimas
3371 4340 3566 4395 alieni-

1958 4446 2131 4503 genae,
2164 4431 2265 4487 nisi
2297 4432 2499 4487 multus
2525 4430 2718 4486 inisset
2744 4431 2942 4487 honor.
2972 4430 3166 4501 Papae!
3196 4430 3322 4502 quid
3343 4431 3567 4488 ell’ccit?

1959 4523 2135 4594 majus
2164 4538 2322 4593 quam
2354 4533 2411 4577 ιιι
2454 4523 2602 4578 credi
2648 4522 2858 4595 possit,
2910 4522 3123 4595 agitans
3167 4522 3462 4580 declaravit
3508 4525 3566 4582 in

1961 4614 2198 4684 Epistola
2227 4613 2293 4669 ad
2320 4613 2615 4671 Romanos.
2644 4613 2778 4669 Nam
2804 4610 2919 4671 illic
2942 4623 2997 4671 et
3026 4624 3226 4671 nostra:
3250 4626 3305 4671 et
3328 4616 3568 4673 Judaica:

1961 4707 2177 4762 vivendi
2209 4708 2435 4764 rationis
2463 4717 2518 4762 ct
2544 4706 2772 4763 instituti
2803 4706 3105 4778 principem
3132 4719 3186 4763 et
3210 4709 3439 4777 primum
3473 4725 3570 4781 pa-

1962 4804 2099 4854 trem
2129 4798 2262 4854 dicit
2287 4814 2409 4855 esse
2436 4799 2711 4856 Abraham
2747 4816 2762 4853 :
2797 4798 2883 4855 hic
2911 4810 3093 4855 autem
3136 4800 3398 4857 adversus
3440 4819 3566 4858 eum

1957 4890 2124 4946 audet
2144 4891 2473 4960 admodum,
2518 4902 2574 4948 et
2612 4891 2853 4949 ostendit
2891 4893 3273 4964 prteputiatum
3320 4910 3389 4950 eo
3443 4911 3569 4952 esse

1960 4985 2130 5038 multo
2156 4985 2609 5055 praestantiorem.
2633 4984 2915 5052 Quomodo
2930 4993 3111 5040 autem
3126 4986 3403 5042 ostendit?
3421 4986 3569 5059 quod

1961 5072 2090 5131 Levi
2118 5076 2358 5131 decimas
2387 5075 2648 5133 dederit?
2676 5076 2980 5145 Abraham,
3022 5078 3231 5149 inquit,
3278 5078 3445 5135 dedit.
3500 5079 3570 5139 Et

1960 5165 2089 5237 quid
2118 5166 2221 5221 hoc
2248 5167 2314 5220 ad
2343 5166 2483 5222 nes?
2506 5166 2735 5222 Maxime
2758 5167 2972 5237 quidem
2999 5167 3068 5223 ad
3092 5183 3187 5224 vos
3217 5187 3232 5223 :
3273 5186 3381 5226 non
3419 5172 3567 5229 enim

1962 5257 2303 5315 contendetis
2324 5258 2544 5315 Levitas
2563 5274 2685 5316 esse
2712 5260 3122 5331 praestantiora
3149 5260 3477 5320 Abrahamo.
3508 5266 3567 5323 6.

1963 5349 2123 5420 Cujus
2148 5359 2317 5404 autem
2342 5357 2601 5423 generatio
2627 5368 2728 5405 non
2755 5336 3128 5431 annumeratur
3152 5356 3206 5408 in
3225 5355 3318 5421 eis,
3342 5355 3571 5414 decim

1961 5444 2174 5513 sumpsit
2199 5443 2263 5496 ab
2294 5443 2576 5498 Abraham.
2616 5443 2819 5499 Deinde
2860 5459 2967 5499 nou
2997 5445 3191 5501 leviter
3220 5449 3565 5517 pertransiit,

1962 5535 2059 5591 sed
2090 5534 2321 5603 addidit,
2352 5534 2421 5590 Et
2450 5535 2584 5591 hunc
2608 5537 2694 5607 qui
2720 5538 2941 5592 habebat
2968 5540 3389 5608 repromissiones
3416 5542 3572 5597 bono-

1964 5630 2115 5685 dixit.
2159 5628 2426 5697 Quoniam
2471 5627 2575 5685 hoc
2614 5639 2734 5686 erat
2780 5632 2927 5686 omni
2958 5646 3024 5686 ex
3065 5642 3216 5702 parte
3248 5636 3567 5703 praclarum

1964 5723 2190 5789 Judzeis,
2219 5723 2460 5779 ostendit
2487 5722 2638 5779 illum
2665 5722 2745 5780 eis
2770 5740 2893 5779 esse
2923 5725 3294 5783 honestiorem
3337 5739 3390 5783 et
3431 5744 3568 5799 prae-

1966 5817 2252 5874 elariorcm
2278 5832 2343 5873 ex
2374 5818 2647 5873 communi
2677 5817 2919 5873 omnium
2947 5816 3172 5889 judicio.
3205 5820 3257 5873 7.
3290 5819 3417 5875 Sine
3457 5824 3570 5876 una
