  <div class='ocr_page' id='page_1' title='image "/cluster/home/n/w/nwhite01/storage/ocr_20150623/63/pst.000004899563/107.png"; bbox 0 0 4122 6338; ppageno 0'>
   <div class='ocr_carea' id='block_1_1' title="bbox 648 404 713 455">
    <p class='ocr_par' dir='ltr' id='par_1_1' title="bbox 648 404 713 455">
     <span class='ocr_line' id='line_1_1' title="bbox 648 404 713 455; baseline -0.031 0"><span class='ocrx_word' id='word_1_1' title='bbox 648 404 713 455; x_wconf 69' lang='lat'><strong>9!)</strong></span> 
     </span>
    </p>
   </div>
   <div class='ocr_carea' id='block_1_2' title="bbox 646 504 2214 576">
    <p class='ocr_par' dir='ltr' id='par_1_2' title="bbox 646 504 2214 576">
     <span class='ocr_line' id='line_1_2' title="bbox 646 504 2214 576; baseline -0.004 -17"><span class='ocrx_word' id='word_1_2' title='bbox 646 522 809 562; x_wconf 72' lang='lat' dir='ltr'><strong>autem</strong></span> <span class='ocrx_word' id='word_1_3' title='bbox 838 509 1253 571; x_wconf 77' lang='lat' dir='ltr'><strong>contradictione,</strong></span> <span class='ocrx_word' id='word_1_4' title='bbox 1288 510 1479 576; x_wconf 88' lang='lat' dir='ltr'><strong>inquit,</strong></span> <span class='ocrx_word' id='word_1_5' title='bbox 1506 507 1639 575; x_wconf 82' lang='lat' dir='ltr'><strong>quod</strong></span> <span class='ocrx_word' id='word_1_6' title='bbox 1664 508 1827 559; x_wconf 83' lang='lat' dir='ltr'><strong>minus</strong></span> <span class='ocrx_word' id='word_1_7' title='bbox 1853 516 1924 561; x_wconf 75' lang='lat' dir='ltr'><strong>est</strong></span> <span class='ocrx_word' id='word_1_8' title='bbox 1952 523 1981 557; x_wconf 82' lang='grc' dir='ltr'><strong><em>η</em></strong></span> <span class='ocrx_word' id='word_1_9' title='bbox 2011 504 2214 557; x_wconf 74' lang='lat' dir='ltr'><strong>metiore</strong></span> 
     </span>
    </p>
   </div>
   <div class='ocr_carea' id='block_1_3' title="bbox 1354 397 3153 464">
    <p class='ocr_par' dir='ltr' id='par_1_3' title="bbox 1354 397 3153 464">
     <span class='ocr_line' id='line_1_3' title="bbox 1354 397 3153 464; baseline -0.005 0"><span class='ocrx_word' id='word_1_10' title='bbox 1354 411 1391 464; x_wconf 74' lang='grc' dir='ltr'>ς</span> <span class='ocrx_word' id='word_1_11' title='bbox 1452 404 1720 464; x_wconf 63' lang='grc' dir='ltr'><strong>ΜΗΝΝΧΒ</strong></span> <span class='ocrx_word' id='word_1_12' title='bbox 1760 398 2231 454; x_wconf 68' lang='grc' dir='ltr'><strong>ειιῑίγςοςττηιι</strong></span> <span class='ocrx_word' id='word_1_13' title='bbox 2275 397 2583 454; x_wconf 73' lang='lat' dir='ltr'><strong>ARCHIEP.</strong></span> <span class='ocrx_word' id='word_1_14' title='bbox 2625 397 3153 455; x_wconf 70' lang='lat' dir='ltr'><strong>CONSTANTINOP.</strong></span> 
     </span>
    </p>
   </div>
   <div class='ocr_carea' id='block_1_4' title="bbox 3781 388 3879 438">
    <p class='ocr_par' dir='ltr' id='par_1_4' title="bbox 3781 388 3879 438">
     <span class='ocr_line' id='line_1_4' title="bbox 3781 388 3879 438; baseline -0.02 -1"><span class='ocrx_word' id='word_1_15' title='bbox 3781 388 3879 438; x_wconf 77' lang='lat' dir='ltr'><strong>lﬂ&#39;l</strong></span> 
     </span>
    </p>
   </div>
   <div class='ocr_carea' id='block_1_5' title="bbox 2304 499 3870 572">
    <p class='ocr_par' dir='ltr' id='par_1_5' title="bbox 2304 499 3870 572">
     <span class='ocr_line' id='line_1_5' title="bbox 2304 499 3870 572; baseline 0.004 -22"><span class='ocrx_word' id='word_1_16' title='bbox 2304 499 2433 551; x_wconf 71' lang='lat' dir='ltr'><strong>Nam</strong></span> <span class='ocrx_word' id='word_1_17' title='bbox 2462 517 2580 553; x_wconf 70' lang='lat' dir='ltr'><strong>cum</strong></span> <span class='ocrx_word' id='word_1_18' title='bbox 2604 502 2843 563; x_wconf 62' lang='lat' dir='ltr'><strong>dixisset,</strong></span> <span class='ocrx_word' id='word_1_19' title='bbox 2877 504 3139 572; x_wconf 74' lang='lat' dir='ltr'><strong>Scriptum</strong></span> <span class='ocrx_word' id='word_1_20' title='bbox 3166 516 3238 557; x_wconf 86' lang='lat' dir='ltr'><strong>est</strong></span> <span class='ocrx_word' id='word_1_21' title='bbox 3257 546 3271 565; x_wconf 90' lang='lat'><strong>,</strong></span> <span class='ocrx_word' id='word_1_22' title='bbox 3301 506 3571 559; x_wconf 74' lang='lat' dir='ltr'><strong>.tliserebor</strong></span> <span class='ocrx_word' id='word_1_23' title='bbox 3596 510 3741 570; x_wconf 68' lang='lat' dir='ltr'><strong>cuius</strong></span> <span class='ocrx_word' id='word_1_24' title='bbox 3776 513 3870 558; x_wconf 83' lang='lat' dir='ltr'><strong>mi-</strong></span> 
     </span>
    </p>
   </div>
   <div class='ocr_carea' id='block_1_6' title="bbox 646 585 3863 670">
    <p class='ocr_par' dir='ltr' id='par_1_6' title="bbox 646 585 3863 670">
     <span class='ocr_line' id='line_1_6' title="bbox 646 585 3863 670; baseline 0.002 -22"><span class='ocrx_word' id='word_1_25' title='bbox 646 603 969 657; x_wconf 69' lang='grc' dir='ltr'><strong>ιρηράέεξιειν,</strong></span> <span class='ocrx_word' id='word_1_26' title='bbox 1001 602 1107 659; x_wconf 80' lang='lat' dir='ltr'><strong>Hoc</strong></span> <span class='ocrx_word' id='word_1_27' title='bbox 1128 585 1228 665; x_wconf 63' lang='lat' dir='ltr'><strong>est,</strong></span> <span class='ocrx_word' id='word_1_28' title='bbox 1258 601 1506 655; x_wconf 71' lang='lat' dir='ltr'><strong>omnibus</strong></span> <span class='ocrx_word' id='word_1_29' title='bbox 1533 600 1744 653; x_wconf 64' lang='lat' dir='ltr'><strong>videtur</strong></span> <span class='ocrx_word' id='word_1_30' title='bbox 1772 600 1842 662; x_wconf 59' lang='lat' dir='ltr'><strong>id,</strong></span> <span class='ocrx_word' id='word_1_31' title='bbox 1872 600 2011 670; x_wconf 76' lang='lat' dir='ltr'><strong>quod</strong></span> <span class='ocrx_word' id='word_1_32' title='bbox 2038 602 2214 655; x_wconf 72' lang='lat' dir='ltr'><strong>minus</strong></span> <span class='ocrx_word' id='word_1_33' title='bbox 2294 592 2510 653; x_wconf 67' lang='lat' dir='ltr'><strong>serebor,</strong></span> <span class='ocrx_word' id='word_1_34' title='bbox 2541 605 2585 644; x_wconf 82' lang='lat' dir='ltr'><strong>et</strong></span> <span class='ocrx_word' id='word_1_35' title='bbox 2611 598 2998 649; x_wconf 78' lang='lat' dir='ltr'><strong>rommiserabor</strong></span> <span class='ocrx_word' id='word_1_36' title='bbox 3024 601 3170 669; x_wconf 84' lang='lat' dir='ltr'><strong>cujus</strong></span> <span class='ocrx_word' id='word_1_37' title='bbox 3199 600 3584 653; x_wconf 75' lang='lat' dir='ltr'><strong>commiserabor</strong></span> <span class='ocrx_word' id='word_1_38' title='bbox 3612 604 3628 668; x_wconf 93' lang='lat'>(</span> <span class='ocrx_word' id='word_1_39' title='bbox 3652 601 3784 652; x_wconf 84' lang='lat' dir='ltr'><strong>Ibid.</strong></span> <span class='ocrx_word' id='word_1_40' title='bbox 3816 615 3863 654; x_wconf 56' lang='lat' dir='ltr'><strong>tt.</strong></span> 
     </span>
    </p>
   </div>
   <div class='ocr_carea' id='block_1_7' title="bbox 638 692 2204 769">
    <p class='ocr_par' dir='ltr' id='par_1_7' title="bbox 638 692 2204 769">
     <span class='ocr_line' id='line_1_7' title="bbox 638 692 2204 769; baseline -0.008 -14"><span class='ocrx_word' id='word_1_41' title='bbox 638 714 738 768; x_wconf 80' lang='lat' dir='ltr'><strong>est,</strong></span> <span class='ocrx_word' id='word_1_42' title='bbox 775 702 1009 757; x_wconf 79' lang='lat' dir='ltr'><strong>benedici</strong></span> <span class='ocrx_word' id='word_1_43' title='bbox 1037 717 1064 753; x_wconf 89' lang='lat' dir='ltr'><strong>a</strong></span> <span class='ocrx_word' id='word_1_44' title='bbox 1098 698 1486 769; x_wconf 63' lang='lat' dir='ltr'><strong>priestantiore.</strong></span> <span class='ocrx_word' id='word_1_45' title='bbox 1549 694 1710 764; x_wconf 85' lang='lat' dir='ltr'><strong>Igitur</strong></span> <span class='ocrx_word' id='word_1_46' title='bbox 1740 692 1930 746; x_wconf 87' lang='lat' dir='ltr'><strong>melior</strong></span> <span class='ocrx_word' id='word_1_47' title='bbox 1972 700 2026 745; x_wconf 89' lang='lat' dir='ltr'><strong>et</strong></span> <span class='ocrx_word' id='word_1_48' title='bbox 2068 706 2204 758; x_wconf 76' lang='lat' dir='ltr'><strong>pne-</strong></span> 
     </span>
    </p>
   </div>
   <div class='ocr_carea' id='block_1_8' title="bbox 639 781 2201 862">
    <p class='ocr_par' dir='ltr' id='par_1_8' title="bbox 639 781 2201 862">
     <span class='ocr_line' id='line_1_8' title="bbox 639 781 2201 862; baseline -0.008 -16"><span class='ocrx_word' id='word_1_49' title='bbox 639 794 867 847; x_wconf 85' lang='lat' dir='ltr'><strong>stantior</strong></span> <span class='ocrx_word' id='word_1_50' title='bbox 887 803 969 847; x_wconf 88' lang='lat' dir='ltr'><strong>est</strong></span> <span class='ocrx_word' id='word_1_51' title='bbox 995 801 1149 862; x_wconf 79' lang='lat' dir='ltr'><strong>typus</strong></span> <span class='ocrx_word' id='word_1_52' title='bbox 1178 787 1396 850; x_wconf 88' lang='lat' dir='ltr'><strong>Christi,</strong></span> <span class='ocrx_word' id='word_1_53' title='bbox 1425 786 1583 839; x_wconf 89' lang='lat' dir='ltr'><strong>etiam</strong></span> <span class='ocrx_word' id='word_1_54' title='bbox 1610 798 1676 838; x_wconf 87' lang='lat' dir='ltr'><strong>eo</strong></span> <span class='ocrx_word' id='word_1_55' title='bbox 1709 785 1823 851; x_wconf 88' lang='lat' dir='ltr'><strong>ipso</strong></span> <span class='ocrx_word' id='word_1_56' title='bbox 1850 782 1937 850; x_wconf 85' lang='lat' dir='ltr'><strong>qui</strong></span> <span class='ocrx_word' id='word_1_57' title='bbox 1976 781 2201 835; x_wconf 84' lang='lat' dir='ltr'><strong>habebat</strong></span> 
     </span>
    </p>
   </div>
   <div class='ocr_carea' id='block_1_9' title="bbox 2290 682 3870 756">
    <p class='ocr_par' dir='ltr' id='par_1_9' title="bbox 2290 682 3870 756">
     <span class='ocr_line' id='line_1_9' title="bbox 2290 682 3870 756; baseline 0.006 -23"><span class='ocrx_word' id='word_1_58' title='bbox 2290 683 2376 752; x_wconf 56' lang='lat' dir='ltr'><strong>ii);</strong></span> <span class='ocrx_word' id='word_1_59' title='bbox 2407 682 2553 747; x_wconf 91' lang='lat' dir='ltr'><strong>dicit,</strong></span> <span class='ocrx_word' id='word_1_60' title='bbox 2584 683 2702 738; x_wconf 83' lang='lat' dir='ltr'><strong>Non</strong></span> <span class='ocrx_word' id='word_1_61' title='bbox 2732 703 2850 756; x_wconf 85' lang='lat' dir='ltr'><strong>ergo</strong></span> <span class='ocrx_word' id='word_1_62' title='bbox 2886 690 3097 744; x_wconf 81' lang='lat' dir='ltr'><strong>uolentis</strong></span> <span class='ocrx_word' id='word_1_63' title='bbox 3123 730 3136 754; x_wconf 91' lang='lat'><strong>,</strong></span> <span class='ocrx_word' id='word_1_64' title='bbox 3162 709 3248 745; x_wconf 78' lang='lat' dir='ltr'><strong>nec</strong></span> <span class='ocrx_word' id='word_1_65' title='bbox 3289 693 3537 745; x_wconf 82' lang='lat' dir='ltr'><strong>currentis</strong></span> <span class='ocrx_word' id='word_1_66' title='bbox 3557 735 3569 755; x_wconf 95' lang='lat'><strong>,</strong></span> <span class='ocrx_word' id='word_1_67' title='bbox 3605 694 3692 745; x_wconf 74' lang='lat' dir='ltr'><strong>sed</strong></span> <span class='ocrx_word' id='word_1_68' title='bbox 3722 696 3870 745; x_wconf 66' lang='lat' dir='ltr'><strong>mim-</strong></span> 
     </span>
    </p>
   </div>
   <div class='ocr_carea' id='block_1_10' title="bbox 2312 771 3863 853">
    <p class='ocr_par' dir='ltr' id='par_1_10' title="bbox 2312 771 3863 853">
     <span class='ocr_line' id='line_1_10' title="bbox 2312 771 3863 853; baseline 0.008 -30"><span class='ocrx_word' id='word_1_69' title='bbox 2312 771 2440 824; x_wconf 83' lang='lat' dir='ltr'><strong>entis</strong></span> <span class='ocrx_word' id='word_1_70' title='bbox 2468 784 2541 827; x_wconf 86' lang='lat' dir='ltr'><strong>est</strong></span> <span class='ocrx_word' id='word_1_71' title='bbox 2578 774 2879 840; x_wconf 73' lang='lat' dir='ltr'><strong>Dei.,Diccs</strong></span> <span class='ocrx_word' id='word_1_72' title='bbox 2901 790 3079 833; x_wconf 77' lang='lat' dir='ltr'><strong>autem</strong></span> <span class='ocrx_word' id='word_1_73' title='bbox 3110 782 3239 835; x_wconf 86' lang='lat' dir='ltr'><strong>mihi</strong></span> <span class='ocrx_word' id='word_1_74' title='bbox 3267 824 3279 841; x_wconf 91' lang='lat'><strong>,</strong></span> <span class='ocrx_word' id='word_1_75' title='bbox 3312 783 3449 851; x_wconf 83' lang='lat' dir='ltr'><strong>Quid</strong></span> <span class='ocrx_word' id='word_1_76' title='bbox 3479 784 3653 837; x_wconf 85' lang='lat' dir='ltr'><strong>adhuc</strong></span> <span class='ocrx_word' id='word_1_77' title='bbox 3680 786 3863 853; x_wconf 75' lang='lat' dir='ltr'><strong>queri-</strong></span> 
     </span>
    </p>
   </div>
   <div class='ocr_carea' id='block_1_11' title="bbox 642 864 3863 951">
    <p class='ocr_par' dir='ltr' id='par_1_11' title="bbox 642 864 3863 951">
     <span class='ocr_line' id='line_1_11' title="bbox 642 864 3863 951; baseline 0.005 -39"><span class='ocrx_word' id='word_1_78' title='bbox 642 884 1036 951; x_wconf 49' lang='lat' dir='ltr'><strong>promissiones.</strong></span> <span class='ocrx_word' id='word_1_79' title='bbox 1084 880 1137 936; x_wconf 46' lang='lat'><strong>3.</strong></span> <span class='ocrx_word' id='word_1_80' title='bbox 1194 878 1259 932; x_wconf 53' lang='lat' dir='ltr'><strong>Et</strong></span> <span class='ocrx_word' id='word_1_81' title='bbox 1326 879 1407 930; x_wconf 65' lang='lat' dir='ltr'><strong>hic</strong></span> <span class='ocrx_word' id='word_1_82' title='bbox 1461 878 1661 947; x_wconf 64' lang='lat' dir='ltr'><strong>quidem</strong></span> <span class='ocrx_word' id='word_1_83' title='bbox 1716 876 1936 926; x_wconf 65' lang='grc' dir='ltr'><strong>άεεξηιαε</strong></span> <span class='ocrx_word' id='word_1_84' title='bbox 1987 871 2205 925; x_wconf 65' lang='lat' dir='ltr'><strong>morie&quot;-</strong></span> <span class='ocrx_word' id='word_1_85' title='bbox 2286 864 2742 923; x_wconf 84' lang='lat' dir='ltr'><strong>tur?Sccundum</strong></span> <span class='ocrx_word' id='word_1_86' title='bbox 2773 881 2972 937; x_wconf 89' lang='lat' dir='ltr'><strong>autem,</strong></span> <span class='ocrx_word' id='word_1_87' title='bbox 3002 873 3129 926; x_wconf 92' lang='lat' dir='ltr'><strong>illud</strong></span> <span class='ocrx_word' id='word_1_88' title='bbox 3162 874 3287 929; x_wconf 88' lang='lat' dir='ltr'><strong>licet</strong></span> <span class='ocrx_word' id='word_1_89' title='bbox 3312 876 3507 940; x_wconf 84' lang='lat' dir='ltr'><strong>dicere,</strong></span> <span class='ocrx_word' id='word_1_90' title='bbox 3543 877 3680 945; x_wconf 86' lang='lat' dir='ltr'><strong>quod</strong></span> <span class='ocrx_word' id='word_1_91' title='bbox 3706 879 3863 943; x_wconf 78' lang='lat' dir='ltr'><strong>cujus</strong></span> 
     </span>
    </p>
   </div>
   <div class='ocr_carea' id='block_1_12' title="bbox 636 955 3859 1038">
    <p class='ocr_par' dir='ltr' id='par_1_12' title="bbox 636 955 3859 1038">
     <span class='ocr_line' id='line_1_12' title="bbox 636 955 3859 1038; baseline -0.002 -14"><span class='ocrx_word' id='word_1_92' title='bbox 636 984 707 1025; x_wconf 83' lang='lat' dir='ltr'><strong>tes</strong></span> <span class='ocrx_word' id='word_1_93' title='bbox 780 972 1002 1025; x_wconf 87' lang='lat' dir='ltr'><strong>homines</strong></span> <span class='ocrx_word' id='word_1_94' title='bbox 1053 970 1304 1038; x_wconf 83' lang='lat' dir='ltr'><strong>accipiunt</strong></span> <span class='ocrx_word' id='word_1_95' title='bbox 1331 985 1349 1022; x_wconf 90' lang='lat'><strong><em>:</em></strong></span> <span class='ocrx_word' id='word_1_96' title='bbox 1378 969 1443 1021; x_wconf 90' lang='lat' dir='ltr'><strong>ibi</strong></span> <span class='ocrx_word' id='word_1_97' title='bbox 1496 976 1661 1019; x_wconf 88' lang='lat' dir='ltr'><strong>autem</strong></span> <span class='ocrx_word' id='word_1_98' title='bbox 1713 973 2018 1017; x_wconf 68' lang='lat' dir='ltr'><strong>contestatur</strong></span> <span class='ocrx_word' id='word_1_99' title='bbox 2068 961 2205 1029; x_wconf 76' lang='lat' dir='ltr'><strong>quod</strong></span> <span class='ocrx_word' id='word_1_100' title='bbox 2284 964 2366 1007; x_wconf 70' lang='lat' dir='ltr'><strong>est</strong></span> <span class='ocrx_word' id='word_1_101' title='bbox 2398 955 2446 1008; x_wconf 80' lang='lat' dir='ltr'><strong>id</strong></span> <span class='ocrx_word' id='word_1_102' title='bbox 2477 958 2615 1025; x_wconf 75' lang='lat' dir='ltr'><strong>qttml</strong></span> <span class='ocrx_word' id='word_1_103' title='bbox 2655 970 2737 1013; x_wconf 88' lang='lat' dir='ltr'><strong>cst</strong></span> <span class='ocrx_word' id='word_1_104' title='bbox 2763 962 2989 1030; x_wconf 80' lang='lat' dir='ltr'><strong>amplius</strong></span> <span class='ocrx_word' id='word_1_105' title='bbox 3012 1004 3027 1027; x_wconf 94' lang='lat'><strong>,</strong></span> <span class='ocrx_word' id='word_1_106' title='bbox 3050 964 3166 1031; x_wconf 86' lang='lat' dir='ltr'><strong>ejus</strong></span> <span class='ocrx_word' id='word_1_107' title='bbox 3192 965 3319 1020; x_wconf 88' lang='lat' dir='ltr'><strong>dicit</strong></span> <span class='ocrx_word' id='word_1_108' title='bbox 3350 982 3472 1021; x_wconf 86' lang='lat' dir='ltr'><strong>esse</strong></span> <span class='ocrx_word' id='word_1_109' title='bbox 3504 976 3695 1021; x_wconf 83' lang='lat' dir='ltr'><strong>totum.</strong></span> <span class='ocrx_word' id='word_1_110' title='bbox 3726 968 3859 1022; x_wconf 75' lang='lat' dir='ltr'><strong>Nam</strong></span> 
     </span>
    </p>
   </div>
   <div class='ocr_carea' id='block_1_13' title="bbox 634 1057 2200 1125">
    <p class='ocr_par' dir='ltr' id='par_1_13' title="bbox 634 1057 2200 1125">
     <span class='ocr_line' id='line_1_13' title="bbox 634 1057 2200 1125; baseline -0.007 -7"><span class='ocrx_word' id='word_1_111' title='bbox 634 1065 768 1118; x_wconf 81' lang='lat' dir='ltr'><strong>vivit.</strong></span> <span class='ocrx_word' id='word_1_112' title='bbox 816 1063 920 1119; x_wconf 88' lang='lat' dir='ltr'><strong>Sed</strong></span> <span class='ocrx_word' id='word_1_113' title='bbox 970 1078 1037 1119; x_wconf 90' lang='lat' dir='ltr'><strong>ne</strong></span> <span class='ocrx_word' id='word_1_114' title='bbox 1084 1062 1172 1116; x_wconf 85' lang='lat' dir='ltr'><strong>illa</strong></span> <span class='ocrx_word' id='word_1_115' title='bbox 1216 1058 1625 1121; x_wconf 88' lang='lat' dir='ltr'><strong>dicerent,Cur</strong></span> <span class='ocrx_word' id='word_1_116' title='bbox 1651 1057 1919 1125; x_wconf 90' lang='lat' dir='ltr'><strong>superiora</strong></span> <span class='ocrx_word' id='word_1_117' title='bbox 1965 1066 2200 1123; x_wconf 84' lang='lat' dir='ltr'><strong>tempora</strong></span> 
     </span>
    </p>
   </div>
   <div class='ocr_carea' id='block_1_14' title="bbox 633 1146 2199 1224">
    <p class='ocr_par' dir='ltr' id='par_1_14' title="bbox 633 1146 2199 1224">
     <span class='ocr_line' id='line_1_14' title="bbox 633 1146 2199 1224; baseline -0.006 -17"><span class='ocrx_word' id='word_1_118' title='bbox 633 1157 748 1209; x_wconf 88' lang='lat' dir='ltr'><strong>adis</strong></span> <span class='ocrx_word' id='word_1_119' title='bbox 769 1157 791 1207; x_wconf 84' lang='lat'><strong>?</strong></span> <span class='ocrx_word' id='word_1_120' title='bbox 812 1154 935 1224; x_wconf 91' lang='lat' dir='ltr'><strong>quid</strong></span> <span class='ocrx_word' id='word_1_121' title='bbox 964 1154 1027 1207; x_wconf 88' lang='lat' dir='ltr'><strong>ad</strong></span> <span class='ocrx_word' id='word_1_122' title='bbox 1055 1153 1360 1208; x_wconf 84' lang='lat' dir='ltr'><strong>sacerdotes</strong></span> <span class='ocrx_word' id='word_1_123' title='bbox 1382 1159 1590 1203; x_wconf 81' lang='lat' dir='ltr'><strong>nostros</strong></span> <span class='ocrx_word' id='word_1_124' title='bbox 1608 1189 1622 1212; x_wconf 93' lang='lat'><strong>,</strong></span> <span class='ocrx_word' id='word_1_125' title='bbox 1666 1149 1708 1202; x_wconf 89' lang='lat' dir='ltr'><strong>si</strong></span> <span class='ocrx_word' id='word_1_126' title='bbox 1756 1148 2020 1201; x_wconf 79' lang='lat' dir='ltr'><strong>Abraham</strong></span> <span class='ocrx_word' id='word_1_127' title='bbox 2060 1146 2199 1199; x_wconf 85' lang='lat' dir='ltr'><strong>deci-</strong></span> 
     </span>
    </p>
   </div>
   <div class='ocr_carea' id='block_1_15' title="bbox 634 1237 2197 1311">
    <p class='ocr_par' dir='ltr' id='par_1_15' title="bbox 634 1237 2197 1311">
     <span class='ocr_line' id='line_1_15' title="bbox 634 1237 2197 1311; baseline -0.005 -13"><span class='ocrx_word' id='word_1_128' title='bbox 634 1260 746 1299; x_wconf 84' lang='lat' dir='ltr'><strong>mas</strong></span> <span class='ocrx_word' id='word_1_129' title='bbox 790 1246 972 1299; x_wconf 81' lang='lat' dir='ltr'><strong>dedit?</strong></span> <span class='ocrx_word' id='word_1_130' title='bbox 1026 1244 1111 1298; x_wconf 88' lang='lat' dir='ltr'><strong>die</strong></span> <span class='ocrx_word' id='word_1_131' title='bbox 1158 1259 1217 1297; x_wconf 88' lang='lat' dir='ltr'><strong>ea</strong></span> <span class='ocrx_word' id='word_1_132' title='bbox 1248 1258 1363 1311; x_wconf 80' lang='lat' dir='ltr'><strong>qute</strong></span> <span class='ocrx_word' id='word_1_133' title='bbox 1393 1240 1457 1294; x_wconf 88' lang='lat' dir='ltr'><strong>ad</strong></span> <span class='ocrx_word' id='word_1_134' title='bbox 1488 1255 1582 1292; x_wconf 81' lang='lat' dir='ltr'><strong>nos</strong></span> <span class='ocrx_word' id='word_1_135' title='bbox 1608 1246 1848 1306; x_wconf 77' lang='lat' dir='ltr'><strong>spectant</strong></span> <span class='ocrx_word' id='word_1_136' title='bbox 1882 1254 1894 1288; x_wconf 93' lang='lat'><strong>:</strong></span> <span class='ocrx_word' id='word_1_137' title='bbox 1928 1237 2197 1305; x_wconf 81' lang='lat' dir='ltr'><strong>subjungit</strong></span> 
     </span>
    </p>
   </div>
   <div class='ocr_carea' id='block_1_16' title="bbox 628 1327 2192 1399">
    <p class='ocr_par' dir='ltr' id='par_1_16' title="bbox 628 1327 2192 1399">
     <span class='ocr_line' id='line_1_16' title="bbox 628 1327 2192 1399; baseline -0.003 -14"><span class='ocrx_word' id='word_1_138' title='bbox 628 1352 689 1388; x_wconf 82' lang='lat' dir='ltr'><strong>ac</strong></span> <span class='ocrx_word' id='word_1_139' title='bbox 729 1334 902 1389; x_wconf 87' lang='lat' dir='ltr'><strong>dicit:</strong></span> <span class='ocrx_word' id='word_1_140' title='bbox 944 1334 997 1389; x_wconf 85' lang='lat'><strong>9.</strong></span> <span class='ocrx_word' id='word_1_141' title='bbox 1044 1332 1132 1399; x_wconf 85' lang='lat' dir='ltr'><strong>Et,</strong></span> <span class='ocrx_word' id='word_1_142' title='bbox 1190 1342 1243 1385; x_wconf 84' lang='lat' dir='ltr'><strong>ut</strong></span> <span class='ocrx_word' id='word_1_143' title='bbox 1285 1333 1354 1383; x_wconf 86' lang='lat' dir='ltr'><strong>ita</strong></span> <span class='ocrx_word' id='word_1_144' title='bbox 1385 1331 1571 1383; x_wconf 83' lang='lat' dir='ltr'><strong>dictum</strong></span> <span class='ocrx_word' id='word_1_145' title='bbox 1617 1330 1701 1382; x_wconf 82' lang='lat' dir='ltr'><strong>sit.</strong></span> <span class='ocrx_word' id='word_1_146' title='bbox 1760 1327 1922 1381; x_wconf 69' lang='lat' dir='ltr'><strong>Recte</strong></span> <span class='ocrx_word' id='word_1_147' title='bbox 1990 1327 2037 1379; x_wconf 84' lang='lat' dir='ltr'><strong>id</strong></span> <span class='ocrx_word' id='word_1_148' title='bbox 2089 1343 2192 1380; x_wconf 84' lang='lat' dir='ltr'><strong>non</strong></span> 
     </span>
    </p>
   </div>
   <div class='ocr_carea' id='block_1_17' title="bbox 625 1415 2194 1493">
    <p class='ocr_par' dir='ltr' id='par_1_17' title="bbox 625 1415 2194 1493">
     <span class='ocr_line' id='line_1_17' title="bbox 625 1415 2194 1493; baseline -0.006 -15"><span class='ocrx_word' id='word_1_149' title='bbox 625 1438 809 1493; x_wconf 86' lang='lat' dir='ltr'><strong>aperte</strong></span> <span class='ocrx_word' id='word_1_150' title='bbox 853 1425 1030 1484; x_wconf 45' lang='lat' dir='ltr'><strong>dixit“</strong></span> <span class='ocrx_word' id='word_1_151' title='bbox 1061 1434 1127 1478; x_wconf 80' lang='lat' dir='ltr'><strong>ne</strong></span> <span class='ocrx_word' id='word_1_152' title='bbox 1173 1423 1383 1492; x_wconf 79' lang='lat' dir='ltr'><strong>gravius</strong></span> <span class='ocrx_word' id='word_1_153' title='bbox 1414 1419 1746 1489; x_wconf 78' lang='lat' dir='ltr'><strong>pereclleret.</strong></span> <span class='ocrx_word' id='word_1_154' title='bbox 1802 1415 1901 1469; x_wconf 82' lang='lat' dir='ltr'><strong>Per</strong></span> <span class='ocrx_word' id='word_1_155' title='bbox 1941 1416 2194 1469; x_wconf 81' lang='lat' dir='ltr'><strong>Abraham</strong></span> 
     </span>
    </p>
   </div>
   <div class='ocr_carea' id='block_1_18' title="bbox 622 1507 2192 1587">
    <p class='ocr_par' dir='ltr' id='par_1_18' title="bbox 622 1507 2192 1587">
     <span class='ocr_line' id='line_1_18' title="bbox 622 1507 2192 1587; baseline -0.006 -18"><span class='ocrx_word' id='word_1_156' title='bbox 622 1526 669 1570; x_wconf 87' lang='lat' dir='ltr'><strong>et</strong></span> <span class='ocrx_word' id='word_1_157' title='bbox 696 1516 834 1581; x_wconf 79' lang='lat' dir='ltr'><strong>Levi,</strong></span> <span class='ocrx_word' id='word_1_158' title='bbox 858 1516 944 1587; x_wconf 85' lang='lat' dir='ltr'><strong>qui</strong></span> <span class='ocrx_word' id='word_1_159' title='bbox 970 1516 1188 1569; x_wconf 86' lang='lat' dir='ltr'><strong>decimus</strong></span> <span class='ocrx_word' id='word_1_160' title='bbox 1216 1514 1426 1581; x_wconf 82' lang='lat' dir='ltr'><strong>accepit,</strong></span> <span class='ocrx_word' id='word_1_161' title='bbox 1459 1512 1733 1564; x_wconf 77' lang='lat' dir='ltr'><strong>decimatas</strong></span> <span class='ocrx_word' id='word_1_162' title='bbox 1758 1518 1849 1561; x_wconf 89' lang='lat' dir='ltr'><strong>est.</strong></span> <span class='ocrx_word' id='word_1_163' title='bbox 1880 1507 2192 1573; x_wconf 82' lang='lat' dir='ltr'><strong>Quomodo?</strong></span> 
     </span>
    </p>
   </div>
   <div class='ocr_carea' id='block_1_19' title="bbox 623 1599 2190 1671">
    <p class='ocr_par' dir='ltr' id='par_1_19' title="bbox 623 1599 2190 1671">
     <span class='ocr_line' id='line_1_19' title="bbox 623 1599 2190 1671; baseline -0.008 -8"><span class='ocrx_word' id='word_1_164' title='bbox 623 1608 710 1663; x_wconf 77' lang='grc'><strong>10.</strong></span> <span class='ocrx_word' id='word_1_165' title='bbox 739 1608 917 1661; x_wconf 84' lang='lat' dir='ltr'><strong>Adhuc</strong></span> <span class='ocrx_word' id='word_1_166' title='bbox 946 1606 1077 1659; x_wconf 83' lang='lat' dir='ltr'><strong>enim</strong></span> <span class='ocrx_word' id='word_1_167' title='bbox 1102 1605 1154 1657; x_wconf 88' lang='lat' dir='ltr'><strong>iu</strong></span> <span class='ocrx_word' id='word_1_168' title='bbox 1180 1604 1359 1657; x_wconf 86' lang='lat' dir='ltr'><strong>lumbts</strong></span> <span class='ocrx_word' id='word_1_169' title='bbox 1388 1602 1544 1671; x_wconf 82' lang='lat' dir='ltr'><strong>patris</strong></span> <span class='ocrx_word' id='word_1_170' title='bbox 1573 1609 1710 1663; x_wconf 86' lang='lat' dir='ltr'><strong>erat,</strong></span> <span class='ocrx_word' id='word_1_171' title='bbox 1744 1600 1945 1663; x_wconf 83' lang='lat' dir='ltr'><strong>quando</strong></span> <span class='ocrx_word' id='word_1_172' title='bbox 1981 1599 2190 1652; x_wconf 77' lang='lat' dir='ltr'><strong>obuiauit</strong></span> 
     </span>
    </p>
   </div>
   <div class='ocr_carea' id='block_1_20' title="bbox 619 1689 2187 1758">
    <p class='ocr_par' dir='ltr' id='par_1_20' title="bbox 619 1689 2187 1758">
     <span class='ocr_line' id='line_1_20' title="bbox 619 1689 2187 1758; baseline -0.009 -6"><span class='ocrx_word' id='word_1_173' title='bbox 619 1700 663 1752; x_wconf 89' lang='lat' dir='ltr'><strong>ei</strong></span> <span class='ocrx_word' id='word_1_174' title='bbox 695 1696 1083 1752; x_wconf 72' lang='lat' dir='ltr'><strong>Melchisedech.</strong></span> <span class='ocrx_word' id='word_1_175' title='bbox 1119 1695 1228 1748; x_wconf 86' lang='lat' dir='ltr'><strong>Hoc</strong></span> <span class='ocrx_word' id='word_1_176' title='bbox 1255 1704 1355 1758; x_wconf 85' lang='lat' dir='ltr'><strong>est,</strong></span> <span class='ocrx_word' id='word_1_177' title='bbox 1390 1692 1515 1745; x_wconf 75' lang='lat' dir='ltr'><strong>Levi</strong></span> <span class='ocrx_word' id='word_1_178' title='bbox 1540 1700 1656 1745; x_wconf 88' lang='lat' dir='ltr'><strong>erat</strong></span> <span class='ocrx_word' id='word_1_179' title='bbox 1689 1689 1740 1742; x_wconf 92' lang='lat' dir='ltr'><strong>in</strong></span> <span class='ocrx_word' id='word_1_180' title='bbox 1779 1690 1928 1758; x_wconf 90' lang='lat' dir='ltr'><strong>ipso,</strong></span> <span class='ocrx_word' id='word_1_181' title='bbox 1982 1690 2187 1742; x_wconf 84' lang='lat' dir='ltr'><strong>etiamsi</strong></span> 
     </span>
    </p>
   </div>
   <div class='ocr_carea' id='block_1_21' title="bbox 619 1780 2163 1854">
    <p class='ocr_par' dir='ltr' id='par_1_21' title="bbox 619 1780 2163 1854">
     <span class='ocr_line' id='line_1_21' title="bbox 619 1780 2163 1854; baseline -0.008 -9"><span class='ocrx_word' id='word_1_182' title='bbox 619 1791 849 1847; x_wconf 90' lang='lat' dir='ltr'><strong>nondum</strong></span> <span class='ocrx_word' id='word_1_183' title='bbox 880 1798 994 1845; x_wconf 91' lang='lat' dir='ltr'><strong>erat</strong></span> <span class='ocrx_word' id='word_1_184' title='bbox 1023 1796 1175 1841; x_wconf 86' lang='lat' dir='ltr'><strong>natus</strong></span> <span class='ocrx_word' id='word_1_185' title='bbox 1204 1803 1215 1837; x_wconf 92' lang='lat'>:</span> <span class='ocrx_word' id='word_1_186' title='bbox 1251 1800 1344 1854; x_wconf 90' lang='lat' dir='ltr'><strong>per</strong></span> <span class='ocrx_word' id='word_1_187' title='bbox 1369 1799 1489 1837; x_wconf 90' lang='lat' dir='ltr'><strong>eum</strong></span> <span class='ocrx_word' id='word_1_188' title='bbox 1522 1782 1781 1836; x_wconf 86' lang='lat' dir='ltr'><strong>decimqu</strong></span> <span class='ocrx_word' id='word_1_189' title='bbox 1813 1780 1979 1835; x_wconf 83' lang='lat' dir='ltr'><strong>dedit.</strong></span> <span class='ocrx_word' id='word_1_190' title='bbox 2014 1780 2163 1834; x_wconf 63' lang='lat' dir='ltr'><strong>Vide.</strong></span> 
     </span>
    </p>
   </div>
   <div class='ocr_carea' id='block_1_22' title="bbox 616 1870 2182 1944">
    <p class='ocr_par' dir='ltr' id='par_1_22' title="bbox 616 1870 2182 1944">
     <span class='ocr_line' id='line_1_22' title="bbox 616 1870 2182 1944; baseline -0.009 -10"><span class='ocrx_word' id='word_1_191' title='bbox 616 1896 723 1935; x_wconf 91' lang='lat' dir='ltr'><strong>non</strong></span> <span class='ocrx_word' id='word_1_192' title='bbox 748 1880 906 1944; x_wconf 81' lang='lat' dir='ltr'><strong>dixit,</strong></span> <span class='ocrx_word' id='word_1_193' title='bbox 964 1876 1183 1940; x_wconf 63' lang='lat' dir='ltr'><strong>Levitat,</strong></span> <span class='ocrx_word' id='word_1_194' title='bbox 1232 1876 1347 1938; x_wconf 87' lang='lat' dir='ltr'><strong>sed,</strong></span> <span class='ocrx_word' id='word_1_195' title='bbox 1397 1872 1516 1926; x_wconf 77' lang='lat' dir='ltr'><strong>Levi</strong></span> <span class='ocrx_word' id='word_1_196' title='bbox 1562 1888 1581 1925; x_wconf 87' lang='lat'><strong><em>:</em></strong></span> <span class='ocrx_word' id='word_1_197' title='bbox 1626 1871 1766 1941; x_wconf 91' lang='lat' dir='ltr'><strong>quod</strong></span> <span class='ocrx_word' id='word_1_198' title='bbox 1819 1870 1989 1939; x_wconf 84' lang='lat' dir='ltr'><strong>majus</strong></span> <span class='ocrx_word' id='word_1_199' title='bbox 2038 1881 2182 1927; x_wconf 63' lang='lat' dir='ltr'><strong>erat</strong></span> 
     </span>
    </p>
   </div>
   <div class='ocr_carea' id='block_1_23' title="bbox 615 1963 2184 2036">
    <p class='ocr_par' dir='ltr' id='par_1_23' title="bbox 615 1963 2184 2036">
     <span class='ocr_line' id='line_1_23' title="bbox 615 1963 2184 2036; baseline -0.008 -9"><span class='ocrx_word' id='word_1_200' title='bbox 615 1973 785 2027; x_wconf 88' lang='lat' dir='ltr'><strong>libens</strong></span> <span class='ocrx_word' id='word_1_201' title='bbox 835 1970 1039 2025; x_wconf 83' lang='lat' dir='ltr'><strong>induxit</strong></span> <span class='ocrx_word' id='word_1_202' title='bbox 1090 1969 1155 2022; x_wconf 88' lang='lat' dir='ltr'><strong>ad</strong></span> <span class='ocrx_word' id='word_1_203' title='bbox 1211 1966 1462 2036; x_wconf 81' lang='lat' dir='ltr'><strong>majorem</strong></span> <span class='ocrx_word' id='word_1_204' title='bbox 1518 1964 1963 2035; x_wconf 83' lang='lat' dir='ltr'><strong>exsuperantiam.</strong></span> <span class='ocrx_word' id='word_1_205' title='bbox 1999 1963 2184 2016; x_wconf 79' lang='lat' dir='ltr'><strong>Vidisti</strong></span> 
     </span>
    </p>
   </div>
   <div class='ocr_carea' id='block_1_24' title="bbox 611 2054 2181 2133">
    <p class='ocr_par' dir='ltr' id='par_1_24' title="bbox 611 2054 2181 2133">
     <span class='ocr_line' id='line_1_24' title="bbox 611 2054 2181 2133; baseline -0.004 -20"><span class='ocrx_word' id='word_1_206' title='bbox 611 2073 864 2133; x_wconf 87' lang='lat' dir='ltr'><strong>quantum</strong></span> <span class='ocrx_word' id='word_1_207' title='bbox 916 2063 1123 2116; x_wconf 87' lang='lat' dir='ltr'><strong>intersit</strong></span> <span class='ocrx_word' id='word_1_208' title='bbox 1163 2061 1315 2113; x_wconf 81' lang='lat' dir='ltr'><strong>inter</strong></span> <span class='ocrx_word' id='word_1_209' title='bbox 1353 2056 1616 2112; x_wconf 84' lang='lat' dir='ltr'><strong>Abraham</strong></span> <span class='ocrx_word' id='word_1_210' title='bbox 1656 2067 1710 2111; x_wconf 90' lang='lat' dir='ltr'><strong>et</strong></span> <span class='ocrx_word' id='word_1_211' title='bbox 1759 2054 2181 2119; x_wconf 78' lang='lat' dir='ltr'><strong>Melchisedech,</strong></span> 
     </span>
    </p>
   </div>
   <div class='ocr_carea' id='block_1_25' title="bbox 610 2146 2183 2225">
    <p class='ocr_par' dir='ltr' id='par_1_25' title="bbox 610 2146 2183 2225">
     <span class='ocr_line' id='line_1_25' title="bbox 610 2146 2183 2225; baseline -0.004 -19"><span class='ocrx_word' id='word_1_212' title='bbox 610 2158 695 2225; x_wconf 88' lang='lat' dir='ltr'><strong>qui</strong></span> <span class='ocrx_word' id='word_1_213' title='bbox 744 2156 846 2210; x_wconf 86' lang='lat' dir='ltr'><strong>fert</strong></span> <span class='ocrx_word' id='word_1_214' title='bbox 897 2163 1076 2225; x_wconf 85' lang='lat' dir='ltr'><strong>typum</strong></span> <span class='ocrx_word' id='word_1_215' title='bbox 1118 2151 1284 2207; x_wconf 86' lang='lat' dir='ltr'><strong>nostri</strong></span> <span class='ocrx_word' id='word_1_216' title='bbox 1324 2148 1625 2219; x_wconf 84' lang='lat' dir='ltr'><strong>pontiﬁcis?</strong></span> <span class='ocrx_word' id='word_1_217' title='bbox 1676 2147 1741 2201; x_wconf 85' lang='lat' dir='ltr'><strong>Et</strong></span> <span class='ocrx_word' id='word_1_218' title='bbox 1778 2146 2009 2201; x_wconf 89' lang='lat' dir='ltr'><strong>ostendit</strong></span> <span class='ocrx_word' id='word_1_219' title='bbox 2050 2161 2183 2215; x_wconf 70' lang='lat' dir='ltr'><strong>prae-</strong></span> 
     </span>
    </p>
   </div>
   <div class='ocr_carea' id='block_1_26' title="bbox 606 2238 2173 2313">
    <p class='ocr_par' dir='ltr' id='par_1_26' title="bbox 606 2238 2173 2313">
     <span class='ocr_line' id='line_1_26' title="bbox 606 2238 2173 2313; baseline -0.007 -9"><span class='ocrx_word' id='word_1_220' title='bbox 606 2248 904 2304; x_wconf 80' lang='lat' dir='ltr'><strong>cellentiam</strong></span> <span class='ocrx_word' id='word_1_221' title='bbox 960 2244 1123 2300; x_wconf 86' lang='lat' dir='ltr'><strong>fuisse</strong></span> <span class='ocrx_word' id='word_1_222' title='bbox 1175 2252 1470 2313; x_wconf 61' lang='lat' dir='ltr'><strong>potestate,</strong></span> <span class='ocrx_word' id='word_1_223' title='bbox 1525 2256 1628 2295; x_wconf 90' lang='lat' dir='ltr'><strong>non</strong></span> <span class='ocrx_word' id='word_1_224' title='bbox 1673 2240 2012 2294; x_wconf 87' lang='lat' dir='ltr'><strong>necessitate.</strong></span> <span class='ocrx_word' id='word_1_225' title='bbox 2080 2238 2173 2294; x_wconf 87' lang='lat' dir='ltr'><strong>Ille</strong></span> 
     </span>
    </p>
   </div>
   <div class='ocr_carea' id='block_1_27' title="bbox 608 2330 2176 2403">
    <p class='ocr_par' dir='ltr' id='par_1_27' title="bbox 608 2330 2176 2403">
     <span class='ocr_line' id='line_1_27' title="bbox 608 2330 2176 2403; baseline -0.007 -9"><span class='ocrx_word' id='word_1_226' title='bbox 608 2341 752 2395; x_wconf 88' lang='lat' dir='ltr'><strong>enim</strong></span> <span class='ocrx_word' id='word_1_227' title='bbox 780 2340 925 2393; x_wconf 90' lang='lat' dir='ltr'><strong>dedit</strong></span> <span class='ocrx_word' id='word_1_228' title='bbox 952 2337 1212 2391; x_wconf 86' lang='lat' dir='ltr'><strong>decimam</strong></span> <span class='ocrx_word' id='word_1_229' title='bbox 1235 2376 1248 2395; x_wconf 91' lang='lat'><strong>,</strong></span> <span class='ocrx_word' id='word_1_230' title='bbox 1292 2334 1429 2403; x_wconf 85' lang='lat' dir='ltr'><strong>quod</strong></span> <span class='ocrx_word' id='word_1_231' title='bbox 1458 2332 1672 2403; x_wconf 88' lang='lat' dir='ltr'><strong>quidem</strong></span> <span class='ocrx_word' id='word_1_232' title='bbox 1719 2340 1803 2386; x_wconf 88' lang='lat' dir='ltr'><strong>est</strong></span> <span class='ocrx_word' id='word_1_233' title='bbox 1847 2330 2176 2386; x_wconf 87' lang='lat' dir='ltr'><strong>sacerdotis:</strong></span> 
     </span>
    </p>
   </div>
   <div class='ocr_carea' id='block_1_28' title="bbox 610 2425 2181 2499">
    <p class='ocr_par' dir='ltr' id='par_1_28' title="bbox 610 2425 2181 2499">
     <span class='ocr_line' id='line_1_28' title="bbox 610 2425 2181 2499; baseline -0.007 -11"><span class='ocrx_word' id='word_1_234' title='bbox 610 2436 695 2489; x_wconf 88' lang='lat' dir='ltr'><strong>hic</strong></span> <span class='ocrx_word' id='word_1_235' title='bbox 717 2431 1013 2494; x_wconf 79' lang='lat' dir='ltr'><strong>benedixit,</strong></span> <span class='ocrx_word' id='word_1_236' title='bbox 1051 2428 1190 2499; x_wconf 91' lang='lat' dir='ltr'><strong>quod</strong></span> <span class='ocrx_word' id='word_1_237' title='bbox 1220 2428 1432 2498; x_wconf 89' lang='lat' dir='ltr'><strong>quidem</strong></span> <span class='ocrx_word' id='word_1_238' title='bbox 1464 2436 1543 2483; x_wconf 89' lang='lat' dir='ltr'><strong>est</strong></span> <span class='ocrx_word' id='word_1_239' title='bbox 1572 2425 1810 2479; x_wconf 77' lang='lat' dir='ltr'><strong>melioris</strong></span> <span class='ocrx_word' id='word_1_240' title='bbox 1838 2439 1901 2478; x_wconf 92' lang='lat' dir='ltr'><strong>ac</strong></span> <span class='ocrx_word' id='word_1_241' title='bbox 1928 2433 2181 2494; x_wconf 72' lang='lat' dir='ltr'><strong>prmstan-</strong></span> 
     </span>
    </p>
   </div>
   <div class='ocr_carea' id='block_1_29' title="bbox 606 2516 2174 2591">
    <p class='ocr_par' dir='ltr' id='par_1_29' title="bbox 606 2516 2174 2591">
     <span class='ocr_line' id='line_1_29' title="bbox 606 2516 2174 2591; baseline -0.005 -13"><span class='ocrx_word' id='word_1_242' title='bbox 606 2526 776 2578; x_wconf 85' lang='lat' dir='ltr'><strong>tioris.</strong></span> <span class='ocrx_word' id='word_1_243' title='bbox 814 2524 934 2576; x_wconf 77' lang='lat' dir='ltr'><strong>llzcc</strong></span> <span class='ocrx_word' id='word_1_244' title='bbox 966 2520 1325 2591; x_wconf 74' lang='lat' dir='ltr'><strong>prmcellentia</strong></span> <span class='ocrx_word' id='word_1_245' title='bbox 1372 2520 1564 2572; x_wconf 85' lang='lat' dir='ltr'><strong>transit</strong></span> <span class='ocrx_word' id='word_1_246' title='bbox 1610 2517 1769 2571; x_wconf 84' lang='lat' dir='ltr'><strong>etiam</strong></span> <span class='ocrx_word' id='word_1_247' title='bbox 1817 2516 1882 2570; x_wconf 90' lang='lat' dir='ltr'><strong>ad</strong></span> <span class='ocrx_word' id='word_1_248' title='bbox 1932 2527 2174 2585; x_wconf 83' lang='lat' dir='ltr'><strong>nepotes.</strong></span> 
     </span>
    </p>
   </div>
   <div class='ocr_carea' id='block_1_30' title="bbox 605 2607 2175 2678">
    <p class='ocr_par' dir='ltr' id='par_1_30' title="bbox 605 2607 2175 2678">
     <span class='ocr_line' id='line_1_30' title="bbox 605 2607 2175 2678; baseline -0.006 -8"><span class='ocrx_word' id='word_1_249' title='bbox 605 2615 1006 2670; x_wconf 81' lang='lat' dir='ltr'><strong>Admirabiliter</strong></span> <span class='ocrx_word' id='word_1_250' title='bbox 1032 2621 1085 2667; x_wconf 90' lang='lat' dir='ltr'><strong>ct</strong></span> <span class='ocrx_word' id='word_1_251' title='bbox 1111 2627 1229 2667; x_wconf 90' lang='lat' dir='ltr'><strong>cum</strong></span> <span class='ocrx_word' id='word_1_252' title='bbox 1263 2610 1513 2678; x_wconf 75' lang='lat' dir='ltr'><strong>prteciara</strong></span> <span class='ocrx_word' id='word_1_253' title='bbox 1543 2609 1759 2663; x_wconf 88' lang='lat' dir='ltr'><strong>victoria</strong></span> <span class='ocrx_word' id='word_1_254' title='bbox 1802 2622 1889 2661; x_wconf 84' lang='lat' dir='ltr'><strong>res</strong></span> <span class='ocrx_word' id='word_1_255' title='bbox 1932 2607 2175 2661; x_wconf 81' lang='lat' dir='ltr'><strong>Judaicas</strong></span> 
     </span>
    </p>
   </div>
   <div class='ocr_carea' id='block_1_31' title="bbox 605 2696 2173 2773">
    <p class='ocr_par' dir='ltr' id='par_1_31' title="bbox 605 2696 2173 2773">
     <span class='ocr_line' id='line_1_31' title="bbox 605 2696 2173 2773; baseline -0.006 -14"><span class='ocrx_word' id='word_1_256' title='bbox 605 2708 745 2759; x_wconf 83' lang='lat' dir='ltr'><strong>foras</strong></span> <span class='ocrx_word' id='word_1_257' title='bbox 806 2703 1024 2773; x_wconf 77' lang='lat' dir='ltr'><strong>expulit.</strong></span> <span class='ocrx_word' id='word_1_258' title='bbox 1084 2700 1368 2769; x_wconf 86' lang='lat' dir='ltr'><strong>Propterea</strong></span> <span class='ocrx_word' id='word_1_259' title='bbox 1424 2696 1992 2752; x_wconf 74' lang='lat' dir='ltr'><strong>dicebattlmbecillcs</strong></span> <span class='ocrx_word' id='word_1_260' title='bbox 2052 2697 2173 2767; x_wconf 79' lang='lat' dir='ltr'><strong>[acti</strong></span> 
     </span>
    </p>
   </div>
   <div class='ocr_carea' id='block_1_32' title="bbox 600 2787 2173 2866">
    <p class='ocr_par' dir='ltr' id='par_1_32' title="bbox 600 2787 2173 2866">
     <span class='ocr_line' id='line_1_32' title="bbox 600 2787 2173 2866; baseline -0.006 -14"><span class='ocrx_word' id='word_1_261' title='bbox 600 2795 936 2866; x_wconf 83' lang='lat' dir='ltr'><strong>estis(Hebr.</strong></span> <span class='ocrx_word' id='word_1_262' title='bbox 988 2793 1044 2849; x_wconf 86' lang='lat'><strong>5.</strong></span> <span class='ocrx_word' id='word_1_263' title='bbox 1096 2792 1244 2862; x_wconf 76' lang='lat' dir='ltr'><strong>ll):</strong></span> <span class='ocrx_word' id='word_1_264' title='bbox 1295 2791 1542 2860; x_wconf 87' lang='lat' dir='ltr'><strong>quoniam</strong></span> <span class='ocrx_word' id='word_1_265' title='bbox 1586 2788 1699 2843; x_wconf 69' lang='lat' dir='ltr'><strong>haec</strong></span> <span class='ocrx_word' id='word_1_266' title='bbox 1741 2787 1954 2843; x_wconf 86' lang='lat' dir='ltr'><strong>volebat</strong></span> <span class='ocrx_word' id='word_1_267' title='bbox 1993 2787 2173 2855; x_wconf 86' lang='lat' dir='ltr'><strong>jacere</strong></span> 
     </span>
    </p>
   </div>
   <div class='ocr_carea' id='block_1_33' title="bbox 600 2879 2170 2952">
    <p class='ocr_par' dir='ltr' id='par_1_33' title="bbox 600 2879 2170 2952">
     <span class='ocr_line' id='line_1_33' title="bbox 600 2879 2170 2952; baseline -0.006 -9"><span class='ocrx_word' id='word_1_268' title='bbox 600 2889 941 2943; x_wconf 86' lang='lat' dir='ltr'><strong>fundamenta</strong></span> <span class='ocrx_word' id='word_1_269' title='bbox 968 2926 983 2950; x_wconf 91' lang='lat'><strong>,</strong></span> <span class='ocrx_word' id='word_1_270' title='bbox 1015 2898 1083 2938; x_wconf 89' lang='lat' dir='ltr'><strong>ne</strong></span> <span class='ocrx_word' id='word_1_271' title='bbox 1113 2883 1212 2952; x_wconf 90' lang='lat' dir='ltr'><strong>ipsi</strong></span> <span class='ocrx_word' id='word_1_272' title='bbox 1246 2881 1533 2936; x_wconf 88' lang='lat' dir='ltr'><strong>resilirent.</strong></span> <span class='ocrx_word' id='word_1_273' title='bbox 1584 2880 1659 2934; x_wconf 89' lang='lat' dir='ltr'><strong>Ea</strong></span> <span class='ocrx_word' id='word_1_274' title='bbox 1705 2887 1791 2934; x_wconf 87' lang='lat' dir='ltr'><strong>est</strong></span> <span class='ocrx_word' id='word_1_275' title='bbox 1835 2879 1976 2933; x_wconf 84' lang='lat' dir='ltr'><strong>enim</strong></span> <span class='ocrx_word' id='word_1_276' title='bbox 2026 2879 2170 2933; x_wconf 79' lang='lat' dir='ltr'><strong>l’auli</strong></span> 
     </span>
    </p>
   </div>
   <div class='ocr_carea' id='block_1_34' title="bbox 599 2969 2164 3048">
    <p class='ocr_par' dir='ltr' id='par_1_34' title="bbox 599 2969 2164 3048">
     <span class='ocr_line' id='line_1_34' title="bbox 599 2969 2164 3048; baseline -0.004 -16"><span class='ocrx_word' id='word_1_277' title='bbox 599 2977 857 3048; x_wconf 85' lang='lat' dir='ltr'><strong>sapientia</strong></span> <span class='ocrx_word' id='word_1_278' title='bbox 890 2992 904 3030; x_wconf 87' lang='lat'><strong>:</strong></span> <span class='ocrx_word' id='word_1_279' title='bbox 936 2975 1164 3045; x_wconf 88' lang='lat' dir='ltr'><strong>primum</strong></span> <span class='ocrx_word' id='word_1_280' title='bbox 1197 2974 1579 3042; x_wconf 63' lang='lat' dir='ltr'><strong>pratmuniens,</strong></span> <span class='ocrx_word' id='word_1_281' title='bbox 1610 2969 1803 3024; x_wconf 88' lang='lat' dir='ltr'><strong>deinde</strong></span> <span class='ocrx_word' id='word_1_282' title='bbox 1827 2983 1888 3024; x_wconf 82' lang='lat' dir='ltr'><strong>ea</strong></span> <span class='ocrx_word' id='word_1_283' title='bbox 1913 2984 2028 3038; x_wconf 74' lang='lat' dir='ltr'><strong>quae</strong></span> <span class='ocrx_word' id='word_1_284' title='bbox 2053 2971 2164 3025; x_wconf 83' lang='lat' dir='ltr'><strong>vult</strong></span> 
     </span>
    </p>
   </div>
   <div class='ocr_carea' id='block_1_35' title="bbox 596 3059 2160 3139">
    <p class='ocr_par' dir='ltr' id='par_1_35' title="bbox 596 3059 2160 3139">
     <span class='ocr_line' id='line_1_35' title="bbox 596 3059 2160 3139; baseline -0.006 -16"><span class='ocrx_word' id='word_1_285' title='bbox 596 3068 919 3139; x_wconf 74' lang='lat' dir='ltr'><strong>aggreditur.</strong></span> <span class='ocrx_word' id='word_1_286' title='bbox 944 3064 1037 3120; x_wconf 83' lang='lat' dir='ltr'><strong>Est</strong></span> <span class='ocrx_word' id='word_1_287' title='bbox 1058 3064 1199 3119; x_wconf 91' lang='lat' dir='ltr'><strong>enim</strong></span> <span class='ocrx_word' id='word_1_288' title='bbox 1222 3077 1389 3133; x_wconf 88' lang='lat' dir='ltr'><strong>genus</strong></span> <span class='ocrx_word' id='word_1_289' title='bbox 1411 3061 1686 3115; x_wconf 85' lang='lat' dir='ltr'><strong>hominum</strong></span> <span class='ocrx_word' id='word_1_290' title='bbox 1712 3060 1925 3114; x_wconf 81' lang='lat' dir='ltr'><strong>difficile</strong></span> <span class='ocrx_word' id='word_1_291' title='bbox 1952 3059 2016 3113; x_wconf 89' lang='lat' dir='ltr'><strong>ad</strong></span> <span class='ocrx_word' id='word_1_292' title='bbox 2045 3076 2160 3129; x_wconf 86' lang='lat' dir='ltr'><strong>per-</strong></span> 
     </span>
    </p>
   </div>
   <div class='ocr_carea' id='block_1_36' title="bbox 595 3148 2159 3221">
    <p class='ocr_par' dir='ltr' id='par_1_36' title="bbox 595 3148 2159 3221">
     <span class='ocr_line' id='line_1_36' title="bbox 595 3148 2159 3221; baseline -0.008 -6"><span class='ocrx_word' id='word_1_293' title='bbox 595 3157 947 3221; x_wconf 84' lang='lat' dir='ltr'><strong>suadendum,</strong></span> <span class='ocrx_word' id='word_1_294' title='bbox 977 3163 1033 3210; x_wconf 90' lang='lat' dir='ltr'><strong>et</strong></span> <span class='ocrx_word' id='word_1_295' title='bbox 1057 3154 1221 3209; x_wconf 88' lang='lat' dir='ltr'><strong>multa</strong></span> <span class='ocrx_word' id='word_1_296' title='bbox 1248 3167 1372 3207; x_wconf 92' lang='lat' dir='ltr'><strong>cura</strong></span> <span class='ocrx_word' id='word_1_297' title='bbox 1397 3152 1658 3220; x_wconf 80' lang='lat' dir='ltr'><strong>indigens,</strong></span> <span class='ocrx_word' id='word_1_298' title='bbox 1690 3158 1743 3205; x_wconf 89' lang='lat' dir='ltr'><strong>et</strong></span> <span class='ocrx_word' id='word_1_299' title='bbox 1782 3148 1967 3219; x_wconf 85' lang='lat' dir='ltr'><strong>majori</strong></span> <span class='ocrx_word' id='word_1_300' title='bbox 2003 3165 2159 3218; x_wconf 91' lang='lat' dir='ltr'><strong>quam</strong></span> 
     </span>
    </p>
   </div>
   <div class='ocr_carea' id='block_1_37' title="bbox 596 3244 2163 3318">
    <p class='ocr_par' dir='ltr' id='par_1_37' title="bbox 596 3244 2163 3318">
     <span class='ocr_line' id='line_1_37' title="bbox 596 3244 2163 3318; baseline -0.004 -15"><span class='ocrx_word' id='word_1_301' title='bbox 596 3249 811 3317; x_wconf 70' lang='lat' dir='ltr'><strong>plantae.</strong></span> <span class='ocrx_word' id='word_1_302' title='bbox 834 3246 973 3318; x_wconf 79' lang='lat' dir='ltr'><strong>Nam</strong></span> <span class='ocrx_word' id='word_1_303' title='bbox 1007 3246 1117 3300; x_wconf 90' lang='lat' dir='ltr'><strong>illic</strong></span> <span class='ocrx_word' id='word_1_304' title='bbox 1158 3244 1372 3314; x_wconf 89' lang='lat' dir='ltr'><strong>quidem</strong></span> <span class='ocrx_word' id='word_1_305' title='bbox 1421 3253 1503 3297; x_wconf 87' lang='lat' dir='ltr'><strong>est</strong></span> <span class='ocrx_word' id='word_1_306' title='bbox 1548 3252 1733 3297; x_wconf 87' lang='lat' dir='ltr'><strong>natura</strong></span> <span class='ocrx_word' id='word_1_307' title='bbox 1780 3256 2062 3310; x_wconf 87' lang='lat' dir='ltr'><strong>corporum</strong></span> <span class='ocrx_word' id='word_1_308' title='bbox 2108 3247 2163 3296; x_wconf 85' lang='lat' dir='ltr'><strong>et</strong></span> 
     </span>
    </p>
   </div>
   <div class='ocr_carea' id='block_1_38' title="bbox 596 3331 2163 3404">
    <p class='ocr_par' dir='ltr' id='par_1_38' title="bbox 596 3331 2163 3404">
     <span class='ocr_line' id='line_1_38' title="bbox 596 3331 2163 3404; baseline -0.003 -13"><span class='ocrx_word' id='word_1_309' title='bbox 596 3349 775 3403; x_wconf 78' lang='lat' dir='ltr'><strong>terrte,</strong></span> <span class='ocrx_word' id='word_1_310' title='bbox 807 3337 1004 3393; x_wconf 86' lang='lat' dir='ltr'><strong>cedens</strong></span> <span class='ocrx_word' id='word_1_311' title='bbox 1032 3336 1277 3391; x_wconf 87' lang='lat' dir='ltr'><strong>manibus</strong></span> <span class='ocrx_word' id='word_1_312' title='bbox 1304 3334 1656 3404; x_wconf 81' lang='lat' dir='ltr'><strong>agricolarum</strong></span> <span class='ocrx_word' id='word_1_313' title='bbox 1683 3350 1695 3385; x_wconf 90' lang='lat'><strong>:</strong></span> <span class='ocrx_word' id='word_1_314' title='bbox 1728 3331 1812 3388; x_wconf 88' lang='lat' dir='ltr'><strong>hic</strong></span> <span class='ocrx_word' id='word_1_315' title='bbox 1854 3343 2031 3386; x_wconf 89' lang='lat' dir='ltr'><strong>autem</strong></span> <span class='ocrx_word' id='word_1_316' title='bbox 2078 3341 2163 3386; x_wconf 87' lang='lat' dir='ltr'><strong>est</strong></span> 
     </span>
    </p>
   </div>
   <div class='ocr_carea' id='block_1_39' title="bbox 594 3424 2161 3497">
    <p class='ocr_par' dir='ltr' id='par_1_39' title="bbox 594 3424 2161 3497">
     <span class='ocr_line' id='line_1_39' title="bbox 594 3424 2161 3497; baseline -0.004 -15"><span class='ocrx_word' id='word_1_317' title='bbox 594 3430 757 3483; x_wconf 87' lang='lat' dir='ltr'><strong>libera</strong></span> <span class='ocrx_word' id='word_1_318' title='bbox 786 3427 1012 3497; x_wconf 83' lang='lat' dir='ltr'><strong>eligendi</strong></span> <span class='ocrx_word' id='word_1_319' title='bbox 1044 3426 1305 3490; x_wconf 82' lang='lat' dir='ltr'><strong>voluntas,</strong></span> <span class='ocrx_word' id='word_1_320' title='bbox 1333 3440 1451 3494; x_wconf 66' lang='lat' dir='ltr'><strong>qua:</strong></span> <span class='ocrx_word' id='word_1_321' title='bbox 1476 3426 1673 3478; x_wconf 91' lang='lat' dir='ltr'><strong>multas</strong></span> <span class='ocrx_word' id='word_1_322' title='bbox 1722 3424 1945 3491; x_wconf 76' lang='lat' dir='ltr'><strong>suscipit</strong></span> <span class='ocrx_word' id='word_1_323' title='bbox 1991 3434 2161 3476; x_wconf 89' lang='lat' dir='ltr'><strong>muta-</strong></span> 
     </span>
    </p>
   </div>
   <div class='ocr_carea' id='block_1_40' title="bbox 592 3513 2155 3587">
    <p class='ocr_par' dir='ltr' id='par_1_40' title="bbox 592 3513 2155 3587">
     <span class='ocr_line' id='line_1_40' title="bbox 592 3513 2155 3587; baseline -0.005 -14"><span class='ocrx_word' id='word_1_324' title='bbox 592 3520 784 3586; x_wconf 86' lang='lat' dir='ltr'><strong>tiones,</strong></span> <span class='ocrx_word' id='word_1_325' title='bbox 815 3528 869 3574; x_wconf 88' lang='lat' dir='ltr'><strong>et</strong></span> <span class='ocrx_word' id='word_1_326' title='bbox 893 3532 1033 3573; x_wconf 91' lang='lat' dir='ltr'><strong>nunc</strong></span> <span class='ocrx_word' id='word_1_327' title='bbox 1057 3516 1267 3587; x_wconf 89' lang='lat' dir='ltr'><strong>quidem</strong></span> <span class='ocrx_word' id='word_1_328' title='bbox 1295 3515 1414 3578; x_wconf 89' lang='lat' dir='ltr'><strong>hoc,</strong></span> <span class='ocrx_word' id='word_1_329' title='bbox 1448 3529 1587 3568; x_wconf 83' lang='lat' dir='ltr'><strong>nunc</strong></span> <span class='ocrx_word' id='word_1_330' title='bbox 1614 3524 1791 3568; x_wconf 89' lang='lat' dir='ltr'><strong>autem</strong></span> <span class='ocrx_word' id='word_1_331' title='bbox 1816 3513 1944 3567; x_wconf 90' lang='lat' dir='ltr'><strong>illud</strong></span> <span class='ocrx_word' id='word_1_332' title='bbox 1973 3514 2117 3582; x_wconf 78' lang='lat' dir='ltr'><strong>eligit</strong></span> <span class='ocrx_word' id='word_1_333' title='bbox 2141 3529 2155 3565; x_wconf 90' lang='lat'><strong>:</strong></span> 
     </span>
    </p>
   </div>
   <div class='ocr_carea' id='block_1_41' title="bbox 592 3606 1593 3678">
    <p class='ocr_par' dir='ltr' id='par_1_41' title="bbox 592 3606 1593 3678">
     <span class='ocr_line' id='line_1_41' title="bbox 592 3606 1593 3678; baseline -0.003 -16"><span class='ocrx_word' id='word_1_334' title='bbox 592 3610 702 3678; x_wconf 86' lang='lat' dir='ltr'><strong>ipsa</strong></span> <span class='ocrx_word' id='word_1_335' title='bbox 732 3610 872 3663; x_wconf 87' lang='lat' dir='ltr'><strong>enim</strong></span> <span class='ocrx_word' id='word_1_336' title='bbox 900 3617 984 3663; x_wconf 84' lang='lat' dir='ltr'><strong>est</strong></span> <span class='ocrx_word' id='word_1_337' title='bbox 1008 3622 1269 3678; x_wconf 83' lang='lat' dir='ltr'><strong>propensa</strong></span> <span class='ocrx_word' id='word_1_338' title='bbox 1296 3606 1361 3660; x_wconf 91' lang='lat' dir='ltr'><strong>ad</strong></span> <span class='ocrx_word' id='word_1_339' title='bbox 1386 3606 1593 3659; x_wconf 81' lang='lat' dir='ltr'><strong>vitium.</strong></span> 
     </span>
    </p>
   </div>
   <div class='ocr_carea' id='block_1_42' title="bbox 657 3690 2147 3765">
    <p class='ocr_par' dir='ltr' id='par_1_42' title="bbox 657 3690 2147 3765">
     <span class='ocr_line' id='line_1_42' title="bbox 657 3690 2147 3765; baseline -0.003 -18"><span class='ocrx_word' id='word_1_340' title='bbox 657 3694 711 3747; x_wconf 76' lang='grc' dir='ltr'><strong>ὅ.</strong></span> <span class='ocrx_word' id='word_1_341' title='bbox 748 3694 1102 3761; x_wconf 82' lang='lat' dir='ltr'><strong>Quamobrem</strong></span> <span class='ocrx_word' id='word_1_342' title='bbox 1133 3704 1340 3765; x_wconf 87' lang='lat' dir='ltr'><strong>oportet</strong></span> <span class='ocrx_word' id='word_1_343' title='bbox 1378 3710 1474 3750; x_wconf 89' lang='lat' dir='ltr'><strong>nos</strong></span> <span class='ocrx_word' id='word_1_344' title='bbox 1514 3708 1727 3762; x_wconf 86' lang='lat' dir='ltr'><strong>semper</strong></span> <span class='ocrx_word' id='word_1_345' title='bbox 1749 3690 2015 3746; x_wconf 85' lang='lat' dir='ltr'><strong>custodire</strong></span> <span class='ocrx_word' id='word_1_346' title='bbox 2035 3730 2050 3755; x_wconf 93' lang='lat'><strong>,</strong></span> <span class='ocrx_word' id='word_1_347' title='bbox 2079 3701 2147 3742; x_wconf 88' lang='lat' dir='ltr'><strong>ne</strong></span> 
     </span>
    </p>
   </div>
   <div class='ocr_carea' id='block_1_43' title="bbox 582 3780 2149 3851">
    <p class='ocr_par' dir='ltr' id='par_1_43' title="bbox 582 3780 2149 3851">
     <span class='ocr_line' id='line_1_43' title="bbox 582 3780 2149 3851; baseline -0.003 -14"><span class='ocrx_word' id='word_1_348' title='bbox 582 3786 951 3840; x_wconf 84' lang='lat' dir='ltr'><strong>dormitemus.</strong></span> <span class='ocrx_word' id='word_1_349' title='bbox 978 3785 1106 3840; x_wconf 82' lang='lat' dir='ltr'><strong>Ecce</strong></span> <span class='ocrx_word' id='word_1_350' title='bbox 1131 3788 1270 3841; x_wconf 89' lang='lat' dir='ltr'><strong>enim</strong></span> <span class='ocrx_word' id='word_1_351' title='bbox 1300 3803 1401 3840; x_wconf 82' lang='lat' dir='ltr'><strong>non</strong></span> <span class='ocrx_word' id='word_1_352' title='bbox 1438 3784 1746 3847; x_wconf 85' lang='lat' dir='ltr'><strong>dormitabit,</strong></span> <span class='ocrx_word' id='word_1_353' title='bbox 1776 3780 1964 3851; x_wconf 85' lang='lat' dir='ltr'><strong>inquit,</strong></span> <span class='ocrx_word' id='word_1_354' title='bbox 1992 3793 2149 3848; x_wconf 77' lang='lat' dir='ltr'><strong>neque</strong></span> 
     </span>
    </p>
   </div>
   <div class='ocr_carea' id='block_1_44' title="bbox 584 3872 2147 3945">
    <p class='ocr_par' dir='ltr' id='par_1_44' title="bbox 584 3872 2147 3945">
     <span class='ocr_line' id='line_1_44' title="bbox 584 3872 2147 3945; baseline -0.006 -14"><span class='ocrx_word' id='word_1_355' title='bbox 584 3878 796 3931; x_wconf 84' lang='lat' dir='ltr'><strong>dormiet</strong></span> <span class='ocrx_word' id='word_1_356' title='bbox 821 3878 906 3945; x_wconf 86' lang='lat' dir='ltr'><strong>qui</strong></span> <span class='ocrx_word' id='word_1_357' title='bbox 918 3878 1132 3933; x_wconf 77' lang='lat' dir='ltr'><strong>custodit</strong></span> <span class='ocrx_word' id='word_1_358' title='bbox 1148 3876 1312 3932; x_wconf 76' lang='lat' dir='ltr'><strong>Israel</strong></span> <span class='ocrx_word' id='word_1_359' title='bbox 1334 3896 1352 3943; x_wconf 80' lang='lat'><strong>,&#39;</strong></span> <span class='ocrx_word' id='word_1_360' title='bbox 1378 3891 1450 3942; x_wconf 88' lang='lat' dir='ltr'><strong>et,</strong></span> <span class='ocrx_word' id='word_1_361' title='bbox 1475 3874 1557 3930; x_wconf 83' lang='lat' dir='ltr'><strong>Ne</strong></span> <span class='ocrx_word' id='word_1_362' title='bbox 1584 3875 1672 3929; x_wconf 85' lang='lat' dir='ltr'><strong>des</strong></span> <span class='ocrx_word' id='word_1_363' title='bbox 1695 3876 1748 3928; x_wconf 85' lang='lat' dir='ltr'><strong>in</strong></span> <span class='ocrx_word' id='word_1_364' title='bbox 1766 3872 2147 3927; x_wconf 83' lang='lat' dir='ltr'><strong>commotionem</strong></span> 
     </span>
    </p>
   </div>
   <div class='ocr_carea' id='block_1_45' title="bbox 582 3965 2148 4040">
    <p class='ocr_par' dir='ltr' id='par_1_45' title="bbox 582 3965 2148 4040">
     <span class='ocr_line' id='line_1_45' title="bbox 582 3965 2148 4040; baseline -0.004 -18"><span class='ocrx_word' id='word_1_365' title='bbox 582 3969 757 4040; x_wconf 80' lang='lat' dir='ltr'><strong>pedem</strong></span> <span class='ocrx_word' id='word_1_366' title='bbox 786 3980 926 4023; x_wconf 83' lang='lat' dir='ltr'><strong>tuum</strong></span> <span class='ocrx_word' id='word_1_367' title='bbox 951 3968 1123 4039; x_wconf 82' lang='lat' dir='ltr'><strong>(Psal.</strong></span> <span class='ocrx_word' id='word_1_368' title='bbox 1158 3970 1277 4025; x_wconf 63' lang='lat'><strong>{$0.</strong></span> <span class='ocrx_word' id='word_1_369' title='bbox 1305 3971 1357 4025; x_wconf 74' lang='grc'><strong>4.</strong></span> <span class='ocrx_word' id='word_1_370' title='bbox 1388 3969 1467 4039; x_wconf 69' lang='grc' dir='ltr'><strong>ὅ).</strong></span> <span class='ocrx_word' id='word_1_371' title='bbox 1498 3968 1612 4023; x_wconf 86' lang='lat' dir='ltr'><strong>Non</strong></span> <span class='ocrx_word' id='word_1_372' title='bbox 1636 3966 1788 4031; x_wconf 81' lang='lat' dir='ltr'><strong>dixit,</strong></span> <span class='ocrx_word' id='word_1_373' title='bbox 1812 3965 1887 4020; x_wconf 89' lang='lat' dir='ltr'><strong>Ne</strong></span> <span class='ocrx_word' id='word_1_374' title='bbox 1912 3977 2148 4023; x_wconf 86' lang='lat' dir='ltr'><strong>commo-</strong></span> 
     </span>
    </p>
   </div>
   <div class='ocr_carea' id='block_1_46' title="bbox 581 4058 2147 4132">
    <p class='ocr_par' dir='ltr' id='par_1_46' title="bbox 581 4058 2147 4132">
     <span class='ocr_line' id='line_1_46' title="bbox 581 4058 2147 4132; baseline -0.004 -20"><span class='ocrx_word' id='word_1_375' title='bbox 581 4062 780 4125; x_wconf 81' lang='lat' dir='ltr'><strong>veuris,</strong></span> <span class='ocrx_word' id='word_1_376' title='bbox 809 4061 903 4116; x_wconf 87' lang='lat' dir='ltr'><strong>sed</strong></span> <span class='ocrx_word' id='word_1_377' title='bbox 928 4102 945 4127; x_wconf 96' lang='lat'><strong>,</strong></span> <span class='ocrx_word' id='word_1_378' title='bbox 989 4060 1065 4116; x_wconf 76' lang='lat' dir='ltr'><strong>Ne</strong></span> <span class='ocrx_word' id='word_1_379' title='bbox 1092 4060 1205 4117; x_wconf 88' lang='lat' dir='ltr'><strong>des.</strong></span> <span class='ocrx_word' id='word_1_380' title='bbox 1238 4061 1371 4117; x_wconf 89' lang='lat' dir='ltr'><strong>Dare</strong></span> <span class='ocrx_word' id='word_1_381' title='bbox 1416 4076 1544 4132; x_wconf 77' lang='lat' dir='ltr'><strong>ergo</strong></span> <span class='ocrx_word' id='word_1_382' title='bbox 1572 4067 1657 4115; x_wconf 83' lang='lat' dir='ltr'><strong>est</strong></span> <span class='ocrx_word' id='word_1_383' title='bbox 1686 4058 1735 4113; x_wconf 90' lang='lat' dir='ltr'><strong>in</strong></span> <span class='ocrx_word' id='word_1_384' title='bbox 1781 4064 1961 4111; x_wconf 89' lang='lat' dir='ltr'><strong>nostra</strong></span> <span class='ocrx_word' id='word_1_385' title='bbox 1992 4060 2147 4124; x_wconf 87' lang='lat' dir='ltr'><strong>pote-</strong></span> 
     </span>
    </p>
   </div>
   <div class='ocr_carea' id='block_1_47' title="bbox 580 4147 2146 4221">
    <p class='ocr_par' dir='ltr' id='par_1_47' title="bbox 580 4147 2146 4221">
     <span class='ocr_line' id='line_1_47' title="bbox 580 4147 2146 4221; baseline -0.004 -17"><span class='ocrx_word' id='word_1_386' title='bbox 580 4160 718 4205; x_wconf 84' lang='lat' dir='ltr'><strong>state</strong></span> <span class='ocrx_word' id='word_1_387' title='bbox 736 4193 749 4215; x_wconf 95' lang='lat'><strong>,</strong></span> <span class='ocrx_word' id='word_1_388' title='bbox 782 4166 886 4205; x_wconf 92' lang='lat' dir='ltr'><strong>non</strong></span> <span class='ocrx_word' id='word_1_389' title='bbox 918 4152 969 4205; x_wconf 92' lang='lat' dir='ltr'><strong>in</strong></span> <span class='ocrx_word' id='word_1_390' title='bbox 997 4151 1220 4221; x_wconf 84' lang='lat' dir='ltr'><strong>alicujus</strong></span> <span class='ocrx_word' id='word_1_391' title='bbox 1248 4152 1486 4205; x_wconf 84' lang='lat' dir='ltr'><strong>alterius.</strong></span> <span class='ocrx_word' id='word_1_392' title='bbox 1528 4150 1659 4204; x_wconf 81' lang='lat' dir='ltr'><strong>Nam</strong></span> <span class='ocrx_word' id='word_1_393' title='bbox 1687 4148 1730 4203; x_wconf 91' lang='lat' dir='ltr'><strong>si</strong></span> <span class='ocrx_word' id='word_1_394' title='bbox 1757 4147 1981 4203; x_wconf 86' lang='lat' dir='ltr'><strong>velimus</strong></span> <span class='ocrx_word' id='word_1_395' title='bbox 2004 4155 2146 4199; x_wconf 86' lang='lat' dir='ltr'><strong>stare</strong></span> 
     </span>
    </p>
   </div>
   <div class='ocr_carea' id='block_1_48' title="bbox 582 4240 2143 4309">
    <p class='ocr_par' dir='ltr' id='par_1_48' title="bbox 582 4240 2143 4309">
     <span class='ocr_line' id='line_1_48' title="bbox 582 4240 2143 4309; baseline -0.003 -14"><span class='ocrx_word' id='word_1_396' title='bbox 582 4242 719 4295; x_wconf 87' lang='lat' dir='ltr'><strong>llrmi</strong></span> <span class='ocrx_word' id='word_1_397' title='bbox 746 4284 762 4307; x_wconf 95' lang='lat'><strong>,</strong></span> <span class='ocrx_word' id='word_1_398' title='bbox 790 4243 1007 4301; x_wconf 82' lang='lat' dir='ltr'><strong>stabiles</strong></span> <span class='ocrx_word' id='word_1_399' title='bbox 1045 4253 1098 4297; x_wconf 91' lang='lat' dir='ltr'><strong>et</strong></span> <span class='ocrx_word' id='word_1_400' title='bbox 1128 4242 1427 4297; x_wconf 88' lang='lat' dir='ltr'><strong>immobiles</strong></span> <span class='ocrx_word' id='word_1_401' title='bbox 1448 4284 1464 4309; x_wconf 95' lang='lat'><strong>,</strong></span> <span class='ocrx_word' id='word_1_402' title='bbox 1494 4258 1598 4297; x_wconf 92' lang='lat' dir='ltr'><strong>non</strong></span> <span class='ocrx_word' id='word_1_403' title='bbox 1642 4240 2143 4296; x_wconf 88' lang='lat' dir='ltr'><strong>commovcbimur.:</strong></span> 
     </span>
    </p>
   </div>
   <div class='ocr_carea' id='block_1_49' title="bbox 581 4328 2146 4401">
    <p class='ocr_par' dir='ltr' id='par_1_49' title="bbox 581 4328 2146 4401">
     <span class='ocr_line' id='line_1_49' title="bbox 581 4328 2146 4401; baseline -0.003 -14"><span class='ocrx_word' id='word_1_404' title='bbox 581 4333 663 4387; x_wconf 80' lang='lat' dir='ltr'><strong>bis</strong></span> <span class='ocrx_word' id='word_1_405' title='bbox 689 4334 828 4388; x_wconf 88' lang='lat' dir='ltr'><strong>enim</strong></span> <span class='ocrx_word' id='word_1_406' title='bbox 857 4332 1032 4387; x_wconf 84' lang='lat' dir='ltr'><strong>verbis</strong></span> <span class='ocrx_word' id='word_1_407' title='bbox 1052 4333 1177 4388; x_wconf 91' lang='lat' dir='ltr'><strong>illud</strong></span> <span class='ocrx_word' id='word_1_408' title='bbox 1197 4334 1569 4388; x_wconf 86' lang='lat' dir='ltr'><strong>subindicavit.</strong></span> <span class='ocrx_word' id='word_1_409' title='bbox 1592 4331 1727 4399; x_wconf 86' lang='lat' dir='ltr'><strong>Quid</strong></span> <span class='ocrx_word' id='word_1_410' title='bbox 1754 4330 1921 4401; x_wconf 81' lang='lat' dir='ltr'><strong>ergo?</strong></span> <span class='ocrx_word' id='word_1_411' title='bbox 1944 4328 2146 4382; x_wconf 88' lang='lat' dir='ltr'><strong>nihilne</strong></span> 
     </span>
    </p>
   </div>
   <div class='ocr_carea' id='block_1_50' title="bbox 581 4423 2149 4493">
    <p class='ocr_par' dir='ltr' id='par_1_50' title="bbox 581 4423 2149 4493">
     <span class='ocr_line' id='line_1_50' title="bbox 581 4423 2149 4493; baseline -0.003 -16"><span class='ocrx_word' id='word_1_412' title='bbox 581 4425 736 4477; x_wconf 90' lang='lat' dir='ltr'><strong>estin</strong></span> <span class='ocrx_word' id='word_1_413' title='bbox 783 4424 872 4478; x_wconf 88' lang='lat' dir='ltr'><strong>Dei</strong></span> <span class='ocrx_word' id='word_1_414' title='bbox 915 4424 1216 4493; x_wconf 84' lang='lat' dir='ltr'><strong>potestate?</strong></span> <span class='ocrx_word' id='word_1_415' title='bbox 1242 4424 1297 4478; x_wconf 94' lang='lat' dir='ltr'><strong>ln</strong></span> <span class='ocrx_word' id='word_1_416' title='bbox 1326 4424 1417 4478; x_wconf 84' lang='lat' dir='ltr'><strong>Dei</strong></span> <span class='ocrx_word' id='word_1_417' title='bbox 1456 4423 1667 4493; x_wconf 88' lang='lat' dir='ltr'><strong>quidem</strong></span> <span class='ocrx_word' id='word_1_418' title='bbox 1710 4429 1972 4491; x_wconf 85' lang='lat' dir='ltr'><strong>potestate</strong></span> <span class='ocrx_word' id='word_1_419' title='bbox 2024 4429 2149 4472; x_wconf 89' lang='lat' dir='ltr'><strong>sunt</strong></span> 
     </span>
    </p>
   </div>
   <div class='ocr_carea' id='block_1_51' title="bbox 579 4509 2148 4587">
    <p class='ocr_par' dir='ltr' id='par_1_51' title="bbox 579 4509 2148 4587">
     <span class='ocr_line' id='line_1_51' title="bbox 579 4509 2148 4587; baseline -0.003 -21"><span class='ocrx_word' id='word_1_420' title='bbox 579 4517 777 4580; x_wconf 86' lang='lat' dir='ltr'><strong>munia,</strong></span> <span class='ocrx_word' id='word_1_421' title='bbox 802 4514 896 4587; x_wconf 77' lang='lat' dir='ltr'><strong>sed</strong></span> <span class='ocrx_word' id='word_1_422' title='bbox 922 4530 1025 4569; x_wconf 91' lang='lat' dir='ltr'><strong>non</strong></span> <span class='ocrx_word' id='word_1_423' title='bbox 1052 4517 1121 4569; x_wconf 89' lang='lat' dir='ltr'><strong>ita</strong></span> <span class='ocrx_word' id='word_1_424' title='bbox 1151 4523 1210 4571; x_wconf 91' lang='lat' dir='ltr'><strong>ut</strong></span> <span class='ocrx_word' id='word_1_425' title='bbox 1234 4525 1474 4570; x_wconf 89' lang='lat' dir='ltr'><strong>nostrum</strong></span> <span class='ocrx_word' id='word_1_426' title='bbox 1501 4515 1724 4568; x_wconf 91' lang='lat' dir='ltr'><strong>liberum</strong></span> <span class='ocrx_word' id='word_1_427' title='bbox 1759 4512 1979 4566; x_wconf 79' lang='lat' dir='ltr'><strong>laedatur</strong></span> <span class='ocrx_word' id='word_1_428' title='bbox 2004 4509 2148 4564; x_wconf 86' lang='lat' dir='ltr'><strong>arbi-</strong></span> 
     </span>
    </p>
   </div>
   <div class='ocr_carea' id='block_1_52' title="bbox 582 4606 2147 4677">
    <p class='ocr_par' dir='ltr' id='par_1_52' title="bbox 582 4606 2147 4677">
     <span class='ocr_line' id='line_1_52' title="bbox 582 4606 2147 4677; baseline 0 -19"><span class='ocrx_word' id='word_1_429' title='bbox 582 4607 756 4659; x_wconf 84' lang='lat' dir='ltr'><strong>trium.</strong></span> <span class='ocrx_word' id='word_1_430' title='bbox 809 4607 863 4659; x_wconf 88' lang='lat' dir='ltr'><strong>Si</strong></span> <span class='ocrx_word' id='word_1_431' title='bbox 914 4622 1076 4676; x_wconf 87' lang='lat' dir='ltr'><strong>ergo,</strong></span> <span class='ocrx_word' id='word_1_432' title='bbox 1107 4608 1323 4677; x_wconf 88' lang='lat' dir='ltr'><strong>inquit,</strong></span> <span class='ocrx_word' id='word_1_433' title='bbox 1368 4619 1443 4662; x_wconf 90' lang='lat' dir='ltr'><strong>est</strong></span> <span class='ocrx_word' id='word_1_434' title='bbox 1476 4608 1527 4661; x_wconf 90' lang='lat' dir='ltr'><strong>iu</strong></span> <span class='ocrx_word' id='word_1_435' title='bbox 1571 4606 1661 4661; x_wconf 90' lang='lat' dir='ltr'><strong>Dei</strong></span> <span class='ocrx_word' id='word_1_436' title='bbox 1710 4614 2005 4675; x_wconf 86' lang='lat' dir='ltr'><strong>potestate,</strong></span> <span class='ocrx_word' id='word_1_437' title='bbox 2051 4618 2147 4658; x_wconf 89' lang='lat' dir='ltr'><strong>cur</strong></span> 
     </span>
    </p>
   </div>
   <div class='ocr_carea' id='block_1_53' title="bbox 581 4694 2144 4767">
    <p class='ocr_par' dir='ltr' id='par_1_53' title="bbox 581 4694 2144 4767">
     <span class='ocr_line' id='line_1_53' title="bbox 581 4694 2144 4767; baseline -0.002 -18"><span class='ocrx_word' id='word_1_438' title='bbox 581 4696 631 4749; x_wconf 93' lang='lat' dir='ltr'><strong>in</strong></span> <span class='ocrx_word' id='word_1_439' title='bbox 684 4711 780 4749; x_wconf 90' lang='lat' dir='ltr'><strong>nos</strong></span> <span class='ocrx_word' id='word_1_440' title='bbox 818 4696 1025 4751; x_wconf 90' lang='lat' dir='ltr'><strong>confert</strong></span> <span class='ocrx_word' id='word_1_441' title='bbox 1067 4698 1314 4765; x_wconf 77' lang='lat' dir='ltr'><strong>culpam?</strong></span> <span class='ocrx_word' id='word_1_442' title='bbox 1358 4698 1642 4767; x_wconf 82' lang='lat' dir='ltr'><strong>Pr0pterea</strong></span> <span class='ocrx_word' id='word_1_443' title='bbox 1668 4696 1798 4760; x_wconf 84' lang='lat' dir='ltr'><strong>dixi,</strong></span> <span class='ocrx_word' id='word_1_444' title='bbox 1832 4694 1904 4749; x_wconf 86' lang='lat' dir='ltr'><strong>Ita</strong></span> <span class='ocrx_word' id='word_1_445' title='bbox 1935 4704 1991 4749; x_wconf 91' lang='lat' dir='ltr'><strong>ut</strong></span> <span class='ocrx_word' id='word_1_446' title='bbox 2038 4709 2144 4748; x_wconf 89' lang='lat' dir='ltr'><strong>non</strong></span> 
     </span>
    </p>
   </div>
   <div class='ocr_carea' id='block_1_54' title="bbox 582 4784 2143 4855">
    <p class='ocr_par' dir='ltr' id='par_1_54' title="bbox 582 4784 2143 4855">
     <span class='ocr_line' id='line_1_54' title="bbox 582 4784 2143 4855; baseline -0.002 -14"><span class='ocrx_word' id='word_1_447' title='bbox 582 4787 801 4841; x_wconf 66' lang='lat' dir='ltr'><strong>Imitatur</strong></span> <span class='ocrx_word' id='word_1_448' title='bbox 850 4795 1088 4840; x_wconf 89' lang='lat' dir='ltr'><strong>nostrum</strong></span> <span class='ocrx_word' id='word_1_449' title='bbox 1143 4786 1369 4840; x_wconf 87' lang='lat' dir='ltr'><strong>liberum</strong></span> <span class='ocrx_word' id='word_1_450' title='bbox 1431 4786 1727 4840; x_wconf 79' lang='lat' dir='ltr'><strong>arbitrium.</strong></span> <span class='ocrx_word' id='word_1_451' title='bbox 1780 4786 1872 4839; x_wconf 88' lang='lat' dir='ltr'><strong>Est</strong></span> <span class='ocrx_word' id='word_1_452' title='bbox 1922 4800 2047 4855; x_wconf 85' lang='lat' dir='ltr'><strong>ergo</strong></span> <span class='ocrx_word' id='word_1_453' title='bbox 2092 4784 2143 4838; x_wconf 90' lang='lat' dir='ltr'><strong>in</strong></span> 
     </span>
    </p>
   </div>
   <div class='ocr_carea' id='block_1_55' title="bbox 580 4872 2147 4956">
    <p class='ocr_par' dir='ltr' id='par_1_55' title="bbox 580 4872 2147 4956">
     <span class='ocr_line' id='line_1_55' title="bbox 580 4872 2147 4956; baseline -0.003 -26"><span class='ocrx_word' id='word_1_454' title='bbox 580 4887 795 4956; x_wconf 62' lang='lat' dir='ltr'><strong>mura,</strong></span> <span class='ocrx_word' id='word_1_455' title='bbox 824 4884 879 4930; x_wconf 91' lang='lat' dir='ltr'><strong>et</strong></span> <span class='ocrx_word' id='word_1_456' title='bbox 922 4876 972 4930; x_wconf 92' lang='lat' dir='ltr'><strong>in</strong></span> <span class='ocrx_word' id='word_1_457' title='bbox 1019 4875 1132 4945; x_wconf 90' lang='lat' dir='ltr'><strong>ejus</strong></span> <span class='ocrx_word' id='word_1_458' title='bbox 1161 4885 1422 4946; x_wconf 83' lang='lat' dir='ltr'><strong>potestate</strong></span> <span class='ocrx_word' id='word_1_459' title='bbox 1452 4894 1465 4929; x_wconf 91' lang='lat'>:</span> <span class='ocrx_word' id='word_1_460' title='bbox 1492 4885 1704 4944; x_wconf 74' lang='lat' dir='ltr'><strong>oportet</strong></span> <span class='ocrx_word' id='word_1_461' title='bbox 1731 4875 1872 4930; x_wconf 91' lang='lat' dir='ltr'><strong>enim</strong></span> <span class='ocrx_word' id='word_1_462' title='bbox 1901 4889 1997 4928; x_wconf 86' lang='lat' dir='ltr'><strong>nos</strong></span> <span class='ocrx_word' id='word_1_463' title='bbox 2042 4872 2147 4941; x_wconf 83' lang='lat' dir='ltr'><strong>pri-</strong></span> 
     </span>
    </p>
   </div>
   <div class='ocr_carea' id='block_1_56' title="bbox 579 4964 2145 5047">
    <p class='ocr_par' dir='ltr' id='par_1_56' title="bbox 579 4964 2145 5047">
     <span class='ocr_line' id='line_1_56' title="bbox 579 4964 2145 5047; baseline -0.001 -26"><span class='ocrx_word' id='word_1_464' title='bbox 579 4983 722 5021; x_wconf 88' lang='lat' dir='ltr'><strong>mum</strong></span> <span class='ocrx_word' id='word_1_465' title='bbox 775 4968 908 5047; x_wconf 76' lang='lat' dir='ltr'><strong>bona</strong></span> <span class='ocrx_word' id='word_1_466' title='bbox 948 4966 1178 5037; x_wconf 87' lang='lat' dir='ltr'><strong>eligere,</strong></span> <span class='ocrx_word' id='word_1_467' title='bbox 1230 4976 1429 5022; x_wconf 88' lang='lat' dir='ltr'><strong>etcum</strong></span> <span class='ocrx_word' id='word_1_468' title='bbox 1461 4967 1796 5036; x_wconf 88' lang='lat' dir='ltr'><strong>elegerimus,</strong></span> <span class='ocrx_word' id='word_1_469' title='bbox 1845 4976 1967 5020; x_wconf 92' lang='lat' dir='ltr'><strong>tunc</strong></span> <span class='ocrx_word' id='word_1_470' title='bbox 1989 4964 2145 5019; x_wconf 74' lang='lat' dir='ltr'><strong>affert</strong></span> 
     </span>
    </p>
   </div>
   <div class='ocr_carea' id='block_1_57' title="bbox 577 5050 987 5129">
    <p class='ocr_par' dir='ltr' id='par_1_57' title="bbox 577 5050 987 5129">
     <span class='ocr_line' id='line_1_57' title="bbox 577 5050 987 5129; baseline 0 -17"><span class='ocrx_word' id='word_1_471' title='bbox 577 5075 693 5129; x_wconf 73' lang='lat' dir='ltr'><strong>quae</strong></span> <span class='ocrx_word' id='word_1_472' title='bbox 722 5050 815 5112; x_wconf 78' lang='lat' dir='ltr'><strong>sua</strong></span> <span class='ocrx_word' id='word_1_473' title='bbox 846 5069 987 5114; x_wconf 90' lang='lat' dir='ltr'><strong>sunt.</strong></span> 
     </span>
    </p>
   </div>
   <div class='ocr_carea' id='block_1_58' title="bbox 647 5145 2144 5220">
    <p class='ocr_par' dir='ltr' id='par_1_58' title="bbox 647 5145 2144 5220">
     <span class='ocr_line' id='line_1_58' title="bbox 647 5145 2144 5220; baseline -0.003 -17"><span class='ocrx_word' id='word_1_474' title='bbox 647 5150 727 5203; x_wconf 86' lang='lat' dir='ltr'><strong>De</strong></span> <span class='ocrx_word' id='word_1_475' title='bbox 752 5151 904 5215; x_wconf 76' lang='lat' dir='ltr'><strong>Ubera</strong></span> <span class='ocrx_word' id='word_1_476' title='bbox 923 5150 1149 5215; x_wconf 83' lang='lat' dir='ltr'><strong>arbitrio.</strong></span> <span class='ocrx_word' id='word_1_477' title='bbox 1184 5180 1255 5190; x_wconf 98' lang='lat'><strong>—</strong></span> <span class='ocrx_word' id='word_1_478' title='bbox 1285 5149 1398 5204; x_wconf 85' lang='lat' dir='ltr'><strong>Non</strong></span> <span class='ocrx_word' id='word_1_479' title='bbox 1435 5149 1691 5220; x_wconf 74' lang='lat' dir='ltr'><strong>pneveuit</strong></span> <span class='ocrx_word' id='word_1_480' title='bbox 1725 5158 1928 5200; x_wconf 85' lang='lat' dir='ltr'><strong>nostras</strong></span> <span class='ocrx_word' id='word_1_481' title='bbox 1959 5145 2144 5201; x_wconf 79' lang='lat' dir='ltr'><strong>volun-</strong></span> 
     </span>
    </p>
   </div>
   <div class='ocr_carea' id='block_1_59' title="bbox 581 5238 2142 5311">
    <p class='ocr_par' dir='ltr' id='par_1_59' title="bbox 581 5238 2142 5311">
     <span class='ocr_line' id='line_1_59' title="bbox 581 5238 2142 5311; baseline -0.001 -17"><span class='ocrx_word' id='word_1_482' title='bbox 581 5250 737 5307; x_wconf 81' lang='lat' dir='ltr'><strong>tates,</strong></span> <span class='ocrx_word' id='word_1_483' title='bbox 766 5259 831 5297; x_wconf 91' lang='lat' dir='ltr'><strong>ne</strong></span> <span class='ocrx_word' id='word_1_484' title='bbox 862 5242 1048 5311; x_wconf 85' lang='lat' dir='ltr'><strong>perdat</strong></span> <span class='ocrx_word' id='word_1_485' title='bbox 1068 5250 1309 5296; x_wconf 85' lang='lat' dir='ltr'><strong>nostrum</strong></span> <span class='ocrx_word' id='word_1_486' title='bbox 1341 5242 1566 5295; x_wconf 89' lang='lat' dir='ltr'><strong>liberum</strong></span> <span class='ocrx_word' id='word_1_487' title='bbox 1592 5242 1867 5295; x_wconf 88' lang='lat' dir='ltr'><strong>arbitrium</strong></span> <span class='ocrx_word' id='word_1_488' title='bbox 1894 5257 1905 5292; x_wconf 88' lang='lat'><strong><em>:</em></strong></span> <span class='ocrx_word' id='word_1_489' title='bbox 1932 5238 2142 5309; x_wconf 90' lang='lat' dir='ltr'><strong>quando</strong></span> 
     </span>
    </p>
   </div>
   <div class='ocr_carea' id='block_1_60' title="bbox 580 5329 2141 5403">
    <p class='ocr_par' dir='ltr' id='par_1_60' title="bbox 580 5329 2141 5403">
     <span class='ocr_line' id='line_1_60' title="bbox 580 5329 2141 5403; baseline -0.001 -17"><span class='ocrx_word' id='word_1_490' title='bbox 580 5344 754 5387; x_wconf 86' lang='lat' dir='ltr'><strong>autem</strong></span> <span class='ocrx_word' id='word_1_491' title='bbox 806 5347 902 5386; x_wconf 88' lang='lat' dir='ltr'><strong>nos</strong></span> <span class='ocrx_word' id='word_1_492' title='bbox 943 5334 1277 5403; x_wconf 80' lang='lat' dir='ltr'><strong>elegerimus,</strong></span> <span class='ocrx_word' id='word_1_493' title='bbox 1333 5342 1457 5387; x_wconf 88' lang='lat' dir='ltr'><strong>tunc</strong></span> <span class='ocrx_word' id='word_1_494' title='bbox 1506 5332 1658 5386; x_wconf 87' lang='lat' dir='ltr'><strong>nobis</strong></span> <span class='ocrx_word' id='word_1_495' title='bbox 1714 5331 1938 5385; x_wconf 89' lang='lat' dir='ltr'><strong>multum</strong></span> <span class='ocrx_word' id='word_1_496' title='bbox 1984 5329 2141 5384; x_wconf 82' lang='lat' dir='ltr'><strong>aﬂ&#39;ert</strong></span> 
     </span>
    </p>
   </div>
   <div class='ocr_carea' id='block_1_61' title="bbox 581 5424 2138 5495">
    <p class='ocr_par' dir='ltr' id='par_1_61' title="bbox 581 5424 2138 5495">
     <span class='ocr_line' id='line_1_61' title="bbox 581 5424 2138 5495; baseline -0.001 -18"><span class='ocrx_word' id='word_1_497' title='bbox 581 5424 853 5478; x_wconf 77' lang='lat' dir='ltr'><strong>auxilium.</strong></span> <span class='ocrx_word' id='word_1_498' title='bbox 887 5424 1165 5491; x_wconf 85' lang='lat' dir='ltr'><strong>Quomodo</strong></span> <span class='ocrx_word' id='word_1_499' title='bbox 1191 5440 1316 5495; x_wconf 90' lang='lat' dir='ltr'><strong>ergo</strong></span> <span class='ocrx_word' id='word_1_500' title='bbox 1342 5467 1357 5491; x_wconf 91' lang='lat'><strong>,</strong></span> <span class='ocrx_word' id='word_1_501' title='bbox 1384 5425 1429 5479; x_wconf 91' lang='lat' dir='ltr'><strong>si</strong></span> <span class='ocrx_word' id='word_1_502' title='bbox 1453 5426 1503 5479; x_wconf 89' lang='lat' dir='ltr'><strong>in</strong></span> <span class='ocrx_word' id='word_1_503' title='bbox 1535 5433 1714 5478; x_wconf 85' lang='lat' dir='ltr'><strong>nostra</strong></span> <span class='ocrx_word' id='word_1_504' title='bbox 1750 5431 2008 5493; x_wconf 88' lang='lat' dir='ltr'><strong>potestate</strong></span> <span class='ocrx_word' id='word_1_505' title='bbox 2037 5432 2138 5489; x_wconf 88' lang='lat' dir='ltr'><strong>est,</strong></span> 
     </span>
    </p>
   </div>
   <div class='ocr_carea' id='block_1_62' title="bbox 578 5513 2139 5588">
    <p class='ocr_par' dir='ltr' id='par_1_62' title="bbox 578 5513 2139 5588">
     <span class='ocr_line' id='line_1_62' title="bbox 578 5513 2139 5588; baseline 0.001 -20"><span class='ocrx_word' id='word_1_506' title='bbox 578 5516 707 5570; x_wconf 80' lang='lat' dir='ltr'><strong>dicit</strong></span> <span class='ocrx_word' id='word_1_507' title='bbox 731 5516 923 5570; x_wconf 83' lang='lat' dir='ltr'><strong>Paulus</strong></span> <span class='ocrx_word' id='word_1_508' title='bbox 956 5532 969 5568; x_wconf 91' lang='lat'><strong>:</strong></span> <span class='ocrx_word' id='word_1_509' title='bbox 998 5513 1116 5569; x_wconf 84' lang='lat' dir='ltr'><strong>Non</strong></span> <span class='ocrx_word' id='word_1_510' title='bbox 1156 5519 1365 5572; x_wconf 83' lang='lat' dir='ltr'><strong>uolentis</strong></span> <span class='ocrx_word' id='word_1_511' title='bbox 1395 5535 1550 5588; x_wconf 80' lang='lat' dir='ltr'><strong>neque</strong></span> <span class='ocrx_word' id='word_1_512' title='bbox 1577 5518 1821 5583; x_wconf 74' lang='lat' dir='ltr'><strong>currentis</strong></span> <span class='ocrx_word' id='word_1_513' title='bbox 1842 5558 1857 5583; x_wconf 96' lang='lat'><strong>,</strong></span> <span class='ocrx_word' id='word_1_514' title='bbox 1882 5517 1968 5571; x_wconf 86' lang='lat' dir='ltr'><strong>sed</strong></span> <span class='ocrx_word' id='word_1_515' title='bbox 1990 5517 2139 5571; x_wconf 74' lang='lat' dir='ltr'><strong>mise—</strong></span> 
     </span>
    </p>
   </div>
   <div class='ocr_carea' id='block_1_63' title="bbox 578 5607 2139 5681">
    <p class='ocr_par' dir='ltr' id='par_1_63' title="bbox 578 5607 2139 5681">
     <span class='ocr_line' id='line_1_63' title="bbox 578 5607 2139 5681; baseline 0 -20"><span class='ocrx_word' id='word_1_516' title='bbox 578 5609 731 5662; x_wconf 71' lang='lat' dir='ltr'><strong>rantis</strong></span> <span class='ocrx_word' id='word_1_517' title='bbox 752 5619 824 5664; x_wconf 89' lang='lat' dir='ltr'><strong>est</strong></span> <span class='ocrx_word' id='word_1_518' title='bbox 873 5608 965 5662; x_wconf 85' lang='lat' dir='ltr'><strong>Dei</strong></span> <span class='ocrx_word' id='word_1_519' title='bbox 991 5609 1009 5681; x_wconf 92' lang='lat'>(</span> <span class='ocrx_word' id='word_1_520' title='bbox 1034 5609 1183 5663; x_wconf 82' lang='lat' dir='ltr'><strong>Rom.</strong></span> <span class='ocrx_word' id='word_1_521' title='bbox 1210 5610 1262 5666; x_wconf 90' lang='lat'><strong>9.</strong></span> <span class='ocrx_word' id='word_1_522' title='bbox 1298 5609 1363 5665; x_wconf 87' lang='lat' dir='ltr'><strong>l6</strong></span> <span class='ocrx_word' id='word_1_523' title='bbox 1386 5610 1450 5677; x_wconf 85' lang='lat'><strong>)?</strong></span> <span class='ocrx_word' id='word_1_524' title='bbox 1498 5610 1728 5664; x_wconf 88' lang='lat' dir='ltr'><strong>Primum</strong></span> <span class='ocrx_word' id='word_1_525' title='bbox 1771 5607 1985 5679; x_wconf 89' lang='lat' dir='ltr'><strong>quidem</strong></span> <span class='ocrx_word' id='word_1_526' title='bbox 2037 5622 2139 5661; x_wconf 88' lang='lat' dir='ltr'><strong>non</strong></span> 
     </span>
    </p>
   </div>
   <div class='ocr_carea' id='block_1_64' title="bbox 580 5699 2137 5770">
    <p class='ocr_par' dir='ltr' id='par_1_64' title="bbox 580 5699 2137 5770">
     <span class='ocr_line' id='line_1_64' title="bbox 580 5699 2137 5770; baseline -0.001 -17"><span class='ocrx_word' id='word_1_527' title='bbox 580 5711 843 5770; x_wconf 87' lang='lat' dir='ltr'><strong>tamquam</strong></span> <span class='ocrx_word' id='word_1_528' title='bbox 871 5718 1018 5756; x_wconf 83' lang='lat' dir='ltr'><strong>suam</strong></span> <span class='ocrx_word' id='word_1_529' title='bbox 1045 5700 1336 5757; x_wconf 87' lang='lat' dir='ltr'><strong>introduxit</strong></span> <span class='ocrx_word' id='word_1_530' title='bbox 1360 5702 1694 5767; x_wconf 79' lang='lat' dir='ltr'><strong>sententiam,</strong></span> <span class='ocrx_word' id='word_1_531' title='bbox 1724 5701 1815 5755; x_wconf 89' lang='lat' dir='ltr'><strong>sed</strong></span> <span class='ocrx_word' id='word_1_532' title='bbox 1837 5699 2051 5770; x_wconf 84' lang='lat' dir='ltr'><strong>collegit</strong></span> <span class='ocrx_word' id='word_1_533' title='bbox 2071 5713 2137 5753; x_wconf 84' lang='lat' dir='ltr'><strong>ex</strong></span> 
     </span>
    </p>
   </div>
   <div class='ocr_carea' id='block_1_65' title="bbox 583 5792 2138 5869">
    <p class='ocr_par' dir='ltr' id='par_1_65' title="bbox 583 5792 2138 5869">
     <span class='ocr_line' id='line_1_65' title="bbox 583 5792 2138 5869; baseline -0.005 -19"><span class='ocrx_word' id='word_1_534' title='bbox 583 5808 644 5850; x_wconf 79' lang='lat' dir='ltr'><strong>so</strong></span> <span class='ocrx_word' id='word_1_535' title='bbox 666 5793 805 5848; x_wconf 84' lang='lat' dir='ltr'><strong>uuod</strong></span> <span class='ocrx_word' id='word_1_536' title='bbox 839 5802 951 5848; x_wconf 89' lang='lat' dir='ltr'><strong>erat</strong></span> <span class='ocrx_word' id='word_1_537' title='bbox 980 5794 1328 5861; x_wconf 81' lang='lat' dir='ltr'><strong>propositum,</strong></span> <span class='ocrx_word' id='word_1_538' title='bbox 1360 5804 1415 5850; x_wconf 90' lang='lat' dir='ltr'><strong>et</strong></span> <span class='ocrx_word' id='word_1_539' title='bbox 1443 5810 1505 5848; x_wconf 85' lang='lat' dir='ltr'><strong>ex</strong></span> <span class='ocrx_word' id='word_1_540' title='bbox 1538 5809 1602 5848; x_wconf 88' lang='lat' dir='ltr'><strong>eo</strong></span> <span class='ocrx_word' id='word_1_541' title='bbox 1622 5793 1759 5869; x_wconf 80' lang='lat' dir='ltr'><strong>quod</strong></span> <span class='ocrx_word' id='word_1_542' title='bbox 1788 5792 2138 5863; x_wconf 70' lang='lat' dir='ltr'><strong>prmmissum.</strong></span> 
     </span>
    </p>
   </div>
   <div class='ocr_carea' id='block_1_66' title="bbox 2282 1049 3857 1125">
    <p class='ocr_par' dir='ltr' id='par_1_66' title="bbox 2282 1049 3857 1125">
     <span class='ocr_line' id='line_1_66' title="bbox 2282 1049 3857 1125; baseline 0.011 -29"><span class='ocrx_word' id='word_1_543' title='bbox 2282 1055 2522 1099; x_wconf 88' lang='lat' dir='ltr'><strong>nostrum</strong></span> <span class='ocrx_word' id='word_1_544' title='bbox 2554 1049 2763 1117; x_wconf 86' lang='lat' dir='ltr'><strong>quidem</strong></span> <span class='ocrx_word' id='word_1_545' title='bbox 2804 1064 2884 1107; x_wconf 86' lang='lat' dir='ltr'><strong>est</strong></span> <span class='ocrx_word' id='word_1_546' title='bbox 2925 1056 3233 1124; x_wconf 71' lang='lat' dir='ltr'><strong>prmeligere</strong></span> <span class='ocrx_word' id='word_1_547' title='bbox 3274 1068 3328 1111; x_wconf 90' lang='lat' dir='ltr'><strong>et</strong></span> <span class='ocrx_word' id='word_1_548' title='bbox 3364 1060 3529 1125; x_wconf 84' lang='lat' dir='ltr'><strong>velle;</strong></span> <span class='ocrx_word' id='word_1_549' title='bbox 3559 1061 3647 1113; x_wconf 82' lang='lat' dir='ltr'><strong>Det</strong></span> <span class='ocrx_word' id='word_1_550' title='bbox 3677 1072 3857 1113; x_wconf 76' lang='lat' dir='ltr'><strong>autem</strong></span> 
     </span>
    </p>
   </div>
   <div class='ocr_carea' id='block_1_67' title="bbox 2279 1140 3857 1221">
    <p class='ocr_par' dir='ltr' id='par_1_67' title="bbox 2279 1140 3857 1221">
     <span class='ocr_line' id='line_1_67' title="bbox 2279 1140 3857 1221; baseline 0.011 -32"><span class='ocrx_word' id='word_1_551' title='bbox 2279 1146 2362 1189; x_wconf 86' lang='lat' dir='ltr'><strong>est</strong></span> <span class='ocrx_word' id='word_1_552' title='bbox 2413 1140 2667 1207; x_wconf 86' lang='lat' dir='ltr'><strong>perlicere</strong></span> <span class='ocrx_word' id='word_1_553' title='bbox 2708 1153 2761 1198; x_wconf 87' lang='lat' dir='ltr'><strong>et</strong></span> <span class='ocrx_word' id='word_1_554' title='bbox 2788 1145 2853 1199; x_wconf 88' lang='lat' dir='ltr'><strong>ad</strong></span> <span class='ocrx_word' id='word_1_555' title='bbox 2908 1145 3068 1201; x_wconf 86' lang='lat' dir='ltr'><strong>ﬁnem</strong></span> <span class='ocrx_word' id='word_1_556' title='bbox 3100 1148 3387 1204; x_wconf 89' lang='lat' dir='ltr'><strong>deducere.</strong></span> <span class='ocrx_word' id='word_1_557' title='bbox 3419 1150 3679 1217; x_wconf 84' lang='lat' dir='ltr'><strong>Quoniam</strong></span> <span class='ocrx_word' id='word_1_558' title='bbox 3726 1168 3857 1221; x_wconf 86' lang='lat' dir='ltr'><strong>ergo</strong></span> 
     </span>
    </p>
   </div>
   <div class='ocr_carea' id='block_1_68' title="bbox 2279 1228 3853 1305">
    <p class='ocr_par' dir='ltr' id='par_1_68' title="bbox 2279 1228 3853 1305">
     <span class='ocr_line' id='line_1_68' title="bbox 2279 1228 3853 1305; baseline 0.012 -27"><span class='ocrx_word' id='word_1_559' title='bbox 2279 1228 2419 1294; x_wconf 91' lang='lat' dir='ltr'><strong>quod</strong></span> <span class='ocrx_word' id='word_1_560' title='bbox 2451 1229 2571 1298; x_wconf 91' lang='lat' dir='ltr'><strong>plus</strong></span> <span class='ocrx_word' id='word_1_561' title='bbox 2598 1242 2680 1286; x_wconf 89' lang='lat' dir='ltr'><strong>est</strong></span> <span class='ocrx_word' id='word_1_562' title='bbox 2706 1274 2721 1298; x_wconf 92' lang='lat'><strong>,</strong></span> <span class='ocrx_word' id='word_1_563' title='bbox 2753 1242 2834 1289; x_wconf 90' lang='lat' dir='ltr'><strong>est</strong></span> <span class='ocrx_word' id='word_1_564' title='bbox 2862 1236 3003 1292; x_wconf 90' lang='lat' dir='ltr'><strong>illius</strong></span> <span class='ocrx_word' id='word_1_565' title='bbox 3026 1278 3041 1303; x_wconf 93' lang='lat'><strong>,</strong></span> <span class='ocrx_word' id='word_1_566' title='bbox 3073 1246 3241 1293; x_wconf 89' lang='lat' dir='ltr'><strong>totum</strong></span> <span class='ocrx_word' id='word_1_567' title='bbox 3272 1240 3411 1295; x_wconf 89' lang='lat' dir='ltr'><strong>illius</strong></span> <span class='ocrx_word' id='word_1_568' title='bbox 3437 1256 3557 1296; x_wconf 84' lang='lat' dir='ltr'><strong>esse</strong></span> <span class='ocrx_word' id='word_1_569' title='bbox 3582 1243 3745 1305; x_wconf 90' lang='lat' dir='ltr'><strong>dicit,</strong></span> <span class='ocrx_word' id='word_1_570' title='bbox 3771 1243 3853 1296; x_wconf 80' lang='lat' dir='ltr'><strong>Iu-</strong></span> 
     </span>
    </p>
   </div>
   <div class='ocr_carea' id='block_1_69' title="bbox 2286 1324 3862 1396">
    <p class='ocr_par' dir='ltr' id='par_1_69' title="bbox 2286 1324 3862 1396">
     <span class='ocr_line' id='line_1_69' title="bbox 2286 1324 3862 1396; baseline 0.001 -19"><span class='ocrx_word' id='word_1_571' title='bbox 2286 1340 2453 1396; x_wconf 87' lang='lat' dir='ltr'><strong>quens</strong></span> <span class='ocrx_word' id='word_1_572' title='bbox 2482 1324 2863 1379; x_wconf 85' lang='lat' dir='ltr'><strong>convenienter</strong></span> <span class='ocrx_word' id='word_1_573' title='bbox 2890 1324 3134 1377; x_wconf 71' lang='lat' dir='ltr'><strong>humana:</strong></span> <span class='ocrx_word' id='word_1_574' title='bbox 3160 1325 3553 1379; x_wconf 88' lang='lat' dir='ltr'><strong>consuetudini.</strong></span> <span class='ocrx_word' id='word_1_575' title='bbox 3597 1325 3729 1379; x_wconf 81' lang='lat' dir='ltr'><strong>Nunt</strong></span> <span class='ocrx_word' id='word_1_576' title='bbox 3764 1341 3862 1380; x_wconf 86' lang='lat' dir='ltr'><strong>nos</strong></span> 
     </span>
    </p>
   </div>
   <div class='ocr_carea' id='block_1_70' title="bbox 2281 1412 3861 1484">
    <p class='ocr_par' dir='ltr' id='par_1_70' title="bbox 2281 1412 3861 1484">
     <span class='ocr_line' id='line_1_70' title="bbox 2281 1412 3861 1484; baseline 0.006 -20"><span class='ocrx_word' id='word_1_577' title='bbox 2281 1429 2490 1484; x_wconf 89' lang='lat' dir='ltr'><strong>quoque</strong></span> <span class='ocrx_word' id='word_1_578' title='bbox 2533 1415 2609 1468; x_wconf 85' lang='lat' dir='ltr'><strong>sic</strong></span> <span class='ocrx_word' id='word_1_579' title='bbox 2653 1412 2876 1468; x_wconf 84' lang='lat' dir='ltr'><strong>facimus</strong></span> <span class='ocrx_word' id='word_1_580' title='bbox 2926 1430 2941 1467; x_wconf 87' lang='lat'><strong>:</strong></span> <span class='ocrx_word' id='word_1_581' title='bbox 2994 1423 3049 1467; x_wconf 93' lang='lat' dir='ltr'><strong>ut</strong></span> <span class='ocrx_word' id='word_1_582' title='bbox 3098 1416 3325 1482; x_wconf 87' lang='lat' dir='ltr'><strong>exempli</strong></span> <span class='ocrx_word' id='word_1_583' title='bbox 3379 1430 3559 1481; x_wconf 87' lang='lat' dir='ltr'><strong>causa,</strong></span> <span class='ocrx_word' id='word_1_584' title='bbox 3612 1418 3861 1474; x_wconf 81' lang='lat' dir='ltr'><strong>videmus</strong></span> 
     </span>
    </p>
   </div>
   <div class='ocr_carea' id='block_1_71' title="bbox 2279 1504 3857 1574">
    <p class='ocr_par' dir='ltr' id='par_1_71' title="bbox 2279 1504 3857 1574">
     <span class='ocr_line' id='line_1_71' title="bbox 2279 1504 3857 1574; baseline 0.003 -15"><span class='ocrx_word' id='word_1_585' title='bbox 2279 1505 2421 1559; x_wconf 83' lang='lat' dir='ltr'><strong>:cdes</strong></span> <span class='ocrx_word' id='word_1_586' title='bbox 2446 1504 2665 1574; x_wconf 84' lang='lat' dir='ltr'><strong>pulchre</strong></span> <span class='ocrx_word' id='word_1_587' title='bbox 2689 1504 2975 1559; x_wconf 77' lang='lat' dir='ltr'><strong>tedilicatas</strong></span> <span class='ocrx_word' id='word_1_588' title='bbox 3000 1547 3013 1568; x_wconf 95' lang='lat'><strong>,</strong></span> <span class='ocrx_word' id='word_1_589' title='bbox 3041 1515 3094 1559; x_wconf 91' lang='lat' dir='ltr'><strong>et</strong></span> <span class='ocrx_word' id='word_1_590' title='bbox 3118 1506 3346 1561; x_wconf 87' lang='lat' dir='ltr'><strong>dicimus</strong></span> <span class='ocrx_word' id='word_1_591' title='bbox 3374 1517 3539 1561; x_wconf 92' lang='lat' dir='ltr'><strong>totum</strong></span> <span class='ocrx_word' id='word_1_592' title='bbox 3575 1524 3695 1564; x_wconf 78' lang='lat' dir='ltr'><strong>esse</strong></span> <span class='ocrx_word' id='word_1_593' title='bbox 3721 1513 3857 1563; x_wconf 84' lang='lat' dir='ltr'><strong>arti-</strong></span> 
     </span>
    </p>
   </div>
   <div class='ocr_carea' id='block_1_72' title="bbox 2283 1596 3857 1669">
    <p class='ocr_par' dir='ltr' id='par_1_72' title="bbox 2283 1596 3857 1669">
     <span class='ocr_line' id='line_1_72' title="bbox 2283 1596 3857 1669; baseline 0.002 -20"><span class='ocrx_word' id='word_1_594' title='bbox 2283 1596 2399 1650; x_wconf 80' lang='lat' dir='ltr'><strong>ficis</strong></span> <span class='ocrx_word' id='word_1_595' title='bbox 2426 1615 2438 1650; x_wconf 92' lang='lat'><strong>:</strong></span> <span class='ocrx_word' id='word_1_596' title='bbox 2467 1612 2786 1665; x_wconf 84' lang='lat' dir='ltr'><strong>quamquam</strong></span> <span class='ocrx_word' id='word_1_597' title='bbox 2836 1612 2938 1650; x_wconf 92' lang='lat' dir='ltr'><strong>non</strong></span> <span class='ocrx_word' id='word_1_598' title='bbox 2970 1606 3135 1650; x_wconf 89' lang='lat' dir='ltr'><strong>totum</strong></span> <span class='ocrx_word' id='word_1_599' title='bbox 3168 1597 3237 1651; x_wconf 90' lang='lat' dir='ltr'><strong>sit</strong></span> <span class='ocrx_word' id='word_1_600' title='bbox 3281 1598 3395 1667; x_wconf 88' lang='lat' dir='ltr'><strong>ejus</strong></span> <span class='ocrx_word' id='word_1_601' title='bbox 3419 1638 3433 1661; x_wconf 93' lang='lat'><strong>,</strong></span> <span class='ocrx_word' id='word_1_602' title='bbox 3464 1599 3555 1653; x_wconf 88' lang='lat' dir='ltr'><strong>sed</strong></span> <span class='ocrx_word' id='word_1_603' title='bbox 3582 1610 3636 1653; x_wconf 91' lang='lat' dir='ltr'><strong>et</strong></span> <span class='ocrx_word' id='word_1_604' title='bbox 3661 1616 3857 1669; x_wconf 83' lang='lat' dir='ltr'><strong>opera-</strong></span> 
     </span>
    </p>
   </div>
   <div class='ocr_carea' id='block_1_73' title="bbox 2276 1687 3857 1757">
    <p class='ocr_par' dir='ltr' id='par_1_73' title="bbox 2276 1687 3857 1757">
     <span class='ocr_line' id='line_1_73' title="bbox 2276 1687 3857 1757; baseline 0.004 -16"><span class='ocrx_word' id='word_1_605' title='bbox 2276 1687 2497 1748; x_wconf 81' lang='lat' dir='ltr'><strong>riorum,</strong></span> <span class='ocrx_word' id='word_1_606' title='bbox 2523 1696 2575 1741; x_wconf 89' lang='lat' dir='ltr'><strong>et</strong></span> <span class='ocrx_word' id='word_1_607' title='bbox 2597 1687 2794 1741; x_wconf 90' lang='lat' dir='ltr'><strong>domini</strong></span> <span class='ocrx_word' id='word_1_608' title='bbox 2820 1687 2906 1757; x_wconf 90' lang='lat' dir='ltr'><strong>qui</strong></span> <span class='ocrx_word' id='word_1_609' title='bbox 2936 1688 3136 1757; x_wconf 67' lang='lat' dir='ltr'><strong>praebet</strong></span> <span class='ocrx_word' id='word_1_610' title='bbox 3166 1690 3462 1753; x_wconf 88' lang='lat' dir='ltr'><strong>materiam,</strong></span> <span class='ocrx_word' id='word_1_611' title='bbox 3492 1700 3546 1745; x_wconf 91' lang='lat' dir='ltr'><strong>et</strong></span> <span class='ocrx_word' id='word_1_612' title='bbox 3563 1693 3857 1747; x_wconf 87' lang='lat' dir='ltr'><strong>multorum</strong></span> 
     </span>
    </p>
   </div>
   <div class='ocr_carea' id='block_1_74' title="bbox 2277 1780 3859 1853">
    <p class='ocr_par' dir='ltr' id='par_1_74' title="bbox 2277 1780 3859 1853">
     <span class='ocr_line' id='line_1_74' title="bbox 2277 1780 3859 1853; baseline 0.004 -20"><span class='ocrx_word' id='word_1_613' title='bbox 2277 1781 2503 1835; x_wconf 84' lang='lat' dir='ltr'><strong>aliorum</strong></span> <span class='ocrx_word' id='word_1_614' title='bbox 2530 1797 2543 1846; x_wconf 90' lang='lat'><strong>;</strong></span> <span class='ocrx_word' id='word_1_615' title='bbox 2578 1780 2669 1835; x_wconf 90' lang='lat' dir='ltr'><strong>sed</strong></span> <span class='ocrx_word' id='word_1_616' title='bbox 2705 1791 2878 1835; x_wconf 88' lang='lat' dir='ltr'><strong>tamen</strong></span> <span class='ocrx_word' id='word_1_617' title='bbox 2906 1783 3156 1852; x_wconf 88' lang='lat' dir='ltr'><strong>quoniam</strong></span> <span class='ocrx_word' id='word_1_618' title='bbox 3184 1783 3273 1837; x_wconf 89' lang='lat' dir='ltr'><strong>ille</strong></span> <span class='ocrx_word' id='word_1_619' title='bbox 3292 1783 3432 1851; x_wconf 90' lang='lat' dir='ltr'><strong>quod</strong></span> <span class='ocrx_word' id='word_1_620' title='bbox 3466 1784 3580 1853; x_wconf 87' lang='lat' dir='ltr'><strong>plus</strong></span> <span class='ocrx_word' id='word_1_621' title='bbox 3611 1796 3693 1839; x_wconf 90' lang='lat' dir='ltr'><strong>est</strong></span> <span class='ocrx_word' id='word_1_622' title='bbox 3715 1796 3859 1839; x_wconf 81' lang='lat' dir='ltr'><strong>attu-</strong></span> 
     </span>
    </p>
   </div>
   <div class='ocr_carea' id='block_1_75' title="bbox 2274 1871 3860 1945">
    <p class='ocr_par' dir='ltr' id='par_1_75' title="bbox 2274 1871 3860 1945">
     <span class='ocr_line' id='line_1_75' title="bbox 2274 1871 3860 1945; baseline 0.004 -22"><span class='ocrx_word' id='word_1_623' title='bbox 2274 1871 2372 1936; x_wconf 76' lang='lat' dir='ltr'><strong>lit,</strong></span> <span class='ocrx_word' id='word_1_624' title='bbox 2408 1873 2547 1926; x_wconf 90' lang='lat' dir='ltr'><strong>illius</strong></span> <span class='ocrx_word' id='word_1_625' title='bbox 2592 1882 2761 1926; x_wconf 81' lang='lat' dir='ltr'><strong>totum</strong></span> <span class='ocrx_word' id='word_1_626' title='bbox 2802 1888 2922 1928; x_wconf 89' lang='lat' dir='ltr'><strong>esse</strong></span> <span class='ocrx_word' id='word_1_627' title='bbox 2962 1873 3208 1928; x_wconf 89' lang='lat' dir='ltr'><strong>dicimus.</strong></span> <span class='ocrx_word' id='word_1_628' title='bbox 3260 1874 3333 1928; x_wconf 90' lang='lat' dir='ltr'><strong>Ita</strong></span> <span class='ocrx_word' id='word_1_629' title='bbox 3379 1874 3465 1929; x_wconf 87' lang='lat' dir='ltr'><strong>hic</strong></span> <span class='ocrx_word' id='word_1_630' title='bbox 3510 1892 3744 1945; x_wconf 84' lang='lat' dir='ltr'><strong>quoque.</strong></span> <span class='ocrx_word' id='word_1_631' title='bbox 3795 1878 3860 1930; x_wconf 67' lang='lat' dir='ltr'><strong>lit</strong></span> 
     </span>
    </p>
   </div>
   <div class='ocr_carea' id='block_1_76' title="bbox 2272 1964 3855 2033">
    <p class='ocr_par' dir='ltr' id='par_1_76' title="bbox 2272 1964 3855 2033">
     <span class='ocr_line' id='line_1_76' title="bbox 2272 1964 3855 2033; baseline 0.004 -16"><span class='ocrx_word' id='word_1_632' title='bbox 2272 1979 2456 2018; x_wconf 86' lang='lat' dir='ltr'><strong>rursus</strong></span> <span class='ocrx_word' id='word_1_633' title='bbox 2493 1966 2546 2019; x_wconf 94' lang='lat' dir='ltr'><strong>in</strong></span> <span class='ocrx_word' id='word_1_634' title='bbox 2586 1964 2942 2031; x_wconf 86' lang='lat' dir='ltr'><strong>multitudine,</strong></span> <span class='ocrx_word' id='word_1_635' title='bbox 2989 1966 3076 2021; x_wconf 89' lang='lat' dir='ltr'><strong>ubi</strong></span> <span class='ocrx_word' id='word_1_636' title='bbox 3117 1976 3243 2021; x_wconf 85' lang='lat' dir='ltr'><strong>sunt</strong></span> <span class='ocrx_word' id='word_1_637' title='bbox 3275 1968 3468 2033; x_wconf 91' lang='lat' dir='ltr'><strong>multi,</strong></span> <span class='ocrx_word' id='word_1_638' title='bbox 3511 1984 3700 2023; x_wconf 86' lang='lat' dir='ltr'><strong>omnes</strong></span> <span class='ocrx_word' id='word_1_639' title='bbox 3731 1984 3855 2023; x_wconf 82' lang='lat' dir='ltr'><strong>esse</strong></span> 
     </span>
    </p>
   </div>
   <div class='ocr_carea' id='block_1_77' title="bbox 2272 2056 3857 2127">
    <p class='ocr_par' dir='ltr' id='par_1_77' title="bbox 2272 2056 3857 2127">
     <span class='ocr_line' id='line_1_77' title="bbox 2272 2056 3857 2127; baseline 0.003 -18"><span class='ocrx_word' id='word_1_640' title='bbox 2272 2056 2533 2122; x_wconf 81' lang='lat' dir='ltr'><strong>dicimus;</strong></span> <span class='ocrx_word' id='word_1_641' title='bbox 2560 2058 2649 2111; x_wconf 86' lang='lat' dir='ltr'><strong>ubi</strong></span> <span class='ocrx_word' id='word_1_642' title='bbox 2693 2070 2869 2112; x_wconf 89' lang='lat' dir='ltr'><strong>autem</strong></span> <span class='ocrx_word' id='word_1_643' title='bbox 2899 2060 3047 2127; x_wconf 88' lang='lat' dir='ltr'><strong>pauci</strong></span> <span class='ocrx_word' id='word_1_644' title='bbox 3077 2101 3091 2124; x_wconf 96' lang='lat'><strong>,</strong></span> <span class='ocrx_word' id='word_1_645' title='bbox 3121 2059 3411 2113; x_wconf 91' lang='lat' dir='ltr'><strong>neminem.</strong></span> <span class='ocrx_word' id='word_1_646' title='bbox 3443 2060 3531 2115; x_wconf 90' lang='lat' dir='ltr'><strong>Sic</strong></span> <span class='ocrx_word' id='word_1_647' title='bbox 3562 2062 3723 2115; x_wconf 80' lang='lat' dir='ltr'><strong>etiam</strong></span> <span class='ocrx_word' id='word_1_648' title='bbox 3770 2064 3857 2114; x_wconf 85' lang='lat' dir='ltr'><strong>hic</strong></span> 
     </span>
    </p>
   </div>
   <div class='ocr_carea' id='block_1_78' title="bbox 2270 2146 3857 2217">
    <p class='ocr_par' dir='ltr' id='par_1_78' title="bbox 2270 2146 3857 2217">
     <span class='ocr_line' id='line_1_78' title="bbox 2270 2146 3857 2217; baseline 0.003 -17"><span class='ocrx_word' id='word_1_649' title='bbox 2270 2146 2400 2200; x_wconf 87' lang='lat' dir='ltr'><strong>dicit</strong></span> <span class='ocrx_word' id='word_1_650' title='bbox 2425 2146 2617 2201; x_wconf 90' lang='lat' dir='ltr'><strong>Paulus</strong></span> <span class='ocrx_word' id='word_1_651' title='bbox 2639 2188 2653 2211; x_wconf 98' lang='lat'><strong>,</strong></span> <span class='ocrx_word' id='word_1_652' title='bbox 2686 2146 2804 2201; x_wconf 84' lang='lat' dir='ltr'><strong>Non</strong></span> <span class='ocrx_word' id='word_1_653' title='bbox 2835 2148 3046 2202; x_wconf 77' lang='lat' dir='ltr'><strong>colentis</strong></span> <span class='ocrx_word' id='word_1_654' title='bbox 3074 2165 3230 2217; x_wconf 83' lang='lat' dir='ltr'><strong>neque</strong></span> <span class='ocrx_word' id='word_1_655' title='bbox 3268 2151 3518 2204; x_wconf 84' lang='lat' dir='ltr'><strong>currentis</strong></span> <span class='ocrx_word' id='word_1_656' title='bbox 3543 2191 3558 2216; x_wconf 97' lang='lat'><strong>,</strong></span> <span class='ocrx_word' id='word_1_657' title='bbox 3589 2152 3676 2204; x_wconf 87' lang='lat' dir='ltr'><strong>sed</strong></span> <span class='ocrx_word' id='word_1_658' title='bbox 3706 2153 3857 2205; x_wconf 81' lang='lat' dir='ltr'><strong>mise—</strong></span> 
     </span>
    </p>
   </div>
   <div class='ocr_carea' id='block_1_79' title="bbox 2269 2237 3856 2310">
    <p class='ocr_par' dir='ltr' id='par_1_79' title="bbox 2269 2237 3856 2310">
     <span class='ocr_line' id='line_1_79' title="bbox 2269 2237 3856 2310; baseline 0.003 -19"><span class='ocrx_word' id='word_1_659' title='bbox 2269 2238 2424 2291; x_wconf 81' lang='lat' dir='ltr'><strong>rentis</strong></span> <span class='ocrx_word' id='word_1_660' title='bbox 2445 2247 2517 2291; x_wconf 89' lang='lat' dir='ltr'><strong>est</strong></span> <span class='ocrx_word' id='word_1_661' title='bbox 2553 2237 2661 2290; x_wconf 84' lang='lat' dir='ltr'><strong>Dei.</strong></span> <span class='ocrx_word' id='word_1_662' title='bbox 2693 2238 2786 2291; x_wconf 86' lang='lat' dir='ltr'><strong>llic</strong></span> <span class='ocrx_word' id='word_1_663' title='bbox 2807 2248 2983 2292; x_wconf 87' lang='lat' dir='ltr'><strong>autem</strong></span> <span class='ocrx_word' id='word_1_664' title='bbox 3024 2239 3129 2291; x_wconf 91' lang='lat' dir='ltr'><strong>duo</strong></span> <span class='ocrx_word' id='word_1_665' title='bbox 3161 2254 3347 2308; x_wconf 82' lang='lat' dir='ltr'><strong>magna</strong></span> <span class='ocrx_word' id='word_1_666' title='bbox 3372 2248 3427 2294; x_wconf 90' lang='lat' dir='ltr'><strong>et</strong></span> <span class='ocrx_word' id='word_1_667' title='bbox 3450 2242 3703 2310; x_wconf 65' lang='lat' dir='ltr'><strong>praeclara</strong></span> <span class='ocrx_word' id='word_1_668' title='bbox 3736 2243 3856 2296; x_wconf 81' lang='lat' dir='ltr'><strong>efli—</strong></span> 
     </span>
    </p>
   </div>
   <div class='ocr_carea' id='block_1_80' title="bbox 2269 2328 3853 2401">
    <p class='ocr_par' dir='ltr' id='par_1_80' title="bbox 2269 2328 3853 2401">
     <span class='ocr_line' id='line_1_80' title="bbox 2269 2328 3853 2401; baseline 0.004 -19"><span class='ocrx_word' id='word_1_669' title='bbox 2269 2329 2343 2382; x_wconf 89' lang='lat' dir='ltr'><strong>cit</strong></span> <span class='ocrx_word' id='word_1_670' title='bbox 2371 2346 2383 2382; x_wconf 93' lang='lat'>:</span> <span class='ocrx_word' id='word_1_671' title='bbox 2416 2345 2577 2382; x_wconf 88' lang='lat' dir='ltr'><strong>unum</strong></span> <span class='ocrx_word' id='word_1_672' title='bbox 2605 2328 2817 2398; x_wconf 83' lang='lat' dir='ltr'><strong>quidem</strong></span> <span class='ocrx_word' id='word_1_673' title='bbox 2836 2370 2850 2392; x_wconf 94' lang='lat'><strong>,</strong></span> <span class='ocrx_word' id='word_1_674' title='bbox 2883 2345 2948 2383; x_wconf 89' lang='lat' dir='ltr'><strong>ne</strong></span> <span class='ocrx_word' id='word_1_675' title='bbox 2974 2328 3259 2384; x_wconf 80' lang='lat' dir='ltr'><strong>eli‘eramur</strong></span> <span class='ocrx_word' id='word_1_676' title='bbox 3281 2330 3350 2385; x_wconf 90' lang='lat' dir='ltr'><strong>de</strong></span> <span class='ocrx_word' id='word_1_677' title='bbox 3376 2331 3530 2385; x_wconf 78' lang='lat' dir='ltr'><strong>bonis</strong></span> <span class='ocrx_word' id='word_1_678' title='bbox 3559 2335 3814 2401; x_wconf 84' lang='lat' dir='ltr'><strong>operibus</strong></span> <span class='ocrx_word' id='word_1_679' title='bbox 3838 2351 3853 2388; x_wconf 88' lang='lat'><strong>:</strong></span> 
     </span>
    </p>
   </div>
   <div class='ocr_carea' id='block_1_81' title="bbox 2268 2421 3853 2485">
    <p class='ocr_par' dir='ltr' id='par_1_81' title="bbox 2268 2421 3853 2485">
     <span class='ocr_line' id='line_1_81' title="bbox 2268 2421 3853 2485; baseline 0.003 -8"><span class='ocrx_word' id='word_1_680' title='bbox 2268 2422 2583 2485; x_wconf 86' lang='lat' dir='ltr'><strong>secundum,</strong></span> <span class='ocrx_word' id='word_1_681' title='bbox 2606 2431 2662 2475; x_wconf 87' lang='lat' dir='ltr'><strong>ut</strong></span> <span class='ocrx_word' id='word_1_682' title='bbox 2687 2431 2835 2477; x_wconf 86' lang='lat' dir='ltr'><strong>recte</strong></span> <span class='ocrx_word' id='word_1_683' title='bbox 2862 2421 3119 2477; x_wconf 84' lang='lat' dir='ltr'><strong>factorum</strong></span> <span class='ocrx_word' id='word_1_684' title='bbox 3148 2438 3361 2478; x_wconf 87' lang='lat' dir='ltr'><strong>causam</strong></span> <span class='ocrx_word' id='word_1_685' title='bbox 3392 2424 3499 2479; x_wconf 88' lang='lat' dir='ltr'><strong>Deo</strong></span> <span class='ocrx_word' id='word_1_686' title='bbox 3531 2427 3853 2481; x_wconf 83' lang='lat' dir='ltr'><strong>tribuamus.</strong></span> 
     </span>
    </p>
   </div>
   <div class='ocr_carea' id='block_1_82' title="bbox 2268 2513 3849 2587">
    <p class='ocr_par' dir='ltr' id='par_1_82' title="bbox 2268 2513 3849 2587">
     <span class='ocr_line' id='line_1_82' title="bbox 2268 2513 3849 2587; baseline 0.003 -19"><span class='ocrx_word' id='word_1_687' title='bbox 2268 2513 2489 2569; x_wconf 81' lang='lat' dir='ltr'><strong>Etiamsi</strong></span> <span class='ocrx_word' id='word_1_688' title='bbox 2553 2528 2784 2581; x_wconf 83' lang='lat' dir='ltr'><strong>curras,</strong></span> <span class='ocrx_word' id='word_1_689' title='bbox 2829 2514 3036 2569; x_wconf 86' lang='lat' dir='ltr'><strong>etiamsi</strong></span> <span class='ocrx_word' id='word_1_690' title='bbox 3087 2514 3319 2569; x_wconf 89' lang='lat' dir='ltr'><strong>studium</strong></span> <span class='ocrx_word' id='word_1_691' title='bbox 3389 2532 3597 2585; x_wconf 88' lang='lat' dir='ltr'><strong>ponas,</strong></span> <span class='ocrx_word' id='word_1_692' title='bbox 3655 2519 3849 2587; x_wconf 89' lang='lat' dir='ltr'><strong>inquit,</strong></span> 
     </span>
    </p>
   </div>
   <div class='ocr_carea' id='block_1_83' title="bbox 2267 2604 3849 2677">
    <p class='ocr_par' dir='ltr' id='par_1_83' title="bbox 2267 2604 3849 2677">
     <span class='ocr_line' id='line_1_83' title="bbox 2267 2604 3849 2677; baseline 0.003 -18"><span class='ocrx_word' id='word_1_693' title='bbox 2267 2620 2333 2659; x_wconf 89' lang='lat' dir='ltr'><strong>ne</strong></span> <span class='ocrx_word' id='word_1_694' title='bbox 2359 2615 2504 2658; x_wconf 91' lang='lat' dir='ltr'><strong>tuum</strong></span> <span class='ocrx_word' id='word_1_695' title='bbox 2538 2620 2657 2659; x_wconf 86' lang='lat' dir='ltr'><strong>esse</strong></span> <span class='ocrx_word' id='word_1_696' title='bbox 2680 2604 2954 2660; x_wconf 88' lang='lat' dir='ltr'><strong>existimes</strong></span> <span class='ocrx_word' id='word_1_697' title='bbox 2984 2606 3125 2674; x_wconf 89' lang='lat' dir='ltr'><strong>quod</strong></span> <span class='ocrx_word' id='word_1_698' title='bbox 3160 2616 3303 2662; x_wconf 90' lang='lat' dir='ltr'><strong>recte</strong></span> <span class='ocrx_word' id='word_1_699' title='bbox 3327 2617 3533 2677; x_wconf 88' lang='lat' dir='ltr'><strong>gestum</strong></span> <span class='ocrx_word' id='word_1_700' title='bbox 3560 2618 3645 2663; x_wconf 91' lang='lat' dir='ltr'><strong>est</strong></span> <span class='ocrx_word' id='word_1_701' title='bbox 3676 2625 3689 2662; x_wconf 90' lang='lat'>:</span> <span class='ocrx_word' id='word_1_702' title='bbox 3724 2626 3849 2664; x_wconf 84' lang='lat' dir='ltr'><strong>nam</strong></span> 
     </span>
    </p>
   </div>
   <div class='ocr_carea' id='block_1_84' title="bbox 2265 2696 3846 2769">
    <p class='ocr_par' dir='ltr' id='par_1_84' title="bbox 2265 2696 3846 2769">
     <span class='ocr_line' id='line_1_84' title="bbox 2265 2696 3846 2769; baseline 0.003 -19"><span class='ocrx_word' id='word_1_703' title='bbox 2265 2696 2365 2750; x_wconf 88' lang='lat' dir='ltr'><strong>nisi</strong></span> <span class='ocrx_word' id='word_1_704' title='bbox 2389 2711 2673 2769; x_wconf 81' lang='lat' dir='ltr'><strong>supernam</strong></span> <span class='ocrx_word' id='word_1_705' title='bbox 2696 2711 2853 2765; x_wconf 90' lang='lat' dir='ltr'><strong>opem</strong></span> <span class='ocrx_word' id='word_1_706' title='bbox 2876 2696 3209 2769; x_wconf 86' lang='lat' dir='ltr'><strong>adipiscaris,</strong></span> <span class='ocrx_word' id='word_1_707' title='bbox 3242 2697 3436 2753; x_wconf 78' lang='lat' dir='ltr'><strong>frustm</strong></span> <span class='ocrx_word' id='word_1_708' title='bbox 3460 2709 3614 2754; x_wconf 91' lang='lat' dir='ltr'><strong>erunt</strong></span> <span class='ocrx_word' id='word_1_709' title='bbox 3640 2701 3846 2761; x_wconf 86' lang='lat' dir='ltr'><strong>omnia.</strong></span> 
     </span>
    </p>
   </div>
   <div class='ocr_carea' id='block_1_85' title="bbox 2262 2787 3845 2865">
    <p class='ocr_par' dir='ltr' id='par_1_85' title="bbox 2262 2787 3845 2865">
     <span class='ocr_line' id='line_1_85' title="bbox 2262 2787 3845 2865; baseline 0.004 -22"><span class='ocrx_word' id='word_1_710' title='bbox 2262 2788 2367 2843; x_wconf 88' lang='lat' dir='ltr'><strong>Sed</strong></span> <span class='ocrx_word' id='word_1_711' title='bbox 2394 2796 2477 2843; x_wconf 88' lang='lat' dir='ltr'><strong>est</strong></span> <span class='ocrx_word' id='word_1_712' title='bbox 2510 2788 2846 2860; x_wconf 88' lang='lat' dir='ltr'><strong>perspicuum</strong></span> <span class='ocrx_word' id='word_1_713' title='bbox 2873 2787 2989 2845; x_wconf 76' lang='lat' dir='ltr'><strong>fore</strong></span> <span class='ocrx_word' id='word_1_714' title='bbox 3014 2799 3073 2845; x_wconf 92' lang='lat' dir='ltr'><strong>ut</strong></span> <span class='ocrx_word' id='word_1_715' title='bbox 3098 2790 3191 2845; x_wconf 92' lang='lat' dir='ltr'><strong>illo</strong></span> <span class='ocrx_word' id='word_1_716' title='bbox 3215 2791 3506 2848; x_wconf 84' lang='lat' dir='ltr'><strong>auxiliante</strong></span> <span class='ocrx_word' id='word_1_717' title='bbox 3534 2796 3845 2865; x_wconf 84' lang='lat' dir='ltr'><strong>assequaris</strong></span> 
     </span>
    </p>
   </div>
   <div class='ocr_carea' id='block_1_86' title="bbox 2258 2878 3835 2955">
    <p class='ocr_par' dir='ltr' id='par_1_86' title="bbox 2258 2878 3835 2955">
     <span class='ocr_line' id='line_1_86' title="bbox 2258 2878 3835 2955; baseline 0.011 -24"><span class='ocrx_word' id='word_1_718' title='bbox 2258 2878 2308 2933; x_wconf 88' lang='lat' dir='ltr'><strong>id</strong></span> <span class='ocrx_word' id='word_1_719' title='bbox 2346 2878 2397 2932; x_wconf 92' lang='lat' dir='ltr'><strong>in</strong></span> <span class='ocrx_word' id='word_1_720' title='bbox 2435 2896 2543 2949; x_wconf 90' lang='lat' dir='ltr'><strong>quo</strong></span> <span class='ocrx_word' id='word_1_721' title='bbox 2577 2883 2737 2951; x_wconf 90' lang='lat' dir='ltr'><strong>ponis</strong></span> <span class='ocrx_word' id='word_1_722' title='bbox 2757 2884 2999 2938; x_wconf 89' lang='lat' dir='ltr'><strong>studium</strong></span> <span class='ocrx_word' id='word_1_723' title='bbox 3020 2902 3034 2948; x_wconf 87' lang='lat'>;</span> <span class='ocrx_word' id='word_1_724' title='bbox 3059 2886 3153 2940; x_wconf 89' lang='lat' dir='ltr'><strong>sed</strong></span> <span class='ocrx_word' id='word_1_725' title='bbox 3171 2887 3217 2941; x_wconf 89' lang='lat' dir='ltr'><strong>si</strong></span> <span class='ocrx_word' id='word_1_726' title='bbox 3234 2897 3289 2942; x_wconf 90' lang='lat' dir='ltr'><strong>et</strong></span> <span class='ocrx_word' id='word_1_727' title='bbox 3308 2896 3364 2942; x_wconf 89' lang='lat' dir='ltr'><strong>tu</strong></span> <span class='ocrx_word' id='word_1_728' title='bbox 3384 2905 3596 2955; x_wconf 83' lang='lat' dir='ltr'><strong>curras,</strong></span> <span class='ocrx_word' id='word_1_729' title='bbox 3617 2895 3663 2946; x_wconf 91' lang='lat' dir='ltr'><strong>si</strong></span> <span class='ocrx_word' id='word_1_730' title='bbox 3678 2895 3835 2950; x_wconf 85' lang='lat' dir='ltr'><strong>velis.</strong></span> 
     </span>
    </p>
   </div>
   <div class='ocr_carea' id='block_1_87' title="bbox 2257 2968 3838 3055">
    <p class='ocr_par' dir='ltr' id='par_1_87' title="bbox 2257 2968 3838 3055">
     <span class='ocr_line' id='line_1_87' title="bbox 2257 2968 3838 3055; baseline 0.011 -31"><span class='ocrx_word' id='word_1_731' title='bbox 2257 2968 2375 3024; x_wconf 83' lang='lat' dir='ltr'><strong>Non</strong></span> <span class='ocrx_word' id='word_1_732' title='bbox 2407 2972 2513 3025; x_wconf 86' lang='lat' dir='ltr'><strong>hoc</strong></span> <span class='ocrx_word' id='word_1_733' title='bbox 2543 2988 2674 3043; x_wconf 89' lang='lat' dir='ltr'><strong>ergo</strong></span> <span class='ocrx_word' id='word_1_734' title='bbox 2700 2972 2854 3039; x_wconf 90' lang='lat' dir='ltr'><strong>dicit,</strong></span> <span class='ocrx_word' id='word_1_735' title='bbox 2878 2976 3024 3045; x_wconf 89' lang='lat' dir='ltr'><strong>quod</strong></span> <span class='ocrx_word' id='word_1_736' title='bbox 3040 2975 3240 3033; x_wconf 79' lang='lat' dir='ltr'><strong>frustra</strong></span> <span class='ocrx_word' id='word_1_737' title='bbox 3255 2981 3551 3047; x_wconf 92' lang='lat' dir='ltr'><strong>currimus,</strong></span> <span class='ocrx_word' id='word_1_738' title='bbox 3570 2983 3665 3037; x_wconf 85' lang='lat' dir='ltr'><strong>sed</strong></span> <span class='ocrx_word' id='word_1_739' title='bbox 3688 2985 3838 3055; x_wconf 90' lang='lat' dir='ltr'><strong>quod</strong></span> 
     </span>
    </p>
   </div>
   <div class='ocr_carea' id='block_1_88' title="bbox 2258 3060 3836 3131">
    <p class='ocr_par' dir='ltr' id='par_1_88' title="bbox 2258 3060 3836 3131">
     <span class='ocr_line' id='line_1_88' title="bbox 2258 3060 3836 3131; baseline 0.01 -16"><span class='ocrx_word' id='word_1_740' title='bbox 2258 3060 2460 3117; x_wconf 86' lang='lat' dir='ltr'><strong>frustra</strong></span> <span class='ocrx_word' id='word_1_741' title='bbox 2492 3064 2788 3129; x_wconf 84' lang='lat' dir='ltr'><strong>currimus,</strong></span> <span class='ocrx_word' id='word_1_742' title='bbox 2818 3060 2864 3121; x_wconf 86' lang='lat' dir='ltr'><strong>si</strong></span> <span class='ocrx_word' id='word_1_743' title='bbox 2900 3076 3073 3122; x_wconf 92' lang='lat' dir='ltr'><strong>totum</strong></span> <span class='ocrx_word' id='word_1_744' title='bbox 3104 3085 3224 3125; x_wconf 89' lang='lat' dir='ltr'><strong>esse</strong></span> <span class='ocrx_word' id='word_1_745' title='bbox 3258 3080 3510 3126; x_wconf 89' lang='lat' dir='ltr'><strong>nostrum</strong></span> <span class='ocrx_word' id='word_1_746' title='bbox 3549 3076 3836 3131; x_wconf 89' lang='lat' dir='ltr'><strong>existima-</strong></span> 
     </span>
    </p>
   </div>
   <div class='ocr_carea' id='block_1_89' title="bbox 2259 3154 3834 3225">
    <p class='ocr_par' dir='ltr' id='par_1_89' title="bbox 2259 3154 3834 3225">
     <span class='ocr_line' id='line_1_89' title="bbox 2259 3154 3834 3225; baseline 0.014 -24"><span class='ocrx_word' id='word_1_747' title='bbox 2259 3166 2399 3211; x_wconf 90' lang='lat' dir='ltr'><strong>mus.</strong></span> <span class='ocrx_word' id='word_1_748' title='bbox 2430 3154 2475 3207; x_wconf 86' lang='lat' dir='ltr'><strong>si</strong></span> <span class='ocrx_word' id='word_1_749' title='bbox 2509 3169 2619 3208; x_wconf 91' lang='lat' dir='ltr'><strong>non</strong></span> <span class='ocrx_word' id='word_1_750' title='bbox 2661 3154 2784 3225; x_wconf 90' lang='lat' dir='ltr'><strong>plus</strong></span> <span class='ocrx_word' id='word_1_751' title='bbox 2813 3157 2923 3212; x_wconf 89' lang='lat' dir='ltr'><strong>Deo</strong></span> <span class='ocrx_word' id='word_1_752' title='bbox 2959 3158 3285 3216; x_wconf 84' lang='lat' dir='ltr'><strong>tribuamus.</strong></span> <span class='ocrx_word' id='word_1_753' title='bbox 3332 3163 3452 3217; x_wconf 81' lang='lat' dir='ltr'><strong>Non</strong></span> <span class='ocrx_word' id='word_1_754' title='bbox 3488 3166 3638 3220; x_wconf 91' lang='lat' dir='ltr'><strong>enim</strong></span> <span class='ocrx_word' id='word_1_755' title='bbox 3671 3182 3834 3222; x_wconf 88' lang='lat' dir='ltr'><strong>suum</strong></span> 
     </span>
    </p>
   </div>
   <div class='ocr_carea' id='block_1_90' title="bbox 2251 3244 3833 3312">
    <p class='ocr_par' dir='ltr' id='par_1_90' title="bbox 2251 3244 3833 3312">
     <span class='ocr_line' id='line_1_90' title="bbox 2251 3244 3833 3312; baseline 0.013 -20"><span class='ocrx_word' id='word_1_756' title='bbox 2251 3254 2371 3294; x_wconf 87' lang='lat' dir='ltr'><strong>esse</strong></span> <span class='ocrx_word' id='word_1_757' title='bbox 2411 3250 2583 3297; x_wconf 89' lang='lat' dir='ltr'><strong>totum</strong></span> <span class='ocrx_word' id='word_1_758' title='bbox 2616 3244 2793 3298; x_wconf 90' lang='lat' dir='ltr'><strong>voluit</strong></span> <span class='ocrx_word' id='word_1_759' title='bbox 2822 3246 2985 3312; x_wconf 82' lang='lat' dir='ltr'><strong>Deus,</strong></span> <span class='ocrx_word' id='word_1_760' title='bbox 3012 3264 3081 3303; x_wconf 88' lang='lat' dir='ltr'><strong>ne</strong></span> <span class='ocrx_word' id='word_1_761' title='bbox 3102 3250 3384 3306; x_wconf 89' lang='lat' dir='ltr'><strong>videretur</strong></span> <span class='ocrx_word' id='word_1_762' title='bbox 3398 3268 3500 3308; x_wconf 87' lang='lat' dir='ltr'><strong>nos</strong></span> <span class='ocrx_word' id='word_1_763' title='bbox 3514 3263 3720 3311; x_wconf 88' lang='lat' dir='ltr'><strong>temere</strong></span> <span class='ocrx_word' id='word_1_764' title='bbox 3734 3273 3833 3312; x_wconf 88' lang='lat' dir='ltr'><strong>co-</strong></span> 
     </span>
    </p>
   </div>
   <div class='ocr_carea' id='block_1_91' title="bbox 2254 3344 3829 3407">
    <p class='ocr_par' dir='ltr' id='par_1_91' title="bbox 2254 3344 3829 3407">
     <span class='ocr_line' id='line_1_91' title="bbox 2254 3344 3829 3407; baseline 0.013 -24"><span class='ocrx_word' id='word_1_765' title='bbox 2254 3345 2479 3399; x_wconf 87' lang='lat' dir='ltr'><strong>ronare;</strong></span> <span class='ocrx_word' id='word_1_766' title='bbox 2508 3349 2687 3404; x_wconf 88' lang='lat' dir='ltr'><strong>neque</strong></span> <span class='ocrx_word' id='word_1_767' title='bbox 2717 3351 2907 3392; x_wconf 81' lang='lat' dir='ltr'><strong>rursus</strong></span> <span class='ocrx_word' id='word_1_768' title='bbox 2934 3347 3203 3407; x_wconf 90' lang='lat' dir='ltr'><strong>nostrum,</strong></span> <span class='ocrx_word' id='word_1_769' title='bbox 3230 3359 3299 3398; x_wconf 91' lang='lat' dir='ltr'><strong>ne</strong></span> <span class='ocrx_word' id='word_1_770' title='bbox 3325 3344 3635 3402; x_wconf 88' lang='lat' dir='ltr'><strong>incidamus</strong></span> <span class='ocrx_word' id='word_1_771' title='bbox 3662 3347 3717 3402; x_wconf 89' lang='lat' dir='ltr'><strong>in</strong></span> <span class='ocrx_word' id='word_1_772' title='bbox 3738 3363 3829 3403; x_wconf 88' lang='lat' dir='ltr'><strong>ar-</strong></span> 
     </span>
    </p>
   </div>
   <div class='ocr_carea' id='block_1_92' title="bbox 2252 3423 3829 3507">
    <p class='ocr_par' dir='ltr' id='par_1_92' title="bbox 2252 3423 3829 3507">
     <span class='ocr_line' id='line_1_92' title="bbox 2252 3423 3829 3507; baseline 0.013 -35"><span class='ocrx_word' id='word_1_773' title='bbox 2252 3423 2576 3489; x_wconf 80' lang='lat' dir='ltr'><strong>rogantiam.</strong></span> <span class='ocrx_word' id='word_1_774' title='bbox 2603 3424 2737 3480; x_wconf 87' lang='lat' dir='ltr'><strong>Nam</strong></span> <span class='ocrx_word' id='word_1_775' title='bbox 2760 3426 2804 3480; x_wconf 88' lang='lat' dir='ltr'><strong>si</strong></span> <span class='ocrx_word' id='word_1_776' title='bbox 2827 3443 2950 3481; x_wconf 90' lang='lat' dir='ltr'><strong>cum</strong></span> <span class='ocrx_word' id='word_1_777' title='bbox 2974 3430 3242 3486; x_wconf 88' lang='lat' dir='ltr'><strong>minorem</strong></span> <span class='ocrx_word' id='word_1_778' title='bbox 3265 3433 3567 3491; x_wconf 88' lang='lat' dir='ltr'><strong>habeamus</strong></span> <span class='ocrx_word' id='word_1_779' title='bbox 3593 3447 3829 3507; x_wconf 89' lang='lat' dir='ltr'><strong>partem,</strong></span> 
     </span>
    </p>
   </div>
   <div class='ocr_carea' id='block_1_93' title="bbox 2251 3509 3828 3599">
    <p class='ocr_par' dir='ltr' id='par_1_93' title="bbox 2251 3509 3828 3599">
     <span class='ocr_line' id='line_1_93' title="bbox 2251 3509 3828 3599; baseline 0.014 -38"><span class='ocrx_word' id='word_1_780' title='bbox 2251 3509 2552 3576; x_wconf 82' lang='lat' dir='ltr'><strong>eﬂ‘erimur,</strong></span> <span class='ocrx_word' id='word_1_781' title='bbox 2602 3522 2657 3567; x_wconf 90' lang='lat' dir='ltr'><strong>et</strong></span> <span class='ocrx_word' id='word_1_782' title='bbox 2716 3517 2974 3584; x_wconf 67' lang='lat' dir='ltr'><strong>praeclare</strong></span> <span class='ocrx_word' id='word_1_783' title='bbox 3024 3520 3092 3574; x_wconf 89' lang='lat' dir='ltr'><strong>de</strong></span> <span class='ocrx_word' id='word_1_784' title='bbox 3140 3522 3301 3577; x_wconf 89' lang='lat' dir='ltr'><strong>nobis</strong></span> <span class='ocrx_word' id='word_1_785' title='bbox 3352 3525 3657 3580; x_wconf 87' lang='lat' dir='ltr'><strong>sentimus:</strong></span> <span class='ocrx_word' id='word_1_786' title='bbox 3693 3528 3828 3599; x_wconf 86' lang='lat' dir='ltr'><strong>quid</strong></span> 
     </span>
    </p>
   </div>
   <div class='ocr_carea' id='block_1_94' title="bbox 2250 3599 3825 3686">
    <p class='ocr_par' dir='ltr' id='par_1_94' title="bbox 2250 3599 3825 3686">
     <span class='ocr_line' id='line_1_94' title="bbox 2250 3599 3825 3686; baseline 0.015 -33"><span class='ocrx_word' id='word_1_787' title='bbox 2250 3599 2574 3667; x_wconf 84' lang='lat' dir='ltr'><strong>faceremus,</strong></span> <span class='ocrx_word' id='word_1_788' title='bbox 2606 3605 2651 3659; x_wconf 89' lang='lat' dir='ltr'><strong>si</strong></span> <span class='ocrx_word' id='word_1_789' title='bbox 2676 3614 2849 3662; x_wconf 88' lang='lat' dir='ltr'><strong>totum</strong></span> <span class='ocrx_word' id='word_1_790' title='bbox 2869 3621 3016 3666; x_wconf 89' lang='lat' dir='ltr'><strong>esset</strong></span> <span class='ocrx_word' id='word_1_791' title='bbox 3042 3612 3095 3667; x_wconf 91' lang='lat' dir='ltr'><strong>in</strong></span> <span class='ocrx_word' id='word_1_792' title='bbox 3118 3624 3302 3669; x_wconf 88' lang='lat' dir='ltr'><strong>nostra</strong></span> <span class='ocrx_word' id='word_1_793' title='bbox 3327 3619 3638 3686; x_wconf 87' lang='lat' dir='ltr'><strong>potestate?</strong></span> <span class='ocrx_word' id='word_1_794' title='bbox 3657 3620 3825 3676; x_wconf 70' lang='lat' dir='ltr'><strong>Multa</strong></span> 
     </span>
    </p>
   </div>
   <div class='ocr_carea' id='block_1_95' title="bbox 2249 3691 3825 3781">
    <p class='ocr_par' dir='ltr' id='par_1_95' title="bbox 2249 3691 3825 3781">
     <span class='ocr_line' id='line_1_95' title="bbox 2249 3691 3825 3781; baseline 0.015 -38"><span class='ocrx_word' id='word_1_795' title='bbox 2249 3691 2398 3781; x_wconf 84' lang='lat' dir='ltr'><strong>enim</strong></span> <span class='ocrx_word' id='word_1_796' title='bbox 2454 3692 2585 3748; x_wconf 89' lang='lat' dir='ltr'><strong>fecit</strong></span> <span class='ocrx_word' id='word_1_797' title='bbox 2643 3696 2788 3753; x_wconf 87' lang='lat' dir='ltr'><strong>Deus</strong></span> <span class='ocrx_word' id='word_1_798' title='bbox 2825 3709 2885 3755; x_wconf 90' lang='lat' dir='ltr'><strong>ut</strong></span> <span class='ocrx_word' id='word_1_799' title='bbox 2926 3713 3168 3758; x_wconf 86' lang='lat' dir='ltr'><strong>nostram</strong></span> <span class='ocrx_word' id='word_1_800' title='bbox 3208 3716 3517 3777; x_wconf 87' lang='lat' dir='ltr'><strong>amputaret</strong></span> <span class='ocrx_word' id='word_1_801' title='bbox 3566 3725 3825 3781; x_wconf 78' lang='lat' dir='ltr'><strong>arrogan—</strong></span> 
     </span>
    </p>
   </div>
   <div class='ocr_carea' id='block_1_96' title="bbox 2255 3779 3821 3871">
    <p class='ocr_par' dir='ltr' id='par_1_96' title="bbox 2255 3779 3821 3871">
     <span class='ocr_line' id='line_1_96' title="bbox 2255 3779 3821 3871; baseline 0.016 -38"><span class='ocrx_word' id='word_1_802' title='bbox 2255 3779 2404 3835; x_wconf 88' lang='lat' dir='ltr'><strong>tiam.</strong></span> <span class='ocrx_word' id='word_1_803' title='bbox 2441 3782 2510 3838; x_wconf 84' lang='lat' dir='ltr'><strong>Et</strong></span> <span class='ocrx_word' id='word_1_804' title='bbox 2543 3797 2797 3856; x_wconf 63' lang='lat' dir='ltr'><strong>prseterea</strong></span> <span class='ocrx_word' id='word_1_805' title='bbox 2830 3791 3034 3846; x_wconf 70' lang='lat' dir='ltr'><strong>excelsa</strong></span> <span class='ocrx_word' id='word_1_806' title='bbox 3069 3811 3256 3850; x_wconf 81' lang='lat' dir='ltr'><strong>manus</strong></span> <span class='ocrx_word' id='word_1_807' title='bbox 3289 3798 3403 3867; x_wconf 84' lang='lat' dir='ltr'><strong>ejus</strong></span> <span class='ocrx_word' id='word_1_808' title='bbox 3445 3798 3596 3870; x_wconf 89' lang='lat' dir='ltr'><strong>(Isai.</strong></span> <span class='ocrx_word' id='word_1_809' title='bbox 3634 3779 3821 3871; x_wconf 41' lang='lat'><strong>5.55),</strong></span> 
     </span>
    </p>
   </div>
   <div class='ocr_carea' id='block_1_97' title="bbox 2250 3874 3823 3957">
    <p class='ocr_par' dir='ltr' id='par_1_97' title="bbox 2250 3874 3823 3957">
     <span class='ocr_line' id='line_1_97' title="bbox 2250 3874 3823 3957; baseline 0.013 -28"><span class='ocrx_word' id='word_1_810' title='bbox 2250 3874 2452 3944; x_wconf 74' lang='lat' dir='ltr'><strong>inquit.</strong></span> <span class='ocrx_word' id='word_1_811' title='bbox 2476 3875 2620 3944; x_wconf 85' lang='lat' dir='ltr'><strong>Quot</strong></span> <span class='ocrx_word' id='word_1_812' title='bbox 2641 3895 2744 3936; x_wconf 89' lang='lat' dir='ltr'><strong>nos</strong></span> <span class='ocrx_word' id='word_1_813' title='bbox 2767 3882 3134 3941; x_wconf 88' lang='lat' dir='ltr'><strong>circumdedit</strong></span> <span class='ocrx_word' id='word_1_814' title='bbox 3158 3889 3529 3957; x_wconf 85' lang='lat' dir='ltr'><strong>passionibus,</strong></span> <span class='ocrx_word' id='word_1_815' title='bbox 3559 3902 3619 3948; x_wconf 91' lang='lat' dir='ltr'><strong>ut</strong></span> <span class='ocrx_word' id='word_1_816' title='bbox 3645 3896 3823 3950; x_wconf 77' lang='lat' dir='ltr'><strong>ela‘tos</strong></span> 
     </span>
    </p>
   </div>
   <div class='ocr_carea' id='block_1_98' title="bbox 2247 3965 3831 4042">
    <p class='ocr_par' dir='ltr' id='par_1_98' title="bbox 2247 3965 3831 4042">
     <span class='ocr_line' id='line_1_98' title="bbox 2247 3965 3831 4042; baseline 0.005 -24"><span class='ocrx_word' id='word_1_817' title='bbox 2247 3974 2453 4019; x_wconf 86' lang='lat' dir='ltr'><strong>resecet</strong></span> <span class='ocrx_word' id='word_1_818' title='bbox 2481 3965 2745 4035; x_wconf 85' lang='lat' dir='ltr'><strong>spiritus?</strong></span> <span class='ocrx_word' id='word_1_819' title='bbox 2772 3982 2930 4038; x_wconf 87' lang='lat' dir='ltr'><strong>quam</strong></span> <span class='ocrx_word' id='word_1_820' title='bbox 2957 3968 3142 4023; x_wconf 89' lang='lat' dir='ltr'><strong>multis</strong></span> <span class='ocrx_word' id='word_1_821' title='bbox 3163 3970 3329 4026; x_wconf 85' lang='lat' dir='ltr'><strong>cinxit</strong></span> <span class='ocrx_word' id='word_1_822' title='bbox 3348 3972 3576 4028; x_wconf 86' lang='lat' dir='ltr'><strong>bestiis?</strong></span> <span class='ocrx_word' id='word_1_823' title='bbox 3604 3973 3831 4042; x_wconf 84' lang='lat' dir='ltr'><strong>Quando</strong></span> 
     </span>
    </p>
   </div>
   <div class='ocr_carea' id='block_1_99' title="bbox 2246 4054 3837 4132">
    <p class='ocr_par' dir='ltr' id='par_1_99' title="bbox 2246 4054 3837 4132">
     <span class='ocr_line' id='line_1_99' title="bbox 2246 4054 3837 4132; baseline 0.009 -24"><span class='ocrx_word' id='word_1_824' title='bbox 2246 4054 2388 4110; x_wconf 88' lang='lat' dir='ltr'><strong>enim</strong></span> <span class='ocrx_word' id='word_1_825' title='bbox 2437 4055 2619 4111; x_wconf 91' lang='lat' dir='ltr'><strong>dicunt</strong></span> <span class='ocrx_word' id='word_1_826' title='bbox 2660 4058 2845 4129; x_wconf 84' lang='lat' dir='ltr'><strong>aliqui,</strong></span> <span class='ocrx_word' id='word_1_827' title='bbox 2885 4058 3025 4127; x_wconf 87' lang='lat' dir='ltr'><strong>Quid</strong></span> <span class='ocrx_word' id='word_1_828' title='bbox 3066 4058 3212 4116; x_wconf 84' lang='lat' dir='ltr'><strong>hoc?</strong></span> <span class='ocrx_word' id='word_1_829' title='bbox 3238 4077 3495 4132; x_wconf 89' lang='lat' dir='ltr'><strong>quorsum</strong></span> <span class='ocrx_word' id='word_1_830' title='bbox 3542 4064 3684 4120; x_wconf 84' lang='lat' dir='ltr'><strong>hoc?</strong></span> <span class='ocrx_word' id='word_1_831' title='bbox 3714 4064 3837 4123; x_wconf 71' lang='lat' dir='ltr'><strong>hinc</strong></span> 
     </span>
    </p>
   </div>
   <div class='ocr_carea' id='block_1_100' title="bbox 2243 4146 3825 4225">
    <p class='ocr_par' dir='ltr' id='par_1_100' title="bbox 2243 4146 3825 4225">
     <span class='ocr_line' id='line_1_100' title="bbox 2243 4146 3825 4225; baseline 0.006 -22"><span class='ocrx_word' id='word_1_832' title='bbox 2243 4146 2427 4203; x_wconf 84' lang='lat' dir='ltr'><strong>dicunt</strong></span> <span class='ocrx_word' id='word_1_833' title='bbox 2455 4158 2645 4217; x_wconf 73' lang='lat' dir='ltr'><strong>prmter</strong></span> <span class='ocrx_word' id='word_1_834' title='bbox 2676 4150 2768 4205; x_wconf 76' lang='lat' dir='ltr'><strong>Dei</strong></span> <span class='ocrx_word' id='word_1_835' title='bbox 2794 4151 3069 4222; x_wconf 89' lang='lat' dir='ltr'><strong>placitum.</strong></span> <span class='ocrx_word' id='word_1_836' title='bbox 3099 4152 3155 4207; x_wconf 83' lang='lat' dir='ltr'><strong>In</strong></span> <span class='ocrx_word' id='word_1_837' title='bbox 3188 4164 3336 4209; x_wconf 89' lang='lat' dir='ltr'><strong>tanto</strong></span> <span class='ocrx_word' id='word_1_838' title='bbox 3365 4166 3416 4210; x_wconf 92' lang='lat' dir='ltr'><strong>te</strong></span> <span class='ocrx_word' id='word_1_839' title='bbox 3446 4160 3633 4212; x_wconf 85' lang='lat' dir='ltr'><strong>statuit</strong></span> <span class='ocrx_word' id='word_1_840' title='bbox 3653 4168 3825 4225; x_wconf 87' lang='lat' dir='ltr'><strong>metu,</strong></span> 
     </span>
    </p>
   </div>
   <div class='ocr_carea' id='block_1_101' title="bbox 2242 4238 3829 4313">
    <p class='ocr_par' dir='ltr' id='par_1_101' title="bbox 2242 4238 3829 4313">
     <span class='ocr_line' id='line_1_101' title="bbox 2242 4238 3829 4313; baseline 0.009 -22"><span class='ocrx_word' id='word_1_841' title='bbox 2242 4249 2295 4292; x_wconf 91' lang='lat' dir='ltr'><strong>et</strong></span> <span class='ocrx_word' id='word_1_842' title='bbox 2339 4255 2405 4293; x_wconf 91' lang='lat' dir='ltr'><strong>ne</strong></span> <span class='ocrx_word' id='word_1_843' title='bbox 2455 4254 2532 4294; x_wconf 88' lang='lat' dir='ltr'><strong>ste</strong></span> <span class='ocrx_word' id='word_1_844' title='bbox 2582 4238 2798 4311; x_wconf 86' lang='lat' dir='ltr'><strong>quidem</strong></span> <span class='ocrx_word' id='word_1_845' title='bbox 2856 4242 2924 4298; x_wconf 92' lang='lat' dir='ltr'><strong>de</strong></span> <span class='ocrx_word' id='word_1_846' title='bbox 2978 4253 3031 4299; x_wconf 88' lang='lat' dir='ltr'><strong>te</strong></span> <span class='ocrx_word' id='word_1_847' title='bbox 3076 4244 3349 4301; x_wconf 87' lang='lat' dir='ltr'><strong>humiliter</strong></span> <span class='ocrx_word' id='word_1_848' title='bbox 3403 4248 3589 4313; x_wconf 88' lang='lat' dir='ltr'><strong>sentis,</strong></span> <span class='ocrx_word' id='word_1_849' title='bbox 3632 4249 3727 4305; x_wconf 83' lang='lat' dir='ltr'><strong>sed</strong></span> <span class='ocrx_word' id='word_1_850' title='bbox 3778 4252 3829 4306; x_wconf 87' lang='lat' dir='ltr'><strong>si</strong></span> 
     </span>
    </p>
   </div>
   <div class='ocr_carea' id='block_1_102' title="bbox 2241 4329 3826 4406">
    <p class='ocr_par' dir='ltr' id='par_1_102' title="bbox 2241 4329 3826 4406">
     <span class='ocr_line' id='line_1_102' title="bbox 2241 4329 3826 4406; baseline 0.008 -25"><span class='ocrx_word' id='word_1_851' title='bbox 2241 4329 2455 4399; x_wconf 86' lang='lat' dir='ltr'><strong>quando</strong></span> <span class='ocrx_word' id='word_1_852' title='bbox 2500 4330 2582 4385; x_wconf 89' lang='lat' dir='ltr'><strong>vel</strong></span> <span class='ocrx_word' id='word_1_853' title='bbox 2631 4347 2825 4402; x_wconf 88' lang='lat' dir='ltr'><strong>parvus</strong></span> <span class='ocrx_word' id='word_1_854' title='bbox 2869 4334 2964 4390; x_wconf 91' lang='lat' dir='ltr'><strong>tibi</strong></span> <span class='ocrx_word' id='word_1_855' title='bbox 3008 4334 3211 4392; x_wconf 85' lang='lat' dir='ltr'><strong>faustus</strong></span> <span class='ocrx_word' id='word_1_856' title='bbox 3250 4340 3491 4393; x_wconf 80' lang='lat' dir='ltr'><strong>evenerit</strong></span> <span class='ocrx_word' id='word_1_857' title='bbox 3518 4354 3826 4406; x_wconf 83' lang='lat' dir='ltr'><strong>successus,</strong></span> 
     </span>
    </p>
   </div>
   <div class='ocr_carea' id='block_1_103' title="bbox 2241 4420 3459 4497">
    <p class='ocr_par' dir='ltr' id='par_1_103' title="bbox 2241 4420 3459 4497">
     <span class='ocr_line' id='line_1_103' title="bbox 2241 4420 3459 4497; baseline 0.009 -24"><span class='ocrx_word' id='word_1_858' title='bbox 2241 4420 2306 4477; x_wconf 84' lang='lat' dir='ltr'><strong>ad</strong></span> <span class='ocrx_word' id='word_1_859' title='bbox 2334 4422 2504 4489; x_wconf 87' lang='lat' dir='ltr'><strong>ipsum</strong></span> <span class='ocrx_word' id='word_1_860' title='bbox 2537 4438 2700 4493; x_wconf 88' lang='lat' dir='ltr'><strong>usque</strong></span> <span class='ocrx_word' id='word_1_861' title='bbox 2728 4425 2915 4481; x_wconf 77' lang='lat' dir='ltr'><strong>cadum</strong></span> <span class='ocrx_word' id='word_1_862' title='bbox 2947 4428 3134 4497; x_wconf 90' lang='lat' dir='ltr'><strong>spiritu</strong></span> <span class='ocrx_word' id='word_1_863' title='bbox 3166 4432 3459 4486; x_wconf 88' lang='lat' dir='ltr'><strong>extolleris.</strong></span> 
     </span>
    </p>
   </div>
   <div class='ocr_carea' id='block_1_104' title="bbox 2308 4511 3827 4585">
    <p class='ocr_par' dir='ltr' id='par_1_104' title="bbox 2308 4511 3827 4585">
     <span class='ocr_line' id='line_1_104' title="bbox 2308 4511 3827 4585; baseline 0.008 -19"><span class='ocrx_word' id='word_1_864' title='bbox 2308 4511 2363 4566; x_wconf 76' lang='grc'><strong>4.</strong></span> <span class='ocrx_word' id='word_1_865' title='bbox 2392 4512 2677 4583; x_wconf 85' lang='lat' dir='ltr'><strong>Propterea</strong></span> <span class='ocrx_word' id='word_1_866' title='bbox 2702 4515 2997 4573; x_wconf 69' lang='lat' dir='ltr'><strong>celerrima:</strong></span> <span class='ocrx_word' id='word_1_867' title='bbox 3038 4517 3171 4573; x_wconf 81' lang='lat' dir='ltr'><strong>dunt</strong></span> <span class='ocrx_word' id='word_1_868' title='bbox 3204 4520 3603 4578; x_wconf 85' lang='lat' dir='ltr'><strong>mutationes-et</strong></span> <span class='ocrx_word' id='word_1_869' title='bbox 3628 4536 3827 4585; x_wconf 80' lang='lat' dir='ltr'><strong>casus;</strong></span> 
     </span>
    </p>
   </div>
   <div class='ocr_carea' id='block_1_105' title="bbox 2241 4608 3827 4686">
    <p class='ocr_par' dir='ltr' id='par_1_105' title="bbox 2241 4608 3827 4686">
     <span class='ocr_line' id='line_1_105' title="bbox 2241 4608 3827 4686; baseline 0.007 -24"><span class='ocrx_word' id='word_1_870' title='bbox 2241 4616 2295 4662; x_wconf 89' lang='lat' dir='ltr'><strong>et</strong></span> <span class='ocrx_word' id='word_1_871' title='bbox 2322 4624 2388 4663; x_wconf 89' lang='lat' dir='ltr'><strong>ne</strong></span> <span class='ocrx_word' id='word_1_872' title='bbox 2416 4609 2493 4664; x_wconf 86' lang='lat' dir='ltr'><strong>sic</strong></span> <span class='ocrx_word' id='word_1_873' title='bbox 2522 4608 2735 4679; x_wconf 86' lang='lat' dir='ltr'><strong>quidem</strong></span> <span class='ocrx_word' id='word_1_874' title='bbox 2761 4612 3116 4683; x_wconf 82' lang='lat' dir='ltr'><strong>castigamur:</strong></span> <span class='ocrx_word' id='word_1_875' title='bbox 3147 4613 3267 4669; x_wconf 89' lang='lat' dir='ltr'><strong>ideo</strong></span> <span class='ocrx_word' id='word_1_876' title='bbox 3296 4616 3600 4686; x_wconf 86' lang='lat' dir='ltr'><strong>frequentes</strong></span> <span class='ocrx_word' id='word_1_877' title='bbox 3621 4626 3827 4675; x_wconf 70' lang='lat' dir='ltr'><strong>mortva</strong></span> 
     </span>
    </p>
   </div>
   <div class='ocr_carea' id='block_1_106' title="bbox 2239 4698 3825 4777">
    <p class='ocr_par' dir='ltr' id='par_1_106' title="bbox 2239 4698 3825 4777">
     <span class='ocr_line' id='line_1_106' title="bbox 2239 4698 3825 4777; baseline 0.009 -26"><span class='ocrx_word' id='word_1_878' title='bbox 2239 4698 2618 4755; x_wconf 69' lang='lat' dir='ltr'><strong>etimmaturas</strong></span> <span class='ocrx_word' id='word_1_879' title='bbox 2647 4718 2662 4767; x_wconf 89' lang='lat'><strong>;</strong></span> <span class='ocrx_word' id='word_1_880' title='bbox 2696 4716 2796 4757; x_wconf 90' lang='lat' dir='ltr'><strong>nos</strong></span> <span class='ocrx_word' id='word_1_881' title='bbox 2836 4712 3015 4759; x_wconf 90' lang='lat' dir='ltr'><strong>autem</strong></span> <span class='ocrx_word' id='word_1_882' title='bbox 3050 4713 3319 4777; x_wconf 75' lang='lat' dir='ltr'><strong>tamquam</strong></span> <span class='ocrx_word' id='word_1_883' title='bbox 3362 4706 3691 4764; x_wconf 85' lang='lat' dir='ltr'><strong>immortales</strong></span> <span class='ocrx_word' id='word_1_884' title='bbox 3722 4723 3825 4765; x_wconf 82' lang='lat' dir='ltr'><strong>stt-</strong></span> 
     </span>
    </p>
   </div>
   <div class='ocr_carea' id='block_1_107' title="bbox 2242 4791 3822 4868">
    <p class='ocr_par' dir='ltr' id='par_1_107' title="bbox 2242 4791 3822 4868">
     <span class='ocr_line' id='line_1_107' title="bbox 2242 4791 3822 4868; baseline 0.008 -25"><span class='ocrx_word' id='word_1_885' title='bbox 2242 4792 2401 4859; x_wconf 89' lang='lat' dir='ltr'><strong>perbe</strong></span> <span class='ocrx_word' id='word_1_886' title='bbox 2427 4791 2495 4847; x_wconf 90' lang='lat' dir='ltr'><strong>de</strong></span> <span class='ocrx_word' id='word_1_887' title='bbox 2518 4793 2671 4848; x_wconf 89' lang='lat' dir='ltr'><strong>nobis</strong></span> <span class='ocrx_word' id='word_1_888' title='bbox 2697 4796 2955 4850; x_wconf 87' lang='lat' dir='ltr'><strong>sentimus</strong></span> <span class='ocrx_word' id='word_1_889' title='bbox 2979 4836 2995 4861; x_wconf 93' lang='lat'><strong>,</strong></span> <span class='ocrx_word' id='word_1_890' title='bbox 3027 4796 3178 4866; x_wconf 87' lang='lat' dir='ltr'><strong>quasi</strong></span> <span class='ocrx_word' id='word_1_891' title='bbox 3211 4813 3497 4868; x_wconf 88' lang='lat' dir='ltr'><strong>numquam</strong></span> <span class='ocrx_word' id='word_1_892' title='bbox 3520 4799 3762 4856; x_wconf 87' lang='lat' dir='ltr'><strong>morituri</strong></span> <span class='ocrx_word' id='word_1_893' title='bbox 3804 4819 3822 4856; x_wconf 91' lang='lat'><strong>:</strong></span> 
     </span>
    </p>
   </div>
   <div class='ocr_carea' id='block_1_108' title="bbox 2240 4881 3825 4961">
    <p class='ocr_par' dir='ltr' id='par_1_108' title="bbox 2240 4881 3825 4961">
     <span class='ocr_line' id='line_1_108' title="bbox 2240 4881 3825 4961; baseline 0.008 -26"><span class='ocrx_word' id='word_1_894' title='bbox 2240 4881 2309 4935; x_wconf 87' lang='lat' dir='ltr'><strong>ita</strong></span> <span class='ocrx_word' id='word_1_895' title='bbox 2341 4881 2607 4953; x_wconf 84' lang='lat' dir='ltr'><strong>rapimus,</strong></span> <span class='ocrx_word' id='word_1_896' title='bbox 2637 4884 2707 4939; x_wconf 91' lang='lat' dir='ltr'><strong>ita</strong></span> <span class='ocrx_word' id='word_1_897' title='bbox 2756 4885 2806 4939; x_wconf 89' lang='lat' dir='ltr'><strong>in</strong></span> <span class='ocrx_word' id='word_1_898' title='bbox 2837 4885 3063 4941; x_wconf 89' lang='lat' dir='ltr'><strong>aliorum</strong></span> <span class='ocrx_word' id='word_1_899' title='bbox 3095 4886 3231 4942; x_wconf 88' lang='lat' dir='ltr'><strong>bona</strong></span> <span class='ocrx_word' id='word_1_900' title='bbox 3274 4888 3613 4958; x_wconf 85' lang='lat' dir='ltr'><strong>invadimus,</strong></span> <span class='ocrx_word' id='word_1_901' title='bbox 3659 4893 3825 4961; x_wconf 80' lang='lat' dir='ltr'><strong>quasi</strong></span> 
     </span>
    </p>
   </div>
   <div class='ocr_carea' id='block_1_109' title="bbox 2241 4976 3824 5045">
    <p class='ocr_par' dir='ltr' id='par_1_109' title="bbox 2241 4976 3824 5045">
     <span class='ocr_line' id='line_1_109' title="bbox 2241 4976 3824 5045; baseline 0.007 -19"><span class='ocrx_word' id='word_1_902' title='bbox 2241 4987 2530 5045; x_wconf 87' lang='lat' dir='ltr'><strong>numquam</strong></span> <span class='ocrx_word' id='word_1_903' title='bbox 2560 4976 2816 5032; x_wconf 90' lang='lat' dir='ltr'><strong>reddituri</strong></span> <span class='ocrx_word' id='word_1_904' title='bbox 2842 4977 3102 5033; x_wconf 85' lang='lat' dir='ltr'><strong>rationem</strong></span> <span class='ocrx_word' id='word_1_905' title='bbox 3148 4996 3163 5033; x_wconf 91' lang='lat'><strong>:</strong></span> <span class='ocrx_word' id='word_1_906' title='bbox 3202 4980 3273 5035; x_wconf 92' lang='lat' dir='ltr'><strong>ita</strong></span> <span class='ocrx_word' id='word_1_907' title='bbox 3312 4980 3639 5038; x_wconf 70' lang='lat' dir='ltr'><strong>mdiﬂeamus</strong></span> <span class='ocrx_word' id='word_1_908' title='bbox 3678 4992 3824 5037; x_wconf 80' lang='lat' dir='ltr'><strong>tam-</strong></span> 
     </span>
    </p>
   </div>
   <div class='ocr_carea' id='block_1_110' title="bbox 2239 5064 3823 5144">
    <p class='ocr_par' dir='ltr' id='par_1_110' title="bbox 2239 5064 3823 5144">
     <span class='ocr_line' id='line_1_110' title="bbox 2239 5064 3823 5144; baseline 0.008 -25"><span class='ocrx_word' id='word_1_909' title='bbox 2239 5080 2399 5135; x_wconf 87' lang='lat' dir='ltr'><strong>quam</strong></span> <span class='ocrx_word' id='word_1_910' title='bbox 2446 5064 2533 5121; x_wconf 88' lang='lat' dir='ltr'><strong>hic</strong></span> <span class='ocrx_word' id='word_1_911' title='bbox 2572 5083 2785 5138; x_wconf 87' lang='lat' dir='ltr'><strong>semper</strong></span> <span class='ocrx_word' id='word_1_912' title='bbox 2818 5080 3129 5135; x_wconf 84' lang='lat' dir='ltr'><strong>manentes;</strong></span> <span class='ocrx_word' id='word_1_913' title='bbox 3172 5080 3229 5128; x_wconf 92' lang='lat' dir='ltr'><strong>et</strong></span> <span class='ocrx_word' id='word_1_914' title='bbox 3255 5089 3429 5144; x_wconf 89' lang='lat' dir='ltr'><strong>neque</strong></span> <span class='ocrx_word' id='word_1_915' title='bbox 3460 5074 3552 5129; x_wconf 89' lang='lat' dir='ltr'><strong>Dei</strong></span> <span class='ocrx_word' id='word_1_916' title='bbox 3598 5075 3823 5131; x_wconf 87' lang='lat' dir='ltr'><strong>verbum</strong></span> 
     </span>
    </p>
   </div>
   <div class='ocr_carea' id='block_1_111' title="bbox 2238 5157 3824 5237">
    <p class='ocr_par' dir='ltr' id='par_1_111' title="bbox 2238 5157 3824 5237">
     <span class='ocr_line' id='line_1_111' title="bbox 2238 5157 3824 5237; baseline 0.007 -26"><span class='ocrx_word' id='word_1_917' title='bbox 2238 5157 2475 5226; x_wconf 88' lang='lat' dir='ltr'><strong>quotidie</strong></span> <span class='ocrx_word' id='word_1_918' title='bbox 2504 5160 2554 5213; x_wconf 93' lang='lat' dir='ltr'><strong>in</strong></span> <span class='ocrx_word' id='word_1_919' title='bbox 2587 5162 2782 5215; x_wconf 86' lang='lat' dir='ltr'><strong>nostris</strong></span> <span class='ocrx_word' id='word_1_920' title='bbox 2822 5160 3075 5217; x_wconf 84' lang='lat' dir='ltr'><strong>insonans</strong></span> <span class='ocrx_word' id='word_1_921' title='bbox 3101 5163 3342 5230; x_wconf 89' lang='lat' dir='ltr'><strong>auribus,</strong></span> <span class='ocrx_word' id='word_1_922' title='bbox 3374 5180 3548 5235; x_wconf 85' lang='lat' dir='ltr'><strong>neque</strong></span> <span class='ocrx_word' id='word_1_923' title='bbox 3574 5179 3664 5222; x_wconf 87' lang='lat' dir='ltr'><strong>res</strong></span> <span class='ocrx_word' id='word_1_924' title='bbox 3687 5165 3824 5237; x_wconf 66' lang='lat' dir='ltr'><strong>ipsae</strong></span> 
     </span>
    </p>
   </div>
   <div class='ocr_carea' id='block_1_112' title="bbox 2237 5249 3821 5324">
    <p class='ocr_par' dir='ltr' id='par_1_112' title="bbox 2237 5249 3821 5324">
     <span class='ocr_line' id='line_1_112' title="bbox 2237 5249 3821 5324; baseline 0.007 -22"><span class='ocrx_word' id='word_1_925' title='bbox 2237 5263 2336 5303; x_wconf 88' lang='lat' dir='ltr'><strong>nos</strong></span> <span class='ocrx_word' id='word_1_926' title='bbox 2364 5249 2631 5304; x_wconf 89' lang='lat' dir='ltr'><strong>erudiunt.</strong></span> <span class='ocrx_word' id='word_1_927' title='bbox 2662 5250 2775 5306; x_wconf 88' lang='lat' dir='ltr'><strong>Non</strong></span> <span class='ocrx_word' id='word_1_928' title='bbox 2806 5252 2932 5308; x_wconf 90' lang='lat' dir='ltr'><strong>licet</strong></span> <span class='ocrx_word' id='word_1_929' title='bbox 2979 5255 3161 5310; x_wconf 89' lang='lat' dir='ltr'><strong>videre</strong></span> <span class='ocrx_word' id='word_1_930' title='bbox 3189 5254 3333 5309; x_wconf 89' lang='lat' dir='ltr'><strong>diem</strong></span> <span class='ocrx_word' id='word_1_931' title='bbox 3384 5271 3487 5311; x_wconf 90' lang='lat' dir='ltr'><strong>nec</strong></span> <span class='ocrx_word' id='word_1_932' title='bbox 3518 5256 3726 5324; x_wconf 85' lang='lat' dir='ltr'><strong>horam,</strong></span> <span class='ocrx_word' id='word_1_933' title='bbox 3760 5257 3821 5313; x_wconf 83' lang='lat' dir='ltr'><strong>in</strong></span> 
     </span>
    </p>
   </div>
   <div class='ocr_carea' id='block_1_113' title="bbox 2236 5344 3816 5416">
    <p class='ocr_par' dir='ltr' id='par_1_113' title="bbox 2236 5344 3816 5416">
     <span class='ocr_line' id='line_1_113' title="bbox 2236 5344 3816 5416; baseline 0.004 -20"><span class='ocrx_word' id='word_1_934' title='bbox 2236 5357 2339 5412; x_wconf 87' lang='lat' dir='ltr'><strong>qua</strong></span> <span class='ocrx_word' id='word_1_935' title='bbox 2365 5358 2470 5398; x_wconf 91' lang='lat' dir='ltr'><strong>nou</strong></span> <span class='ocrx_word' id='word_1_936' title='bbox 2515 5344 2731 5400; x_wconf 89' lang='lat' dir='ltr'><strong>assidue</strong></span> <span class='ocrx_word' id='word_1_937' title='bbox 2775 5345 2942 5401; x_wconf 87' lang='lat' dir='ltr'><strong>videri</strong></span> <span class='ocrx_word' id='word_1_938' title='bbox 2973 5347 3178 5416; x_wconf 84' lang='lat' dir='ltr'><strong>possint</strong></span> <span class='ocrx_word' id='word_1_939' title='bbox 3205 5348 3368 5403; x_wconf 83' lang='lat' dir='ltr'><strong>multa</strong></span> <span class='ocrx_word' id='word_1_940' title='bbox 3400 5348 3549 5404; x_wconf 81' lang='lat' dir='ltr'><strong>en‘cri</strong></span> <span class='ocrx_word' id='word_1_941' title='bbox 3575 5349 3757 5405; x_wconf 86' lang='lat' dir='ltr'><strong>funera</strong></span> <span class='ocrx_word' id='word_1_942' title='bbox 3798 5368 3816 5403; x_wconf 90' lang='lat'><strong>:</strong></span> 
     </span>
    </p>
   </div>
   <div class='ocr_carea' id='block_1_114' title="bbox 2233 5432 3818 5511">
    <p class='ocr_par' dir='ltr' id='par_1_114' title="bbox 2233 5432 3818 5511">
     <span class='ocr_line' id='line_1_114' title="bbox 2233 5432 3818 5511; baseline 0.004 -22"><span class='ocrx_word' id='word_1_943' title='bbox 2233 5432 2327 5489; x_wconf 87' lang='lat' dir='ltr'><strong>sed</strong></span> <span class='ocrx_word' id='word_1_944' title='bbox 2359 5434 2554 5490; x_wconf 82' lang='lat' dir='ltr'><strong>frustm</strong></span> <span class='ocrx_word' id='word_1_945' title='bbox 2574 5437 2772 5503; x_wconf 88' lang='lat' dir='ltr'><strong>omnia,</strong></span> <span class='ocrx_word' id='word_1_946' title='bbox 2804 5453 2904 5493; x_wconf 89' lang='lat' dir='ltr'><strong>nec</strong></span> <span class='ocrx_word' id='word_1_947' title='bbox 2929 5439 3219 5510; x_wconf 86' lang='lat' dir='ltr'><strong>quidquam</strong></span> <span class='ocrx_word' id='word_1_948' title='bbox 3248 5444 3313 5494; x_wconf 87' lang='lat' dir='ltr'><strong>ad</strong></span> <span class='ocrx_word' id='word_1_949' title='bbox 3344 5450 3580 5495; x_wconf 88' lang='lat' dir='ltr'><strong>nostram</strong></span> <span class='ocrx_word' id='word_1_950' title='bbox 3609 5440 3818 5511; x_wconf 82' lang='lat' dir='ltr'><strong>pertin—</strong></span> 
     </span>
    </p>
   </div>
   <div class='ocr_carea' id='block_1_115' title="bbox 2232 5527 3823 5607">
    <p class='ocr_par' dir='ltr' id='par_1_115' title="bbox 2232 5527 3823 5607">
     <span class='ocr_line' id='line_1_115' title="bbox 2232 5527 3823 5607; baseline 0.006 -26"><span class='ocrx_word' id='word_1_951' title='bbox 2232 5527 2309 5599; x_wconf 89' lang='lat' dir='ltr'><strong>git</strong></span> <span class='ocrx_word' id='word_1_952' title='bbox 2351 5527 2621 5607; x_wconf 84' lang='lat' dir='ltr'><strong>duritiem.</strong></span> <span class='ocrx_word' id='word_1_953' title='bbox 2652 5529 2835 5601; x_wconf 82' lang='lat' dir='ltr'><strong>Neque</strong></span> <span class='ocrx_word' id='word_1_954' title='bbox 2880 5530 2932 5586; x_wconf 90' lang='lat' dir='ltr'><strong>in</strong></span> <span class='ocrx_word' id='word_1_955' title='bbox 2962 5531 3153 5588; x_wconf 85' lang='lat' dir='ltr'><strong>alienis</strong></span> <span class='ocrx_word' id='word_1_956' title='bbox 3194 5532 3587 5589; x_wconf 84' lang='lat' dir='ltr'><strong>calamitatibus</strong></span> <span class='ocrx_word' id='word_1_957' title='bbox 3624 5549 3823 5603; x_wconf 85' lang='lat' dir='ltr'><strong>possu-</strong></span> 
     </span>
    </p>
   </div>
   <div class='ocr_carea' id='block_1_116' title="bbox 2232 5620 3817 5689">
    <p class='ocr_par' dir='ltr' id='par_1_116' title="bbox 2232 5620 3817 5689">
     <span class='ocr_line' id='line_1_116' title="bbox 2232 5620 3817 5689; baseline 0.007 -15"><span class='ocrx_word' id='word_1_958' title='bbox 2232 5634 2351 5675; x_wconf 90' lang='lat' dir='ltr'><strong>mus</strong></span> <span class='ocrx_word' id='word_1_959' title='bbox 2386 5620 2527 5676; x_wconf 81' lang='lat' dir='ltr'><strong>eftici</strong></span> <span class='ocrx_word' id='word_1_960' title='bbox 2573 5624 2861 5689; x_wconf 80' lang='lat' dir='ltr'><strong>meliores;</strong></span> <span class='ocrx_word' id='word_1_961' title='bbox 2910 5625 3017 5680; x_wconf 92' lang='lat' dir='ltr'><strong>imo</strong></span> <span class='ocrx_word' id='word_1_962' title='bbox 3062 5642 3191 5681; x_wconf 83' lang='lat' dir='ltr'><strong>veto</strong></span> <span class='ocrx_word' id='word_1_963' title='bbox 3234 5627 3481 5683; x_wconf 87' lang='lat' dir='ltr'><strong>nolumus</strong></span> <span class='ocrx_word' id='word_1_964' title='bbox 3512 5644 3527 5681; x_wconf 71' lang='grc' dir='ltr'><em>τ</em></span> <span class='ocrx_word' id='word_1_965' title='bbox 3554 5628 3649 5684; x_wconf 85' lang='lat' dir='ltr'><strong>sed</strong></span> <span class='ocrx_word' id='word_1_966' title='bbox 3688 5644 3817 5685; x_wconf 83' lang='lat' dir='ltr'><strong>ctun</strong></span> 
     </span>
    </p>
   </div>
   <div class='ocr_carea' id='block_1_117' title="bbox 2228 5711 3817 5784">
    <p class='ocr_par' dir='ltr' id='par_1_117' title="bbox 2228 5711 3817 5784">
     <span class='ocr_line' id='line_1_117' title="bbox 2228 5711 3817 5784; baseline 0.006 -16"><span class='ocrx_word' id='word_1_967' title='bbox 2228 5712 2330 5768; x_wconf 85' lang='lat' dir='ltr'><strong>soli</strong></span> <span class='ocrx_word' id='word_1_968' title='bbox 2358 5711 2629 5784; x_wconf 87' lang='lat' dir='ltr'><strong>lugemns,</strong></span> <span class='ocrx_word' id='word_1_969' title='bbox 2662 5724 2788 5772; x_wconf 89' lang='lat' dir='ltr'><strong>tunc</strong></span> <span class='ocrx_word' id='word_1_970' title='bbox 2816 5716 3197 5774; x_wconf 74' lang='lat' dir='ltr'><strong>cmitrahimur</strong></span> <span class='ocrx_word' id='word_1_971' title='bbox 3218 5735 3238 5782; x_wconf 71' lang='grc' dir='ltr'><strong>ς,</strong></span> <span class='ocrx_word' id='word_1_972' title='bbox 3262 5730 3317 5774; x_wconf 87' lang='lat' dir='ltr'><strong>et</strong></span> <span class='ocrx_word' id='word_1_973' title='bbox 3342 5720 3385 5774; x_wconf 89' lang='lat' dir='ltr'><strong>si</strong></span> <span class='ocrx_word' id='word_1_974' title='bbox 3420 5719 3563 5775; x_wconf 88' lang='lat' dir='ltr'><strong>Deus</strong></span> <span class='ocrx_word' id='word_1_975' title='bbox 3594 5736 3817 5777; x_wconf 84' lang='lat' dir='ltr'><strong>manum</strong></span> 
     </span>
    </p>
   </div>
   <div class='ocr_carea' id='block_1_118' title="bbox 2235 5804 3816 5886">
    <p class='ocr_par' dir='ltr' id='par_1_118' title="bbox 2235 5804 3816 5886">
     <span class='ocr_line' id='line_1_118' title="bbox 2235 5804 3816 5886; baseline 0.006 -27"><span class='ocrx_word' id='word_1_976' title='bbox 2235 5804 2539 5875; x_wconf 85' lang='lat' dir='ltr'><strong>remiserit,</strong></span> <span class='ocrx_word' id='word_1_977' title='bbox 2568 5820 2753 5862; x_wconf 79' lang='lat' dir='ltr'><strong>rursus</strong></span> <span class='ocrx_word' id='word_1_978' title='bbox 2783 5823 2880 5864; x_wconf 82' lang='lat' dir='ltr'><strong>nos</strong></span> <span class='ocrx_word' id='word_1_979' title='bbox 2906 5824 3122 5865; x_wconf 90' lang='lat' dir='ltr'><strong>manum</strong></span> <span class='ocrx_word' id='word_1_980' title='bbox 3148 5811 3471 5873; x_wconf 82' lang='lat' dir='ltr'><strong>extollimus.</strong></span> <span class='ocrx_word' id='word_1_981' title='bbox 3498 5810 3664 5869; x_wconf 79' lang='lat' dir='ltr'><strong>Nemo</strong></span> <span class='ocrx_word' id='word_1_982' title='bbox 3693 5830 3816 5886; x_wconf 67' lang='lat' dir='ltr'><strong>quae</strong></span> 
     </span>
    </p>
   </div>
  </div>
