4122 6338
269 355 357 410 l0!

257 479 470 518 sursum
522 471 644 517 sunt
675 463 835 537 sapit,
868 478 1027 521 nemo
1066 467 1290 537 despicit
1322 478 1532 523 terrena
1557 510 1574 535 ,
1605 486 1764 526 nemo
1794 471 1860 525 ad

250 558 443 611 czelum
468 558 693 628 aspicit;
723 557 816 612 sed
838 558 982 613 sicut
1010 560 1157 628 porci
1189 560 1341 630 proni
1367 571 1563 615 terram
1591 572 1857 631 spectant,

247 650 299 702 in
343 658 588 703 ventrem
640 648 880 703 inclinati
906 689 922 715 ,
966 649 1017 703 in
1052 665 1219 706 emno
1246 650 1466 705 volutati
1515 671 1530 707 :
1582 652 1653 707 ita
1696 653 1856 709 ctiam

244 739 396 795 multi
432 740 680 797 homines
728 742 1006 796 teterrimo
1035 755 1195 797 coeno
1246 756 1306 797 se
1342 742 1720 813 inquinantes,
1750 760 1856 799 non

240 835 485 887 smniunt
533 850 547 886 :
596 834 788 889 melius
824 835 967 889 enim
1028 843 1113 889 est
1164 836 1442 891 immundo
1518 836 1629 891 into
1691 840 1855 909 pollui

239 939 403 991 qitam
451 925 706 992 peccatis.
752 924 885 979 Nam
918 927 1007 994 qui
1057 926 1149 980 illo
1197 937 1278 981 est
1320 926 1668 997 inquinatus.
1702 930 1853 985 brevi

241 1024 491 1083 tempore
510 1014 762 1080 abluitur,
788 1027 843 1071 et
865 1016 1164 1071 redditurci
1195 1018 1387 1073 similis
1408 1020 1497 1089 qui
1515 1034 1613 1074 nec
1642 1020 1709 1073 ab
1735 1021 1845 1074 ini-

239 1106 314 1158 tio
368 1107 419 1158 in
457 1106 602 1159 illam
646 1105 832 1162 incidit
861 1109 1172 1180 voraginem
1204 1127 1217 1163 :
1250 1110 1340 1181 qui
1371 1119 1550 1165 autem
1573 1112 1765 1167 cecidit
1798 1113 1850 1167 in

249 1195 564 1251 barathrum
590 1198 815 1268 peccati,
836 1200 1042 1268 accepit
1060 1200 1523 1269 inquinamentum
1545 1200 1685 1270 quod
1708 1215 1847 1271 aqua

250 1300 356 1338 non
390 1287 715 1355 mundatur,
742 1284 837 1344 sed
868 1290 1037 1344 multo
1065 1300 1190 1359 eget
1230 1300 1474 1360 tempore
1500 1291 1846 1363 perfectaque

248 1378 567 1445 pmnitentia
592 1420 607 1445 ,
655 1380 905 1453 Iacrymis
942 1390 997 1436 et
1036 1382 1341 1450 planctibus
1365 1425 1379 1448 ,
1435 1384 1737 1455 maiorique
1790 1395 1846 1441 et

246 1468 643 1524 vehementiori
673 1470 1052 1526 lamentatione
1089 1489 1246 1542 quam
1275 1489 1395 1543 qum
1425 1485 1645 1545 pr0pter
1685 1478 1845 1534 caris-

246 1558 418 1612 simos
470 1561 779 1617 ostenditis.
824 1562 958 1617 Nam
1006 1564 1088 1617 lim
1134 1565 1349 1633 quidem
1396 1567 1588 1621 sordes
1627 1569 1693 1623 ad
1743 1585 1844 1627 nos

247 1650 587 1705 extrinsecus
616 1651 926 1721 adveniunt,
960 1664 1014 1709 et
1059 1654 1178 1710 ideo
1214 1672 1305 1712 eas
1339 1657 1447 1711 cito
1472 1658 1795 1729 deponitttus
1825 1678 1839 1716 :

244 1738 352 1791 ill-.e
395 1750 572 1794 autem
604 1743 851 1798 oriuntur
881 1745 1237 1814 intrinsecus,
1270 1756 1324 1802 et
1359 1749 1481 1803 ideo
1510 1750 1592 1802 vix
1621 1766 1714 1806 eas
1744 1752 1841 1808 ab-

245 1829 457 1885 luentes
496 1834 869 1890 emundamus.
920 1836 999 1891 Ex
1040 1840 1190 1893 corde
1220 1840 1373 1905 enim,
1429 1842 1619 1911 inquit,
1652 1854 1838 1899 exeunt

242 1922 573 1989 cogitationes
602 1926 769 1990 malis,
798 1929 1175 1997 fornicationes,
1204 1932 1482 1998 adulteria,
1514 1936 1675 1999 furta,
1699 1938 1836 2006 falsa

238 2015 527 2068 testimonia
552 2016 763 2085 (Matth.
790 2021 876 2075 15.
914 2020 1022 2091 10).
1047 2022 1108 2075 Et
1137 2023 1257 2078 ideo
1287 2025 1498 2080 dicebat
1524 2026 1791 2099 Propheta
1816 2048 1831 2085 :

226 2102 341 2157 .Cor
384 2106 628 2160 mundum
658 2125 774 2162 creo
799 2112 851 2163 in
890 2128 968 2165 me
996 2111 1340 2185 Deus(Psat.
1385 2114 1474 2171 50.
1509 2118 1650 2187 i2);
1693 2121 1833 2178 alius

232 2205 439 2261 autent,
473 2198 633 2253 Ablue
655 2217 686 2253 a
712 2202 829 2255 vitio
852 2219 940 2255 cor
961 2212 1123 2269 tuum,
1153 2204 1439 2260 Jerusalem
1463 2206 1597 2279 (Jer.
1628 2211 1679 2265 4.
1712 2212 1828 2279 id).

234 2283 401 2340 Vides
424 2288 565 2358 quod
589 2302 736 2347 recte
756 2308 915 2362 agere
939 2305 1180 2349 nostrum
1209 2298 1279 2350 sit
1295 2306 1351 2351 et
1373 2298 1465 2353 Dei
1484 2300 1506 2352 ?
1524 2300 1589 2353 Et
1610 2317 1830 2357 rursus:

233 2373 379 2429 Beati
430 2381 621 2435 mundo
689 2386 877 2449 corde,
934 2389 1176 2456 quoniam
1230 2389 1330 2456 ipsi
1375 2388 1543 2445 Deum
1590 2394 1829 2450 videbunt

228 2462 448 2538 (Matth.
481 2473 535 2527 5.
565 2473 645 2544 8).

302 2561 526 2616 Pcccata
545 2567 800 2634 quomodo
822 2568 1174 2641 abstergenda.
1200 2602 1272 2613 —-
1302 2569 1616 2629 Efﬂciamur
1636 2577 1825 2635 mundi

226 2667 326 2721 pro
355 2656 554 2709 nostris
570 2658 811 2723 viribus;
836 2661 1206 2731 abStct-gamus
1222 2676 1402 2718 nostra
1424 2677 1662 2735 peccata.
1679 2669 1828 2735 Quo-

224 2746 388 2798 modo
410 2758 587 2801 autent
609 2751 813 2817 possint
831 2752 1085 2823 abstergi,
1104 2754 1261 2809 docet
1285 2754 1569 2825 prolihcta,
1590 2759 1777 2818 dicens
1807 2778 1821 2815 ;

225 2834 517 2900 Lanmini,
545 2842 722 2893 mundi
739 2853 913 2908 estote,
936 2850 1040 2913 aufr
1055 2856 1129 2898 rte
1144 2848 1263 2901 vitia
1283 2848 1343 2900 ab
1365 2849 1630 2905 animabus
1650 2858 1824 2909 vestris

221 2944 397 2979 coram
423 2932 581 2982 oculis
606 2932 729 2985 meis
762 2932 917 3003 (Isai.
951 2937 997 2990 l.
1032 2938 1096 2990 i6
1118 2942 1155 3005 ).
1186 2937 1324 3005 Quid
1356 2948 1464 3009 est,
1488 2935 1675 2997 Coram
1697 2961 1822 2999 ocu-

222 3017 285 3068 lis
314 3021 471 3072 mnis?
496 3023 627 3079 Quia
655 3024 899 3077 videnlur
926 3027 1141 3090 quidem
1167 3030 1471 3098 aliquiesse
1492 3034 1601 3088 vitii
1620 3052 1822 3106 exper-

1054 353 1121 415 ΙΝ
1161 356 1379 415 BPIST.
1423 359 1513 415 AD
1553 358 1918 421 HEDRJIOS.
1963 365 2113 423 CAP.
2161 366 2273 427 Vll.
2316 370 2549 434 iiOMlL.
2594 378 2737 435 Xlil.

3462 385 3483 438 ί
3496 387 3565 442 03

1970 485 2071 543 tes,
2103 479 2197 533 sed
2231 478 2560 549 hominibus,
2592 486 2701 540 Deo
2728 497 2906 541 autem
2935 499 3058 544 sunt
3088 489 3358 546 manifesti
3388 496 3570 563 srptti-

1964 582 2055 623 cra
2106 570 2355 627 dealbata
2385 594 2397 629 :
2430 576 2553 631 ideo
2578 578 2727 643 dicit,
2752 579 2841 635 Sic
2861 582 3068 637 attferte
3094 585 3234 637 sicut
3265 602 3364 655 ego
3389 588 3565 642 viden.

1964 659 2158 717 Discite
2190 664 2378 719 bonum
2409 670 2599 737 facere,
2630 671 2878 741 inquirite
2912 673 3169 742 judicium
3197 717 3211 739 ,
3243 677 3486 731 humilem
3520 690 3567 733 et

1961 770 2239 824 pauperem
2279 760 2562 829 justi/icate
2615 780 2633 817 :
2666 773 2712 817 et
2754 766 2916 820 venite
2942 763 2990 821 el
3018 769 3396 838 disceptamus,
3439 773 3565 827 dicit

1955 851 2240 917 Dominus;
2280 864 2326 907 et
2373 856 2417 909 si
2463 856 2563 909 sint
2610 867 2816 925 peccata
2868 869 3033 913 vestra
3076 862 3207 916 sicut
3265 872 3561 935 pituitam,

1953 946 2082 998 sicut
2111 946 2274 999 nivem
2314 947 2596 1011 dealbabo;
2632 950 2675 1003 si
2713 951 2815 1004 sint
2870 963 3040 1006 autem
3079 954 3209 1008 sicut
3270 958 3555 1025 coccinum,

1954 1046 2209 1107 tamquam
2237 1038 2410 1091 lanam
2435 1040 2679 1095 dealbabo
2714 1041 2865 1112 (lsai.
2904 1044 2953 1098 1.
2984 1045 3074 1100 17.
3105 1047 3210 1117 18).
3243 1049 3403 1105 Vides
3418 1053 3558 1119 quod

1951 1136 2199 1194 oporteat
2225 1143 2321 1183 nos
2345 1131 2553 1199 priores
2571 1131 2854 1201 mundare,
2888 1144 2942 1189 et
2970 1148 3095 1192 tunc
3125 1139 3264 1194 Dcus
3293 1146 3559 1198 mundat?

1948 1217 2081 1289 Nam
2128 1234 2250 1275 cum
2300 1222 2450 1291 prius
2498 1223 2770 1292 dixisset,
2806 1226 3096 1292 Laoamim',
3140 1233 3324 1287 mundi
3361 1248 3553 1300 estote,

1952 1318 2079 1365 tunc
2126 1311 2443 1380 subiunxit,
2480 1312 2592 1385 Ego
2645 1316 2915 1379 dealbabo.
2967 1318 3139 1376 Nemo
3181 1338 3311 1393 ergo
3364 1342 3429 1380 cx
3492 1328 3557 1381 iis

1947 1401 2039 1470 qui
2067 1402 2290 1458 veniunt
2331 1404 2398 1459 ad
2439 1419 2710 1463 sumntum
2758 1410 2970 1479 vitium,
3014 1413 3083 1470 de
3134 1430 3193 1470 se
3235 1416 3485 1487 desperet
3538 1440 3551 1474 ε

1943 1490 2077 1548 Nam
2106 1495 2316 1550 etiamsi
2344 1496 2586 1566 intraris,
2618 1500 2814 1571 inquit,
2847 1503 2915 1559 ad
2949 1505 3191 1561 habitum
3218 1545 3233 1569 .
3275 1519 3330 1565 et
3358 1526 3557 1582 propc-

1946 1587 2163 1641 modum
2191 1586 2257 1641 ad
2284 1597 2531 1645 naturam
2565 1592 2736 1661 ipsius
2757 1595 2895 1662 vitii,
2923 1610 2990 1652 ne
3017 1607 3229 1654 timeas.
3256 1601 3551 1672 Propterea

1944 1693 2052 1733 non
2096 1679 2325 1736 exilibus
2364 1690 2421 1738 et
2464 1684 2709 1740 evanidis
2733 1689 2973 1760 acceptis
3003 1691 3275 1747 coloribus
3300 1736 3313 1758 ,
3339 1697 3433 1751 sed
3463 1702 3550 1769 qui

1942 1777 2066 1823 sunt
2098 1785 2266 1841 prope
2292 1771 2344 1826 in
2374 1774 2489 1843 ipsa
2519 1775 2599 1831 rei
2626 1778 2887 1848 essentia,
2928 1795 3022 1837 eos
3050 1783 3184 1840 dicit
3209 1797 3465 1843 venturos
3498 1792 3549 1844 in

1941 1869 2138 1916 statum
2170 1866 2525 1935 contrarium.
2544 1865 2664 1923 Non
2682 1870 2859 1927 solum
2884 1872 3032 1929 enim
3060 1875 3198 1932 dixit
3218 1878 3421 1949 lavare,
3453 1884 3548 1938 sed

1943 1960 2216 2024 tamquam
2247 1955 2425 2012 nivem
2456 1965 2511 2013 et
2542 1967 2817 2031 tamquam
2844 1964 3023 2021 lanam
3053 1967 3331 2037 dealbare,
3363 1983 3422 2026 ut
3452 1975 3548 2028 1η)⁴

1937 2061 2063 2102 nam
2085 2062 2238 2119 spem
2270 2051 2428 2107 nobis
2456 2053 2714 2123 prebeat.
2749 2056 2895 2129 Ergo
2923 2074 3115 2132 magna
3158 2062 3241 2119 vis
3271 2066 3543 2135 pmnit‘cna

1938 2138 2047 2206 tizc,
2075 2140 2342 2211 siquidem
2370 2160 2473 2200 nos
2503 2145 2629 2203 facit
2653 2150 2809 2220 quasi
2833 2151 3033 2221 nivem,
3066 2169 3121 2211 et
3151 2155 3367 2214 dealhat
3391 2165 3545 2231 quasi

1936 2228 2138 2298 lanam,
2167 2233 2379 2289 etiamsi
2409 2230 2555 2307 quod
2585 2238 2782 2296 invasit
2809 2252 3091 2312 peccatum
3121 2261 3335 2305 nostras
3368 2228 3545 2309 tinxe-

1932 2324 2252 2382 ritanimas.
2277 2328 2605 2389 Studeamus
2627 2348 2758 2405 ergo
2790 2336 2909 2393 fieri
2940 2340 3127 2397 mundi
3159 2360 3174 2398 :
3218 2344 3351 2400 nihil
3381 2364 3545 2417 grave

1927 2414 2089 2485 jussit
2117 2436 2129 2472 :
2156 2418 2400 2477 Iudicat:
2424 2425 2675 2496 orphano,
2700 2436 2749 2481 et
2778 2430 2946 2485 vidua
2964 2432 3104 2500 quod
3137 2444 3208 2489 est
3228 2414 3428 2508 justum
3454 2441 3543 2511 fu-

1928 2511 2026 2565 cite
2069 2512 2234 2581 (Ibid.
2280 2532 2331 2570 υ.
2369 2518 2505 2606 Π),
2549 2518 2743 2590 inquit.
2796 2521 2962 2581 Vides
3006 2529 3281 2597 quomodo
3332 2534 3537 2606 ultique

1927 2603 2071 2673 apud
2120 2604 2287 2661 Deum
2329 2604 2522 2679 magna
2560 2610 2792 2670 habetur
2833 2615 2973 2672 ratio
3023 2603 3457 2693 misericordia},
3483 2640 3543 2686 et

1925 2694 2260 2754 defensionis
2289 2714 2478 2756 eorum
2507 2703 2599 2774 qui
2620 2704 2936 2764 afficiuntur
2965 2710 3204 2783 injuria?
3231 2715 3357 2773 Hazc
3389 2718 3529 2775 bona

1924 2790 2303 2860 aggrediamur
2350 2807 2538 2864 opera,
2585 2806 2641 2852 et
2680 2800 2978 2869 poterimus
3025 2803 3122 2859 Dei
3171 2810 3341 2880 gratia
3392 2810 3535 2868 bona

1923 2883 2084 2938 etiam
2119 2884 2293 2941 futura
2324 2889 2584 2958 consequi
2621 2908 2633 2945 :
2662 2893 2859 2962 quibus
2889 2910 2989 2953 nos
3031 2914 3223 2957 omnes
3252 2906 3535 2977 contingat

1921 2977 2113 3048 dignos
2146 2979 2261 3034 fleri
2292 2981 2344 3035 in
2371 2981 2592 3040 Christo
2612 2984 2740 3041 Jesu
2772 2988 3002 3047 Domino
3027 3003 3239 3050 nostro.

236 3094 313 3120 “““¹
359 3105 383 3118 ¹¹
458 3108 474 3121 “
572 3109 581 3121 ¹
627 3102 730 3124 ¹“““¹
785 3108 869 3125 ¹¹““
1002 3115 1007 3127 ¹
1162 3119 1177 3130 “
1958 3162 1961 3171 λ
2959 3136 3555 3175 ’⁸-Ὰῆ

1654 3162 2002 3267 ΠοΜιωᾸ
2047 3200 2223 3270 xm.

237 3260 373 3312 Cu.
406 3260 461 3315 7.
494 3275 549 3315 ν.
585 3262 675 3316 Η.
710 3260 772 3317 St
816 3277 935 3333 ergo
965 3267 1334 3320 consummatio
1364 3284 1453 3335 per
1494 3260 1837 3323 κατενόόεῖᾱᾶ

313 3348 593 3404 Let-iticum
615 3364 723 3405 erat
746 3354 991 3424 (populus
1009 3358 1141 3409 enim
1168 3360 1257 3411 sub
1280 3359 1390 3426 ipso
1417 3359 1575 3431 legem
1597 3362 1837 3432 accepit),

305 3442 434 3510 quid
493 3445 663 3498 adhuc
726 3448 1060 3501 necessarium
1124 3451 1219 3519 fuit
1272 3453 1550 3506 secundum
1609 3455 1840 3509 ordinem

314 3531 694 3588 Melchisedech
733 3538 890 3590 alium
936 3541 1245 3594 sacerdotem
1269 3582 1287 3606 ,
1325 3554 1369 3595 et
1412 3558 1512 3597 non
1562 3546 1837 3599 secundum

313 3614 547 3678 ordinem
595 3628 766 3681 Aaron
791 3630 934 3684 dici?
984 3632 1070 3685 12.
1104 3636 1348 3687 translum
1378 3636 1511 3689 enim
1554 3639 1837 3693 sacerdotio

312 3730 513 3771 necesse
540 3727 613 3771 est
636 3731 752 3773 utet
780 3721 901 3790 legis
930 3726 1195 3778 translatio
1227 3728 1335 3794 /iat.
1360 3728 1445 3781 i3.
1477 3726 1539 3781 In
1568 3744 1665 3797 quo
1702 3730 1838 3783 enim

308 3809 417 3860 hrec
445 3809 718 3873 dicuntur,
753 3812 817 3867 de
849 3813 953 3865 alia
983 3815 1115 3867 tribu
1142 3825 1234 3874 cst.
1266 3818 1330 3870 de
1355 3833 1455 3885 qua
1490 3821 1662 3872 nullus
1683 3822 1838 3874 altari

309 3910 496 3967 prttsto
524 3903 640 3969 fuit.
674 3905 762 3958 η.
798 3905 1128 3977 Manifestum
1158 3920 1229 3962 est
1270 3912 1403 3962 enim
1444 3912 1579 3980 quod
1608 3929 1670 3966 ex
1694 3912 1837 3967 Judtt

304 4006 445 4047 ortus
471 3997 535 4048 sit
569 3994 814 4050 Dominus
842 4008 1009 4053 noster
1031 4039 1046 4063 ,
1095 3999 1149 4054 in
1178 4018 1277 4071 qua
1311 4002 1442 4055 tribu
1472 4005 1600 4059 nihil
1642 4006 1703 4060 de
1750 4019 1834 4061 sa-

306 4085 535 4137 cerdotio
565 4085 768 4156 Moyses
797 4089 1027 4157 loquutus
1064 4105 1153 4145 est.

305 4179 358 4229 i.
409 4178 471 4231 Si
515 4196 632 4247 ergo
673 4185 1039 4237 consummatio
1069 4201 1157 4255 per
1184 4189 1524 4243 sacerdotium
1554 4190 1833 4247 Leoitiram

234 4278 365 4331 erat,
398 4271 591 4339 inquit.
624 4271 756 4325 Cum
782 4273 1005 4330 dixisset
1029 4277 1097 4332 de
1124 4279 1539 4349 Melchisedech,
1572 4298 1624 4339 et
1646 4299 1831 4343 osten-

232 4358 405 4414 disset
432 4372 691 4431 quantum
720 4376 864 4421 esset
891 4368 1200 4423 Abrahamo
1231 4378 1595 4443 prmtantior,
1628 4391 1683 4433 et
1714 4396 1830 4437 ma-

232 4466 393 4519 gnam
429 4456 832 4520 pronuntiasset
878 4458 1236 4517 differentiam
1311 4466 1433 4522 hinc
1459 4468 1713 4541 deinceps
1736 4473 1832 4528 de-

231 4552 495 4596 monStrat
527 4545 651 4612 quid
682 4547 890 4603 intersit
925 4550 1067 4605 inter
1091 4552 1498 4613 Testamentum
1530 4560 1701 4629 ipsum
1723 4607 1737 4629 ,
1777 4575 1832 4620 et

229 4634 502 4702 quomodo
556 4637 681 4690 illud
713 4639 928 4703 quidem
979 4642 1050 4697 sit
1101 4647 1506 4717 imperfectum,
1557 4654 1658 4709 hoc
1700 4672 1828 4712 vero

230 4727 550 4794 perfectum.
586 4728 650 4783 Et
677 4732 910 4787 nomium
934 4735 1001 4789 ad
1028 4752 1115 4792 res
1142 4740 1283 4809 ipsas
1313 4745 1543 4810 accedit,
1575 4750 1666 4803 sed
1689 4750 1827 4805 inte-

230 4819 324 4869 rim
357 4818 631 4888 depugnat
653 4835 717 4877 ex
740 4826 1038 4883 sacerdotio
1065 4839 1117 4884 et
1145 4831 1507 4890 Testamento.
1532 4838 1653 4894 ":L‘C
1684 4845 1826 4899 enim

230 4916 355 4964 tunc
380 4910 673 4967 increduiis
704 4926 857 4970 erant
885 4922 1053 4989 magis
1082 4923 1381 4989 credibilia,
1422 4930 1638 4998 quando
1665 4949 1731 4987 ex
1764 4934 1828 4989 iis

232 5018 352 5070 quae
376 5004 527 5072 prius
544 5016 757 5074 accepta
777 5008 1273 5070 fuerantetcredita
1308 5019 1366 5072 lit
1414 5020 1821 5080 demonstratio.

226 5092 476 5150 Ostendit
506 5097 637 5151 Levi
664 5111 720 5154 et
739 5102 1042 5159 Abrahamo
1075 5109 1230 5177 longe
1254 5124 1373 5167 esse
1397 5119 1825 5183 praestantiorem

225 5187 739 5255 Melchisedechum.
760 5198 848 5263 qui
879 5196 929 5250 in
958 5202 1147 5254 ordine
1187 5205 1524 5261 sacerrimum
1558 5208 1655 5265 fuit
1683 5215 1824 5283 apud

225 5294 341 5335 eos.
358 5281 437 5336 Ex
463 5284 569 5337 alio
591 5299 777 5343 rursus
799 5303 1221 5359 argumentatur.
1239 5297 1317 5351 Ex
1340 5315 1571 5369 quonam
1594 5281 1824 5362 ?Exsa-

223 5373 469 5429 cerdotio
495 5381 746 5445 praesenti
765 5391 818 5436 et
845 5398 906 5437 ex
928 5385 1170 5441 Iudaico.
1191 5388 1256 5443 Et
1285 5393 1405 5448 vide
1436 5396 1563 5451 mihi
1589 5402 1825 5469 pruden-

225 5464 352 5519 tiam
384 5467 658 5537 ingentem
688 5489 699 5523 :
732 5488 796 5529 ex
827 5490 933 5544 quo
961 5481 1102 5531 enim
1139 5491 1255 5535 erat
1278 5485 1570 5544 verisimile
1600 5507 1723 5548 eum
1756 5512 1823 5552 ex

223 5559 525 5614 sacerdotio
548 5565 923 5633 expellendum
944 5585 1086 5636 esse,
1107 5576 1354 5642 quoniam
1377 5596 1481 5634 non
1505 5594 1821 5644 eratsecun-

223 5651 346 5705 dum
372 5657 618 5710 ordinem
674 5660 875 5729 Aaron,
906 5678 967 5716 ex
998 5680 1062 5719 ρο
1082 5666 1221 5722 hunc
1241 5672 1455 5739 quidem
1476 5680 1681 5744 statuit,
1706 5682 1823 5738 illos

223 5763 349 5802 vero
378 5751 547 5818 ejicit.
585 5750 698 5805 llnc
746 5765 922 5807 autent
954 5756 1076 5810 facit
1122 5775 1181 5815 se
1214 5771 1483 5834 tamquam
1521 5771 1587 5825 dc
1639 5776 1818 5845 aliquo

238 5838 571 5895 dubitantem
605 5842 886 5909 inducens,
917 5861 1015 5900 cur
1036 5864 1141 5903 non
1174 5850 1383 5913 dicatur
1410 5864 1701 5919 secundum
1730 5838 1819 5924 or-

530 5938 809 5999 PAIBOL.
867 5945 980 6002 (Ea.
1039 5948 1255 6011 LXlil.

1944 3288 2129 3345 dinem
2160 3293 2339 3348 Aaron
2366 3335 2383 3361 ,
2411 3294 2597 3367 sicque
2624 3290 2845 3357 dubium
2874 3303 3179 3363 solventem
3223 3326 3237 3365 :
3280 3302 3352 3368 Et
3400 3324 3503 3386 ego
3530 3357 3548 3385 ,

1944 3382 2153 3453 inquit,
2182 3385 2284 3440 hac
2322 3386 2392 3443 de
2424 3399 2483 3443 re
2516 3389 2705 3446 dubito
2727 3435 2741 3458 ,
2775 3410 2874 3451 cur
2920 3413 3028 3454 non
3059 3400 3221 3459 fuerit
3248 3382 3548 3465 secundum

1941 3477 2188 3534 ordinem
2214 3480 2465 3537 Aaronis.
2499 3482 2616 3541 Hoc
2643 3488 2788 3541 enim
2822 3490 3090 3561 significat
3113 3494 3322 3567 dicens,
3355 3499 3418 3556 Si
3446 3518 3548 3555 an.

1942 3578 2038 3621 tem
2079 3574 2449 3627 consummatio
2476 3583 2567 3644 per
2596 3578 2937 3635 sacerdotthi
2979 3583 3261 3642 Lettiticum
3292 3599 3417 3646 erat.
3472 3594 3545 3650 Ει

1945 3660 2110 3725 illud,
2147 3661 2287 3729 Quid
2314 3664 2485 3719 adhuc
2538 3671 2879 3727 necessarium
2923 3674 3057 3743 fuit,
3092 3690 3339 3750 magnam
3370 3683 3535 3740 habet

1952 3750 2275 3818 emphasim.
2301 3753 2433 3807 Nam
2451 3755 2497 3809 sl
2530 3768 2658 3813 ante
2686 3772 2833 3817 cssot
2858 3766 3081 3833 quidem
3100 3769 3372 3837 Christus,
3393 3778 3541 3845 quod

1948 3837 2015 3891 ad
2038 3851 2257 3898 carnem
2280 3846 2496 3910 attinet,
2516 3852 2821 3907 secundum
2840 3856 3091 3912 ordinem
3114 3837 3538 3931 Melchisedech.

1935 3934 2132 3991 deinde
2152 3938 2340 3994 fuisset
2362 3940 2468 4001 lex.
2500 3950 2557 3997 et
2581 3958 2703 4014 qua
2733 3952 2893 4003 erant
2950 3950 3215 4009 AarOnic'a
3243 3957 3545 4012 :verislnn-

1937 4028 2061 4083 liter
2091 4028 2194 4084 dici
2250 4041 2467 4101 posset,
2501 4034 2635 4100 hzec,
2664 4046 2723 4091 ut
2760 4054 2879 4108 qua:
2910 4042 3019 4097 sint
3070 4046 3412 4114 perfectiora,
3452 4053 3541 4106 illa

1934 4120 2252 4190 dissolvere,
2277 4130 2464 4195 utqutc
2488 4132 2950 4198 stupet-venissent.
2982 4135 3037 4191 Si
3069 4146 3248 4193 autem
3295 4139 3542 4201 Christus

1935 4224 2017 4268 est
2044 4217 2335 4283 posterior,
2368 4224 2419 4273 et
2453 4218 2616 4275 alium
2648 4224 2843 4293 accipit
2899 4236 3081 4298 typum
3111 4229 3425 4300 sacerdotii,
3456 4247 3543 4293 est

1936 4307 2276 4375 perspicuutn
2309 4310 2358 4363 id
2384 4310 2568 4378 fuisse,
2592 4314 2733 4383 quod
2781 4316 2869 4371 illa
2891 4329 3073 4374 essent
3115 4322 3538 4393 imperfectior‘a,

1934 4396 2204 4453 Ponamus
2242 4402 2386 4455 enim
2414 4444 2428 4467 ,
2477 4404 2647 4475 inquit
2669 4449 2685 4473 ,
2719 4403 2868 4463 ’verbi
2899 4420 3061 4467 causa
3090 4444 3106 4477 ,
3138 4410 3315 4472 omnia
3373 4420 3539 4477 fuisse

1932 4487 2170 4558 impleta,
2192 4501 2242 4546 et
2274 4492 2406 4547 nihil
2434 4496 2939 4567 esseimperfectum
2962 4504 3012 4557 in
3037 4507 3341 4564 sacerdotio
3368 4524 3380 4565 ε
3410 4511 3539 4579 quid

1930 4590 2059 4651 ergo
2110 4600 2245 4654 Opus
2296 4590 2412 4641 erat
2465 4596 2523 4642 ut
2592 4589 2894 4661 diceretur,
2948 4593 3247 4653 Secundum
3307 4603 3540 4661 ordinem

1932 4673 2326 4743 Melchisedech,
2348 4690 2402 4735 et
2430 4697 2557 4746 non,
2588 4683 2895 4741 Secundum
2929 4691 3173 4747 ordinem
3192 4694 3413 4754 Aaron?
3440 4715 3539 4756 cur

1928 4766 2152 4822 dimisso
2182 4768 2395 4826 Aarone
2435 4773 2663 4829 alterum
2699 4777 2905 4834 induxit
2932 4794 3025 4837 sac
3048 4785 3315 4853 -rdutium,
3341 4798 3539 4863 nempe

1929 4860 2302 4918 McichiSedcci
2324 4864 2347 4915 7
2370 4865 2431 4919 Si
2452 4873 2821 4926 consummatio
2836 4885 2945 4928 erat
2964 4894 3054 4946 per
3070 4877 3345 4935 Lwitlcum
3373 4860 3538 4940 καθέν-

1928 4955 2121 5008 dotium
2143 4996 2159 5022 ,
2200 4972 2395 5026 nempe
2424 4960 2468 5013 si
2492 4975 2671 5015 rerum
2704 4974 2757 5018 et
2778 4966 2900 5021 vitae
2928 4967 3238 5039 dogmatum
3278 4975 3536 5044 perfectio

1929 5060 2025 5113 per
2058 5044 2359 5102 Leviticum
2392 5060 2507 5105 erat
2554 5054 2941 5114 sacerdotidm.
2989 5060 3121 5117 Vide
3169 5077 3346 5120 autem
3399 5082 3536 5138 quo-

1928 5137 2088 5188 mmlo
2135 5148 2281 5193 recta
2312 5139 2392 5193 via
2428 5145 2821 5213 progrediatur.
2858 5149 3028 5216 Dixit,
3063 5156 3204 5223 quod
3236 5137 3437 5215 second
3461 5179 3531 5215 nn

1925 5228 2167 5284 ordinem
2219 5225 2649 5305 Melchisedech,
2682 5242 2977 5297 ostendens
3026 5248 3167 5316 quod
3214 5250 3288 5305 sit
3338 5254 3534 5311 tnelins

1925 5322 1977 5375 id
2021 5324 2161 5393 quod
2198 5333 2281 5380 est
2337 5329 2630 5384 secundum
2673 5334 2917 5390 ordinem
2964 5334 3401 5401 Melchisedech:
3446 5358 3532 5402 est

1924 5416 2067 5467 cnim
2120 5416 2291 5471 multo
2360 5419 2572 5477 melius.
2624 5422 2887 5498 Deinceps
2939 5427 3043 5485 hoc
3091 5438 3251 5489 etiam
3297 5440 3532 5495 ostendit

1924 5521 1988 5560 cx
2023 5515 2265 5578 tempore
2287 5552 2300 5574 ,
2335 5512 2478 5583 quod
2507 5514 2714 5571 scilicet
2746 5526 2869 5587 post
2896 5522 3166 5579 Aaronem
3211 5529 3281 5581 sit
3321 5530 3366 5583 is
3392 5572 3404 5593 ,
3438 5534 3529 5601 qui

1926 5610 2007 5653 est
2054 5606 2411 5669 praestantior.
2460 5604 2528 5659 Et
2570 5607 2695 5676 quid
2740 5610 2840 5665 sibi
2893 5606 3005 5666 ruit
3072 5618 3215 5687 quod
3272 5620 3531 5692 deinceps

1923 5693 2165 5762 sequitur
2185 5736 2198 5757 ,
2233 5694 2465 5763 Papulas
2501 5700 2634 5752 enim
2661 5700 2751 5753 sub
2782 5703 2893 5771 ipso
2920 5706 3078 5775 legent
3127 5713 3369 5779 accepit?
3399 5713 3526 5782 quid

1922 5795 2040 5851 est,
2078 5786 2184 5840 Sub
2226 5788 2377 5855 ipso?
2436 5791 2537 5844 [νυν
2590 5793 2763 5861 ipsum
2813 5798 3144 5865 ingreditur,
3202 5820 3297 5875 per
3331 5806 3527 5876 ‘ipsum

1922 5878 2059 5947 gerit
2089 5879 2269 5933 omnia
2301 5897 2313 5933 :
2357 5896 2462 5935 non
2494 5893 2670 5953 potest
2719 5888 2823 5942 dici
2883 5891 3022 5960 quod
3053 5894 3174 5951 aliis
3222 5899 3290 5954 sit
3321 5900 3527 5958 datum.

3162 5983 3201 6046 Ἰ
