4122 6338
558 432 579 487 1
589 430 657 485 03

577 544 803 601 Ρυιιυίηε
844 542 932 595 sub
982 541 1089 608 ipso
1146 539 1299 608 legem
1344 533 1532 602 accepit
1560 548 1578 585 :
1605 532 1701 585 hoc
1730 541 1848 597 est,
1896 546 1957 585 ra
2008 545 2136 586 usus

568 651 670 695 est.
701 637 813 691 Non
867 641 1038 705 potest
1091 629 1192 684 dici
1241 625 1379 697 quod
1423 623 1648 694 perlecta
1696 623 1903 693 quidem
1950 633 2132 689 esset,

570 730 761 802 populo
809 737 983 781 autem
1048 736 1150 775 non
1207 717 1485 788 przeposita
1527 714 1699 769 fuerit.
1752 713 1859 769 Sub
1909 718 2019 783 ipso
2063 714 2135 767 le-

569 840 677 893 gem
721 818 910 888 accepit
954 831 971 869 :
1021 812 1120 866 hoc
1174 817 1294 875 est,
1347 808 1462 876 ipso
1514 820 1641 859 usus
1680 814 1782 858 est.
1836 803 1971 871 Quid
2003 818 2131 873 ergo

567 932 697 983 opus
729 920 841 966 erat
884 908 987 961 alio
1028 902 1357 963 sacerdotio,
1388 900 1431 953 si
1478 897 1602 951 illttd
1653 896 1941 964 perlectum
1982 894 2134 949 erat?

550 1004 841 1060 'Translato
882 998 1021 1054 enim
1094 992 1429 1054 sacerdotio,
1497 1003 1714 1042 necesse
1758 996 1839 1040 est
1895 995 1950 1038 ιιι
2005 986 2133 1053 legis

564 1110 774 1167 qunque
806 1087 1078 1145 translatio
1109 1085 1238 1138 ﬁat:
1284 1083 1326 1135 si
1371 1092 1543 1134 autem
1574 1092 1789 1131 necesse
1832 1085 1914 1130 est
1960 1086 2016 1129 ιιι
2068 1076 2134 1127 sit

563 1188 697 1243 alius
744 1181 1012 1243 sacerdos,
1041 1176 1123 1230 vel
1172 1173 1344 1243 potius
1379 1170 1521 1223 aliud
1562 1168 1914 1222 Sacerdotium
1937 1208 1952 1233 ,
1977 1167 2131 1218 aliam

564 1290 773 1344 quoque
817 1271 986 1340 legem
1016 1282 1135 1321 esse
1162 1276 1379 1317 necesse
1410 1271 1512 1314 est.
1559 1260 1668 1313 lloc
1712 1259 1777 1312 ad
1807 1274 1898 1313 eos
1927 1259 2015 1328 qui
2045 1256 2131 1309 di-

563 1376 721 1422 cunt:
746 1362 881 1430 Quid
904 1374 1036 1429 opus
1060 1365 1174 1411 erat
1198 1368 1333 1407 novo
1354 1350 1738 1406 Tesutmento?
1764 1349 1891 1402 Nam
1922 1355 2132 1417 poterat

562 1456 775 1526 quidem
804 1453 965 1507 etiam
991 1464 1055 1514 es
1081 1443 1358 1517 prOphetis
1378 1442 1567 1523 dicere
1585 1440 1943 1494 testimonium
1973 1456 1984 1490 :
2021 1438 2131 1493 lloc

563 1558 643 1604 est
702 1550 1071 1600 testamentum
1148 1536 1288 1606 quod
1355 1532 1588 1602 disposui
1652 1532 1885 1600 patrihus
1942 1532 2129 1584 vestris

568 1641 699 1709 (Act.
762 1637 815 1689 5.
844 1630 935 1701 25)
964 1649 979 1705 ς
1009 1629 1217 1684 interim
1273 1633 1447 1678 autem
1498 1632 1691 1692 pugnat
1718 1638 1779 1675 ex
1810 1621 2125 1676 sacerdotio.

562 1730 627 1783 Et
656 1728 767 1781 vide
797 1739 951 1795 quam
993 1728 1198 1789 optaret
1226 1716 1277 1771 id
1328 1714 1497 1769 effari.
1541 1714 1698 1776 Dixit,
1728 1712 2016 1767 Secundum
2043 1729 2126 1765 or-

562 1822 727 1873 dinem
756 1812 1144 1871 Melchisedech.
1172 1808 1283 1862 Hoc
1305 1806 1463 1874 cjecit
1482 1804 1840 1858 sacerdotium
1872 1805 2125 1857 Aaronis:

563 1927 593 1965 ιι
634 1927 666 1963 ιι
696 1909 835 1962 enim
860 1904 1080 1958 dixisset
1105 1942 1117 1965 ,
1153 1898 1441 1954 Secundum
1470 1897 1695 1948 ordinent
1736 1893 2125 1957 Melchisedech,

560 2003 602 2055 si
655 1998 951 2053 illutl‘esset
999 1992 1206 2047 melius.
1240 1988 1295 2043 Si
1324 2002 1450 2056 ergo
1477 1985 1832 2041 introductum
1864 1985 1957 2040 luit
1987 1988 2125 2041 aliud

559 2089 931 2152 sacerdonnm,
957 2085 1182 2137 alterum
1209 2093 1417 2149 quoqtte
1437 2078 1665 2146 Oportuit
1696 2091 1814 2132 esse
1846 2087 2127 2133 testamen-

560 2193 669 2236 tum
697 2200 708 2233 :
744 2192 912 2247 neque
953 2175 1093 2228 enim
1122 2172 1233 2226 fieri
1266 2179 1438 2239 potest
1467 2177 1524 2221 ut
1550 2170 1617 2221 sit
1646 2169 1896 2223 sacerdos
1924 2170 2124 2240 absque

563 2280 879 2328 tcslttmeltlo
917 2278 969 2322 et
996 2265 1203 2335 legibus
1241 2272 1294 2317 et
1320 2260 1638 2331 praeceptis;
1680 2276 1858 2331 neque
1905 2275 1995 2326 ut,
2024 2264 2127 2317 alio

560 2375 777 2435 accepto
805 2358 1103 2416 sacerdotio
1122 2399 1138 2424 ,
1167 2356 1255 2410 illo
1285 2362 1480 2407 utatur.
1532 2352 1732 2407 Deinde
1755 2393 1770 2419 ,
1799 2352 1940 2423 quod
1969 2354 2127 2424 Olllei

559 2466 768 2531 poterat
790 2498 819 2522 ,ν
836 2450 1106 2525 quomodo
1130 2446 1285 2503 luerit
1309 2444 1559 2500 sacerdos
1582 2485 1597 2507 ,
1625 2445 1714 2513 qui
1754 2460 1861 2498 non
1887 2457 1999 2499 erat
2026 2446 2126 2501 Le-

557 2554 662 2606 vita
693 2567 705 2602 :
737 2549 855 2613 hoc,
882 2559 1002 2599 cum
1035 2556 1129 2610 per
1156 2538 1427 2608 superiora
1457 2535 1619 2590 veluti
1647 2535 1912 2604 quoddam
1940 2535 2125 2590 funda-

558 2652 789 2697 mentum
819 2638 964 2707 prius
985 2633 1201 2704 jecisset
1231 2670 1245 2695 ,
1272 2643 1339 2682 ne
1367 2626 1477 2680 vult
1507 2626 1720 2696 quidem
1751 2628 1960 2681 solvere
1988 2668 2000 2692 ,
2031 2628 2123 2682 sed

558 2745 823 2802 tamquam
855 2720 1312 2797 prmtercurrendo
1340 2717 1440 2772 hoc
1468 2717 1703 2771 inducit:
1740 2717 1896 2782 Dixi,
1932 2718 2121 2787 inquit,

556 2822 870 2878 translatum
900 2830 1021 2872 esse
1047 2811 1400 2868 sacerdotium
1428 2826 1441 2862 :
1470 2823 1597 2877 ergo
1625 2817 1678 2861 et
1722 2817 2119 2861 testamentum.

555 2911 846 2968 Transtulit
899 2918 1074 2961 autem
1124 2917 1227 2956 non
1276 2901 1449 2955 solum
1515 2896 1707 2961 modo,
1754 2912 1925 2966 neque
1993 2913 2125 2965 pm-

555 3008 744 3078 ceptis,
775 3003 870 3059 sed
903 3001 1061 3057 etiam
1093 2998 1233 3052 tribu
1260 3012 1273 3047 :
1304 2992 1583 3063 oportebat
1611 2992 1749 3045 enim
1774 2993 1930 3046 etiam
1962 2992 2120 3045 tribu.

556 3096 869 3167 Quomodo?
920 3092 1190 3147 Translata
1236 3086 1546 3147 saccrdatio,
1598 3084 1787 3153 inquit.
1843 3082 1955 3137 lloc
2002 3092 2120 3148 est,

553 3196 681 3250 Ideo
709 3190 1017 3246 translatum
1061 3194 1142 3239 est
1171 3198 1199 3235 a
1238 3181 1373 3235 tribu
1402 3180 1451 3232 in
1484 3177 1676 3231 tribum
1708 3218 1720 3237 ,
1750 3192 1779 3228 a
1810 3175 2123 3231 sacerdotali

555 3284 622 3340 ad
652 3282 881 3352 regalem
909 3319 923 3342 ,
956 3285 1012 3331 ut
1038 3275 1221 3330 eadem
1270 3279 1410 3325 esset
1440 3276 1494 3323 et
1520 3267 1709 3337 regalis
1740 3278 1792 3322 et
1820 3268 2123 3323 sacerdota-

553 3377 638 3432 lis.
689 3372 821 3426 Vide
870 3378 1047 3423 autem
1094 3358 1699 3435 mysteriumtprimum
1746 3356 1960 3427 quidem
2005 3368 2122 3415 erat

554 3464 747 3534 regalis
767 3506 781 3530 ,
811 3475 863 3517 ct
904 3478 1045 3516 nunc
1076 3462 1211 3514 facta
1243 3471 1323 3515 est
1354 3458 1737 3512 sacerdotalis;
1768 3457 1904 3510 sicut
1949 3456 2107 3510 etiam

549 3554 600 3609 in
630 3555 842 3607 Christo
868 3569 881 3605 :
914 3567 1037 3605 nam
1056 3566 1268 3619 semper
1291 3548 1501 3618 quidem
1530 3547 1625 3600 luit
1657 3562 1750 3600 rex
1774 3587 1787 3610 ,
1834 3544 2003 3599 factus
2029 3550 2111 3599 est

548 3654 722 3697 autem
750 3642 1033 3707 sacerdos,
1083 3641 1293 3710 quando
1338 3653 1552 3693 carnem
1583 3638 1855 3706 suscepit,
1901 3633 2114 3704 quando

553 3733 871 3788 sacrificium
928 3732 1138 3786 obtulit.
1234 3728 1393 3783 Vides
1440 3727 1833 3782 mutationem?
1886 3724 1953 3779 Et
1996 3739 2115 3794 qua

550 3835 702 3880 erant
731 3823 1024 3893 objicienda
1047 3863 1062 3887 ,
1098 3821 1211 3875 hmc
1234 3820 1481 3887 adducit,
1513 3828 1570 3882 ut,
1594 3817 1895 3888 postulabat
1936 3831 2113 3870 return

549 3915 925 3985 consequentia
956 3931 968 3967 :
1014 3913 1081 3966 ln
1135 3927 1232 3977 quo
1260 3912 1388 3965 enim
1412 3949 1429 3977 ,
1459 3910 1628 3979 inquit
1655 3949 1669 3973 ,
1706 3911 1813 3962 lucc
1843 3907 2076 3960 dicuntur
2099 3945 2115 3972 ,

550 4008 593 4060 is
618 4006 678 4058 de
704 4006 806 4057 alia
835 4004 965 4057 tribu
992 4013 1101 4068 est,
1148 4019 1175 4055 e
1221 4017 1320 4071 qua
1362 4000 1533 4053 nullus
1582 3999 1732 4052 altari
1784 4008 1964 4066 pra:le
1996 3998 2115 4066 fuit.

556 4096 873 4165 Compertum
906 4104 977 4147 est
997 4095 1129 4146 enim
1158 4091 1383 4145 onmibus
1410 4089 1543 4160 quod
1570 4088 1819 4143 Dominus
1857 4097 2022 4142 noster
2059 4103 2119 4142 ex

554 4184 695 4237 Juda
738 4198 903 4237 ortum
948 4184 1189 4248 duxerit,
1221 4198 1372 4251 quant
1420 4183 1472 4234 in
1522 4181 1702 4233 tribum
1752 4180 1813 4233 de
1840 4179 2120 4240 sacerdotio

556 4278 683 4331 nihil
718 4279 950 4347 loquutus
978 4285 1047 4328 est
1081 4274 1301 4343 Moyses.
1333 4271 1482 4338 Quod
1520 4280 1696 4325 autem
1729 4271 1824 4337 ait,
1861 4271 1964 4325 tale
1994 4270 2117 4339 quid

556 4378 676 4425 cst:
724 4367 787 4423 Et
817 4381 915 4436 ego
964 4380 1173 4434 quoque
1204 4364 1323 4418 dico
1365 4372 1419 4417 et
1458 4362 1569 4415 scio
1598 4362 1735 4430 quod
1767 4360 1895 4414 nihil
1945 4360 2125 4414 habuit

557 4461 837 4516 sacerdotii
871 4458 986 4514 hanc
1018 4457 1183 4513 tribus
1205 4496 1219 4519 ,
1257 4469 1353 4507 nec
1404 4453 1541 4506 ullus
1566 4468 1630 4507 es
1661 4467 1722 4505 ea
1767 4450 2117 4505 sacerdotium

560 4555 797 4607 exercuit
842 4572 855 4606 :
900 4551 1041 4622 quod
1072 4552 1242 4620 ipsum
1313 4546 1589 4603 manifeste
1638 4544 1871 4603 ostendit
1916 4543 2114 4602 dictum

562 4646 711 4710 illud,
746 4644 932 4698 Nullus
961 4644 1106 4697 altari
1138 4654 1316 4711 pra’sto
1338 4645 1449 4711 fuit.
1476 4642 1569 4696 Est
1593 4642 1735 4696 enim
1764 4650 1926 4694 totum
1952 4652 2125 4695 trans-

564 4738 707 4790 latio.
760 4735 848 4789 Sic
887 4734 1241 4789 necessarium
1288 4742 1402 4786 erat
1444 4734 1609 4801 legem
1663 4741 1714 4785 et
1760 4740 1909 4786 vetus
1970 4741 2128 4786 testa-

564 4838 798 4882 mentum
846 4824 1159 4891 transferri,
1203 4824 1461 4893 siquidem
1488 4832 1542 4876 et
1583 4823 1690 4892 ipsa
1736 4824 1901 4879 tribus
1931 4833 2128 4878 mutata

566 4929 667 4973 est.
700 4916 855 4971 Vides
883 4926 942 4970 ut
970 4916 1126 4968 aliam
1168 4914 1402 4969 ostendit
1446 4913 1794 4967 ditlerentiam
1832 4930 1987 4983 quam
2014 4930 2133 4984 qua:

567 5026 598 5062 a
638 5008 923 5063 mutatione
972 5006 1137 5060 tribus
1182 5005 1413 5073 petitur?
1442 5004 1620 5073 Neque
1664 5018 1791 5059 vero
1821 5004 1939 5061 inde
1976 5005 2131 5061 dum-

570 5108 719 5153 taxat
766 5108 961 5168 quanta
1011 5098 1078 5150 sit
1128 5095 1424 5150 diﬂ'erentia
1482 5094 1806 5160 ostenditur,
1839 5097 1931 5152 sed
1978 5098 2135 5152 modo

572 5205 776 5259 quoque
804 5205 834 5242 a
885 5202 1127 5257 persona,
1156 5202 1183 5238 a
1212 5197 1527 5241 testamento
1552 5228 1565 5248 ,
1596 5204 1621 5239 a
1674 5187 1831 5241 modo
1855 5230 1869 5253 ,
1912 5188 1979 5239 ab
2022 5190 2137 5257 ipso

574 5294 716 5351 typo.
768 5280 850 5335 16.
899 5280 995 5345 Qui
1035 5296 1132 5331 non
1161 5267 1430 5332 secundum
1482 5280 1638 5347 legent
1678 5282 1900 5333 mandati
1950 5297 2137 5336 carna-

575 5374 635 5425 lis
662 5378 823 5442 [actus
854 5382 943 5435 est,
973 5369 1062 5422 sed
1100 5369 1371 5421 secundum
1414 5370 1641 5421 virtutem
1692 5369 1805 5422 rita:
1834 5372 2133 5425 insolubilis.

643 5465 696 5517 2.
741 5463 928 5515 Factus
955 5472 1045 5523 est,
1079 5462 1262 5529 'inquit
1299 5460 1570 5522 sacerdos,
1612 5461 1705 5513 sed
1736 5479 1833 5515 non
1863 5466 2135 5517 secundant

587 5558 741 5625 legent
771 5554 989 5607 carnalis
1025 5552 1249 5604 mandati
1280 5566 1295 5604 :
1325 5552 1408 5604 lex
1438 5552 1576 5604 enim
1620 5552 1707 5604 illa
1739 5552 1789 5604 in
1823 5554 1998 5607 multis
2026 5564 2140 5608 erat

575 5664 683 5703 non
714 5647 988 5716 legitinta‘.
1026 5645 1088 5699 Et
1115 5652 1258 5698 recte
1299 5645 1502 5697 vocavit
1530 5643 1655 5697 illud
1685 5646 1989 5699 mandatum
2019 5661 2139 5701 car-

642 5786 657 5815 ι
682 5782 755 5830 Πιὶ
782 5779 913 5829 Coll).
955 5777 1120 5825 addit:
1149 5773 1270 5834 Quid
1307 5780 1391 5831 cst,
1427 5774 1637 5823 carnalis
1674 5774 1934 5825 mandati?
1971 5776 2145 5827 Postea

583 5844 845 5895 tisotnissis
874 5856 981 5901 qna-
1008 5843 1055 5887 in
1093 5836 1231 5886 lidito
1266 5838 1544 5899 interposita
1566 5845 1703 5896 sunt,
1742 5838 1804 5885 ita
1840 5841 1996 5901 pergit
2031 5840 2144 5889 ille:

580 5903 879 5958 Lll't“:.’lllt'l.ls‘
906 5913 1097 5950 carnem
1126 5912 1139 5960 ;
1168 5908 1263 5947 etc.

1251 422 1305 478 S.
1344 416 1615 476 JOANNIS
1651 411 2118 470 CHRYSOSTOMI
2161 410 2467 464 .\l’.(‘.ll|l~2l‘.
2504 414 3039 475 CONSTAN’TINOP.

3720 414 3822 471 Ιοᾶ

2242 516 2360 569 nale
2384 536 2393 569 :
2421 516 2598 569 omnia
2626 517 2767 570 enim
2798 534 2913 587 qua:
2935 517 3198 573 statuebat
3218 520 3450 575 carnalia
3478 533 3651 577 erant.
3679 523 3810 577 Nam

2237 610 2433 671 dicere,
2467 608 2801 663 Cirettmcitle
2827 625 3062 677 ('al‘ttelll,
3104 626 3241 681 uage
3266 627 3503 677 carnem,
3539 614 3654 668 lata
3695 632 3812 669 eat-

2236 715 2382 765 nem,
2414 698 2605 753 munda
2636 715 2872 765 carnem,
2903 702 3065 756 tonde
3093 717 3327 769 carnem,
3378 704 3533 775 alliga
3564 722 3805 776 catnem,

2237 795 2377 848 nutri
2405 807 2640 853 carnem.
2674 792 2839 845 otium
2869 792 2933 846 da
2960 786 3105 846 carni
3142 812 3155 846 :
3187 793 3302 849 hzcc
3344 812 3545 861 annon,
3596 813 3800 866 qua-so.

2236 889 2468 942 carnalia
2542 891 2705 943 sunt?
2758 890 2812 945 Si
2860 892 2941 944 vis
2992 892 3201 949 discere
3244 911 3363 966 qua:
3416 895 3553 949 bona
3612 894 3820 964 promi-

2237 978 2387 1042 serit,
2432 976 2552 1032 audi
2586 978 2808 1050 :Longa
2853 981 2955 1034 vita
3025 983 3194 1048 carni,
3243 984 3431 1054 inquit,
3491 985 3574 1039 lac
3623 993 3679 1039 et
3713 980 3821 1039 mel

2243 1068 2407 1144 c,-trni,
2442 1084 2539 1137 pax
2573 1070 2743 1135 carni,
2798 1072 3044 1142 voluptas
3085 1076 3253 1127 carni.
3308 1075 3387 1129 Ab
3438 1076 3536 1130 hac
3577 1075 3694 1145 lege
3733 1089 3825 1129 sa-

2237 1160 2525 1215 cerdotium
2557 1165 2761 1233 accepit
2804 1165 2977 1218 Aaron
3009 1181 3021 1216 :
3054 1165 3444 1222 Melchisedech
3478 1177 3655 1222 autem
3704 1181 3814 1220 non

2237 1251 2327 1304 ita.
2362 1252 2449 1307 15.
2487 1252 2553 1306 Et
2579 1255 2801 1325 amplius
2835 1255 3004 1309 adhuc
3032 1258 3359 1327 manifestum
3398 1268 3490 1323 est,
3536 1259 3580 1312 si
3625 1275 3814 1312 secun-

2235 1344 2353 1396 dum
2380 1343 2763 1399 similitudinem
2794 1345 3169 1400 Melchisedech
3199 1360 3441 1418 exsurgat
3474 1350 3609 1402 alius
3647 1364 3820 1402 sacer-

2235 1432 2346 1487 dos.
2380 1433 2514 1502 Quid
2558 1445 2640 1489 est
2687 1435 3067 1491 manileSttnn?
3113 1436 3382 1504 Quantum
3428 1440 3645 1494 intersit
3678 1439 3821 1492 inter

2236 1536 2523 1596 utrumque
2569 1527 2964 1592 sacerdotium,
2994 1536 3047 1582 et
3074 1538 3267 1598 quanta
3286 1532 3364 1603 sit
3392 1529 3692 1583 dill'erentia
3719 1570 3731 1591 ,
3761 1537 3818 1583 et

2232 1628 2429 1687 quanto
2470 1622 2804 1689 praestantior
2852 1621 2939 1690 qui
2990 1635 3095 1675 non
3154 1612 3324 1676 lactus
3377 1632 3462 1676 est
3510 1621 3814 1676 secundum

2234 1710 2406 1780 legem
2429 1712 2663 1790 mandati
2693 1712 2944 1766 carnalis.
2973 1711 3143 1777 Quis?
3166 1714 3249 1767 hic
3273 1723 3350 1767 est
3377 1712 3817 1768 Melchisedech?

2231 1801 2371 1866 Non,
2402 1803 2493 1855 sed
2524 1802 2789 1855 Christus.
2820 1802 2925 1856 Sed
2950 1804 3228 1855 secundum
3259 1803 3492 1857 virtutem
3522 1803 3635 1856 vita:
3668 1803 3811 1855 inso-

2234 1892 2423 1946 lubilis.
2461 1894 2543 1946 l7.
2571 1893 2894 1946 Contestatur
2924 1895 3055 1947 enim
3087 1909 3104 1946 :
3134 1893 3213 1946 Tn
3243 1910 3294 1947 es
3320 1894 3558 1947 sacerdos
3584 1895 3634 1947 in
3663 1904 3814 1947 aeter-

2232 2002 2373 2049 num,
2406 1984 2680 2039 secundum
2714 1985 2941 2039 ordinem
2976 1984 3368 2038 Melchisedech.
3404 1985 3515 2039 Hoc
3556 1996 3659 2045 est.
3708 2001 3814 2039 non

2231 2075 2295 2129 ad
2329 2084 2558 2145 tempus,
2590 2092 2759 2144 neque
2794 2077 2950 2128 linem
2980 2076 3208 2139 habens,
3234 2076 3349 2139 sed,
3391 2076 3684 2130 Secundum
3713 2079 3815 2128 uir—

2232 2177 2384 2220 tutent
2414 2169 2529 2220 vine
2558 2168 2865 2219 insolubilis.
2902 2166 3009 2220 lloc
3053 2166 3209 2230 dixit,
3260 2178 3314 2219 nt
3352 2167 3601 2221 ostendat
3640 2168 3814 2237 ipsum

2230 2259 2563 2316 sacerdotem
2596 2275 2713 2313 esse
2743 2262 2934 2315 laetum
2972 2275 3063 2329 per
3083 2274 3231 2313 suam
3264 2269 3318 2313 et
3345 2259 3516 2313 Patris
3537 2261 3813 2321 virtutem,

2234 2369 2326 2423 per
2358 2354 2514 2409 vitam
2549 2352 2996 2407 indissolubilent.
3043 2353 3198 2421 Atpti
3233 2368 3337 2406 non
3369 2362 3449 2407 est
3489 2352 3587 2407 hoc
3624 2368 3816 2407 Conse-

2233 2461 2402 2517 quens
2428 2446 2476 2501 ei
2507 2446 2647 2515 quod
2678 2446 2877 2499 dit-tum
2923 2454 3026 2510 est,
3062 2444 3162 2511 Qui
3204 2462 3301 2497 non
3346 2448 3620 2498 secundum
3654 2447 3817 2515 legent

2232 2538 2458 2591 mandati
2501 2538 2720 2589 carnalis
2774 2537 2937 2605 factus
2980 2546 3048 2589 est
3080 2552 3097 2588 :
3127 2546 3242 2589 erat
3288 2537 3429 2591 enim
3472 2550 3816 2604 consequens

2233 2627 2432 2691 dicere,
2466 2627 2573 2680 Sed
2605 2626 2835 2679 mandati
2874 2626 3185 2693 spiritttalis.
3222 2624 3325 2680 Sed
3359 2641 3455 2696 per
3483 2626 3696 2680 carnale
3724 2642 3817 2679 os-

2235 2719 2413 2774 tendit'
2430 2720 2724 2787 temporale
2754 2734 2767 2770 :
2799 2720 2936 2772 sicut
2972 2720 3132 2772 etiam
3165 2718 3294 2772 dicit
3335 2719 3483 2780 alibi,
3530 2717 3707 2787 Usque
3744 2718 3817 2773 ad

2236 2820 2446 2880 tempus
2496 2810 2846 2864 correctionis
2894 2809 3171 2878 impositas
3234 2809 3377 2877 leges
3418 2810 3817 2879 justilicationis

2232 2905 2409 2959 carnis
2446 2904 2738 2958 secundum
2776 2902 3025 2955 virtutem
3060 2902 3180 2954 vita:
3214 2918 3227 2952 :
3259 2902 3359 2955 hoc
3389 2910 3490 2966 est,
3520 2902 3647 2955 vivit
3686 2916 3815 2971 pro-

2236 2998 2351 3068 pria
2382 2997 2595 3051 virtute.
2629 2996 2769 3049 Dixit
2797 2995 2908 3048 ﬁeri
2935 2995 3063 3064 legis
3093 2994 3520 3056 translationem,
3552 3004 3604 3048 et
3635 3003 3821 3047 Osten-

2235 3088 2313 3143 dit
2352 3085 2621 3157 quomodo
2671 3104 2683 3137 :
2722 3085 2831 3154 jam
2876 3086 3066 3154 qtttnrit
3106 3100 3319 3138 causam
3356 3084 3535 3153 :qnod
3584 3087 3818 3140 maxime

2234 3176 2470 3232 omnium
2513 3176 2770 3230 satisfacit
2809 3176 3001 3229 animis
3044 3174 3340 3239 hominum,
3376 3191 3564 3245 nempe
3595 3180 3820 3230 omnino

2234 3283 2447 3325 causam
2472 3268 2630 3333 scire,
2660 3277 2713 3321 et
2742 3268 2908 3335 magis
2946 3264 3068 3320 facit
3100 3265 3281 3330 ﬁdem,
3316 3266 3527 3335 quando
3567 3266 3820 3320 didiceri-

2240 3376 2358 3416 mus
2382 3374 2598 3415 causam
2631 3367 2685 3413 et
2721 3358 2979 3412 rationem
3016 3372 3110 3426 per
3154 3371 3309 3427 quam
3357 3357 3431 3410 ﬁt.
3480 3359 3567 3413 lS.
3618 3357 3820 3428 Repra-

2235 3455 2367 3508 batt'o
2394 3453 2593 3522 quidem
2627 3451 2683 3519 [it
2726 3449 3050 3516 pra’cedeutis
3095 3449 3326 3501 mandati
3365 3459 3568 3519 prapter
3598 3450 3821 3516 inﬁrmi-

2236 3554 2388 3599 tatem
2434 3542 2545 3613 ejus
2584 3552 2630 3594 et
2662 3540 3009 3593 inutilitatem.
3058 3538 3153 3593 llic
3203 3540 3483 3609 insurgunt
3532 3540 3786 3594 ltzet-etici‘

2239 3634 2500 3710 [dicentes
2526 3650 2537 3685 :
2565 3634 2703 3687 Ecce
2735 3632 2929 3687 Paulus
2959 3631 3154 3684 malum
3176 3631 3299 3684 dicit
3329 3632 3677 3703 mandatum].
3708 3632 3819 3688 Sed

2233 3727 2447 3782 attende
2484 3728 2811 3797 diligenter:
2847 3742 2949 3781 non
2990 3727 3124 3782 dixit
3169 3729 3308 3797 quod
3356 3728 3423 3783 sit
3468 3730 3713 3784 vitiosum
3754 3738 3811 3785 et

2232 3835 2469 3889 pravum,
2498 3820 2616 3887 sed,
2646 3818 2868 3891 Pr0pter
2894 3820 3236 3886 inﬁrmitatem
3263 3823 3371 3891 ejus
3399 3831 3442 3875 et
3465 3822 3811 3879 inutilitatem.

2232 3909 2367 3964 Alibi
2398 3924 2609 3979 quoque
2636 3911 2869 3964 ostendit
2893 3911 3008 3979 ejus
3040 3911 3475 3979 imbecillitatem,
3506 3922 3563 3967 ut
3584 3915 3800 3983 quando

2230 4003 2377 4067 dicit,
2409 4001 2473 4055 In
2498 4019 2597 4072 quo
2634 4003 2988 4071 in/irmabatur
3022 4022 3113 4074 per
3139 4020 3360 4059 carnem.
3408 4005 3523 4061 Non
3560 4016 3645 4062 est
3684 4022 3814 4077 ergo

2233 4094 2345 4148 hmc
2375 4094 2671 4157 imbecillis,
2706 4094 2799 4148 sed
2832 4111 2949 4150 nos.
2983 4096 3068 4150 l9.
3104 4095 3253 4149 Nihil
3283 4098 3417 4150 enim
3447 4098 3515 4149 ad
3540 4099 3817 4168 perfectum

2231 4186 2443 4237 adduxit
2480 4186 2577 4242 lex.
2619 4186 2755 4253 Quid
2801 4198 2905 4253 est,
2958 4187 3106 4241 Nihil
3134 4188 3202 4240 ad
3243 4189 3520 4258 perfectum
3553 4189 3819 4242 adduxit?

2233 4276 2508 4331 Neminem
2558 4276 2680 4331 fecit
2721 4276 3013 4345 perfectum
3060 4294 3180 4332 cum
3228 4282 3275 4333 ei
3309 4294 3414 4332 non
3461 4280 3820 4335 obediretur:

2233 4384 2550 4439 quamquam
2577 4384 2673 4423 nec
2701 4370 2744 4423 si
2773 4369 2950 4423 atulita
2977 4379 3142 4437 esset,
3172 4369 3463 4439 perfection
3491 4371 3825 4427 reddidisset

2234 4472 2287 4515 et
2316 4460 2508 4515 virtute
2538 4461 2843 4530 praeditum.
2887 4460 3099 4516 interim
3142 4471 3319 4516 autem
3365 4477 3469 4517 non
3514 4464 3614 4517 hoc
3652 4464 3810 4529 dicit,

2235 4551 2325 4607 sed
2380 4552 2519 4622 quod
2564 4552 2669 4605 vim
2708 4568 2812 4605 non
2854 4552 3135 4617 habuerit;
3196 4562 3249 4607 et
3288 4555 3479 4608 merito
3509 4572 3519 4606 :
3555 4554 3623 4607 ita
3676 4556 3825 4610 enim

2236 4645 2350 4698 sitze
2374 4654 2525 4697 erant
2556 4645 2723 4699 literze
2757 4664 2770 4699 :
2808 4645 2917 4699 Hoc
2968 4645 3067 4710 lac,
3099 4655 3151 4700 et
3183 4646 3307 4700 illttd
3351 4664 3452 4700 non
3499 4646 3577 4701 lac
3606 4665 3619 4701 :
3648 4648 3826 4704 solum

2237 4746 2613 4805 proponentes,
2639 4753 2743 4791 non
2778 4738 2935 4792 etiam
2954 4739 3057 4792 vim
3082 4749 3134 4793 ει
3174 4747 3495 4809 potestatem
3518 4741 3825 4797 afferentes.

2238 4826 2376 4897 Spes
2409 4837 2585 4881 autem
2619 4845 2721 4881 non
2751 4839 2832 4883 est
2861 4829 3144 4898 ejusmodi.
3189 4830 3325 4897 Quid
3357 4842 3439 4887 est
3470 4833 3782 4902 reprobatio
3804 4835 3830 4889 ?

2240 4921 2463 4991 Ejectio.
2496 4919 2769 4991 [Quasnam
2817 4931 2993 4974 autem
3046 4921 3157 4975 hmc
3186 4924 3252 4976 sit
3294 4925 3587 4978 ostendens
3615 4925 3820 4992 intulit,

2242 5013 2580 5067 Pra’cedentis
2604 5015 2827 5066 mandati
2850 5015 2873 5066 Ρ
2899 5012 2985 5068 Sic
3013 5015 3181 5083 legem
3213 5030 3435 5079 vocans,
3460 5017 3578 5085 quia
3604 5026 3833 5087 propter

2242 5106 2599 5159 inﬁrmitatem
2622 5119 2769 5159 suam
2812 5106 2981 5173 ejecta
3010 5115 3125 5171 est;
3158 5106 3281 5159 illud
3312 5116 3485 5161 autem
3516 5108 3835 5177 prmcedens

2242 5207 2395 5252 vocat
2419 5198 2557 5267 quod
2585 5198 2741 5251 desiit
2766 5209 2818 5251 et
2850 5209 3063 5267 propter
3084 5199 3443 5254 inﬁrmitatem
3489 5203 3837 5271 antiquatum

2242 5290 2368 5361 εει]
2399 5289 2715 5357 Reprobatio
2756 5300 2836 5343 est
2865 5289 3138 5358 abrogatio
3164 5300 3217 5343 et
3245 5291 3439 5346 deletio
3482 5308 3664 5346 eorum
3710 5307 3840 5363 qua:

2243 5382 2348 5434 vim
2404 5380 2668 5434 habebant
2716 5391 2770 5435 et
2815 5381 3085 5436 valebant.
3147 5382 3279 5438 Ilinc
3349 5385 3645 5438 ostenditur
3687 5386 3840 5453 quod

2248 5473 2351 5525 vim
2380 5472 2580 5535 habuit,
2606 5482 2658 5524 et
2702 5470 2883 5533 valuit,
2911 5471 3003 5526 Sed
3033 5473 3127 5526 fuit
3159 5474 3336 5527 habita
3369 5475 3661 5544 deSpectui,
3696 5492 3845 5545 quo-

2249 5564 2388 5616 niam
2427 5562 2551 5615 nihil
2576 5561 2772 5614 el'l'ecit.
2797 5562 2935 5615 Nihil
2960 5579 3087 5632 ergo
3118 5564 3195 5617 lex
3226 5565 3417 5635 profuit
3440 5567 3463 5619 ’ἶ
3490 5565 3691 5621 Proluit
3715 5569 3847 5635 qni-

2248 5655 2392 5717 tletn,
2440 5666 2493 5709 et
2520 5655 2670 5708 valde
2721 5655 2930 5723 proluit,
2991 5656 3081 5709 sed
3113 5657 3177 5709 ad
3212 5659 3538 5712 reddendum
3571 5658 3844 5729 pet-lectos

2256 5748 2384 5801 nihil
2412 5747 2625 5815 proluit.
2656 5747 2761 5800 Lex
2784 5748 2922 5800 enim
2957 5748 3080 5799 nihil
3107 5750 3332 5803 reddidit
3371 5750 3685 5818 perlectum.

2321 5852 2333 5881 ι
2366 5850 2483 5913 Quin
2505 5847 2691 5913 uncinis
2716 5845 2873 5913 clausa
2908 5854 3018 5913 sunt
3045 5859 3137 5913 non
3178 5845 3406 5913 leguntur
3442 5849 3487 5893 in
3522 5847 3688 5913 (indm:
3726 5866 3848 5913 qur-3

2256 5921 2417 5961 autem
2445 5910 2517 5958 hic
2544 5910 2760 5970 proxime
2786 5906 3042 5955 clausimus
3065 5907 3241 5957 desunt
3272 5910 3317 5955 ιιι
3341 5906 3621 5957 ιζοίιιιιιειιω.
