4122 6338
158 471 162 476 μ
212 389 307 444 105

279 493 647 557 Circumcisio,
689 489 969 558 sacriﬁcia,
1013 488 1274 541 sabbatum
1323 487 1502 540 umbra
1552 495 1788 539 crant.—

214 590 334 646 ldeo
365 588 521 652 dicit,
553 583 700 639 Nihil
730 583 814 637 lea:
841 582 1048 652 perfecit
1077 597 1094 634 :
1123 579 1302 635 omnia
1325 580 1467 633 enim
1495 588 1646 633 erant
1674 577 1808 648 typi,

214 681 392 736 omnia
437 679 654 740 umbra,
690 672 1054 738 circumcisio,
1108 671 1452 736 Sacrificium,
1505 669 1810 734 sabbatum,

215 791 281 845 qu
302 794 328 824 ιτ
361 788 471 827 non
502 777 785 839 potuerunt
811 766 875 820 ad
899 764 1131 819 animam
1161 762 1455 832 pervadere
1481 779 1493 814 :
1525 772 1810 831 propterea

218 866 414 920 cedunt
444 872 501 918 et
530 858 848 915 abscedunt.
902 857 1228 911 lntroductio
1273 873 1389 911 vero
1419 857 1644 910 melioris
1682 857 1810 926 spei,

220 974 306 1028 per
324 972 480 1025 quant
513 952 856 1022 proximamus
886 949 952 1002 ad
992 947 1160 1003 Deum
1198 964 1216 1002 :
1247 947 1336 1002 9.0.
1374 958 1418 1000 et
1458 957 1818 1016 qnantumcst

221 1065 320 1103 non
347 1047 460 1099 sine
475 1041 839 1114 jurejurando.
873 1040 1034 1095 Vides
1059 1039 1201 1109 quod
1236 1039 1322 1093 hic
1353 1039 1511 1093 fuerit
1535 1039 1814 1108 juramcn-

224 1154 330 1197 tum
377 1137 740 1194 necessarium
765 1136 789 1189 ?
818 1134 1177 1202 Quamobrem
1218 1133 1468 1202 superius
1509 1142 1628 1188 tam.
1657 1133 1820 1187 multa

225 1244 305 1288 est
333 1228 770 1304 philosophatus,
799 1226 942 1296 quod
975 1227 1115 1281 Deus
1139 1225 1424 1296 iuraverit,
1470 1236 1524 1280 et
1560 1226 1821 1294 juraverit

229 1337 283 1380 ut
308 1333 452 1379 esset
485 1322 683 1378 certior
709 1330 762 1374 et
791 1319 999 1389 plenior
1025 1319 1327 1388 persuasio.
1359 1317 1684 1371 lntroductio
1724 1335 1822 1369 an-

232 1434 326 1476 tem
371 1418 596 1474 melioris
641 1416 771 1485 spei.
806 1411 947 1479 Quid
977 1411 1081 1467 hoc
1125 1409 1252 1466 est?
1282 1406 1398 1461 Lex
1430 1417 1644 1474 quoque
1674 1415 1824 1470 spem

235 1518 486 1577 habebat,
527 1511 622 1568 sed
671 1526 777 1565 non
823 1507 982 1564 talem
1023 1524 1037 1561 :
1086 1502 1375 1575 sperabant
1423 1498 1590 1560 enim,
1632 1497 1676 1550 si
1719 1495 1828 1549 Deo

234 1608 587 1678 placuissent,
619 1618 678 1659 se
707 1614 902 1658 terram
932 1598 1233 1663 habituros,
1269 1605 1324 1650 et
1351 1593 1483 1648 nihil
1513 1607 1675 1662 grave
1703 1604 1828 1658 pas-

233 1717 409 1756 suros.
436 1699 534 1754 llic
562 1707 742 1752 autem
775 1709 1074 1764 speramus,
1106 1691 1152 1746 si
1181 1690 1290 1744 Deo
1321 1686 1704 1759 placuei-imns,
1729 1698 1828 1737 nos

233 1810 335 1849 non
371 1804 574 1846 terram
605 1801 970 1859 possessuros,
1007 1784 1103 1840 sed
1143 1784 1368 1848 ca-lum;
1405 1781 1534 1844 imo,
1574 1778 1714 1848 quod
1748 1787 1830 1830 cst

233 1885 331 1939 hoc
361 1883 532 1938 multo
553 1880 913 1952 ιιιιωειειιιιὶιιε,
937 1891 1218 1947 Speramus
1247 1873 1363 1929 fore
1389 1881 1444 1927 ut
1471 1872 1639 1926 simus
1661 1885 1828 1938 prope

233 1976 424 2040 Deum,
453 1973 519 2027 ad
552 1974 720 2042 ipsam
752 1969 941 2025 sedem
981 1968 1261 2022 veniamus
1293 1975 1591 2035 paternam,
1633 1961 1683 2015 ei
1731 1961 1824 2013 ini-

231 2068 508 2123 nistraturi
558 2080 679 2120 cum
721 2063 946 2134 angelis.
996 2062 1062 2116 Et
1110 2061 1230 2115 vide
1259 2058 1529 2130 quomodo
1572 2073 1633 2110 ea
1682 2056 1830 2126 ponit

233 2159 508 2233 paulatim.
544 2156 676 2212 Nam
715 2155 824 2206 illic.
862 2153 1078 2227 quidem
1112 2151 1261 2216 dicit,
1309 2149 1638 2223 lngredimur
1672 2161 1828 2217 usque

229 2255 294 2307 ad
328 2254 577 2307 interiora
617 2249 913 2312 uelaminis;
946 2247 1032 2301 hic
1075 2257 1280 2309 autem,
1335 2245 1435 2297 l’er
1464 2259 1617 2312 quam
1654 2241 1832 2307 proxi-

230 2361 424 2400 mamus
447 2344 516 2398 ad
546 2343 707 2397 Deum
731 2357 750 2396 :
771 2351 816 2396 et
841 2350 1085 2412 quantum
1108 2347 1180 2393 est
1203 2356 1305 2392 non
1332 2339 1441 2390 sine
1457 2337 1825 2407 jurejurando.

229 2438 360 2507 Quid
389 2447 495 2505 est,
526 2437 592 2491 Et
620 2445 866 2506 quantum
903 2445 996 2501 est,
1040 2449 1142 2486 non
1173 2432 1282 2485 sine
1297 2431 1642 2501 jurejurando
1666 2429 1690 2482 ἱ)
1716 2427 1831 2483 Hoc

229 2541 328 2598 est,
360 2531 481 2586 Non
507 2530 624 2584 sine
649 2528 977 2598 juramento.
1005 2524 1147 2579 Ecce
1168 2523 1271 2577 alia
1298 2521 1620 2576 diderentia.
1646 2518 1830 2589 Neque

230 2623 342 2678 bzec
369 2623 494 2677 sine
535 2635 694 2676 causa
735 2626 862 2674 sunt
899 2616 1185 2686 promissa,
1236 2613 1428 2684 inquit.
1473 2611 1576 2664 Alii
1620 2610 1826 2682 quidem

229 2716 335 2769 sine
353 2712 700 2785 jurejurando
721 2709 1008 2765 sacerdotes
1048 2708 1175 2776 facti
1215 2716 1370 2770 sunt;
1413 2703 1508 2758 21.
1549 2703 1632 2755 hic
1658 2711 1828 2756 autem

232 2823 316 2876 per
335 2805 710 2876 jusjurandum
743 2819 831 2873 per
857 2818 971 2856 eum
1001 2800 1087 2870 qui
1124 2798 1256 2852 dixit
1296 2797 1363 2850 ad
1399 2797 1546 2850 illum
1578 2810 1595 2847 :
1619 2792 1827 2847 Iuravit

232 2896 487 2954 Dominus
532 2904 579 2948 et
629 2910 730 2947 non
765 2892 1022 2962 pwnitebit
1067 2907 1179 2944 eum
1227 2887 1359 2942 :Tu
1395 2904 1447 2940 cs
1493 2885 1729 2940 sacerdos
1775 2885 1829 2939 in

229 3002 478 3042 internum
507 2985 788 3040 secundum
820 2983 1046 3037 ordinem
1079 2980 1474 3034 Melchisedech.
1497 2978 1592 3032 2‘2.
1620 2977 1684 3030 In
1710 2973 1826 3031 (an;

230 3091 331 3132 tum
375 3081 604 3134 melioris
633 3078 918 3132 testamenti
958 3092 1172 3145 sponsor
1199 3075 1366 3144 [actus
1411 3083 1482 3126 est
1529 3072 1701 3124 Jesus.
1733 3070 1825 3124 25.

233 3173 294 3225 Et
346 3174 440 3226 alii
488 3173 689 3241 quidem
738 3170 911 3239 plures
957 3170 1080 3239 facti
1125 3178 1240 3221 sunt
1288 3165 1592 3226 sacerdotes,
1638 3163 1830 3216 idcirco

228 3267 360 3332 quod
401 3275 567 3318 morte
615 3263 999 3332 prohiberentur
1037 3275 1331 3330 permanere
1370 3273 1388 3310 :
1424 3256 1514 3310 24.
1550 3256 1631 3308 hic
1660 3264 1829 3308 autent

229 3375 283 3410 eo
311 3357 451 3424 quod
486 3364 682 3407 maneat
713 3355 766 3406 in
793 3363 1057 3415 teternunt,
1083 3351 1446 3418 sempiternum
1490 3347 1636 3400 habet
1660 3362 1830 3401 sacer-

235 3453 443 3499 ('Oltttm.
503 3446 646 3498 Duas
691 3444 840 3515 ponit
886 3442 1240 3506 dill'erentias,
1288 3442 1430 3511 quod
1479 3457 1584 3494 non
1632 3438 1830 3494 habeat

230 3543 384 3594 littettt
414 3539 558 3592 sicut
588 3538 776 3608 legale.
801 3545 856 3590 et
879 3537 1020 3606 quod
1050 3551 1169 3588 cum
1197 3535 1527 3605 juramcnto.
1562 3532 1617 3588 ld
1651 3543 1830 3588 autem

229 3632 353 3686 facit
377 3647 406 3684 a
435 3630 680 3692 Clu-i510,
705 3630 794 3698 qui
822 3645 888 3682 eo
921 3631 1159 3697 iungitur
1195 3645 1206 3680 :
1243 3643 1362 3680 nam
1403 3625 1696 3680 Secundum
1726 3624 1830 3679 eir-

231 3737 406 3789 tutem,
439 3725 635 3793 inquit,
669 3723 786 3776 vita:
810 3721 1192 3775 indissolubilis.
1218 3718 1269 3770 Μ
1303 3718 1423 3772 facit
1445 3718 1603 3770 etiam
1630 3732 1658 3770 a
1682 3716 1830 3786 jura-

228 3828 406 3872 mento
429 3816 574 3887 quod
600 3815 816 3884 juravit,
858 3824 958 3868 eta
991 3828 1049 3867 rc
1080 3814 1190 3881 ipsa
1227 3830 1238 3865 :
1270 3811 1554 3880 siquidem,
1578 3809 1832 3878 quoniam

229 3919 341 3964 erat
384 3908 755 3971 imbecillum,
799 3906 924 3960 illud
970 3905 1200 3974 ejectum
1227 3915 1310 3958 est
1344 3921 1357 3958 :
1389 3904 1488 3956 hoc
1523 3914 1697 3955 autent
1727 3909 1833 3956 stat

228 4012 282 4058 et
352 4013 569 4065 tnanct,
618 3999 869 4070 quoniam
909 4007 991 4051 est
1063 4008 1253 4066 potens
1302 4004 1356 4051 et
1415 3995 1673 4049 validum.
1727 3993 1832 4050 Fa-

230 4097 300 4150 cit
352 4095 589 4164 denique
633 4108 697 4146 ex
760 4092 1058 4146 sacerdote.
1109 4083 1426 4156 Quomodo?
1466 4087 1719 4156 quoniam
1751 4095 1837 4143 est

231 4202 365 4241 unus
399 4206 411 4240 :
446 4197 502 4241 et
532 4201 637 4238 non
671 4191 814 4237 esset
843 4197 978 4236 unus
1002 4181 1101 4235 nisi
1137 4181 1475 4237 immortalis.
1506 4181 1656 4235 Sicut
1684 4181 1831 4234 enim

229 4282 378 4335 multi
421 4289 553 4333 sunt
603 4276 914 4332 sacerdotes
964 4290 1031 4330 eo
1073 4274 1213 4343 quod
1263 4277 1367 4329 sint
1425 4274 1680 4326 mortales
1715 4291 1727 4326 :
1760 4271 1832 4326 ita

230 4390 366 4428 unus
405 4383 493 4427 est
538 4387 699 4435 unus,
743 4370 883 4439 quod
928 4370 998 4422 sit
1035 4355 1370 4422 innnoi-talis.
1415 4365 1576 4418 'l'uuto
1607 4364 1831 4418 melioris

229 4461 520 4514 tatamenti
561 4474 777 4528 sponsor
829 4462 994 4529 factus
1045 4468 1119 4513 est
1169 4456 1340 4522 Iesus,
1385 4458 1525 4527 quod
1562 4457 1827 4526 iuraverit

225 4565 345 4606 eum
377 4566 603 4620 semper
635 4550 868 4604 futurum
899 4549 1256 4612 sacerdotem,
1292 4564 1396 4601 non
1427 4550 1527 4601 hoc
1563 4547 1824 4610 facturus,

224 4643 398 4698 sinon
430 4653 582 4697 esset
610 4642 781 4696 vivus.
809 4642 899 4697 25.
945 4639 1091 4696 Unde
1120 4650 1166 4694 et
1201 4640 1399 4694 salcare
1441 4639 1492 4691 in
1523 4647 1824 4707 perpetuum

223 4743 383 4803 potest
427 4733 730 4788 accedentes
775 4749 863 4802 per
907 4733 1229 4794 semetipsum
1266 4730 1336 4784 ad
1379 4728 1542 4782 Deum
1564 4769 1580 4794 ,
1625 4743 1824 4798 semper

221 4825 388 4880 vivens
412 4827 484 4880 ad
513 4824 944 4894 interpellandum
973 4840 1064 4892 pro
1091 4823 1234 4894 ipsis.

289 4916 343 4972 5.
362 4915 530 4970 Vides
554 4915 696 4985 quod
719 4914 820 4968 hoc
843 4915 993 4979 dicit,
1023 4913 1076 4968 id
1097 4926 1346 4983 spectans
1373 4911 1516 4983 quod
1537 4912 1728 4966 attinet
1754 4911 1823 4967 ad

220 5011 483 5064 carnem?
512 5009 740 5073 Quanelo
770 5023 891 5062 cum
924 5006 1255 5062 Sacerdotem
1275 5004 1530 5072 ostendit,
1568 5015 1694 5060 tunc
1719 5020 1789 5074 op
1809 5033 1823 5044 -

221 5112 450 5183 portune
475 5102 612 5157 dicit
638 5101 788 5167 illud,
813 5099 1173 5169 interpellare.
1194 5099 1372 5165 Itaque
1393 5115 1512 5153 cum
1540 5097 1819 5152 dicitPauo

219 5194 300 5251 lus
330 5195 510 5266 ipsum
542 5193 883 5262 interpellare
915 5208 1009 5262 pro
1039 5191 1213 5252 nobis,
1233 5191 1534 5244 subindicat
1560 5191 1733 5259 ipsum
1759 5201 1822 5245 ut

220 5289 564 5346 sacerdotem
581 5285 630 5338 id
648 5283 844 5340 facere.
862 5284 995 5339 Nam
1011 5286 1102 5353 qui
1120 5295 1175 5338 nt
1196 5287 1300 5338 vult
1316 5285 1536 5339 suscitat
1554 5293 1821 5350 mortuos,

218 5393 271 5437 et
287 5382 524 5436 vivilicat
546 5378 800 5444 utPater,
819 5377 1089 5446 quomodo
1118 5377 1202 5431 ubi
1229 5385 1440 5445 oportet
1463 5390 1700 5443 servare,
1731 5376 1813 5430 iu-

219 5471 508 5542 terpellat?
534 5469 628 5540 qui
657 5484 816 5523 omne
843 5467 1002 5523 habet
1021 5467 1300 5537 judicium,
1345 5467 1615 5537 quomodo
1641 5471 1807 5522 inter—

217 5563 506 5634 cedit?qui
525 5561 692 5615 mittit
726 5560 961 5632 angelos,
994 5573 1051 5614 ut
1078 5560 1209 5612 alios
1240 5560 1454 5628 quidem
1494 5560 1733 5629 injiciant
1765 5563 1814 5614 in

217 5655 508 5724 fornacem,
531 5656 672 5710 alios
689 5663 865 5710 autem
882 5665 1116 5718 servent,
1136 5655 1404 5724 quomodo
1454 5655 1767 5725 interpellat
1800 5655 1825 5709 ’ἒ

224 5749 387 5814 Unde,
422 5749 629 5819 inquit,
650 5755 697 5801 et
719 5757 877 5816 potest
907 5748 1120 5802 salvere.
1151 5747 1437 5816 Propterea
1467 5762 1597 5818 ergo
1612 5753 1820 5803 servat.

219 5842 468 5916 quoniam
495 5856 606 5897 non
629 5838 869 5896 moritur.
887 5840 1146 5909 Quoniam
1173 5855 1277 5896 non
1298 5840 1588 5898 moriturct
1603 5853 1817 5911 semper

979 387 1047 446 ΙΝ
1087 384 1301 447 EPIST.
1344 382 1437 440 AD
1478 377 1846 441 llEBltEOS.
1889 375 2046 434 CAP.
2090 373 2203 431 ιῑιι.
2246 368 2625 432 HOMlLJilll.

3400 355 3502 412 106

1928 481 2074 543 vivit,
2109 492 2214 532 non
2246 475 2425 537 habet,
2453 471 2645 542 inquit,
2678 478 3044 522 successorem
3076 479 3087 516 :
3117 461 3160 515 si
3193 469 3372 516 autem
3410 475 3515 514 non

1929 572 2088 626 habet
2132 581 2533 630 snecessoreut,
2568 570 2748 634 potest
2787 563 2948 613 etiam
2979 572 3167 611 omnes
3195 554 3512 609 defendere.

1925 663 2055 718 Nam
2088 661 2176 716 hic
2205 659 2416 729 quidem
2449 655 2688 727 pontifex
2716 693 2739 720 ,
2761 651 2970 706 etiamsi
3013 647 3343 701 admirabilis
3366 689 3380 712 ,
3407 654 3526 701 erat

1927 774 2092 827 usque
2121 756 2186 810 ad
2216 753 2346 809 illud
2385 763 2592 820 tempus
2616 749 2667 802 in
2699 761 2804 817 quo
2819 753 2953 811 erat,
2978 753 3035 798 ut
3063 741 3298 802 Samuel,
3327 749 3379 795 et
3403 741 3524 808 qni-

1924 867 2154 922 cumque
2203 856 2358 904 erant
2403 841 2746 913 bujusmodi,
2777 847 2960 909 postea
3003 846 3182 889 autem
3227 850 3330 888 non
3367 841 3526 887 eruit

1925 944 2190 1015 amplius;
2221 939 2417 995 mortui
2468 937 2613 992 enim
2646 933 2854 987 fuerant
2886 948 2898 983 :
2936 929 3020 982 hic
3050 937 3228 982 autem
3268 942 3371 979 non
3404 929 3481 978 sic,
3508 966 3522 989 ,

1923 1037 2018 1091 sed
2049 1044 2233 1090 servat
2267 1033 2320 1085 itt
2367 1037 2707 1100 perpetuum.
2741 1022 2877 1091 Quid
2909 1030 2992 1075 Cal
3014 1061 3030 1088 ,
3081 1019 3142 1072 In
3173 1029 3469 1089 perpetuum
3497 1020 3520 1069 ?

1925 1126 2106 1182 Tacite
2133 1125 2396 1194 signitiCat
2431 1117 2641 1187 aliquod
2676 1115 3012 1185 tnyswriuut.
3047 1111 3159 1165 Non
3188 1111 3272 1164 hic
3305 1111 3516 1173 solum,

1925 1220 2097 1289 inquit
2122 1259 2135 1282 ,
2168 1215 2265 1271 sed
2297 1215 2643 1281 lllic‘quoqltt:
2673 1223 2767 1263 eos
2797 1205 3094 1289 servatqin
3124 1218 3214 1271 per
3250 1203 3300 1270 ip
3336 1218 3422 1254 um
3456 1201 3522 1254 ad

1927 1313 2093 1368 Deum
2121 1309 2404 1367 accedunt.
2437 1302 2716 1371 Quomodo
2745 1309 2920 1354 servat
2951 1275 3220 1365 ?ISL'lllpL'r
3250 1297 3416 1349 vivens
3456 1297 3525 1347 ad

1925 1400 2351 1472 interpellandum
2395 1412 2486 1467 pro
2537 1394 2692 1463 ipsis.
2724 1393 2913 1461 inquit.
2951 1389 3110 1442 Vides
3165 1387 3523 1441 humilitatem

1927 1494 2225 1551 secundum
2295 1490 2582 1544 humanam
2655 1483 2942 1537 naturain?
2987 1498 3091 1534 non
3137 1481 3280 1534 enint
3355 1481 3526 1549 ipsum

1926 1589 2092 1645 semel
2156 1583 2572 1641 intercedentem
2637 1580 2738 1632 hoc
2799 1589 3146 1647 asscquutum
3203 1591 3323 1630 esse
3376 1577 3525 1641 dicit,

1926 1682 2020 1737 sed
2074 1692 2322 1746 semper,
2366 1684 2419 1728 et
2458 1669 2671 1742 quando
2703 1686 2834 1737 opus
2866 1669 3025 1721 fuerit
3051 1709 3062 1728 ,
3113 1683 3210 1736 pro
3237 1670 3314 1722 eis
3361 1670 3527 1719 inter—

1928 1774 2162 1845 pellare:
2201 1769 2301 1822 hoc
2352 1767 2493 1819 enim
2543 1765 2836 1833 signiticat,
2898 1759 2964 1812 In
3024 1771 3338 1829 perpetuum.
3391 1762 3528 1828 Quid

1928 1879 2051 1933 est,
2113 1863 2180 1917 In
2234 1859 2575 1930 perpetuum?
2627 1856 2740 1910 Non
2799 1855 2971 1908 solum
3005 1854 3069 1926 ad
3127 1865 3372 1924 tempus,
3428 1856 3525 1908 sed

1932 1962 2093 2012 t'liatn
2129 1956 2233 2007 illic
2267 1956 2314 2004 in
2349 1952 2452 2002 vita
2484 1948 2680 2002 futura.
2712 1947 2938 2014 Semper
2965 1962 3091 2013 ergo
3115 1961 3247 2012 opus
3280 1946 3436 1998 Italici
3470 1957 3527 1997 ιιι

1933 2053 2181 2115 precetur
2197 2043 2288 2098 let
2305 2038 2572 2112 quomodo
2589 2038 2742 2092 fuerit
2757 2036 3218 2091 consentaneum?
3243 2035 3400 2101 Sarpe
3419 2034 3540 2102 qui-

1926 2138 2048 2190 dem
2064 2135 2308 2190 homines
2326 2131 2453 2202 justi
2473 2147 2537 2185 ex
2561 2145 2660 2183 una
2688 2128 3125 2199 petitionemtmn
3147 2124 3529 2188 cooleccrnut;

1925 2228 2038 2298 ipse
2065 2237 2240 2282 autem
2267 2239 2482 2292 semper
2506 2221 2801 2292 precatur?
2833 2234 2929 2274 cur
2956 2233 3084 2287 ergo
3111 2215 3402 2272 considet?
3434 2215 3522 2269 Vi-

1923 2322 2019 2374 des
2044 2318 2184 2388 qttod
2231 2319 2332 2371 hoc
2362 2317 2431 2370 sit
2463 2316 2541 2368 sui
2570 2313 2828 2368 demissio
2858 2311 3002 2382 quod
3053 2309 3287 2364 humana
3337 2309 3522 2376 loqua-

1923 2413 2049 2467 tur?
2083 2412 2194 2465 lloc
2217 2419 2393 2464 autem
2427 2409 2540 2461 vult
2566 2405 2868 2476 signiﬁcare
2894 2424 2905 2457 :
2938 2402 3014 2455 Ne
3045 2402 3298 2458 timentis.
3327 2399 3518 2467 inquit,

1922 2519 2096 2575 neque
2121 2503 2313 2558 dicatis
2341 2544 2354 2563 ,
2382 2501 2542 2554 Certe
2579 2517 2674 2552 nos
2702 2497 2918 2568 quidem
2945 2495 3116 2564 diligit
3143 2536 3155 2557 ,
3187 2504 3241 2548 et
3269 2491 3518 2546 liduciant

1924 2596 2082 2650 habet
2111 2595 2252 2665 apud
2287 2595 2496 2649 Patrem
2525 2634 2539 2656 ,
2571 2591 2663 2644 sed
2709 2608 2814 2643 non
2844 2604 3059 2658 semper
3092 2589 3272 2641 vivere
3299 2595 3473 2655 potest
3503 2603 3516 2638 :

1920 2702 2135 2757 semper
2164 2687 2305 2740 cnim
2354 2685 2501 2737 vivit.
2534 2681 2624 2736 ‘26.
2677 2679 2816 2734 Talis
2862 2680 2994 2732 enim
3037 2678 3240 2730 decebat
3280 2688 3331 2729 nt
3378 2676 3521 2730 nobis

1920 2791 2044 2836 esset
2077 2782 2331 2851 pontifex,
2365 2786 2570 2830 sanctus
2594 2816 2606 2836 ,
2640 2776 2901 2834 innocens,
2932 2773 3250 2840 impollutus,
3283 2787 3521 2841 segrega-

1917 2888 1998 2931 tns
2029 2893 2058 2927 a
2092 2872 2461 2945 peccatoribus.
2516 2869 2675 2922 Vides
2713 2866 2860 2937 quod
2912 2875 3079 2918 totum
3111 2864 3312 2918 dictum
3357 2865 3425 2914 sit
3452 2863 3520 2916 de

1919 2969 2250 3022 humanitate
2276 2966 2298 3016 ’ἰ
2330 2961 2558 3031 Quando
2582 2970 2759 3014 autem
2785 2958 2907 3011 dico
2937 2956 3325 3009 humanitatem
3352 2997 3365 3017 ,
3398 2969 3518 3008 cam

1917 3060 2040 3114 dico
2068 3075 2188 3129 qua:
2212 3058 2374 3110 habet
2393 3054 2726 3107 divinitatem
2752 3067 2764 3112 ;
2793 3066 2896 3102 nou
2923 3048 3190 3113 dividens,
3215 3047 3309 3101 sed
3335 3047 3518 3101 sinens

1916 3163 1975 3208 ut
2002 3168 2120 3222 quze
2149 3151 2308 3205 decet
2350 3147 2636 3216 intelligas.
2673 3143 2861 3197 Vidisti
2902 3141 3261 3195 dill‘crcntimn
3297 3140 3518 3209 pontiti-

1915 3247 2036 3301 cis?
2069 3245 2125 3301 In
2158 3258 2424 3298 summam
2461 3240 2670 3307 redegit
2697 3253 2816 3307 qum
2851 3249 3012 3304 Supra
3047 3233 3186 3286 dicta
3221 3242 3348 3285 sunt
3391 3247 3518 3286 cunt

1916 3343 2143 3406 diceret,
2181 3339 2426 3392 Teutalus
2455 3335 2504 3387 in
2547 3331 2786 3386 omnibus
2819 3329 3098 3384 secundum
3130 3326 3518 3380 similitudinem

1915 3439 2101 3507 absque
2132 3442 2357 3503 peccato.
2392 3427 2533 3482 Talis
2556 3468 2570 3493 ,
2623 3425 2835 3494 inquit,
2879 3422 3086 3476 decebat
3134 3430 3187 3472 ut
3218 3420 3362 3474 nobis
3388 3429 3518 3471 esset

1915 3529 2162 3600 pontifex,
2191 3534 2395 3579 sanctus
2421 3565 2435 3588 ,
2478 3522 2740 3574 innocens.
2785 3515 3039 3570 Innocens
3067 3514 3193 3583 quid
3226 3523 3304 3567 est
3330 3514 3351 3566 ?
3397 3512 3516 3566 Non

1915 3623 2126 3684 tnalus,
2174 3633 2274 3673 nec
2317 3615 2618 3670 subdolus:
2651 3610 2794 3682 quod
2845 3610 2981 3663 alius
3030 3607 3162 3661 dicit
3209 3606 3510 3675 propheta,

1919 3717 2079 3770 Dolus
2122 3731 2222 3768 non
2253 3722 2322 3766 est
2351 3713 2578 3763 inventus
2621 3707 2672 3759 in
2705 3720 2790 3758 ore
2819 3706 2929 3773 ejus
2960 3700 3111 3771 (lsai.
3147 3701 3234 3756 55.
3268 3700 3343 3768 9).
3384 3700 3515 3764 Quis

1916 3811 2018 3866 hoc
2054 3809 2122 3863 de
2152 3808 2263 3862 Deo
2290 3805 2488 3859 dixerit
2511 3844 2524 3864 .
2571 3811 2762 3855 etnon
2803 3798 3084 3853 erubescat
3114 3795 3300 3848 dicens
3344 3793 3513 3846 Deum

1918 3921 2023 3960 non
2071 3916 2192 3956 esse
2236 3898 2481 3953 dolosam
2514 3905 2568 3949 et
2617 3891 3064 3947 fraudulentum?
3101 3889 3175 3941 De
3221 3903 3286 3941 eo
3333 3895 3514 3940 autem

1915 3995 2056 4067 quod
2085 4003 2167 4048 est
2213 3987 2506 4046 scCundum
2551 3999 2816 4047 carnem,
2868 3982 3048 4035 dicere
3093 3990 3178 4034 est
3228 3987 3515 4032 consenta-

1917 4103 2099 4149 neum,
2135 4085 2384 4145 Sanctus,
2415 4078 2734 4148 impollutus.
2770 4075 2876 4128 Nec
2907 4073 3009 4128 hoc
3038 4073 3105 4125 de
3134 4072 3243 4125 Deo
3267 4070 3468 4124 dixeris
3497 4086 3512 4125 :

1919 4199 2035 4237 ram
2061 4181 2205 4236 enim
2237 4177 2399 4231 habet
2430 4183 2672 4228 naturam
2720 4188 2838 4241 qtu!
2872 4185 2976 4224 non
3012 4167 3287 4236 polluitur.
3323 4164 3514 4234 Segre-

1917 4289 2062 4349 gutus
2082 4291 2112 4326 a
2143 4269 2508 4342 peccatoribus.
2537 4267 2724 4321 llocne
2748 4279 2876 4332 ergo
2904 4263 3078 4317 Solum
3104 4257 3342 4312 ostendit
3363 4256 3518 4311 diffe-

1918 4348 2166 4429 rentiam,
2200 4379 2266 4420 an
2299 4362 2458 4416 etiam
2505 4360 2676 4427 ipsum
2706 4354 3072 4409 sacrificium?
3102 4351 3274 4405 Etiam
3306 4348 3517 4404 sacrili-

1916 4464 2079 4517 cium.
2113 4454 2433 4526 Quomodo?
2463 4452 2528 4504 Ξῖ
2549 4485 2565 4502 .
2586 4451 2682 4516 Qui
2712 4466 2813 4502 non
2845 4449 2990 4501 habet
3020 4447 3363 4501 necessitatem
3391 4460 3519 4510 quo-

1917 4555 2066 4617 tidie,
2087 4545 2514 4619 quemadmodum
2539 4543 2825 4595 sacerdotes
2853 4581 2865 4601 ,
2899 4540 3040 4608 prius
3070 4554 3160 4606 pro
3190 4538 3293 4588 suis
3321 4535 3519 4588 delictis

1922 4646 2109 4699 hostias
2132 4641 2334 4708 o/ferre,
2360 4636 2542 4691 deinde
2572 4653 2662 4699 pro
2695 4633 2871 4702 populi
2903 4648 2920 4684 :
2950 4632 3042 4683 hoc
3069 4631 3200 4682 enim
3223 4629 3338 4698 fecit
3367 4627 3518 4681 semel

1922 4755 1974 4792 se
1998 4733 2277 4802 offerendo.
2308 4731 2420 4784 lloc
2458 4723 2634 4797 quid?
2671 4725 2756 4779 hic
2777 4722 3080 4778 facitvelnti
3102 4719 3367 4789 quoddam
3393 4734 3520 4787 pro.

1919 4829 2138 4886 minium
2156 4822 2486 4880 excellentia:
2498 4816 2751 4888 Spiritalis
2771 4815 3038 4871 sacriﬁcii.
3054 4814 3192 4868 Dixit
3215 4812 3338 4880 quid
3363 4813 3526 4867 inter.

1924 4923 1993 4975 sit
2025 4921 2164 4974 inter
2191 4915 2548 4980 sacerdotem,
2573 4922 2626 4967 et
2646 4911 2771 4982 quid
2801 4911 2938 4965 inter
2964 4907 3390 4968 Testamentum,
3415 4918 3524 4959 non

1933 5025 2101 5070 totunt
2128 5011 2364 5083 quidem,
2398 5009 2530 5062 dixit
2577 5015 2753 5060 tamen
2779 5022 2793 5059 :
2821 5003 2908 5057 hic
2924 5003 3034 5072 jam
3056 5000 3178 5055 facit
3208 4998 3525 5070 pra~ludinm

1925 5108 2094 5176 ipsius
2125 5102 2372 5159 sacriﬁcii
2398 5099 2500 5169 (a).
2533 5099 2608 5154 Ne
2637 5112 2766 5167 ergo
2793 5111 2916 5150 cum
2941 5110 3063 5149 eum
3109 5092 3344 5147 audieris
3374 5103 3545 5144 sacer-

1924 5200 2130 5260 dotem,
2153 5195 2427 5250 existimes
2446 5208 2566 5247 eum
2595 5205 2808 5258 semper
2837 5188 2978 5258 fungi
3005 5185 3338 5241 sacerdotio:
3359 5184 3530 5238 semel

1926 5293 2070 5347 enim
2096 5289 2308 5344 functus
2333 5295 2414 5341 est
2436 5297 2658 5340 munere
2679 5279 3021 5342 sacerdotali,
3036 5277 3359 5346 etdcinceps
3373 5276 3528 5330 sedit.

1926 5384 2004 5439 Ne
2029 5387 2169 5439 enim
2211 5380 2486 5437 existimes
2527 5393 2649 5432 eum
2682 5386 2824 5430 stare
2853 5371 2993 5444 apud
3023 5387 3248 5441 superos
3273 5412 3287 5435 ,
3321 5381 3373 5424 et
3405 5384 3525 5422 esse

1930 5480 2253 5543 ministrum,
2283 5473 2513 5530 ostendit
2538 5486 2649 5526 rem
2677 5485 2796 5524 esse
2822 5467 3259 5537 dispensationis.
3313 5463 3445 5517 Nam
3478 5471 3535 5517 ut

1931 5569 2025 5624 fuit
2049 5585 2251 5633 servus,
2284 5569 2352 5621 ita
2379 5567 2541 5622 etiam
2586 5562 2853 5618 sacerdos.
2873 5573 2925 5616 et
2956 5561 3202 5614 minister
3231 5583 3244 5618 :
3276 5556 3368 5612 sed
3393 5555 3535 5611 sicut

1930 5679 2052 5719 cum
2083 5661 2252 5716 factus
2275 5668 2417 5714 esset
2443 5672 2652 5715 servus,
2681 5671 2786 5707 non
2813 5654 3004 5708 mansit
3029 5667 3242 5716 servus,
3271 5651 3340 5704 ita
3368 5652 3531 5703 etiam

1990 5769 2485 5838 (a)1lict‘.olh._desin
2505 5768 2833 5832 t,omittitque
2857 5766 3014 5818 cumia
3038 5764 3266 5828 usquead
3291 5764 3530 5814 (technam

1934 5833 2150 5891 lrain-tam
2179 5833 2441 5883 homilima.
2752 5843 2758 5856 δ
