4122 6338
605 359 702 415 107

591 482 709 518 cum
735 463 904 515 factus
926 465 1067 511 esset
1096 451 1359 513 minister,
1391 460 1493 500 non
1519 440 1715 498 mansit
1744 437 1986 492 minister
2011 451 2025 488 :
2056 447 2160 486 non

592 564 675 611 e-t
702 556 842 609 enim
891 537 1377 605 ministri-sedere,
1410 536 1502 591 sed
1548 546 1712 588 stare.
1748 532 1861 585 Hoc
1902 541 2032 598 ergo
2080 525 2167 579 hic

593 644 891 702 subindicat
926 632 1346 709 magnitudinem
1376 625 1639 691 sacriﬁcii,
1669 621 1830 693 quod,
1860 635 2021 674 unum
2044 632 2166 671 cum

595 748 759 801 esset,
783 733 1013 793 suﬂ'eeit,
1037 740 1091 783 et
1110 727 1274 782 Semel
1302 724 1535 778 o‘.:latum
1562 728 1763 773 tantum
1788 714 1978 786 potuit,
2002 726 2169 777 quan-

599 840 708 881 tum
752 841 854 879 non
896 812 1394 890 potnt-runtmunia.
1436 810 1540 867 Sed
1583 808 1656 865 de
1681 808 1762 861 his
1785 803 2166 859 ntmdnmznon

598 922 739 975 enim
766 917 889 970 dicit
912 913 1011 969 nisi
1044 929 1058 965 :
1093 908 1206 965 Hoc
1224 909 1355 963 alim
1378 948 1393 971 ,
1419 904 1606 974 inquit,
1639 900 1790 955 semel
1825 898 1963 968 fecit.
1991 894 2166 963 Quod-

601 1010 766 1067 nam?
801 1006 1013 1061 Necesse
1042 1011 1114 1058 est
1133 1043 1149 1068 ,
1183 1001 1372 1069 inquit.
1400 998 1579 1051 habere
1608 994 1759 1047 etiam
1788 991 1923 1044 [tunc
1950 986 2165 1057 aliquid,

603 1102 791 1171 inquit,
817 1097 950 1169 quod
974 1094 1154 1163 offerat
1176 1110 1196 1160 ;
1228 1107 1332 1146 non
1362 1104 1457 1160 pro
1482 1088 1661 1157 seipse
1689 1102 1703 1139 :
1733 1082 1999 1154 quomodo
2026 1081 2167 1135 enim

605 1212 700 1264 pro
736 1206 800 1245 se
842 1188 1057 1244 offerret
1084 1200 1203 1241 eum
1247 1180 1603 1252 impeccahilis
1658 1176 1777 1231 sit?
1830 1173 1922 1229 scd
1955 1188 2050 1244 pro
2080 1187 2171 1243 po-

605 1286 748 1354 pulo.
788 1281 922 1351 Quid
950 1279 1120 1335 dicis?
1148 1284 1204 1331 ει
1245 1289 1349 1329 non
1377 1286 1512 1342 opus
1541 1270 1701 1324 habet
1743 1266 1940 1321 ollerrc
1976 1278 2073 1336 pro
2113 1278 2172 1319 se

604 1380 740 1447 ipso,
773 1385 824 1428 et
852 1366 1290 1437 tantum'potest?
1329 1365 1507 1428 Certe,
1539 1358 1731 1430 inquit.
1778 1356 1909 1412 Nam
1948 1369 2016 1409 ne
2053 1354 2170 1409 cxi-

604 1445 851 1522 stimares
879 1463 1003 1517 itlttd
1027 1504 1042 1526 ,
1077 1459 1219 1515 Fecit
1244 1455 1394 1513 semel
1419 1496 1433 1520 ,
1466 1453 1533 1507 de
1575 1453 1692 1521 ipso
1721 1462 1932 1519 quoque
1972 1445 2174 1500 dictum

605 1575 759 1624 cs~e,
802 1555 922 1610 audi
962 1552 1088 1623 quid
1138 1550 1280 1605 dicat
1317 1566 1328 1601 :
1366 1546 1469 1600 Lex
1506 1544 1639 1598 enim
1669 1542 1896 1595 homines
1922 1538 2176 1594 constituit

607 1649 888 1706 Sacerdotes
926 1646 1159 1698 [iubentes
1206 1640 1591 1708 inﬁrmitatem;
1627 1636 1690 1689 et
1728 1632 1847 1686 ideo
1877 1630 2037 1684 etiam
2085 1640 2174 1695 prc

610 1758 668 1798 sc
696 1754 905 1808 semper
930 1735 1160 1790 oll‘ertmt
1187 1749 1201 1785 :
1233 1739 1421 1801 potens
1452 1736 1629 1781 autem
1679 1725 1769 1778 ille
1795 1764 1807 1780 .
1842 1732 1897 1776 et
1938 1720 2029 1789 qui
2072 1733 2176 1771 ηοηι

614 1835 774 1890 habet
817 1838 1089 1899 peceatum
1112 1868 1126 1891 ,
1158 1841 1253 1880 cur
1281 1837 1379 1893 pro
1414 1834 1473 1874 se
1501 1816 1734 1873 olferatl
1778 1814 1915 1883 Ergo
1949 1826 2052 1865 non
2087 1824 2183 1877 pro

612 1927 833 1994 seipse,
874 1920 965 1976 sed
1011 1934 1107 1990 pro
1138 1914 1333 1986 populo
1374 1909 1603 1973 obtulit,
1658 1906 1815 1974 idque
1859 1900 2048 1958 semel.
2088 1898 2181 1953 28.

618 1991 795 2073 Sermo
822 2024 990 2067 autem
1025 2004 1369 2078 jurisjurandi
1394 2002 1480 2070 qui
1511 2008 1620 2068 post
1663 2000 1823 2067 legem
1850 2004 1957 2058 est,
1996 1991 2188 2045 Filium

617 2116 670 2164 in
697 2119 936 2163 a'ternum
967 2104 1259 2173 perfectura.
1285 2094 1418 2165 Quid
1450 2101 1553 2158 est,
1586 2086 1921 2159 Perfectum?
1943 2085 2058 2139 Non
2088 2098 2187 2153 po.

620 2203 698 2257 nit
742 2197 939 2252 Paulus
981 2191 1223 2263 proprias
1261 2203 1377 2257 qua:
1409 2190 1751 2254 opponuntur
1775 2175 2187 2231 distiuctioaes:

618 2307 741 2346 nam
772 2304 893 2344 cum
919 2288 1139 2340 uixisset
1159 2325 1173 2348 ,
1210 2281 1461 2335 Habentes
1491 2277 1863 2345 inﬁrmitatem,
1899 2285 2005 2324 non
2048 2267 2185 2322 dixit

620 2382 812 2438 Filium
844 2388 1112 2453 potentem
1137 2418 1153 2441 ,
1196 2374 1311 2439 sed,
1350 2373 1675 2442 Perfectum,
1712 2368 1811 2420 hoc
1836 2373 1950 2427 est,
1996 2369 2186 2431 poten-

621 2488 763 2539 tem;
791 2451 939 2544 quasi
971 2471 1152 2533 dicas,
1185 2467 1297 2521 Non
1331 2464 1477 2518 vides
1516 2461 1657 2532 quod
1704 2473 1897 2512 nomen
1919 2499 1935 2521 ,
1984 2451 2149 2508 Filius
2170 2492 2186 2517 ,

619 2567 817 2621 dictum
845 2564 933 2628 sit,
959 2574 1015 2617 ut
1035 2576 1157 2617 eum
1182 2573 1337 2613 servo
1364 2564 1596 2624 Oppouat
1624 2563 1676 2606 et
1702 2551 1768 2605 ab
1789 2566 1854 2604 eo
1875 2540 2185 2615 distinguat.

622 2659 981 2712 Inﬁrmitatem
1015 2664 1191 2708 autem
1242 2660 1331 2705 aut
1363 2655 1634 2718 peecatmn
1666 2645 1796 2698 dicit
1821 2652 1910 2696 aut
1940 2648 2187 2693 mortem.

620 2749 755 2817 Quid
779 2761 860 2803 est
889 2754 1062 2800 autem
1084 2785 1100 2810 ,
1130 2742 1194 2796 In
1234 2738 1510 2796 internum?
1539 2736 1652 2791 Non
1678 2736 1851 2789 διιιιιιιι
1888 2747 2027 2785 nunc
2062 2727 2192 2781 nulli

624 2851 841 2908 peccato
866 2837 1078 2891 affinem
1101 2876 1114 2900 ,
1148 2832 1239 2887 sed
1281 2846 1513 2899 semper.
1544 2830 1598 2881 Si
1623 2841 1749 2896 ergo
1770 2832 1853 2878 est
1888 2822 2149 2892 perfectus
2175 2861 2190 2883 ,

622 2931 668 2984 si
696 2944 979 2995 numquam
1014 2934 1193 2994 peccat
1218 2963 1232 2985 ,
1262 2923 1306 2976 si
1338 2935 1554 2988 semper
1581 2918 1707 2971 vivit
1734 2956 1746 2979 ,
1790 2930 1885 2968 cur
1917 2929 2011 2981 pro
2038 2910 2193 2964 nobis

623 3037 768 3090 saepe
822 3018 1010 3073 offeret
1048 3015 1347 3071 sacriﬁcia?
1401 3012 1505 3066 Sed
1551 3009 1757 3063 interim
1817 3004 2026 3075 quidcm
2096 3001 2196 3055 huc

626 3129 731 3165 non
773 3110 984 3173 asserit,
1013 3107 1103 3161 sed
1136 3104 1274 3175 quod
1308 3118 1402 3173 pro
1450 3116 1507 3155 se
1555 3101 1741 3154 ollcrat
1765 3140 1778 3157 ,
1812 3096 1913 3150 hoc
1961 3094 2214 3147 affirmat.

624 3202 884 3270 Quoniam
914 3214 1042 3267 ergo
1073 3197 1229 3249 talem
1262 3195 1519 3248 habemus
1552 3189 1852 3260 pontificem
1875 3229 1889 3250 ,
1922 3201 2042 3239 eum
2075 3183 2195 3237 imi-

624 3304 820 3355 temur,
858 3293 972 3360 ejus
1000 3287 1307 3342 insistamus
1336 3282 1594 3351 vestigiis.
1620 3280 1731 3333 Non
1759 3289 1838 3332 est
1862 3276 2003 3330 aliud
2028 3275 2196 3327 sacri-

626 3384 802 3437 ﬁcimn
840 3401 852 3435 :
887 3396 1046 3433 unum
1091 3392 1188 3431 nos
1220 3375 1502 3445 purgavit;
1540 3380 1721 3439 postea
1754 3377 1931 3421 autem
1980 3365 2117 3434 ignis
2147 3372 2201 3415 et.

624 3476 887 3541 gehenna.
924 3471 1206 3537 Propterea
1248 3466 1387 3521 enim
1421 3464 1524 3518 hoc
1565 3476 1759 3529 susque
1787 3459 1958 3527 deque
1986 3465 2196 3520 versat,

625 3566 811 3617 dicens
840 3577 999 3615 unum
1026 3573 1147 3614 esse
1172 3557 1528 3616 sacerdotem,
1559 3567 1721 3606 unum
1757 3548 2101 3614 sacriﬁcium,
2131 3562 2199 3600 ne

624 3654 887 3725 quispiam
915 3650 1225 3705 existimans
1253 3661 1371 3701 esse
1403 3646 1587 3707 tnulta,
1617 3656 1803 3695 secure
1828 3646 2028 3708 peccet.

699 3748 752 3801 4.
796 3745 981 3799 Contra
1020 3759 1101 3795 eos
1137 3740 1221 3809 qui
1265 3738 1564 3808 baptismum
1612 3731 1911 3800 (ii/ferebant
1949 3746 2105 3799 usque
2131 3729 2197 3781 ad

626 3849 857 3892 mortem.
880 3866 951 3878 --
969 3834 1299 3902 Quicumque
1320 3845 1445 3900 ergo
1467 3829 1666 3898 dignati
1696 3840 1878 3881 sumus
1900 3823 2197 3895 signaculo,

626 3932 945 3999 quicumque
966 3923 1299 3995 percepimus
1328 3920 1553 3973 fructum
1580 3917 1846 3979 sacriﬁcii,
1880 3915 2199 3985 quicumque

628 4020 941 4074 immortalis
971 4030 1167 4070 mensa)
1208 4028 1390 4067 smnus
1422 4010 1720 4079 participes,
1759 4022 2072 4060 maneamus
2099 4020 2199 4057 uo-

628 4127 792 4168 stram
840 4120 1115 4165 servantes
1156 4094 1505 4161 nobilitatem
1543 4114 1594 4157 et
1634 4103 1893 4156 honorem
1923 4119 1937 4155 :
1966 4114 2070 4154 non
2119 4110 2201 4155 est

640 4206 780 4260 cnim
837 4204 1013 4271 lapsus
1050 4214 1247 4270 expers
1277 4195 1515 4266 periculi.
1540 4195 1868 4263 Quicumque
1909 4202 2084 4247 autem
2116 4191 2202 4246 his

630 4298 864 4352 nondum
894 4302 1018 4348 sunt
1042 4293 1269 4361 dignati,
1317 4304 1381 4343 ne
1413 4289 1444 4341 ii
1470 4288 1683 4358 quidem
1716 4295 1994 4355 propterea
2027 4286 2200 4339 conﬁ-

628 4393 756 4443 dant
782 4408 792 4441 :
820 4402 942 4442 nam
968 4384 1180 4453 quando
1203 4383 1465 4453 quiSpiam
1499 4379 1618 4433 ideo
1642 4390 1844 4449 peccat,
1876 4388 1932 4431 ut
1960 4387 2203 4432 sanetum

628 4480 890 4548 baptisma
915 4477 1140 4545 accipiat
1168 4475 1219 4527 itt
1252 4483 1490 4527 extrema
1524 4471 1894 4540 respiratione,
1925 4484 2067 4537 saepe
2097 4484 2200 4522 non

628 4582 959 4641 assequctur.
994 4568 1116 4623 Mihi
1146 4566 1349 4620 credite
1379 4580 1397 4617 ι
1429 4578 1531 4616 non
1564 4579 1655 4615 vos
1683 4570 1887 4614 terrens
1919 4561 2039 4615 dico
2060 4559 2201 4629 quod

630 4680 746 4719 eum
790 4666 1027 4716 dicturus
1057 4678 1071 4712 :
1097 4659 1216 4712 novi
1265 4658 1460 4712 multos
1497 4655 1688 4723 quibus
1727 4654 1825 4706 hoc
1865 4654 2078 4718 accidit,
2111 4654 2202 4723 qui

631 4773 729 4824 pro
772 4766 850 4806 ιρι·
888 4750 1289 4805 illuminatiunis
1316 4747 1527 4817 quidctn
1556 4745 2002 4812 exspet-tati‘mcm
2037 4747 2197 4800 multa

628 4860 938 4931 percabant,
962 4857 1013 4909 in
1038 4854 1138 4909 fine
1159 4862 1334 4908 autent
1360 4850 1612 4903 decessus
1628 4852 1973 4900 excesserunt
1993 4844 2198 4899 inanes.

628 4956 766 5006 Deus
792 4952 933 5005 enim
958 4957 1235 5018 propterea
1262 4943 1404 4997 dedit
1426 4941 1705 5009 baptisma,
1739 4949 1795 4993 ttt
1824 4938 2051 4991 solveret
2077 4954 2200 5006 pec-

628 5053 766 5107 cata,
794 5058 897 5097 non
921 5052 971 5095 ut
1000 5047 1211 5110 peccata
1240 5044 1458 5103 augeret
1478 5052 1489 5086 :
1510 5035 1552 5087 si
1580 5032 1698 5103 quis
1724 5044 1900 5086 autem
1932 5051 1995 5086 eo
2026 5042 2203 5085 utatur

630 5144 685 5187 ut
703 5147 886 5187 secure
908 5131 1073 5201 magis
1092 5138 1291 5197 peccet,
1316 5126 1414 5179 hoe
1432 5135 1511 5178 est
1530 5137 1686 5179 eausa
1703 5124 1955 5179 socordia?
1973 5135 2027 5180 et
2052 5125 2207 5196 negli-

632 5226 842 5295 gentiae.
860 5223 987 5277 Nam
1016 5226 1059 5275 si
1082 5235 1185 5274 non
1209 5228 1351 5274 esset
1379 5219 1664 5283 lavacrum,
1687 5218 1844 5271 tutius
1871 5219 2125 5279 vivi-rent.
2153 5228 2209 5271 ttt

634 5319 720 5386 qui
742 5333 843 5370 non
863 5316 1119 5369 haberent
1139 5310 1694 5367 rettiissiOttent.Vides
1705 5310 1841 5380 quod
1860 5312 2007 5376 illttd,
2025 5310 2212 5365 Facie.

636 5425 745 5461 mus
773 5407 906 5460 mula
926 5414 978 5459 ut
997 5405 1194 5459 veniant
1219 5404 1345 5456 bona
1366 5404 1382 5469 (
1394 5403 1537 5459 Rom.
1556 5401 1692 5473 5.8),
1714 5418 1808 5457 ttos
1829 5418 2011 5457 sumus
2028 5404 2115 5473 qui
2136 5403 2213 5457 fa-

638 5500 806 5551 cimus
829 5506 885 5551 ut
905 5492 1516 5561 dicatur?Quamobrem
1556 5507 1683 5562 rogo
1703 5508 1817 5553 vos,
1849 5492 1937 5563 qui
1958 5510 2060 5547 non
2084 5496 2213 5549 eSIiS

642 5588 912 5658 mysteriis
926 5584 1134 5650 initiati,
1150 5582 1603 5654 expergiscimini:
1626 5598 1781 5637 nemo
1796 5592 2060 5653 tamquam
2077 5602 2216 5639 mer-

637 5680 906 5742 ceuarius,
950 5691 1106 5732 nemo
1136 5686 1401 5745 nunquam
1433 5674 1668 5744 ingratus
1704 5674 1769 5729 ad
1797 5675 2041 5731 virtutem
2068 5692 2219 5733 acce-

644 5769 765 5834 dat;
800 5782 955 5821 nemo
982 5783 1095 5822 eam
1124 5765 1459 5838 aggrediatur
1489 5772 1755 5835 tamquam
1782 5780 1893 5822 rem
1926 5782 2136 5835 gravem
2164 5777 2218 5824 et

1306 352 1365 407 S.
1404 344 1679 406 JOANNIS
1716 328 2189 397 CHRYSOSTOMI
2244 323 2557 381 ARCUIEP.
2599 315 3132 374 CONSTANTIN‘JP.

2262 429 2563 485 molestam.
2602 423 2679 478 Ad
2719 434 2836 475 eam
2867 433 2995 487 ergo
3021 412 3338 469 accedamus
3376 408 3537 463 alacri
3580 409 3760 462 animo
3787 416 3843 461 et

3734 301 3834 357 108

2266 521 2389 575 larli.
2420 517 2550 573 Nam
2574 512 2780 569 etiamsi
2806 522 3014 562 merces
3037 519 3140 559 non
3174 512 3324 557 eset.
3345 500 3637 570 preposita,
3663 515 3842 551 amton

2264 616 2536 680 oporteret
2563 618 2682 661 esse
2714 598 2944 656 bonum?
2987 597 3081 651 sed
3111 604 3286 649 tamen
3327 592 3488 648 etiam
3544 606 3664 645 eum
3697 606 3842 644 nit-r-

2266 702 2396 757 cede
2424 699 2594 753 simus
2629 693 2772 749 boni.
2808 691 2873 744 Et
2898 687 3171 758 quomodo
3198 700 3305 739 non
3333 693 3417 739 est
3458 684 3559 737 hoc
3592 683 3847 751 probrum

2268 802 2323 847 et
2360 789 2646 843 tnaximmn
2692 778 2963 837 dedecus?
3018 778 3075 832 Si
3120 776 3270 842 tnihi,
3317 775 3507 842 inqtttt,
3546 773 3851 827 mercedem

2270 900 2376 939 non
2407 880 2639 943 dederis,
2690 891 2794 931 non
2825 889 2942 928 sum
2981 869 3256 925 modestus
3301 880 3355 923 et
3386 880 3712 938 temperans.
3743 870 3854 920 Au-

2272 981 2429 1035 deatn
2460 978 2635 1043 itaque
2661 969 2859 1039 aliquid
2891 966 3110 1022 dicere?
3131 962 3429 1032 Numquam
3470 960 3619 1016 'ueris
3649 973 3856 1029 tenipo-

2274 1076 2399 1127 raus
2425 1066 2782 1129 ctmodestus,
2803 1062 2960 1117 etiam
3010 1060 3054 1114 si
3084 1055 3324 1111 modeste
3353 1071 3497 1126 agas.
3518 1055 3560 1109 εἰ
3590 1054 3693 1109 hoc
3726 1053 3858 1108 facis

2275 1162 2522 1221 mercede
2569 1179 2583 1213 :
2630 1157 2881 1211 virtutem
2943 1151 3084 1206 enim
3129 1148 3259 1204 nihil
3302 1150 3598 1212 existimas,
3644 1148 3687 1202 si
3736 1163 3853 1200 cam

2279 1272 2383 1312 non
2427 1266 2597 1308 amas.
2645 1247 2752 1304 Sed
2784 1247 2921 1299 Deus
2949 1251 3161 1312 pri-pter
3189 1254 3432 1310 magnam
3491 1249 3727 1294 nostram
3756 1237 3861 1291 im-

2279 1346 2620 1405 becillitatem
2668 1354 2787 1395 eam
2836 1336 2995 1392 etiam
3043 1332 3291 1388 mercede
3339 1331 3503 1385 voluit
3558 1329 3705 1392 ﬁeri;
3767 1344 3862 1383 nos

2280 1452 2459 1497 autem
2512 1454 2578 1493 ne
2623 1437 2700 1490 sic
2748 1433 2960 1503 quidem
3018 1443 3135 1482 eam
3189 1425 3545 1496 aggredimur.
3596 1424 3864 1477 Ponantus

2282 1545 2481 1598 autem,
2529 1532 2574 1586 si
2605 1529 2755 1591 velis,
2788 1524 2929 1595 quod
2975 1523 3135 1575 homo
3169 1520 3381 1590 quidam
3436 1517 3658 1573 excedat
3709 1520 3868 1571 malis

2287 1625 2605 1701 perpetratis
2633 1616 3127 1681 innumerabilibus,
3174 1622 3228 1668 et
3263 1612 3524 1681 baptismo
3576 1611 3823 1681 dignatus
3854 1629 3866 1665 :

2289 1720 2428 1791 quod
2461 1716 2713 1773 existimo
2757 1727 2863 1766 non
2906 1710 3013 1764 cito
3043 1706 3261 1762 evenire
3291 1720 3305 1758 :
3338 1705 3624 1775 quomodo.
3659 1719 3869 1775 qnzcso,

2293 1813 2418 1869 illuc
2442 1808 2643 1864 abibit?
2676 1805 2779 1860 Pro
2807 1804 2871 1855 iis
2895 1801 3247 1869 quidemquae
3275 1797 3401 1851 fecit
3431 1814 3534 1849 non
3565 1806 3868 1859 accus:itus,

2294 1905 2387 1961 sed
2418 1918 2523 1957 non
2552 1900 2753 1953 habens
2780 1895 3048 1953 fiduciam,
3084 1892 3242 1959 idque
3263 1890 3475 1942 merito.
3501 1889 3629 1941 Nam
3663 1888 3877 1956 quando

2294 2016 2415 2057 cum
2430 2006 2643 2054 centum
2664 2010 2834 2050 annos
2856 1993 3067 2057 vixerit,
3082 1991 3283 2047 nullum
3308 1991 3448 2045 aliud
3475 1990 3671 2044 bonum
3695 1996 3869 2041 osten-

2288 2093 2385 2155 dit,
2402 2091 2500 2144 nisi
2528 2087 2667 2159 quod
2698 2101 2803 2141 non
2832 2084 3225 2154 peccarit;imo
3255 2097 3382 2137 vero
3403 2097 3469 2136 ne
3495 2080 3596 2135 hoc
3626 2078 3865 2149 quidem,

2288 2182 2383 2239 sed
2408 2180 2573 2252 gratia
2605 2179 2782 2248 potius
2808 2176 2921 2230 sola
2947 2185 3028 2229 est
3058 2182 3318 2237 servatus,
3352 2172 3485 2226 alios
3506 2180 3684 2224 autem
3710 2166 3869 2221 vide-

2290 2276 2356 2330 rit
2386 2282 2689 2332 coronitos,
2720 2269 3003 2337 praeclaros
3044 2274 3098 2320 ct
3146 2265 3195 2317 in
3242 2264 3378 2317 bona
3421 2261 3867 2317 existimatione:

2289 2366 2492 2421 etiamsi
2510 2366 2561 2417 in
2574 2362 2867 2434 gehennam
2891 2374 2994 2412 non
3017 2355 3287 2420 ceciderit,
3310 2356 3529 2417 feretne,
3548 2352 3633 2407 dic
3663 2366 3869 2422 qumso,

2292 2474 2541 2531 angorem
2568 2467 2620 2510 et
2658 2449 3251 2522 animia‘grittnlinem?
3299 2448 3363 2503 Ut
3408 2456 3583 2500 autem
3623 2443 3874 2509 exemplo

2293 2552 2391 2605 hoc
2426 2550 2637 2618 planum
2670 2544 2857 2599 faciant
2880 2560 2893 2599 :
2916 2542 3022 2595 sint
3054 2541 3159 2594 duo
3183 2538 3398 2603 milites,
3421 2544 3476 2589 et
3494 2536 3629 2588 alter
3657 2534 3875 2602 quidem

2298 2644 2517 2704 foretur,
2549 2638 2705 2692 faciat
2748 2633 2992 2703 injuriam
3037 2640 3091 2684 et.
3136 2629 3309 2682 aliena
3342 2625 3595 2689 invadat;
3631 2622 3717 2677 hic
3743 2636 3876 2675 vero

2300 2734 2428 2788 nihil
2478 2735 2660 2784 horum
2695 2726 2871 2790 faciat,
2919 2722 3009 2777 sed
3045 2721 3253 2775 fortiter
3296 2734 3355 2773 se
3395 2726 3567 2788 gerat,
3616 2713 3877 2784 prmelara

2300 2828 2417 2881 edat
2450 2824 2704 2884 facinora,
2738 2820 2789 2872 in
2816 2818 2966 2871 bellis
3000 2827 3197 2884 tropa-.a
3227 2820 3445 2874 statuat,
3478 2810 3711 2864 hostimn
3744 2823 3878 2861 san-

2301 2920 2455 2990 guine
2501 2920 2743 2967 cruentet
2784 2911 3059 2964 dexteram
3095 2925 3107 2960 :
3138 2906 3333 2960 dcimle
3377 2903 3698 2957 adveniente
3743 2911 3879 2956 temo

2304 3026 2453 3081 pure,
2482 3007 2548 3061 ab
2577 3006 2661 3058 illa
2693 3002 2947 3071 dignitate
2977 3000 3028 3052 in
3061 3015 3162 3067 qua
3195 2998 3353 3050 etiam
3389 2994 3470 3048 fur
3497 2995 3585 3048 ille
3622 3002 3759 3058 erat,
3792 3007 3884 3047 re-

2304 3113 2459 3171 puttle
2480 3101 2701 3154 ducatur
2718 3095 2783 3149 ad
2806 3094 2986 3148 sedem
3009 3092 3230 3159 regiam,
3262 3101 3317 3145 et
3342 3089 3589 3143 induatur
3612 3102 3878 3157 purpura;

2304 3194 2389 3248 hic
2406 3201 2581 3245 autem
2615 3188 2723 3241 illic
2753 3194 2985 3248 maneat,
3009 3182 3095 3236 ubi
3124 3191 3259 3245 erat,
3287 3180 3621 3234 solummodo
3641 3180 3882 3232 elemen-

2306 3287 2372 3341 tia
2394 3283 2559 3354 regia,
2585 3297 2689 3335 non
2704 3279 2792 3333 det
2809 3292 2995 3348 pinnas
3017 3291 3201 3329 eorum
3219 3290 3338 3344 quae
3358 3271 3589 3338 admisit,
3606 3273 3673 3325 sit
3700 3282 3882 3326 autem

2306 3377 2355 3429 in
2389 3377 2502 3428 loco
2531 3373 2735 3433 ultimo,
2767 3380 2818 3422 et
2849 3367 2949 3421 sub
2995 3382 3116 3435 rege
3156 3366 3443 3420 collocetur
3476 3382 3487 3416 :
3517 3363 3742 3428 fetetne,
3793 3363 3886 3417 die

2304 3483 2503 3538 qua-sti,
2528 3479 2778 3533 angorem
2802 3469 2853 3515 et
2869 3460 3027 3513 animi
3051 3455 3439 3526 aegritudinem.
3456 3454 3668 3523 quando
3687 3454 3885 3508 viderit

2305 3577 2424 3615 eum
2457 3557 2667 3626 quidem
2696 3555 2782 3623 qni
2812 3560 2929 3607 erat
2957 3566 3076 3604 cum
3108 3550 3244 3619 ipso,
3267 3547 3581 3602 ascendisse
3610 3545 3677 3599 ad
3704 3546 3885 3615 ipsum

2304 3653 2615 3720 dignitatum
2646 3645 2932 3714 fastigium,
2960 3653 3013 3696 et
3039 3640 3274 3695 evasisse
3304 3638 3437 3693 adeo
3468 3636 3801 3707 prmclamm,
3825 3645 3888 3690 ct.

2307 3746 2453 3800 orbis
2485 3753 2641 3797 terra;
2674 3749 2855 3793 tenere
2888 3735 3277 3805 principatum;
3310 3747 3368 3787 se
3388 3718 3567 3786 autem
3593 3729 3731 3785 infra
3762 3744 3888 3785 ma-

2306 3854 2455 3902 nere,
2482 3845 2536 3890 et.
2563 3848 2661 3888 nee
2701 3832 2751 3886 id
2785 3832 2955 3899 ipsum
2983 3828 3221 3897 quidem,
3251 3826 3392 3895 quod
3440 3841 3549 3879 non
3576 3825 3733 3879 luerit
3758 3839 3891 3894 sup-

2309 3933 2545 4002 plicium,
2578 3925 2774 3980 habere
2794 3939 2915 3977 eum
2943 3920 3168 3984 honore,
3194 3918 3287 3973 sed
3315 3934 3344 3972 a
3371 3920 3540 3988 gratia
3568 3927 3623 3972 et
3650 3918 3893 3972 clemen-

2308 4027 2378 4078 tia
2410 4022 2589 4092 regia?
2620 4036 2741 4073 nam
2788 4016 2996 4072 etiamsi
3029 4030 3120 4068 rex
3164 4029 3283 4067 eum
3310 4011 3593 4076 dimiserit,
3628 4021 3683 4064 et
3713 4027 3741 4063 a
3773 4011 3892 4065 eri-

2309 4116 2542 4171 minibus
2580 4110 2889 4175 absolverit,
2934 4110 3075 4162 vivet
3119 4118 3293 4159 tamen
3328 4105 3528 4173 pudore
3569 4103 3794 4157 affectus
3834 4114 3894 4158 et

2311 4208 2598 4281 ignominia
2629 4221 2643 4257 :
2674 4220 2777 4257 non
2809 4203 2950 4257 enim
2982 4201 3141 4254 etiam
3176 4199 3265 4251 alii
3296 4213 3418 4252 eum
3462 4197 3893 4253 admirabuntur.

2310 4303 2440 4359 Nam
2460 4302 2509 4356 in
2534 4297 2794 4369 ejusmodi
2816 4292 3299 4349 condonatiouibus
3317 4308 3422 4344 non
3446 4306 3540 4344 eos
3561 4290 3897 4343 admiramur

2308 4395 2398 4463 qui
2443 4392 2730 4460 accipiunt,
2763 4388 2859 4445 sed
2904 4403 2998 4443 eos
3039 4389 3126 4456 Qui
3157 4384 3402 4439 donant:
3433 4393 3489 4438 et
3534 4399 3640 4455 quo
3684 4385 3890 4454 majora

2302 4490 2438 4549 dnna
2467 4491 2732 4554 dederint,
2764 4504 2828 4544 eo
2855 4488 3041 4558 majori
3069 4487 3270 4557 pudore
3292 4486 3599 4541 afﬁciuntur
3620 4485 3710 4555 qtti
3743 4485 3888 4540 acci-

2303 4585 2469 4653 piunt,
2505 4584 2719 4654 quando
2765 4598 2953 4654 magna
2985 4582 3217 4636 admissa
3262 4589 3387 4635 sunt
3415 4579 3482 4633 ab
3529 4579 3607 4633 eis
3636 4587 3886 4649 peccata.

2302 4674 2500 4741 Quibus
2541 4690 2667 4743 ergo
2695 4674 2863 4727 oculis
2905 4674 2947 4727 is
2977 4672 3171 4725 intueri
3206 4672 3400 4740 petcrit
3429 4684 3523 4724 eos
3561 4669 3650 4737 qui
3678 4677 3804 4722 sunt
3832 4668 3887 4722 iu

2302 4766 2464 4836 regia,
2508 4767 2613 4820 illis
2645 4766 2873 4820 sudores
2899 4763 3321 4818 innumerabiles
3357 4772 3412 4815 et
3438 4761 3659 4825 vulnera
3693 4770 3881 4816 ostcn-

2303 4856 2569 4920 dentibus,
2617 4873 2735 4910 eum
2783 4858 2895 4923 ipse
2948 4854 3077 4922 nihil
3130 4853 3301 4924 possit
3347 4854 3652 4914 ostendere,
3692 4850 3787 4905 sed
3838 4860 3893 4903 ct.

2304 4947 2443 5017 quod
2490 4950 2667 5001 Salvus
2721 4948 2877 5001 abeat
2929 4962 2958 4999 a
3010 4946 3122 4999 sola
3172 4944 3263 4999 Dei
3308 4942 3639 5012 benignitate
3681 4952 3734 4995 et
3776 4943 3890 4993 cle-

2310 5039 2542 5092 mcnlial
2589 5036 3053 5105 Quemadmodum
3097 5038 3239 5089 enim
3283 5034 3326 5087 si
3370 5034 3490 5102 quis
3545 5031 3895 5096 homicidatu,

2311 5132 2499 5197 furem,
2528 5133 2823 5186 adulterum
2850 5130 2914 5184 ad
2943 5128 3262 5199 supplicium
3286 5125 3480 5194 capitis
3506 5122 3889 5178 adducendum

2308 5223 2493 5276 donari
2525 5222 2622 5276 sibi
2653 5220 3020 5291 postulaverit,
3068 5229 3121 5273 et
3164 5233 3286 5271 eum
3327 5232 3446 5271 esse
3470 5216 3687 5283 jllsret‘il
3720 5216 3770 5265 in
3795 5227 3889 5263 vis.

2310 5318 2522 5371 stibulis
2548 5317 2745 5386 regiae;
2778 5316 2865 5369 ille
2890 5314 2998 5382 jam
3026 5326 3317 5380 numquam
3351 5313 3545 5379 poterit
3570 5308 3802 5376 aliquem
3832 5325 3897 5363 ιιι

2311 5408 2535 5463 adverso
2566 5406 2781 5471 intueri,
2815 5406 3024 5460 etiamsi
3049 5407 3119 5458 sit
3146 5404 3403 5458 liberatus
3433 5418 3462 5455 a
3491 5399 3791 5469 supplicio:
3826 5402 3903 5454 ita

2311 5500 2472 5554 etiam
2501 5498 2587 5553 ltie
2615 5513 2847 5567 quoque.

2385 5592 2438 5645 5.
2480 5590 2596 5645 Non
2636 5590 2803 5655 enim,
2847 5590 3099 5660 quoniam
3140 5587 3285 5659 regia
3315 5586 3533 5648 dicitur,
3580 5583 3908 5640 existimetis

2313 5697 2502 5739 omnes
2532 5680 2720 5738 eadem
2752 5681 2985 5751 assequi.
3018 5678 3151 5736 Nam
3182 5680 3226 5734 si
3258 5680 3341 5735 hic
3370 5685 3495 5733 sunt
3519 5676 3904 5747 etprtefectus,

2313 5788 2368 5835 et
2394 5790 2578 5832 omnes
2604 5774 2818 5845 quiregi
2850 5773 3125 5840 assistunt,
3162 5779 3211 5827 et
3246 5772 3333 5842 qui
3362 5780 3482 5825 sunt
3515 5769 3594 5823 his
3627 5768 3783 5836 longe
3814 5765 3904 5821 in-
