4122 6338
245 400 341 452 1119

234 516 480 580 let-iores,
525 521 580 567 et
627 519 807 568 tenent
849 510 1025 565 locum
1073 524 1260 565 eorum
1307 508 1396 578 qui
1443 509 1694 563 dicuntur
1732 507 1828 561 de-

233 613 347 663 cani
381 609 489 678 (u).
519 618 646 663 sunt
674 607 725 661 in
753 606 921 677 regia,
953 605 1166 659 etiamsi
1197 602 1425 657 multum
1453 601 1666 657 intersit
1690 601 1832 654 inter

235 701 548 768 pnulectum
597 707 651 752 et
699 697 960 751 decanutn
995 713 1008 751 :
1043 695 1213 748 multo
1261 693 1431 764 magis
1487 693 1588 748 hoc
1638 693 1740 746 erit
1778 692 1831 746 in

232 807 466 859 superna
502 790 666 859 regia.
698 789 760 844 Et
784 788 886 842 hoc
907 802 1013 842 non
1041 803 1108 843 es
1139 802 1224 841 me
1253 785 1374 841 dico
1404 800 1563 842 :nam
1592 795 1644 840 et
1674 786 1830 838 aliam

232 883 316 939 Itis
345 885 606 953 majorem
638 881 992 936 diﬁ‘erentiam
1023 881 1171 952 ponit
1200 880 1418 934 Paulus.
1459 880 1628 948 Quatn
1653 879 1832 932 multm

230 974 400 1038 enim,
437 973 629 1042 inquit,
663 972 981 1028 diﬁ‘erentite
1010 981 1182 1026 sttnta
1215 973 1330 1027 sole
1356 986 1526 1040 usque
1552 971 1618 1026 ad
1650 970 1830 1026 lunam

231 1066 492 1118 etstellas
517 1074 567 1119 et
602 1064 879 1118 minimam
911 1065 1147 1128 stellam,
1195 1074 1300 1117 tatu
1330 1064 1511 1117 multa!
1541 1064 1706 1118 etiam
1734 1084 1776 1116 υτ
1806 1092 1829 1104 -

232 1167 351 1208 rum
381 1155 474 1225 qui
499 1162 627 1210 sunt
652 1156 704 1210 in
735 1157 900 1224 regia.
935 1156 1002 1210 Et
1022 1155 1163 1224 quod
1198 1156 1354 1224 longe
1378 1155 1550 1226 major
1579 1155 1644 1208 sit
1676 1154 1831 1208 diﬁ‘e-

232 1247 406 1301 rentia
442 1247 632 1304 decani
661 1250 751 1320 qui
778 1248 985 1304 dicitur
1011 1260 1065 1305 et
1098 1248 1359 1319 prwl'ecti,
1397 1259 1450 1304 et
1479 1248 1608 1302 solis
1639 1258 1696 1302 et
1737 1247 1831 1300 mi-

232 1341 397 1395 nimae
453 1343 664 1409 stellae,
713 1353 798 1399 est
847 1344 1099 1400 omnibus
1151 1345 1515 1414 perspicuum.
1563 1341 1696 1398 Nam
1741 1339 1826 1396 sol

231 1431 454 1498 quidem
491 1443 662 1488 totum
691 1436 876 1491 orbem
907 1443 1066 1490 terra!
1092 1436 1247 1491 simul
1272 1435 1507 1489 illustrat
1543 1444 1597 1490 et
1621 1432 1828 1489 exhila-

234 1531 341 1589 rat,
375 1524 662 1594 lunamque
687 1527 966 1582 abscondit
991 1536 1045 1584 et
1069 1528 1253 1583 stellas
1281 1546 1294 1581 :
1326 1529 1418 1584 ille
1462 1538 1643 1582 autem
1686 1537 1830 1591 saepe

234 1626 347 1666 non
399 1625 641 1684 apparet,
690 1615 847 1686 idque
890 1618 941 1671 in
974 1620 1256 1674 tenebris:
1288 1618 1469 1674 multa:
1511 1618 1656 1673 enim
1705 1625 1832 1670 sunt

233 1705 408 1758 stella:
437 1721 571 1774 quas
602 1723 706 1762 non
733 1708 999 1764 videmus.
1025 1711 1252 1778 Quando
1273 1726 1401 1781 ergo
1429 1709 1670 1764 videmus
1699 1708 1833 1761 alios

235 1794 356 1850 ﬁeri
389 1799 569 1866 soles;
601 1818 699 1857 nos
743 1812 923 1858 autem
953 1807 1296 1859 minimarum
1325 1805 1598 1859 stellarum
1629 1814 1684 1859 et
1711 1817 1833 1872 qurc

236 1903 311 1942 ne
341 1899 605 1959 apparent
633 1893 846 1962 quidem
879 1896 1054 1950 locum
1086 1907 1290 1959 tenere,
1330 1911 1572 1964 quarnam
1601 1894 1705 1949 erit
1737 1907 1834 1947 no-

253 1982 341 2036 bis
375 1987 713 2041 consolatio?
738 1988 836 2052 Ne,
867 2006 1020 2061 rogo,
1067 2007 1134 2047 ne
1181 1993 1350 2047 simus
1380 1991 1512 2046 adeo
1552 1991 1705 2055 tardi,
1737 2004 1836 2046 nec

236 2074 381 2130 adeo
413 2076 542 2146 pigri
589 2088 644 2133 et
671 2079 866 2150 ignavi,
897 2098 963 2136 ne
1004 2084 1237 2152 segniter
1273 2083 1498 2137 Salutem
1532 2083 1622 2136 Dei
1667 2097 1837 2151 appe-

239 2174 443 2236 tamus,
485 2170 580 2225 sed
629 2185 978 2229 mercaturam
1033 2188 1101 2229 ex
1148 2191 1209 2230 ea
1258 2192 1604 2231 exerceamus
1637 2187 1689 2232 et
1716 2191 1834 2231 cam

238 2261 684 2332 multiplicemus.
716 2266 846 2320 Nam
871 2268 1078 2322 etiamsi
1105 2270 1224 2336 quis
1281 2271 1347 2321 sit
1390 2269 1828 2331 catechumenns,

238 2360 480 2409 attamen
527 2358 675 2411 novit
715 2357 1006 2426 Christum,
1065 2360 1210 2415 norit
1243 2360 1421 2427 ﬁdem,
1469 2361 1642 2414 divina
1690 2360 1840 2415 audit

239 2445 478 2516 eloquia,
515 2463 621 2503 non
667 2460 750 2505 est
799 2453 984 2521 procul
1041 2468 1067 2504 a
1106 2453 1280 2507 divina
1337 2455 1662 2524 cognitione,
1694 2454 1841 2509 novit

242 2535 557 2594 Dominisui
583 2541 931 2598 voluntatem.
953 2542 1065 2598 Cur
1093 2544 1239 2615 igitur
1275 2545 1470 2612 diﬁ'ert,
1502 2563 1596 2600 cur
1617 2556 1840 2601 cuncta-

246 2637 339 2682 tur
363 2639 416 2682 et
435 2633 712 2688 moratur?

323 2725 467 2780 Bona
489 2728 586 2780 vita
612 2727 740 2781 nihil
762 2729 961 2783 melius.
980 2760 1049 2769 ——
1073 2730 1216 2784 Bona
1245 2732 1348 2784 vita
1381 2732 1510 2785 nihil
1539 2743 1619 2787 est
1650 2733 1843 2788 melius

245 2830 310 2874 et
337 2819 423 2887 hic
442 2831 497 2875 et
524 2820 634 2875 illic
658 2863 672 2883 ,
706 2832 761 2875 et
792 2821 845 2876 in
879 2821 944 2876 iis
975 2825 1064 2892 qui
1095 2825 1466 2880 illuminantur
1491 2837 1546 2879 et
1569 2827 1621 2880 ιιι
1656 2827 1720 2879 iis
1753 2825 1842 2895 qui

247 2913 524 2968 catechcsi
574 2914 944 2968 instituuntur.
995 2915 1122 2969 Nam
1166 2917 1309 2984 quid,
1334 2932 1541 2986 quaeso,
1563 2918 1717 2972 nobis
1765 2927 1847 2971 est

254 3018 590 3077 prwceptum
630 3022 794 3076 grave
839 3020 893 3061 et
929 3008 1362 3062 intolerandum?
1393 3010 1539 3063 llabe
1571 3049 1586 3072 ,
1631 3010 1843 3078 inquit,

254 3113 482 3151 ttwrem
510 3138 525 3161 ,
555 3105 610 3148 et
645 3098 718 3150 sis
751 3107 1057 3166 temperans
1094 3109 1147 3152 ct
1186 3101 1488 3153 continens.
1539 3100 1724 3155 llocnc
1766 3111 1849 3154 cst

255 3191 530 3245 dzflicile?
561 3192 851 3259 qumnodo,
881 3207 1004 3246 cunt
1037 3194 1237 3263 alisque
1269 3209 1435 3246 uxore
1460 3192 1608 3245 multi
1641 3209 1697 3246 se
1717 3208 1848 3246 eon—

257 3284 374 3336 tiue
414 3296 469 3336 ιιι
499 3323 512 3346 ,
541 3299 659 3346 non
699 3284 871 3336 Solum
902 3282 1189 3337 Christiani
1217 3326 1231 3348 ,
1261 3283 1352 3337 sed
1378 3293 1431 3336 et
1458 3282 1670 3338 Grarci?
1698 3283 1849 3357 Quod

257 3373 484 3427 Cra-eus
514 3383 734 3440 superat
767 3383 986 3441 promer
1023 3374 1234 3428 inanem
1275 3376 1496 3444 gloriam
1521 3417 1534 3436 .
1571 3385 1624 3429 tu
1655 3391 1720 3429 ne
1752 3376 1852 3430 hoc

256 3465 480 3534 quidem
526 3479 710 3519 servas
758 3476 978 3534 propter
1021 3466 1110 3519 Dei
1160 3467 1456 3521 timorem?
1497 3465 1604 3530 Da,
1639 3467 1852 3536 inquit,

260 3557 571 3627 pauperibus
600 3573 663 3611 ea:
698 3557 799 3610 tuis
827 3557 1158 3626 facultatibus
1187 3557 1336 3624 (Tob.
1363 3559 1416 3612 4.
1448 3558 1529 3628 7).
1561 3559 1743 3612 llocue
1774 3569 1856 3613 est

260 3666 430 3718 grave
451 3661 506 3704 et
535 3649 970 3704 intolerandum?
991 3649 1096 3705 Sed
1123 3651 1208 3706 hic
1227 3667 1443 3722 quoque
1472 3667 1573 3707 nos
1601 3661 1860 3708 accusant

264 3741 462 3802 Cm'ci,
498 3742 587 3810 qui
621 3758 810 3796 onmes
841 3756 967 3796 snas
995 3742 1300 3798 ell‘uderunt
1333 3744 1613 3799 facultates
1644 3755 1860 3814 propter

266 3836 488 3886 inanem
509 3831 756 3900 gloriam.
791 3831 869 3886 Ne
899 3832 1060 3887 verba
1091 3832 1330 3903 loquaris
1353 3835 1609 3890 obscmna
1639 3834 1775 3903 (Col.
1805 3836 1858 3890 5.

269 4004 291 4016 ⁸
325 3943 406 4014 (ιι)⁵
433 3943 493 3990 ιιι
521 3944 701 4018 ueratri
741 3949 936 4018 lictores
975 3957 1114 4018 erant
1145 3948 1196 3998 in
1232 3950 1339 4003 aula
1374 3953 1703 4018 Imperatoris.
1728 3963 1851 4018 Vide

254 4006 492 4062 Cungiunt
520 4007 567 4054 in
593 4006 837 4056 Glossario
861 4010 944 4058 (ir.
971 4012 1030 4059 ad
1057 4026 1224 4061 vocem
1249 4031 1414 4073 Διιανός.

1029 415 1094 472 IN
1138 413 1353 470 EPIST.
1401 411 1488 466 AD
1530 407 1894 466 lIEBRA'jOS.
1937 405 2092 460 CAP.
2137 403 2272 459 VIII.
2316 402 2547 460 IIOMIL.
2590 402 2729 460 XIV.

3443 418 3544 476 H0

1945 505 2022 575 8).
2055 506 2234 564 llocne
2257 512 2612 570 cstdilﬁcile?
2642 516 2862 571 Etiamsi
2898 532 3002 572 non
3027 526 3168 573 esset
3193 527 3542 588 praeceptum,

1943 614 2124 656 annon
2155 615 2435 674 oporteret
2474 622 2574 662 nos
2616 608 2688 663 ita
2716 625 2910 680 gerere
2933 652 2947 676 ,
2984 625 3049 665 ne
3083 610 3186 665 hoc
3214 611 3369 665 nobis
3402 621 3550 668 esset

1941 705 2186 774 probro?
2216 708 2348 764 Nam
2382 708 2524 780 quod
2554 709 2884 763 contrarium
2913 709 2990 765 sit'
3018 709 3234 766 difﬁcile
3264 753 3279 776 ,
3313 711 3476 766 verba
3503 752 3520 777 ,

1949 798 2188 869 inquam,
2231 801 2376 868 loqui
2397 803 2674 868 obscaena,
2693 809 2778 857 est
2799 803 3139 871 perspicuum
3165 819 3231 858 ex
3259 802 3362 858 hoc
3386 805 3532 873 quod

1940 891 2150 960 pudore
2190 893 2424 948 aﬁlcitur
2457 901 2514 948 et
2557 892 2831 948 erubescit
2875 895 3090 949 animus
3119 936 3135 963 ,
3180 896 3225 950 si
3267 894 3536 955 adductus

1942 981 2102 1038 fuerit
2130 994 2187 1038 ut
2211 984 2315 1038 tale
2345 983 2476 1053 quid
2501 983 2664 1052 dicat,
2692 995 2748 1041 et
2777 1001 2953 1055 neque
2982 986 3148 1053 dicet,
3181 987 3280 1041 nisi
3313 988 3448 1041 forte
3473 988 3546 1042 sit

1947 1073 2151 1128 ebrius.
2169 1072 2282 1128 Cur
2309 1076 2453 1127 enim
2483 1075 2531 1128 in
2565 1075 2683 1130 loro
2708 1075 2925 1141 sedens,
2949 1078 3158 1132 etiamsi
3182 1078 3327 1133 domi
3355 1078 3541 1142 fztcias.

1947 1166 2057 1222 illic
2086 1184 2190 1220 non
2219 1165 2354 1222 facis
2382 1165 2405 1218 ?
2438 1181 2618 1221 annon
2652 1177 2872 1238 propter
2900 1184 2995 1223 eos
3028 1171 3114 1239 qui
3155 1170 3355 1225 adsunt
3382 1173 3406 1226 ?
3443 1187 3544 1225 cur

1945 1261 1990 1315 si
2019 1259 2158 1313 adsit
2181 1275 2314 1313 uxor
2341 1269 2451 1322 tua,
2476 1260 2528 1314 id
2553 1275 2658 1314 non
2690 1262 2822 1317 lacis
2850 1263 2872 1316 ?
2899 1278 3078 1319 annon
3105 1273 3163 1318 ut
3184 1281 3252 1320 ne
3274 1281 3390 1321 eam
3422 1282 3546 1321 con-

1949 1353 2163 1405 tumelia
2190 1350 2392 1404 afﬁcias
2417 1352 2439 1402 ?
2467 1342 2620 1420 Quod
2649 1367 2779 1423 ergo
2806 1364 3030 1424 propter
3071 1371 3293 1410 uxorem
3326 1374 3432 1412 non
3463 1358 3543 1412 la-

1945 1443 2046 1507 cis,
2082 1442 2248 1496 Deum
2276 1444 2598 1497 contumelia
2630 1445 2874 1500 alliciens
2904 1461 3009 1501 non
3040 1448 3361 1503 erubescis?
3392 1451 3546 1504 adest

1947 1533 2089 1587 enim
2123 1534 2316 1604 ubique
2339 1542 2393 1587 et
2419 1533 2568 1587 audit
2600 1537 2802 1590 omnia.
2830 1537 2948 1592 Noli
2981 1579 2995 1600 ,
3040 1537 3256 1607 inquit,
3292 1540 3546 1596 inebriari

1949 1623 2166 1695 (Ep/tes.
2203 1626 2255 1679 5.
2287 1624 2375 1694 18)
2407 1643 2421 1679 :
2450 1635 2619 1680 recte.
2649 1626 2780 1680 Nam
2811 1629 2975 1682 etiam
3011 1629 3114 1684 hoc
3147 1630 3321 1698 ipsum
3363 1648 3458 1702 per
3485 1648 3544 1687 se

1949 1730 2123 1768 annon
2152 1724 2233 1769 est
2259 1716 2623 1784 supplicium?
2657 1716 2775 1772 Non
2809 1719 2985 1784 dixit,
3037 1721 3294 1776 Distende
3341 1738 3541 1790 corpus

1949 1815 2131 1870 tuum;
2161 1806 2254 1862 sed
2283 1807 2409 1877 quid
2435 1808 2458 1862 Ἰ
2488 1807 2604 1862 Noli
2638 1809 2891 1864 inebriari
2923 1829 2937 1866 :
2971 1811 3023 1864 id
3053 1822 3156 1876 est,
3207 1811 3286 1866 Ne
3307 1813 3386 1866 sic
3412 1814 3543 1868 illud

1951 1899 2263 1969 praecipites
2291 1941 2306 1967 ,
2349 1909 2406 1954 ut
2443 1901 2723 1956 auferatur
2759 1904 3097 1973 principatus
3140 1906 3354 1957 animae.
3406 1903 3547 1969 Quid

1942 1988 2295 2059 ergo?annon
2312 1987 2565 2059 corporis
2577 1987 2834 2042 habenda
2845 2004 2978 2043 cura
2995 1988 3104 2044 est?
3116 1987 3295 2053 Absit,
3310 2004 3419 2042 non
3430 1989 3537 2043 hoc

1945 2081 2092 2145 dico,
2106 2081 2184 2136 sic
2194 2080 2341 2135 enim
2355 2055 2559 2135 Paulus
2571 2081 2857 2152 praecepit:
2874 2080 3065 2137 Carnis
3079 2099 3141 2136 cu
3150 2099 3265 2135 ram
3280 2098 3342 2135 nc.
3358 2082 3542 2151 feceri-

1947 2175 2077 2227 tisin
2097 2173 2367 2226 desideriis
2385 2173 2559 2241 (Rom.
2581 2174 2666 2228 l5.
2689 2174 2800 2245 M).
2822 2174 2930 2230 Sed
2949 2191 3016 2228 ne
3040 2191 3230 2229 curam
3250 2190 3408 2244 geras
3422 2175 3542 2244 ejus

1949 2264 2434 2334 concupiscentiae,
2466 2280 2535 2319 ne
2567 2265 2749 2336 rapias
2775 2281 2898 2335 quae
2928 2275 3019 2319 tua
3045 2282 3154 2320 non
3187 2275 3336 2330 sunt,
3362 2281 3430 2320 ne
3445 2281 3543 2336 per

1951 2355 2240 2410 avaritiam
2269 2355 2499 2411 invadas
2522 2357 2724 2423 aliena,
2757 2373 2827 2412 ne
2855 2358 3071 2428 pcjeres
3104 2357 3320 2428 (Matth.
3359 2359 3412 2412 5.
3436 2357 3550 2426 35).

1953 2447 2284 2512 Quibusnam
2312 2454 2471 2516 egent
2501 2446 2617 2501 haec
2644 2446 2941 2510 laboribus,
2975 2447 3298 2519 quibusnam
3324 2447 3541 2502 sudori-

1956 2540 2057 2594 bus
2083 2555 2096 2591 :
2126 2536 2204 2592 Ne
2233 2536 2536 2592 crimineris
2558 2578 2572 2601 ,
2605 2537 2770 2606 inquit
2805 2579 2820 2602 ,
2853 2554 2918 2592 nc
2939 2538 3287 2592 calumnieris
3313 2536 3464 2606 (Luc.
3490 2539 3544 2594 5.

1959 2631 2072 2700 lt).
2105 2629 2234 2696 Quis
2267 2630 2318 2683 in
2347 2627 2447 2683 hac
2477 2645 2534 2683 re
2559 2629 2752 2683 labor?
2781 2629 3121 2685 Contrarium
3149 2631 3366 2700 quidem
3398 2641 3549 2686 certe

1959 2732 2042 2776 cst
2071 2722 2240 2777 labor.
2275 2720 2409 2776 Nam
2439 2722 2654 2790 quando
2683 2722 2988 2777 maledictis
3017 2725 3311 2793 appetieris
3331 2766 3345 2790 ,
3375 2726 3555 2778 statim

1959 2836 2019 2876 es
2047 2819 2100 2873 in
2135 2817 2380 2888 periculo
2405 2859 2417 2881 ,
2450 2818 2500 2871 in
2526 2817 2857 2886 suspicione,
2891 2818 2967 2872 Ne
2996 2818 3133 2873 forte
3160 2818 3396 2873 audierit
3423 2802 3563 2872 is'de

1959 2927 2067 2983 quo
2097 2911 2205 2966 dixi
2233 2952 2248 2977 ,
2281 2910 2395 2964 sive
2423 2910 2494 2963 sit
2525 2925 2773 2979 magnus,
2829 2912 2943 2966 sive
2981 2928 3180 2976 parvus
3209 2931 3224 2967 :
3254 2927 3374 2966 nam
3412 2912 3455 2966 si
3493 2911 3564 2967 sit

1964 3003 2180 3074 quidem
2207 3017 2452 3072 magnus,
2482 3003 2661 3054 statim
2695 3017 2753 3056 re
2785 3003 2895 3071 ipsa
2924 3003 3107 3057 venies
3140 3004 3188 3057 in
3216 3004 3510 3073 periculum
3537 3018 3554 3069 ;

1965 3095 2046 3149 sin
2077 3109 2272 3164 parvus
2298 3135 2312 3151 ,
2345 3108 2439 3159 par
2463 3093 2578 3162 pari
2610 3091 2810 3148 referet
2840 3135 2854 3157 ,
2885 3097 2992 3148 imo
3019 3097 3266 3164 graviora
3304 3097 3565 3164 rependet

1965 3196 2018 3241 et
2064 3194 2114 3238 te
2160 3183 2455 3252 majoribus
2497 3193 2714 3252 appetet
2761 3184 3086 3239 maledictis.
3117 3185 3258 3240 Nihil
3293 3187 3510 3242 difﬁcile
3548 3229 3562 3249 ,

1969 3276 2101 3330 nihil
2130 3291 2290 3344 grave
2323 3275 2477 3328 nobis
2507 3286 2591 3330 est
2624 3285 2976 3345 praeceptum,
3005 3277 3046 3330 si
3073 3278 3300 3332 velimus
3323 3296 3335 3331 :
3360 3280 3441 3332 sin
3469 3295 3563 3331 att-

1970 3379 2075 3422 tem
2101 3367 2356 3431 nolimus,
2383 3366 2542 3420 etiam
2568 3383 2686 3435 qua:
2716 3376 2842 3421 sont
2868 3368 3114 3422 facillima
3151 3410 3165 3433 ,
3204 3371 3358 3423 nobis
3387 3388 3556 3437 appa-

1969 3463 2162 3516 rebunt
2187 3463 2387 3533 gravia.
2413 3463 2548 3530 Quid
2577 3473 2656 3517 est
2686 3463 2892 3516 facilius
2917 3478 3076 3533 quam
3103 3463 3388 3519 comedere
3416 3465 3438 3518 ?
3468 3465 3564 3520 sed

1975 3564 2195 3623 propter
2237 3557 2457 3609 multam
2501 3556 2782 3610 mollitiem
2810 3556 2961 3610 multi
2994 3555 3042 3610 id
3073 3571 3286 3626 quoque
3315 3573 3459 3627 aegre
3487 3558 3566 3614 fe-

1973 3655 2103 3701 ruut
2134 3663 2146 3700 :
2176 3648 2373 3702 multos
2400 3647 2558 3700 audio
2588 3648 2830 3703 dicentes
2854 3691 2869 3714 ,
2913 3648 3057 3718 quod
3087 3649 3248 3703 etiam
3277 3652 3565 3707 comedere

1971 3745 2055 3793 est
2085 3737 2251 3793 labor.
2283 3738 2426 3793 Nihil
2455 3739 2643 3792 hormn
2676 3750 2756 3794 est
2787 3740 3133 3804 lahorioatm,
3155 3739 3196 3793 si
3213 3741 3345 3795 velis
3371 3759 3383 3793 :
3417 3758 3561 3802 nam.

1961 3844 2083 3882 cum
2127 3829 2293 3896 gratia
2337 3841 2588 3896 superna,
2627 3827 2677 3879 in
2723 3829 2993 3878 voluntate
3033 3828 3132 3878 sita
3185 3835 3310 3881 sunt
3356 3831 3558 3888 omnia.

1963 3921 2208 3977 Velimus
2249 3933 2377 3987 ergo
2428 3917 2601 3982 bona,
2656 3928 2710 3970 ut
2758 3918 2920 3973 etiam
2970 3917 3111 3975 bona
3153 3933 3551 3990 consequamur

1965 4024 2166 4069 teterna
2207 4054 2220 4071 .
2253 4009 2419 4074 gratia
2445 4020 2498 4063 et
2524 4009 2869 4073 benignitate.

280 4103 3478 4131 Mm

1614 4188 1962 4250 HOMILIA
2012 4186 2186 4248 XIV.

243 4286 380 4341 Car.
405 4284 458 4340 8.
492 4287 542 4340 1.
587 4285 876 4355 Capitulum
906 4298 1077 4344 autem
1116 4307 1269 4355 super
1313 4307 1372 4344 ea
1413 4308 1528 4362 qua:
1555 4291 1794 4347 dicuntur
1821 4308 1841 4347 .'

325 4376 505 4432 Talem
534 4379 774 4435 habemus
807 4383 1100 4451 pontiﬁcem
1127 4426 1143 4451 ,
1173 4385 1261 4453 qui
1291 4386 1513 4439 consedit
1552 4387 1604 4440 in
1635 4387 1846 4440 dextera

323 4472 461 4526 sedis
492 4474 856 4543 magnitudinis
881 4477 932 4529 in
955 4477 1092 4531 cazlis
1115 4519 1128 4542 ,
1159 4477 1214 4531 2.
1245 4487 1532 4530 sanctorum
1564 4480 1792 4532 minister
1823 4519 1838 4541 ,

321 4574 371 4617 et
410 4563 726 4619 tabernaculi
765 4567 872 4620 veri
901 4608 916 4636 ,
954 4567 1090 4639 quod
1149 4569 1263 4638 fixit
1303 4567 1555 4623 Dominus
1578 4611 1594 4634 ,
1649 4579 1694 4624 et
1740 4587 1842 4624 non

325 4659 500 4713 homo.

322 4751 348 4805 1
363 4790 376 4804 .
401 4751 479 4822 (α)
494 4750 722 4808 Humilia
746 4753 1067 4841 sublimibus
1089 4756 1353 4812 admiscet
1373 4758 1586 4825 Paulus,
1603 4761 1845 4832 quisent-

243 4857 350 4911 per
375 4857 533 4898 suum
564 4843 805 4899 imitatur
833 4845 1144 4916 Magistrum
1172 4889 1185 4911 ,
1220 4858 1278 4900 ut
1310 4850 1527 4903 humilia
1553 4850 1691 4905 viam
1725 4868 1842 4905 mu-

243 4935 404 4988 niant
441 4934 508 4989 ad
536 4936 782 4991 sublimia
811 4979 825 5002 ,
853 4947 907 4993 et
940 4954 1035 5007 per
1075 4954 1138 4994 ea
1167 4939 1233 4992 ad
1277 4939 1364 4992 illa
1399 4940 1751 5006 deducamur,
1786 4950 1844 4995 et

243 5042 372 5080 cum
407 5026 473 5081 ad
504 5043 694 5098 magna
719 5033 1140 5097 pervenerimus,
1162 5032 1433 5088 discamus
1455 5051 1517 5088 ca
1548 5036 1711 5090 fuisse
1733 5050 1842 5089 sua:

246 5115 597 5173 demissionis
617 5119 682 5174 ad
708 5131 919 5192 captum
943 5134 1204 5178 nostrum.
1234 5124 1345 5179 lloc
1366 5140 1493 5194 ergo
1522 5126 1606 5180 hic
1632 5142 1844 5197 quoque

251 5207 419 5264 facit:
452 5209 640 5266 dicens
684 5213 826 5283 quod
864 5230 924 5269 se
963 5215 1249 5283 obtulerit,
1288 5227 1341 5271 et
1377 5233 1497 5271 cum
1527 5218 1837 5285 pontificem

248 5317 375 5356 eum
407 5317 530 5358 esse
567 5305 913 5374 OSIendisset,
945 5307 1074 5363 dicit
1106 5327 1118 5362 :
1154 5309 1444 5379 Capitulum
1482 5321 1649 5364 autem
1690 5328 1844 5381 super

246 5411 310 5448 ea
334 5411 449 5466 qua
472 5395 714 5450 dicuntur
741 5412 759 5452 :
783 5396 963 5453 Talem
988 5399 1227 5453 habemus
1251 5403 1562 5471 pontiﬁcem,
1589 5403 1677 5472 qui
1705 5419 1832 5455 con-

246 5484 377 5540 sedit
405 5486 458 5540 in
481 5485 691 5542 dextera
708 5487 843 5544 sedis
865 5489 1228 5562 magnitudinis
1266 5492 1318 5545 in
1340 5493 1503 5546 cretis.
1545 5493 1710 5565 Atqui
1741 5493 1842 5549 hoc

307 5670 382 5730 (a)
395 5669 659 5721 Homiliam
675 5671 748 5721 sic
759 5671 925 5733 incipit
940 5669 1324 5733 Coib,ouomodo
1337 5670 1415 5719 hic
1429 5667 1612 5733 dicitur
1626 5668 1844 5733 minister

307 5685 382 5730 (α)
396 5685 659 5721 nomutsm
675 5685 748 5721 διο
759 5685 850 5721 inci
889 5685 925 5720 ιι
940 5685 1324 5733 ωιο.(›ιιοιιιοιιο
1337 5685 1415 5719 mc
1433 5685 1612 5719 matur
1626 5685 1844 5718 minister

249 5737 294 5784 et
319 5733 537 5800 minister
559 5739 835 5800 scriptarum
853 5685 886 5782 β)
897 5733 975 5782 hic
997 5731 1124 5800 enim
1160 5730 1519 5800 tabertutculum
1553 5730 1688 5800 dicit.
1725 5731 1846 5781 Vide

245 5797 482 5855 quomodo
510 5793 682 5858 erexit
713 5794 898 5845 animas
935 5795 1233 5858 Juda’orunt.
1270 5795 1349 5846 Sic
1387 5795 1684 5858 paucissimis
1712 5808 1847 5843 ama-

249 5862 448 5910 nuensis
469 5856 558 5910 ille
583 5855 738 5914 multa
761 5857 1146 5922 comprehendit.

1957 4304 2064 4346 non
2094 4291 2473 4362 estpontiﬁcis,
2507 4291 2601 4348 sed
2622 4292 2761 4362 ejus,
2800 4291 2885 4347 cui
2907 4300 3122 4363 oportet
3149 4291 3294 4363 fungi
3329 4308 3552 4350 munere

1956 4381 2270 4441 sacerdotis.
2294 4383 2601 4438 Sanctorum
2627 4384 2870 4438 minister.
2889 4383 3000 4439 Nec
3016 4384 3255 4439 absolute
3284 4384 3547 4450 minister,

1955 4473 2387 4536 sed,Sanctorum
2434 4478 2681 4532 minister.
2713 4476 2781 4531 Et
2808 4476 3121 4531 tabernaculi
3157 4478 3259 4530 veri
3284 4477 3419 4544 quod
3440 4479 3552 4544 [irit

1953 4566 2223 4632 Dominus,
2250 4581 2295 4624 et
2313 4587 2411 4623 non
2427 4571 2595 4624 homo.
2615 4570 2776 4625 Vides
2805 4572 2886 4625 sui
2915 4571 3334 4626 demissionem?
3358 4573 3549 4624 Annon

1957 4661 2117 4729 paulo
2141 4671 2264 4716 ante
2289 4661 2552 4729 distinxit,
2587 4661 2770 4718 dicens
2796 4680 2807 4715 :
2836 4661 3022 4716 Nonne
3050 4679 3221 4716 omnes
3244 4673 3357 4714 sunt
3379 4662 3546 4714 admi-

1965 4750 2244 4804 nistratorii
2267 4753 2478 4819 spiritus
2513 4753 2531 4822 (
2563 4751 2721 4806 Hebr.
2757 4753 2800 4807 1.
2843 4753 2908 4806 il
2933 4753 2992 4820 )?
3037 4752 3104 4806 Et
3132 4762 3414 4823 propterea
3444 4767 3550 4806 non

1953 4841 2175 4895 audiunt
2199 4883 2213 4905 ,
2248 4841 2382 4896 Sede
2426 4860 2458 4896 a
2498 4843 2688 4898 dextris
2731 4844 2875 4897 meis.
2913 4843 3023 4898 Iloc
3059 4856 3238 4897 autem
3269 4843 3342 4896 ait
3370 4886 3382 4905 ,
3408 4844 3551 4911 quod

1953 4934 2173 4987 omnino
2204 4949 2308 4988 non
2339 4935 2410 4989 sit
2436 4936 2678 4990 minister
2703 4935 2792 5005 qui
2821 4934 2994 4989 sedet.
3015 4934 3297 5003 Quomodo
3329 4934 3552 5003 ergodi-

1955 5034 2074 5079 etus
2101 5038 2182 5080 est
2205 5025 2291 5081 hic
2313 5028 2555 5082 minister
2567 5027 2902 5082 sanctorum?
2925 5026 3348 5080 'I'abcrnacuhuu
3371 5037 3549 5079 autem

1958 5117 2046 5173 hic
2072 5119 2262 5174 caelum
2285 5121 2434 5176 dicit.
2469 5121 2592 5176 Ideo
2621 5123 2780 5175 etiam
2809 5129 2867 5174 ut
2891 5120 3136 5175 ostendat
3164 5134 3321 5187 quam
3342 5118 3553 5171 dill'urat

1951 5233 1979 5270 a
2006 5216 2245 5278 Judaico,
2294 5213 2443 5279 dicit,
2479 5210 2626 5278 Quod
2658 5212 2768 5280 ﬁxit
2797 5209 2966 5276 Deus,
2998 5219 3044 5263 ιιι
3071 5226 3172 5264 non
3194 5209 3362 5262 homo.
3413 5207 3548 5261 Vide

1952 5305 2224 5375 quomodo
2261 5303 2436 5359 erexit
2480 5303 2692 5357 animos
2733 5317 2920 5356 eorum
2964 5301 3053 5371 qui
3097 5299 3443 5355 crediderunt
3485 5298 3536 5351 in

1953 5397 2175 5454 Judmis.
2227 5395 2360 5450 Nam
2403 5395 2659 5464 quoniam
2689 5393 2985 5448 verisimile
3015 5401 3133 5447 erat
3163 5407 3258 5446 eos
3291 5391 3550 5462 imagina-

1953 5501 2039 5545 tos
2065 5504 2184 5544 esse
2215 5501 2313 5542 nos
2356 5501 2461 5541 non
2493 5485 2694 5540 habere
2733 5485 2838 5540 tale
2880 5483 3287 5539 tabernaculum
3323 5501 3335 5536 :
3371 5484 3543 5548 Ecce,

1957 5582 2149 5652 inquit,
2178 5579 2454 5644 sacerdos,
2487 5586 2540 5632 et
2571 5591 2819 5646 magnus,
2851 5586 2906 5631 et
2933 5575 3025 5630 illo
3049 5575 3219 5629 multo
3250 5575 3421 5644 major
3447 5615 3461 5639 ,
3495 5583 3551 5628 ut

1957 5671 2328 5727 admirabilius
2370 5669 2564 5724 obtulit
2618 5666 2968 5723 sacriﬁcium.
3018 5667 3088 5721 At
3134 5665 3392 5735 numquid
3437 5664 3550 5719 haec

1959 5774 2083 5819 sunt
2118 5762 2375 5832 jactantia
2421 5771 2478 5817 et
2519 5760 2682 5815 animi
2726 5759 3059 5813 oblectatio?
3097 5758 3388 5825 Pr0pterea
3435 5771 3548 5811 rem

1962 5860 2107 5932 prius
2139 5857 2264 5918 facit
2292 5854 2605 5916 credibilem
2633 5870 2696 5912 ex
2720 5851 3072 5926 jurejurando
3095 5895 3109 5920 ,
3148 5850 3345 5909 deinde
3388 5850 3548 5906 etiam
