4122 6338
627 350 722 407 ΠΙ
1336 346 1393 404 S.
1434 343 1709 403 JOANSIS
1745 330 2221 397 CHRYSOSTOMI

615 484 678 521 ex
714 459 1076 519 tabernaculo.
1109 459 1239 516 Erat
1258 454 1467 528 quidem
1491 452 1607 508 hmo
1634 466 1848 523 quoque
1874 459 2057 522 aperta
2083 449 2182 505 dif-

611 558 840 614 ferentia
865 574 878 609 :
909 554 1023 624 ipse
1046 568 1174 608 vero
1192 550 1347 605 aliain
1376 561 1587 618 qunque
1612 544 1877 615 excogitat
1909 561 1923 599 :
1960 542 2105 609 Quod
2119 542 2183 610 ῥ-

613 651 688 705 ait
716 692 730 713 ,
762 648 969 717 inquit,
996 644 1155 707 Deus,
1188 650 1234 695 et
1283 656 1384 694 non
1413 639 1581 692 homo.
1614 636 1715 693 Ubi
1739 644 1862 690 sunt
1884 636 1971 704 qui
1999 632 2183 687 dicunt

614 739 819 795 moveri
866 733 1218 792 ca:lum?ubi
1269 739 1394 786 sunt
1435 730 1523 799 qui
1572 728 1917 799 pronuntiant
1969 723 2019 779 id
2064 737 2184 779 esse

613 831 934 900 Sphzcricum
956 826 1058 896 (a)?
1082 834 1301 893 utraque
1321 821 1461 877 enim
1487 820 1570 873 hic
1584 829 1707 873 sunt
1721 817 1943 871 sublata.
1970 814 2184 882 Capitu-

615 922 720 975 lum
744 928 929 982 autem,
953 915 1145 985 inquit,
1174 930 1328 982 super
1349 928 1407 967 ea
1428 925 1538 978 qua:
1563 908 1816 963 dicuntur.
1844 907 2017 975 Caput
2046 920 2185 959 sem-

615 1025 716 1082 per
754 1008 951 1062 dicitur
996 1003 1048 1058 id
1094 1002 1235 1073 quod
1270 1008 1353 1056 est
1391 999 1700 1055 maximum.
1735 997 1938 1050 Rursus
1964 993 2186 1049 dimittit

618 1101 910 1157 orationem
940 1119 953 1151 :
984 1110 1107 1151 cum
1136 1095 1359 1150 dixisset
1386 1089 1526 1161 quod
1556 1098 1637 1145 est
1666 1088 1897 1145 sublime
1917 1127 1932 1152 ,
1967 1086 2182 1140 humilia

625 1201 809 1264 postea
838 1189 1006 1244 libere
1049 1184 1268 1258 profert.
1318 1179 1523 1238 Deinde
1564 1189 1621 1234 ut
1656 1181 1793 1234 scias
1833 1176 1975 1248 quod
2006 1176 2134 1230 illud
2167 1215 2181 1240 ,

618 1283 852 1337 Minister
879 1322 893 1348 ,
924 1279 1124 1334 dictum
1161 1276 1226 1330 sit
1257 1275 1325 1328 de
1368 1272 1697 1331 humanitate
1724 1311 1740 1337 ,
1770 1268 1892 1323 vidc
1914 1265 2185 1338 quomodo

616 1388 808 1431 rursus
837 1375 937 1425 hoc
960 1366 1239 1439 significet.
1270 1364 1323 1419 5.
1350 1360 1525 1417 Omnis
1544 1362 1676 1415 enim
1702 1361 1927 1430 pontifex
1946 1400 1960 1424 ,
1990 1356 2181 1425 inquit,

615 1465 683 1518 ad
726 1460 1037 1529 offerendum
1077 1470 1290 1509 munera
1325 1464 1369 1507 et
1413 1453 1599 1506 hostias
1637 1450 1955 1505 constituitur
1987 1463 2005 1501 :
2038 1446 2185 1501 Unde

616 1569 813 1609 necesse
858 1534 1017 1604 estet
1057 1547 1189 1600 hunc
1236 1545 1416 1598 habere
1452 1541 1645 1611 aliquid
1673 1539 1806 1611 quod
1834 1535 2035 1605 offerat.
2065 1535 2141 1590 Ne
2168 1574 2181 1600 ,

617 1644 865 1716 quoniam
883 1639 1033 1695 audis
1052 1652 1172 1693 eum
1194 1635 1399 1699 sedere,
1424 1634 1694 1688 existimes
1714 1646 1834 1687 esse
1860 1644 2024 1701 nugas
2044 1628 2182 1699 quod

616 1737 789 1792 dictus
825 1734 893 1788 sit
923 1730 1157 1802 pontiiex
1182 1746 1194 1780 :
1222 1743 1343 1782 nam
1382 1725 1509 1780 illud
1538 1724 1751 1796 quidem
1780 1732 1865 1779 est
1896 1723 1985 1776 Dci
2013 1721 2184 1791 digni—

617 1804 781 1893 tatis,
814 1830 1002 1893 nempe
1039 1821 1263 1885 sedere;
1306 1819 1407 1873 hoc
1431 1824 1607 1872 autem
1637 1815 1817 1870 multa:
1856 1814 1907 1868 in
1937 1813 2181 1868 homines

617 1901 1001 1973 benevolentia:
1032 1923 1084 1967 et
1110 1926 1315 1982 magna:
1337 1924 1477 1963 curae
1504 1923 1661 1977 quam
1690 1907 1853 1960 nostri
1876 1906 2029 1976 gerit.
2051 1905 2185 1959 Pro-

618 2019 798 2078 pterea
828 2006 928 2060 hoc
961 2005 1110 2069 lenit,
1139 2015 1193 2057 ct
1220 2004 1270 2056 in
1295 2016 1360 2055 eo
1385 2000 1581 2055 diutius
1610 2000 1925 2054 immoratur
1954 2015 1967 2051 :
2011 1998 2191 2054 timuit

618 2093 762 2147 enim
810 2108 877 2147 ne
918 2091 1047 2147 illud
1086 2100 1370 2148 everteret.
1414 2090 1705 2159 Pr0pterea
1751 2088 1817 2144 ad
1864 2089 1964 2143 hoc
2006 2102 2191 2143 rursus

618 2181 833 2236 deducit
852 2185 1166 2248 orationem,
1187 2183 1434 2253 quoniam
1457 2182 1764 2252 quterebant
1786 2181 1947 2251 aliqui
1975 2199 1988 2237 :
2016 2181 2194 2248 Quare

620 2279 704 2326 est
738 2282 980 2327 mortuus
1003 2314 1019 2336 .
1047 2289 1168 2329 cum
1205 2282 1349 2328 esset
1391 2272 1692 2328 sacerdos?
1720 2271 1969 2327 sacerdos
2011 2278 2191 2326 autem

621 2376 729 2417 non
763 2372 846 2418 est
884 2364 1083 2436 absque
1128 2363 1391 2421 sacriﬁcio
1421 2382 1435 2419 :
1466 2372 1676 2434 oportet
1716 2378 1843 2433 ergo
1888 2376 2008 2416 eum
2058 2376 2195 2431 quo—

619 2467 722 2521 quo
761 2452 957 2509 habere
1000 2454 1341 2510 sacriﬁcium.
1396 2455 1646 2524 Alioquin
1701 2464 1879 2508 autem
1932 2468 2050 2507 cum
2104 2453 2190 2506 di-

620 2542 790 2597 xisset
842 2544 981 2612 quod
1040 2544 1111 2598 sit
1171 2545 1309 2615 apud
1358 2559 1582 2613 superos
1612 2584 1629 2609 ,
1676 2544 1805 2598 dicit
1857 2552 1910 2597 et
1960 2542 2192 2599 ostendit

618 2635 759 2704 quod
815 2637 887 2691 sit
938 2637 1189 2693 sacerdos
1240 2638 1601 2708 undique,ex
1654 2636 2085 2702 Melchisedech,
2122 2652 2187 2691 ex

610 2727 953 2798 juramento,
996 2746 1057 2783 ex
1100 2745 1167 2786 eo
1210 2730 1351 2800 quod
1385 2730 1571 2784 oll'crat
1602 2728 1941 2783 sacrificium.
1988 2728 2062 2782 Ex
2089 2727 2190 2782 hoc

531 2811 534 2815 ’
617 2818 686 2874 de
717 2830 915 2875 caetero
941 2822 1098 2875 etiam
1140 2821 1301 2875 alium
1345 2822 1581 2876 contexit
1623 2820 2009 2892 syllogismum.
2040 2821 2095 2874 4.
2128 2819 2190 2875 Si

617 2927 737 2979 ergo
763 2923 907 2974 esset.
927 2914 1283 2985 iuquit,super
1301 2924 1505 2977 terram,
1538 2931 1625 2967 nec
1646 2924 1773 2967 esset
1800 2916 2050 2979 sacerdos,
2072 2930 2189 2967 cum

617 3010 776 3054 essent
798 3003 1081 3056 sacerdotes
1107 3003 1192 3072 qui
1221 3002 1457 3069 o/ferrent
1480 3005 1752 3058 secundum
1775 3004 1931 3075 legem
1957 3019 2183 3060 munera.

618 3092 675 3148 Si
706 3109 832 3164 ergo
869 3104 951 3150 est
986 3097 1236 3152 sacerdos
1261 3137 1275 3161 ,
1303 3097 1440 3151 sicut
1467 3105 1612 3152 certe
1642 3107 1742 3161 est,
1776 3106 1983 3166 Oportet
2012 3097 2187 3167 ipsum

620 3205 862 3260 quzercre
902 3192 1063 3247 alium
1106 3192 1303 3247 locum.
1345 3192 1478 3247 Nam
1520 3193 1563 3247 si
1603 3202 1745 3248 esset
1786 3193 1998 3263 quidem
2028 3207 2189 3261 super

618 3291 836 3348 terram,
857 3298 960 3337 non
974 3292 1118 3339 esset
1136 3283 1406 3339 sacerdos.
1433 3284 1709 3351 Quomodo
1728 3285 1912 3339 enim?
1942 3284 2055 3339 Non
2084 3285 2186 3339 ob-

615 3373 841 3440 tulisset,
862 3389 965 3430 non
984 3375 1190 3430 functus
1207 3386 1352 3431 esset
1368 3392 1588 3431 munere
1612 3378 1926 3432 sacerdotali
1948 3395 1962 3443 ;
1995 3388 2050 3433 et
2067 3379 2189 3448 jure

614 3464 825 3534 quidem
854 3483 866 3520 :
898 3481 1016 3519 nam
1045 3467 1165 3522 istic
1184 3468 1679 3524 erantsacerdotes.
1704 3468 1771 3522 Et
1792 3468 2025 3524 ostendit
2045 3470 2187 3540 quod

614 3572 714 3612 nec
736 3557 849 3613 ﬁeri
873 3559 1041 3627 potuit
1067 3566 1127 3613 ut
1151 3569 1293 3614 esset
1321 3559 1572 3615 sacerdos
1598 3575 1759 3630 super
1782 3570 1974 3617 terram
2008 3581 2022 3617 :
2055 3579 2190 3633 quo-

615 3649 776 3703 modo
794 3650 932 3704 enim
950 3649 972 3702 ?
992 3648 1259 3719 Siquidem
1291 3665 1465 3720 neque
1489 3652 1812 3706 assurrectio
1838 3660 1974 3718 erat,
1994 3652 2185 3723 inquit.

688 3738 842 3794 Pauli
868 3740 1154 3811 prudentia.
1181 3740 1369 3795 —llic
1421 3755 1641 3798 necesse
1667 3751 1750 3797 est
1798 3753 2027 3800 mentem
2074 3746 2185 3801 eri-

616 3848 765 3903 gere,
812 3842 867 3888 et
906 3832 1252 3902 apostolicam
1292 3834 1645 3904 contemplari
1671 3835 2043 3905 prudentiam:
2072 3854 2191 3893 rur-

612 3941 707 3981 sus
751 3926 894 3981 enim
944 3926 1179 3981 ostendit
1227 3925 1581 3981 diﬁ‘erentiam
1629 3928 1935 3983 sacerdotii.
1989 3931 2043 3985 5.
2089 3930 2189 3999 Qui

627 4016 945 4086 exemplari,
993 4016 1196 4085 inquit,
1245 4026 1291 4070 et
1337 4016 1528 4071 umbra:
1572 4020 1852 4073 deserviunt
1894 4020 2184 4077 ccelestium.

618 4106 873 4173 Quaenam
901 4107 987 4162 hic
1011 4106 1139 4162 dicit
1162 4108 1432 4163 czelestia?
1453 4109 1758 4179 Spiritualia
1786 4127 1799 4162 :
1829 4126 1951 4164 nam
1980 4112 2186 4167 etiamsi

615 4200 840 4271 mystice
872 4199 1001 4259 ﬁant
1033 4215 1194 4270 super
1224 4210 1442 4265 terram,
1471 4210 1597 4256 sunt
1638 4211 1811 4257 tamen
1844 4203 1999 4273 digna
2029 4205 2187 4260 caele-

606 4284 804 4347 ‘stibus.
834 4289 1057 4359 Quando
1084 4293 1226 4347 enim
1260 4293 1517 4347 Dominus
1548 4303 1728 4347 noster
1766 4293 1921 4348 Jesus
1949 4293 2191 4350 Christus

614 4383 928 4452 proponitur
954 4391 1215 4436 mactatus
1258 4392 1312 4437 et
1352 4382 1657 4437 immolatus
1679 4424 1691 4445 ,
1723 4384 1933 4451 quando
1978 4385 2189 4440 advenit

616 4473 882 4543 Spiritus,
912 4473 1126 4543 quando
1173 4473 1259 4529 hic
1298 4474 1452 4528 adest
1492 4474 1578 4543 qui
1620 4474 1771 4528 sedet
1810 4474 1874 4529 ad
1918 4475 2188 4531 dexteram

617 4562 811 4628 Patris,
842 4564 1056 4632 quando
1087 4564 1219 4618 ﬁunt
1249 4564 1341 4618 ﬁlii
1370 4580 1465 4634 par
1493 4564 1785 4627 lavacrum,
1827 4565 2042 4634 quando
2066 4576 2191 4622 sunt

616 4655 762 4709 cives
787 4668 971 4709 eorum
996 4655 1083 4721 qui
1112 4663 1234 4708 sunt
1259 4654 1311 4708 in
1344 4654 1487 4708 caalis
1512 4695 1528 4720 ,
1556 4653 1765 4723 quando
1794 4654 1905 4710 illic
1934 4654 2189 4712 habemus

616 4746 843 4815 patriam
874 4755 926 4800 et
963 4745 1227 4800 civitatem
1250 4787 1265 4810 ,
1311 4745 1523 4813 quando
1555 4744 1639 4800 hic
1693 4760 1877 4799 sumus
1919 4748 2186 4817 peregrini

616 4847 671 4893 ct
714 4837 947 4905 hospites
984 4835 1249 4907 quomodo
1288 4851 1392 4889 non
1439 4843 1562 4889 sunt
1587 4835 1698 4890 hac
1724 4836 1897 4889 omnia
1923 4836 2187 4891 etelestia?

686 4926 739 4979 2.
774 4925 910 4992 Quid
943 4928 1106 4981 vero?
1151 4926 1331 4998 hymni
1364 4942 1467 4982 non
1513 4939 1637 4983 sunt
1681 4930 1962 4985 caelestes?
2007 4947 2185 4986 annon

616 5032 735 5087 quae
767 5016 905 5087 apud
936 5032 1159 5087 superos
1196 5026 1394 5072 canunt
1437 5018 1586 5074 chori
1619 5019 1885 5075 Virtutum
1936 5022 2188 5090 incorpo-

618 5122 853 5175 rearum,
881 5122 943 5163 ca
972 5123 1070 5164 nos
1097 5123 1310 5180 quoque
1338 5110 1426 5179 qui
1456 5110 1590 5165 infra
1612 5127 1798 5166 sumus
1821 5114 2062 5169 canimus
2084 5114 2188 5170 illis

618 5200 1000 5255 consonantia?
1027 5216 1205 5255 annon
1246 5212 1299 5257 et
1327 5217 1418 5256 ara
1449 5213 1527 5258 est
1557 5203 1823 5258 caelestis?
1868 5204 2189 5273 Quomodo?

620 5290 753 5345 nihil
782 5290 939 5346 habet
962 5293 1174 5349 carnale
1204 5311 1217 5347 :
1248 5304 1372 5349 sunt
1396 5294 1689 5365 spiritualia
1721 5298 1898 5351 omnia
1926 5314 2044 5368 quae
2065 5308 2191 5354 sunt

620 5386 893 5453 proposita
928 5401 941 5437 :
971 5399 1076 5439 non
1106 5385 1157 5438 in
1193 5385 1426 5441 cinerem
1451 5429 1466 5452 ,
1509 5403 1613 5441 non
1643 5389 1693 5442 in
1728 5389 1925 5443 fumum
1952 5432 1968 5457 ,
2000 5406 2106 5445 non
2137 5392 2188 5446 in

624 5474 863 5529 nidorem
894 5473 1210 5530 dill'unditur
1238 5478 1575 5543 sacrilicium,
1606 5479 1700 5535 sed
1731 5480 2006 5547 splendida
2038 5482 2189 5537 laeta-

626 5580 729 5635 que
754 5564 917 5620 efﬁcit
942 5580 1061 5636 quat
1091 5576 1214 5623 sunt
1242 5570 1533 5639 proposita.
1564 5571 1841 5638 Quomodo
1874 5580 2054 5629 autem
2086 5588 2189 5628 non

685 5769 758 5842 (α)
769 5772 1065 5843 Sphaericum
1092 5790 1201 5843 esse
1213 5778 1382 5843 caelum
1396 5780 1604 5843 negabat
1620 5780 1993 5842 Chrysostomus.
2010 5784 2109 5841 Qua
2126 5784 2190 5836 de

626 5842 680 5883 re
707 5836 813 5886 tide
837 5850 942 5901 qute
966 5839 1175 5890 diximus
1191 5842 1241 5892 in
1264 5836 1550 5893 Praelationc
1579 5845 1635 5893 ad
1660 5836 1873 5896 Cesmam
1898 5836 2185 5911 .Egyp’imn.

2285 328 2603 387 ARCHIEP.
2644 321 3175 383 CONSTANTINOP.
3761 314 3783 366 l
3804 316 3866 370 l3

2287 437 2410 482 sunt
2434 428 2664 483 czeiestia
2696 445 2813 497 quae
2841 429 3187 500 perﬁciuntur
3209 432 3484 503 mysteria,
3508 448 3628 489 cum
3661 449 3727 489 ex
3758 450 3863 505 quo

2288 517 2487 573 dictum
2509 528 2611 583 est,
2643 517 2866 587 Quorum
2900 522 3201 577 retinueritis
3240 535 3463 593 peccata,
3484 537 3674 581 retenta
3701 538 3818 581 sunt
3841 544 3862 593 ,-

2286 626 2494 680 quorum
2514 611 2821 675 remiseritis,
2839 614 3157 667 remittuntur
3176 614 3349 686 (Joan.
3369 617 3457 672 20.
3476 618 3589 688 25),
3612 618 3704 689 qui
3723 635 3865 675 nunc

2286 704 2588 757 ministrant
2609 702 2711 757 sibi
2755 703 2885 775 ipsis
2912 703 2963 758 id
2994 705 3167 774 ipsum
3194 707 3417 783 audiunt
3445 708 3687 764 dictum?
3733 726 3861 780 quo-

2286 795 2445 851 modo
2472 811 2575 849 non
2613 797 2788 850 omnia
2808 797 3037 852 caelestia
3059 811 3177 852 cum
3210 798 3260 853 hi
3290 801 3447 855 etiam
3467 801 3641 857 claves
3669 802 3867 859 habent

2286 886 2432 955 regni
2460 887 2748 941 caelorum?
2806 886 2905 954 Qui
2931 889 3227 957 exentplari,
3254 889 3441 960 inquit,
3469 900 3514 946 et
3557 892 3747 946 umbrae
3775 894 3863 946 de-

2284 978 2809 1045 seruiuntccclestiufn,
2837 980 2967 1034 sicut
2992 996 3283 1051 responsum
3304 994 3375 1037 est
3406 983 3575 1056 Moysi
3601 1002 3713 1039 cum
3738 1002 3858 1039 con-

2284 1080 2555 1124 summaret
2589 1070 2965 1124 tabernaculum
2994 1086 3013 1125 :
3049 1070 3193 1139 Vide,
3216 1074 3392 1145 inquit,
3419 1077 3586 1129 omnia
3610 1078 3765 1149 facito
3790 1093 3865 1131 se-

2284 1161 2505 1213 cundum
2522 1161 2778 1229 exemplar
2802 1160 2937 1231 quod
2962 1161 3049 1216 tibi
3073 1173 3323 1217 ostensum
3350 1175 3420 1218 est
3443 1165 3494 1218 in
3521 1178 3705 1221 monte.
3721 1167 3866 1233 Quae

2286 1254 2427 1307 niam
2469 1252 2678 1306 auditus
2708 1262 2887 1307 noster
2927 1262 3011 1308 est
3048 1254 3116 1308 ad
3145 1254 3454 1311 discendum
3479 1258 3679 1313 tardior
3705 1276 3865 1328 quam

2287 1345 2431 1401 visus
2459 1348 2589 1417 (non
2616 1348 2756 1402 enim
2783 1361 2903 1417 qua:
2928 1347 3251 1403 audierimus
3292 1349 3542 1405 similiter
3572 1352 3642 1405 ita
3668 1352 3852 1409 animo

2288 1439 2599 1494 mandamus
2636 1448 2793 1509 atque
2839 1454 2957 1510 quas
3001 1440 3335 1512 viderimus),
3384 1442 3618 1499 ostendit
3646 1444 3697 1499 ei
3748 1459 3867 1499 om-

2287 1533 2392 1587 nia.
2444 1534 2551 1587 Aut
2593 1534 2693 1588 hoc
2729 1532 2797 1588 ab
2821 1533 3067 1603 exemplo
3087 1533 3321 1589 ostendit
3346 1544 3400 1589 et
3430 1536 3637 1598 umbra.
3682 1546 3773 1591 aut
3799 1537 3871 1593 de

2286 1626 2487 1695 templo
2527 1626 2913 1695 subintelligit;
2946 1626 3217 1697 subjunxit
3254 1628 3434 1693 enim,
3471 1627 3617 1695 Vide,
3664 1630 3856 1696 inquit,

2286 1716 2457 1769 omnia
2484 1716 2638 1786 facito
2654 1716 2931 1770 secundum
2960 1719 3217 1788 exemplar
3235 1718 3370 1788 quod
3392 1719 3481 1772 tibi
3504 1729 3758 1774 ostensum
3794 1731 3866 1775 est

2287 1807 2342 1861 in
2364 1816 2550 1861 monte.
2578 1806 2842 1877 Numquid
2873 1808 3001 1863 vidit
3034 1808 3102 1863 de
3138 1809 3535 1865 constructione
3565 1810 3745 1879 templi
3774 1826 3866 1865 so-

2286 1897 2420 1966 lum,
2450 1912 2517 1952 an
2541 1898 2607 1954 de
2635 1898 2928 1966 sacriﬁciis,
2952 1908 3004 1954 et
3032 1899 3098 1954 de
3118 1899 3236 1954 aliis
3261 1900 3508 1954 omnibus
3533 1900 3555 1953 ?
3586 1900 3696 1953 lino
3742 1916 3869 1954 vero

2287 2004 2388 2045 nec
2424 1989 2746 2045 aberraverit
2774 1990 2862 2059 qui
2894 1990 2993 2045 hoc
3030 1990 3187 2044 etiam
3218 1989 3426 2045 dixerit.
3460 1990 3697 2044 Ca-lcstis
3725 1991 3875 2046 enim

2286 2094 2369 2139 est
2387 2082 2639 2147 Ecclesia,
2656 2092 2710 2136 et
2734 2083 2863 2137 nihil
2889 2083 3030 2138 aliud
3051 2098 3208 2153 quam
3234 2084 3441 2139 caelum.
3458 2085 3511 2139 6.
3526 2082 3679 2137 Nunc
3707 2096 3875 2137 autem

2288 2176 2467 2229 melius
2489 2176 2692 2229 sortitus
2711 2184 2782 2230 est
2803 2176 3153 2244 ministerium,
3181 2186 3369 2247 quanto
3390 2186 3435 2230 et
3467 2177 3686 2231 melioris
3710 2188 3864 2231 testa-

2291 2269 2442 2323 menti
2468 2268 2715 2322 mediator
2750 2276 2818 2321 est
2848 2268 2945 2338 (a).
2976 2267 3137 2322 Vides
3157 2309 3172 2333 ,
3206 2269 3411 2337 inquit,
3446 2278 3646 2338 quanto
3676 2270 3876 2323 melius

2291 2368 2374 2413 est
2395 2358 2744 2413 ministerium
2778 2357 3095 2419 ministerio,
3124 2357 3387 2427 siquidem
3420 2357 3548 2413 illud
3574 2370 3652 2411 est
3681 2373 3869 2412 exem-

2297 2450 2411 2520 plar
2431 2458 2477 2504 et
2516 2450 2701 2520 ﬁgura,
2726 2452 2824 2505 hoc
2844 2459 3021 2505 autem
3051 2449 3401 2506 veritas?Scd
3434 2450 3533 2505 hoc
3556 2450 3688 2505 nihil
3711 2450 3879 2520 prod-

2296 2550 2411 2598 erat
2459 2542 2829 2604 audientibus,
2862 2557 3033 2611 neque
3070 2555 3164 2597 eos
3186 2540 3452 2596 afﬁciebat
3492 2541 3694 2595 Ιωιὶικι.
3740 2541 3878 2594 Pro-

2296 2646 2476 2708 pterea
2520 2636 2648 2691 dicit
2695 2636 2745 2690 id
2788 2635 2925 2706 quod
2959 2635 3184 2689 maxima
3234 2635 3413 2689 laetitia
3440 2648 3534 2689 eos
3562 2633 3825 2687 afficiebat
3858 2651 3876 2687 :

2302 2730 2451 2796 Quod
2476 2730 2527 2783 in
2556 2729 2839 2782 melioribus
2861 2727 3327 2798 repromissionibus
3349 2728 3595 2780 sancitum
3620 2736 3711 2779 est.
3738 2724 3885 2779 Cum

2298 2820 2347 2874 ld
2402 2821 2674 2873 extulisset
2706 2833 2734 2872 a
2773 2818 2892 2873 loco
2919 2828 2972 2874 et
3008 2817 3284 2873 sacerdote
3337 2826 3389 2872 et
3432 2816 3716 2880 sacriﬁcio,
3746 2825 3881 2869 tunc

2299 2910 2445 2979 ponit
2518 2920 2570 2963 et
2648 2909 2774 2979 quid
2819 2908 3027 2963 intersit
3083 2910 3219 2963 inter
3266 2916 3669 2973 testamentum;
3723 2916 3886 2961 antea

2295 3016 2505 3071 quoque
2552 3000 2764 3056 dixerat
2807 3000 2948 3070 quod
2998 3009 3141 3054 esset
3199 2999 3517 3053 imbecillum
3574 3009 3627 3052 et
3670 2997 3881 3051 inutile.

2298 3094 2363 3148 Et
2422 3092 2542 3146 vide
2590 3101 2785 3161 quanta
2832 3092 3077 3146 cautione
3122 3099 3333 3155 utatur,
3373 3104 3492 3142 cum
3527 3089 3693 3157 ipsum
3734 3096 3890 3141 esset

2299 3195 2662 3243 accusaturus.
2693 3184 2823 3239 Nam
2850 3200 2969 3239 cum
3000 3184 3107 3238 illic
3137 3184 3382 3249 dixisset,
3404 3181 3693 3236 Secundum
3720 3181 3888 3232 virtu-

2300 3288 2399 3332 tem
2424 3278 2543 3333 oitar
2572 3277 2874 3340 insolubilis,
2919 3284 3044 3331 tunc
3088 3275 3239 3339 dixit,
3278 3272 3581 3344 chrobatio
3607 3273 3663 3337 [it
3686 3285 3885 3339 prlece-

2301 3369 2463 3423 dentis
2488 3369 2757 3421 mandati:
2788 3360 2982 3421 deinde
3025 3366 3186 3419 etiam
3231 3376 3414 3434 postea
3462 3376 3707 3431 magnum
3750 3359 3887 3427 quid

2305 3462 2498 3530 posuit,
2530 3460 2735 3525 dicens,
2764 3458 2868 3513 Per
2892 3458 3027 3528 quod
3056 3457 3163 3511 Deo
3194 3456 3662 3526 appropinquamus
3689 3450 3879 3524 (Hebr.

2303 3551 2356 3606 7.
2388 3550 2497 3619 l9).
2525 3551 2619 3606 Hic
2644 3560 2823 3605 autem
2852 3566 2974 3604 cum
3005 3564 3103 3603 nos
3130 3550 3181 3602 in
3225 3550 3415 3603 cretum
3444 3546 3749 3601 susmlisset
3769 3586 3782 3607 ,
3827 3552 3893 3598 et

2302 3643 2622 3699 ostendisset
2659 3643 2797 3713 quod
2845 3658 2944 3713 pro
2990 3642 3186 3710 templo
3216 3641 3405 3695 caelum
3454 3639 3777 3702 habeamus,
3828 3646 3891 3691 et

2300 3735 2441 3806 quod
2482 3736 2569 3790 illa
2595 3744 2746 3790 erant
2773 3735 2954 3804 ﬁgura:
2983 3750 3159 3789 rerum
3196 3744 3497 3787 nostrarum
3519 3773 3537 3798 ,
3559 3739 3613 3786 et
3644 3746 3738 3801 per
3765 3731 3890 3785 hate

2299 3828 2577 3882 extulisset
2604 3826 2976 3891 ministerium,
2998 3826 3251 3893 deinceps
3276 3826 3439 3879 etiam
3460 3824 3651 3878 merito
3670 3823 3890 3877 extollit

2300 3919 2679 3975 sacerdotium.
2711 3918 2817 3973 Sed
2849 3960 2863 3985 ,
2895 3919 3031 3972 sicut
3054 3917 3162 3972 dixi
3190 3957 3205 3983 ,
3226 3917 3290 3971 id
3334 3915 3477 3984 quod
3510 3931 3602 3970 eos
3647 3916 3893 3970 maxime

2298 4008 2462 4064 afﬁcit
2500 4010 2678 4065 laetitia
2704 4052 2719 4075 ,
2750 4011 2897 4080 ponit
2937 4009 3120 4065 dicens
3149 4025 3163 4063 :
3200 4007 3348 4074 Quod
3377 4008 3428 4061 in
3458 4008 3744 4062 melioribus
3788 4024 3877 4061 re-

2300 4103 2715 4170 promissionibus
2761 4104 3012 4157 sancitum
3048 4113 3141 4156 est.
3176 4101 3325 4157 Unde
3370 4101 3473 4156 hoc
3502 4102 3757 4155 constat”
3805 4102 3890 4156 Ex

2300 4206 2365 4247 eo
2384 4194 2523 4260 quod
2555 4194 2726 4265 ipsum
2765 4194 2980 4265 quidem
3010 4202 3092 4249 est
3136 4194 3368 4262 ejectum
3397 4234 3413 4260 ,
3456 4192 3573 4262 ejus
3604 4208 3732 4247 vero
3764 4193 3889 4247 loco

2301 4283 2427 4338 illud
2461 4284 2817 4340 introductum
2850 4304 2862 4340 :
2894 4294 3175 4356 propterea
3220 4286 3363 4339 enim
3407 4285 3739 4339 d0minalum
3781 4286 3889 4340 ob-

2301 4376 2433 4429 tinet
2455 4376 2595 4445 quod
2625 4378 2694 4431 sit
2724 4378 2937 4433 melius.
2970 4378 3099 4431 Nam
3129 4378 3269 4432 sicut
3294 4376 3422 4432 dicit
3452 4393 3464 4429 :
3503 4375 3562 4432 Si
3596 4394 3687 4446 per
3715 4379 3887 4447 ipsum

2299 4476 2406 4519 erat
2431 4470 2797 4523 consummatio
2822 4511 2836 4535 ,
2867 4471 2990 4539 quid
3014 4470 3182 4523 adhuc
3211 4487 3336 4539 opus
3365 4471 3463 4540 fuit
3490 4470 3766 4524 secundum
3796 4488 3893 4524 or-

2299 4556 2466 4611 dinem
2493 4558 2857 4615 Melchisedech
2881 4561 3039 4615 alium
3068 4578 3271 4632 surgere
3292 4562 3603 4615 sacerdotem
3625 4562 3650 4615 ἵ
3690 4563 3762 4617 ita
3795 4562 3889 4619 hic

2301 4662 2511 4717 quoque
2536 4666 2662 4705 usus
2689 4661 2773 4707 est
2801 4652 2990 4707 eodem
3021 4652 3353 4723 syllogismo,
3384 4652 3573 4708 dicens
3606 4672 3619 4708 :
3649 4656 3702 4708 7.
3736 4653 3883 4709 Nam

2299 4743 2344 4795 si
2367 4742 2498 4795 illud
2522 4744 2663 4813 prius
2705 4744 2857 4816 culpa
2886 4753 3109 4799 vacasset
3130 4786 3146 4813 ,
3176 4761 3277 4799 non
3303 4745 3473 4817 utique
3501 4745 3713 4801 secundi
3740 4747 3893 4803 locus

2295 4850 2672 4917 inqutreretur,
2722 4850 2826 4902 hoc
2858 4857 2963 4912 est,
3003 4849 3047 4902 si
3082 4848 3218 4902 nihil
3254 4848 3355 4917 ipsi
3383 4836 3669 4912 defuisset,
3708 4850 3752 4902 si
3779 4864 3875 4903 eos

2295 4938 2567 4993 eﬂ‘ecisset
2588 4938 2724 4993 nulli
2746 4938 2918 5008 culpae
2938 4934 3144 4994 afﬁnes.
3168 4938 3303 4993 Nam
3326 4938 3475 5009 quod
3491 4939 3559 4994 de
3582 4938 3686 4993 hoc
3703 4937 3873 5003 dicat,

2297 5030 2424 5084 audi
2461 5030 2749 5099 sequentia
2804 5049 2817 5084 :
2867 5030 3179 5103 Vituperans
3218 5034 3356 5103 ipsos
3385 5032 3529 5085 dicit.
3564 5031 3683 5085 Non
3712 5031 3874 5094 dixit,

2296 5120 2626 5191 Vituperans
2650 5122 2850 5192 ipsum,
2870 5123 2987 5189 sed,
3011 5123 3324 5194 Vituperans
3346 5140 3429 5179 eos
3447 5124 3589 5179 dicit.
3615 5123 3751 5179 Ecce
3766 5125 3876 5178 dies

2297 5213 2526 5281 venient,
2572 5212 2691 5267 dicit
2716 5213 2985 5280 Dominus,
3026 5226 3072 5268 et
3110 5214 3463 5270 consummabo
3486 5231 3637 5287 super
3662 5215 3877 5269 domum

2302 5302 2499 5371 Israel,
2532 5315 2579 5359 et
2604 5323 2754 5374 super
2782 5307 2987 5361 domum
3023 5307 3166 5362 Iuda
3204 5317 3553 5364 testamentum
3586 5326 3789 5373 novum,
3827 5310 3891 5366 9.

2302 5413 2405 5450 non
2435 5399 2713 5451 secundum
2744 5407 3092 5452 testamentum
3128 5401 3264 5468 quod
3306 5402 3401 5471 feci
3429 5400 3657 5471 patribus
3683 5417 3887 5465 eorum,

2302 5489 2353 5541 in
2384 5488 2465 5543 die
2493 5505 2591 5557 qua
2620 5491 2935 5557 apprehendi
2961 5506 3164 5544 manum
3192 5508 3386 5555 eorum,
3408 5502 3462 5544 ut
3486 5493 3746 5545 educerem
3767 5492 3892 5545 illos

2302 5581 2366 5633 de
2392 5591 2524 5635 terra
2556 5580 2774 5653 Αἴθῃ)ιὶ
2802 5598 2819 5635 ;
2846 5584 3084 5652 quoniant
3123 5586 3223 5655 ipsi
3261 5601 3361 5639 non
3409 5597 3793 5650 permanserunt
3840 5587 3895 5639 in

2305 5682 2601 5726 testamento
2648 5689 2777 5737 meo,
2833 5684 2878 5727 et
2918 5690 3009 5744 ego
3060 5676 3258 5746 neglexi
3307 5693 3423 5740 eos,
3456 5678 3576 5730 dicit
3616 5675 3899 5733 Dominus.

2306 5762 2554 5829 Maxime,
2576 5764 2743 5832 inquit
2770 5782 2781 5819 :
2811 5774 2866 5820 et
2918 5767 3057 5821 unde
3092 5778 3299 5825 constat
3350 5769 3491 5841 quod
3542 5772 3697 5832 tinctu
3733 5788 3887 5826 acce-

2363 5861 2435 5924 (a)
2460 5860 2516 5911 1n
2540 5859 2673 5911 Coll).
2700 5859 2858 5908 hiatus
2882 5871 3083 5921 "mgnus
3108 5862 3201 5907 est.
