4122 6338
268 415 368 472 115

258 532 437 605 perit?
458 529 780 585 Ostenderat
815 521 1031 598 quidem
1059 538 1112 580 et
1156 542 1222 580 ex
1254 522 1533 584 sacerdote
1567 541 1580 574 :
1621 519 1857 574 ostendit

261 639 402 679 IIIIIIC
431 638 646 691 quoque
677 621 961 675 dilucidius
1005 618 1219 671 disertis
1249 615 1427 670 verbis
1448 656 1462 679 ,
1511 614 1684 684 ipsum
1734 625 1857 666 esse

261 715 516 783 ejectum.
551 711 870 779 Quomodo?
918 711 979 764 In
1022 709 1312 762 melioribus
1358 703 1856 776 repromissionibus,

262 807 471 861 dicens.
524 805 620 860 Ubi
655 804 817 864 enim,
847 802 1146 870 dicqumso.
1169 809 1248 853 est
1282 801 1418 852 inter
1434 797 1626 852 czelum
1664 810 1716 849 et
1752 806 1860 848 ter-

263 913 377 952 ram
411 895 735 966 aequalitas?
775 893 853 948 Tu
893 902 1068 946 autem
1113 890 1390 944 considera
1435 886 1705 956 quomodo
1751 884 1860 938 illic

267 1005 486 1060 quoque
506 987 655 1048 dicit,
684 983 746 1037 In
767 983 1259 1053 reprmnissionibus,
1285 995 1350 1033 ue
1382 989 1436 1031 tu
1467 978 1516 1032 id
1539 990 1750 1046 quoque
1774 973 1862 1026 ac-

267 1097 445 1137 enses.
479 1079 689 1134 Etenim
719 1076 846 1140 illic,
883 1073 980 1128 Per
1009 1090 1160 1136 quam
1178 1088 1315 1142 spent
1334 1068 1445 1123 Deo
1479 1067 1862 1138 appr-apinqna-

267 1190 405 1237 mus,
431 1170 625 1240 inquit,
658 1168 915 1221 meliorem
944 1163 1126 1229 (Hebr.
1159 1165 1210 1215 7.
1241 1161 1330 1232 19)
1358 1179 1373 1227 ;
1406 1159 1702 1215 ostendens
1728 1155 1868 1226 quod

271 1274 383 1328 illic
407 1282 626 1341 quoque
653 1267 723 1320 sit
748 1279 906 1336 spes;
940 1272 994 1317 et
1031 1262 1117 1316 hic
1138 1301 1152 1323 ,
1181 1259 1453 1313 Meliorem
1493 1252 1872 1324 repromissio-

273 1378 425 1426 nem,
456 1357 804 1413 subindicaus
832 1354 973 1425 quod
1002 1353 1109 1406 illic
1130 1364 1342 1421 quoque
1368 1346 1701 1419 promiserit.
1730 1345 1875 1412 Quo-

273 1456 422 1511 niam
453 1462 632 1506 autem
676 1463 888 1518 semper
915 1445 1277 1509 accusabant,
1311 1441 1442 1496 Ecce
1481 1441 1636 1502 enim,
1680 1437 1875 1506 inquit,

281 1547 390 1600 dies
423 1545 641 1608 uenient,
673 1541 795 1593 dicit
834 1537 1083 1592 Dominus
1107 1576 1123 1602 ,
1154 1544 1200 1588 et
1226 1531 1586 1587 consummabo
1616 1544 1768 1598 super
1786 1527 1880 1580 do-

278 1656 420 1693 mum
449 1635 631 1697 lsrael,
651 1643 698 1687 et
724 1648 874 1702 super
892 1630 1096 1685 domum
1121 1624 1156 1680 J
1163 1627 1263 1680 uda
1292 1631 1643 1679 testamentum
1672 1633 1877 1672 novum.

280 1729 398 1785 Non
429 1737 582 1782 vetus
613 1723 827 1795 aliquod
870 1729 1249 1776 testamentum
1293 1716 1441 1770 dicit.
1490 1712 1623 1768 Nam
1666 1725 1733 1765 ne
1779 1710 1880 1762 hoc

282 1826 509 1891 possent
561 1817 779 1878 dicere,
830 1822 1042 1882 tempus
1085 1822 1298 1880 (ιυοιιυθ
1347 1801 1676 1875 prtnscripsit
1715 1817 1728 1853 :
1773 1813 1880 1854 non

288 1916 432 1969 enim
467 1912 711 1966 absolute
737 1911 895 1973 dicit,
929 1907 1220 1964 Secundum
1253 1910 1606 1958 testamentum
1631 1895 1766 1966 quod
1788 1893 1884 1965 feci

289 2003 524 2073 patribus
555 2019 760 2065 eorum;
790 2017 856 2055 ne
899 2001 949 2054 id
993 2000 1139 2054 dicas
1168 1996 1312 2066 quod
1346 1995 1542 2049 factum
1589 1988 1883 2045 fuit‘Abra-

290 2095 474 2157 hamo,
506 2105 596 2147 aut
625 2092 764 2163 quod
804 2094 997 2146 factum
1030 2090 1126 2144 fuit
1170 2089 1314 2152 Noe;
1349 2086 1442 2141 sed
1470 2083 1740 2155 quodnam
1770 2080 1840 2133 sit
1863 2118 1881 2141 ,

291 2185 466 2255 inquit
491 2185 819 2239 declarans:
863 2182 985 2238 Non
1025 2181 1305 2236 secundum
1352 2185 1705 2233 testamentum
1749 2172 1885 2244 quod

293 2281 389 2350 {ixi
421 2279 650 2347 patribus
681 2294 852 2330 eorum
879 2318 892 2338 ,
940 2277 1025 2345 qui
1053 2285 1194 2329 erant
1221 2274 1272 2326 in
1297 2273 1452 2326 exitu.
1489 2271 1553 2324 Et
1599 2268 1718 2323 ideo
1755 2267 1884 2323 sult-

289 2372 482 2442 jumtit,
522 2371 588 2424 In
633 2373 713 2423 die
735 2387 833 2436 qua
864 2367 1178 2438 apprehendi
1202 2381 1404 2418 manum
1443 2379 1636 2428 eorum,
1669 2370 1723 2414 nt
1754 2360 1887 2415 edu-

292 2481 453 2518 cerem
483 2463 602 2516 illos
643 2465 704 2516 de
741 2474 876 2514 terra
907 2460 1125 2530 /qupti
1155 2477 1172 2512 :
1196 2460 1434 2528 quoniam
1479 2457 1574 2524 ipsi
1622 2471 1723 2508 non
1766 2469 1878 2522 per-

292 2566 587 2610 manserunt
615 2557 668 2608 in
692 2564 983 2608 testamento
1017 2568 1146 2617 meo,
1180 2562 1225 2604 et
1263 2566 1352 2620 ego
1380 2548 1577 2620 neglexi
1607 2562 1691 2600 eos
1712 2588 1726 2612 ,
1765 2544 1885 2598 dicit

292 2645 565 2700 Dominus.

361 2742 418 2795 5.
454 2740 615 2794 Vides
638 2738 864 2808 primum
902 2736 1039 2790 mala
1076 2751 1105 2790 a
1133 2733 1288 2790 nobis
1311 2731 1587 2800 incipere?
1639 2729 1761 2799 Ipsi,
1797 2727 1883 2781 in-

292 2836 428 2905 quit,
463 2833 692 2903 primmn
737 2847 838 2884 non
870 2836 1299 2899 permanserunt.
1327 2827 1468 2895 Ergo
1506 2822 1641 2891 apud
1675 2836 1773 2874 nos
1804 2825 1887 2872 est

291 2927 616 2996 negligentia
644 2940 657 2986 ;
689 2924 825 2976 bona
855 2933 1031 2976 autem
1061 2922 1128 2974 ab
1157 2921 1293 2988 ipso,
1323 2916 1603 2978 beneficia,
1639 2915 1879 2982 inquam.

291 3021 391 3075 llic
436 3020 586 3087 ponit
634 3027 902 3085 tamquam
952 3013 1344 3075 defensionem,
1395 3012 1564 3076 ipsam
1596 3004 1886 3060 oSIendens

290 3125 532 3175 causam,
564 3118 781 3177 propter
803 3122 959 3174 quam
984 3119 1076 3158 eos
1101 3103 1367 3170 relinquit.
1398 3101 1482 3153 10.
1510 3098 1762 3161 Quoniam
1790 3095 1883 3146 hoc

292 3211 364 3254 est
383 3211 756 3258 testamentum,
787 3197 974 3265 inquit,
1016 3194 1150 3263 quod
1191 3194 1458 3261 disponam
1493 3189 1667 3242 domui
1712 3185 1876 3240 Israel

295 3292 533 3360 postdies
563 3291 698 3352 illos,
721 3289 838 3340 dicit
869 3285 1120 3338 Dominus
1143 3283 1317 3336 :Dubo
1357 3281 1487 3351 leges
1501 3297 1634 3332 meas
1656 3279 1706 3330 in
1724 3288 1887 3329 mente

292 3401 492 3444 eorum,
521 3384 632 3435 etin
653 3381 801 3434 corde
817 3396 987 3433 eorum
1012 3378 1226 3430 scribam
1249 3392 1355 3440 eas;
1382 3385 1427 3427 ct
1445 3390 1527 3426 ero
1547 3373 1679 3427 eisin
1703 3369 1882 3432 Dettm,

294 3489 340 3529 et
370 3477 475 3545 ipsi
504 3482 647 3527 erunt
672 3473 794 3525 milii
815 3473 865 3524 in
895 3472 1160 3539 papulum.
1189 3468 1336 3522 Adeo
1357 3467 1470 3520 lta‘c
1490 3466 1619 3520 dicit
1646 3466 1712 3520 de
1741 3480 1881 3519 novo

295 3567 782 3633 Test:uncnto,quia
803 3564 924 3617 dicit
944 3562 1085 3616 :Non
1103 3562 1374 3614 secundum
1389 3567 1734 3613 testamentum
1751 3558 1888 3627 quod

297 3660 413 3730 (rei.
446 3660 699 3725 Qurnam
732 3665 908 3708 autem
950 3664 1033 3708 cst
1081 3653 1181 3706 alia
1212 3667 1368 3722 quam
1398 3651 1509 3704 ha-c
1539 3648 1884 3704 dill'ereutia?

296 3751 354 3802 Si
387 3750 504 3818 quis
527 3757 703 3801 autem
728 3747 868 3799 dicat
895 3761 996 3797 non
1031 3745 1080 3796 iu
1115 3743 1214 3798 hoc
1233 3758 1351 3796 esse
1376 3741 1761 3804 diﬂ'creutiam,
1791 3739 1886 3793 sed

304 3840 449 3909 quod
473 3840 607 3891 datm
635 3840 740 3890 sint
763 3839 812 3890 in
840 3837 1094 3890 cordibus
1116 3850 1332 3888 eorum:
1363 3848 1468 3886 non
1497 3839 1886 3901 pra-ceptornm

297 3930 537 3985 ostendit
562 3929 937 3991 diﬂ'ercnliam,
957 3928 1049 3981 sed
1072 3926 1282 3977 modum
1305 3923 1487 3977 dandi.
1514 3921 1626 3976 Non
1658 3923 1887 3989 amplius

297 4026 405 4078 erit
425 4067 439 4087 ,
472 4024 660 4092 inquit,
685 4022 1087 4076 Testamentum
1117 4021 1165 4083 in
1194 4019 1384 4081 literis,
1415 4017 1507 4071 sed
1533 4018 1583 4070 in
1612 4017 1885 4072 cordibus.

302 4117 418 4168 lloc
443 4114 514 4167 ali
536 4113 730 4182 luando
763 4112 958 4165 factum
989 4110 1238 4163 ostendat
1265 4110 1518 4171 .ludacus;
1553 4107 1645 4162 sed
1670 4124 1775 4161 non
1809 4110 1890 4161 in-

297 4208 483 4262 veniet
512 4224 524 4260 :
554 4221 740 4259 rursus
782 4205 923 4259 enim
959 4203 1151 4256 factum
1190 4202 1278 4254 fuit
1312 4204 1361 4254 in
1390 4203 1560 4256 literis
1601 4209 1719 4270 post
1750 4201 1892 4253 redi-

300 4313 416 4356 tum
441 4317 469 4354 a
496 4299 788 4371 Babylone.
844 4298 952 4367 Ego
982 4304 1158 4348 autent
1190 4295 1414 4348 ostendo
1456 4294 1730 4364 apostolos
1759 4293 1889 4347 nihil

299 4393 578 4461 accepisse
618 4390 899 4457 scriptum,
948 4387 1041 4441 sed
1075 4386 1379 4454 suscepisse
1412 4386 1462 4438 in
1497 4385 1749 4438 cordibus
1795 4400 1891 4453 per

291 4485 556 4555 Spiritum
595 4490 862 4538 sanctum.
891 4481 1256 4547 Quamobrem
1287 4480 1533 4535 Christus
1561 4495 1774 4550 quoque
1809 4469 1894 4534 di-

289 4577 453 4631 cebat
482 4594 493 4628 :
529 4574 627 4628 Ille
645 4591 763 4627 eum
795 4573 1002 4638 venerit,
1047 4575 1219 4625 omnia
1248 4573 1385 4624 vobis
1416 4571 1666 4623 revocabit
1695 4571 1748 4624 in
1786 4587 1890 4625 me-

289 4670 533 4731 moriam,
568 4677 611 4722 et
638 4667 839 4720 docebit
864 4663 1133 4734 vos(loan.
1171 4665 1260 4717 14.
1295 4662 1408 4733 ‘26).
1436 4662 1524 4715 11.
1579 4659 1646 4714 Ει
1675 4677 1776 4714 non
1799 4661 1890 4713 do-

288 4763 424 4815 cebit
470 4761 810 4830 unusquisque
858 4759 1146 4828 proximum
1202 4775 1385 4819 suum,
1453 4766 1498 4810 et
1545 4757 1894 4824 unusquisque

291 4857 510 4923 fratrem
545 4871 716 4918 suum,
746 4854 916 4906 dicens
942 4868 959 4904 :
1009 4849 1266 4921 Cognosce
1294 4849 1565 4902 Dominum
1592 4866 1609 4903 :
1653 4851 1890 4918 quoniam

291 4963 471 4998 omnes
501 4951 654 4998 scient
681 4962 758 4998 me
786 4961 815 4996 a
842 4945 1035 4996 minore
1059 4959 1214 5010 usque
1236 4942 1302 4992 ad
1335 4943 1600 5012 majorem.
1634 4940 1720 4994 i2.
1759 4941 1892 5005 Quia

295 5039 554 5106 prapitius
584 5055 667 5090 cro
699 5039 916 5104 peccatis
941 5047 984 5088 et
1015 5037 1363 5104 iniquitatilms
1393 5051 1590 5100 eorum,
1638 5045 1683 5087 et
1717 5051 1893 5103 pecca-

295 5140 469 5181 torum
491 5145 657 5181 eornm
685 5133 789 5196 iam
823 5145 924 5180 non
965 5128 1304 5180 memorabor.
1349 5127 1486 5180 Ecce
1507 5126 1648 5179 aliud
1679 5142 1885 5195 quoque

293 5222 546 5291 signum:
606 5223 645 5274 Α
688 5238 862 5290 paruo,
913 5222 1106 5290 inquit,
1162 5237 1318 5286 usque
1357 5219 1423 5272 ad
1451 5236 1686 5290 magnum
1717 5236 1888 5271 eorum

293 5329 382 5366 nte
409 5315 580 5373 scient.
611 5324 663 5367 ct
692 5330 794 5367 non
821 5314 1021 5377 dicent,
1050 5310 1306 5382 Cognosce
1343 5311 1633 5364 Dominum.
1668 5311 1892 5378 Quando

297 5404 498 5459 factum
527 5414 610 5459 est
637 5403 762 5470 hoc,
806 5403 904 5456 nisi
937 5403 1114 5455 nunc?
1165 5401 1294 5454 Nam
1336 5400 1476 5470 quod
1507 5412 1749 5454 nostrum
1776 5402 1892 5468 qui-

297 5498 426 5554 dem
469 5505 573 5563 est,
625 5505 706 5551 est
756 5494 1096 5548 manifestum
1124 5512 1135 5547 :
1163 5492 1304 5562 quod
1333 5502 1508 5546 autem
1539 5501 1621 5546 est
1653 5492 1889 5556 illorum,

295 5606 641 5662 nequaquam
688 5599 771 5644 est
809 5589 1173 5653 manifestum,
1218 5586 1311 5640 sed
1360 5587 1556 5655 angulo
1602 5586 1890 5640 inclusum.

295 5684 549 5753 Alioquin
579 5697 771 5738 novum
803 5689 926 5734 tunc
956 5679 1169 5742 dicitur,
1199 5678 1412 5747 quando
1440 5677 1596 5731 fuerit
1616 5677 1781 5743 aliud,
1833 5687 1890 5732 et

297 5777 660 5834 ostenderitsi
691 5774 813 5845 quid
829 5775 946 5843 plus
969 5773 1299 5841 habetqnam
1319 5780 1491 5825 vetus.
1527 5769 1640 5823 Hoc
1668 5787 1878 5840 quoque

305 5881 389 5927 cst
421 5867 652 5936 Novum,
700 5865 911 5936 quando
951 5863 1066 5930 ejus
1094 5864 1194 5916 alia
1223 5862 1436 5931 quidem
1466 5861 1660 5916 fuerint
1686 5861 1881 5928 ablata,

1029 407 1090 463 IN
1132 405 1348 464 EPIST.
1396 406 1482 459 AD
1524 399 1882 459 “illm/EOS.
1929 399 2083 457 CAP.
2129 400 2269 460 Vill.
2314 404 2548 462 IIOMIL.
2591 405 2733 463 XIV.

3477 415 3581 472 114

1988 513 2090 568 alia
2118 527 2248 568 vero
2281 529 2385 567 non
2419 533 2431 565 :
2464 522 2519 566 ut
2552 512 2595 567 si
2618 514 2758 582 quis,
2789 513 3027 584 exempli
3056 528 3237 580 causa,
3271 516 3465 574 domus
3491 536 3583 575 ve.

1987 607 2136 671 teris,
2153 622 2270 677 qum
2291 608 2522 660 minatur
2541 607 2772 671 ruinam,
2793 607 2980 662 relicto
2995 609 3595 675 universoJ‘uudamen-

1985 709 2094 755 tum
2114 703 2474 768 consarcinat,
2494 700 2781 756 confestim
2797 701 3050 772 dicimus,
3073 703 3206 757 Eam
3229 703 3588 772 lecitnovam,

1981 808 2103 847 cum
2135 794 2238 848 alia
2266 794 2548 858 exemerit,
2603 793 2706 847 alia
2748 808 2936 848 eorum
2962 794 3082 848 loco
3111 795 3404 853 induxerit.
3454 797 3587 852 Nam

1979 885 2170 939 crclum
2204 901 2420 955 quoque
2445 885 2885 950 diciturnovum,
2929 890 3146 956 quando
3181 904 3286 943 non
3329 889 3427 944 fuit
3465 906 3586 944 aiu-

1981 978 2117 1046 plius
2146 993 2379 1038 anteum,
2430 976 2524 1030 sed
2572 976 2719 1032 dedit
2765 977 3041 1045 pluviam:
3089 979 3343 1035 similiter
3370 995 3586 1051 quoque

1979 1077 2145 1133 terra,
2166 1069 2382 1139 quando
2407 1083 2514 1122 non
2549 1068 2778 1138 amplius
2809 1068 2902 1122 fuit
2927 1069 3254 1135 inl‘mcunda,
3293 1090 3395 1126 non
3415 1090 3583 1144 quan-

1977 1162 2046 1217 do
2077 1161 2177 1216 fuit
2206 1170 2432 1216 mutata.
2484 1161 2552 1214 Et
2589 1160 2783 1215 dooms
2829 1170 2954 1216 tunc
2999 1177 3157 1226 nera,
3213 1165 3425 1232 quando
3478 1167 3579 1221 alia

1973 1256 2188 1326 quidem
2217 1259 2334 1323 ejus
2363 1263 2487 1311 sunt
2533 1256 2732 1321 ablata,
2783 1257 2882 1310 alia
2917 1272 3046 1312 vero
3094 1269 3333 1313 manent.
3379 1261 3582 1327 Quam-

1972 1349 2158 1403 obrem
2185 1348 2660 1402 etTeSIamentum
2686 1363 2881 1401 novum
2897 1347 3037 1403 bene
3059 1351 3287 1417 vocavit,
3313 1361 3368 1404 ut
3396 1365 3580 1408 osten-

1970 1439 2124 1494 deret
2153 1439 2295 1510 quod
2326 1438 2455 1493 illud
2485 1438 2891 1493 Testamentum
2935 1439 3134 1494 factum
3179 1442 3248 1494 sit
3279 1452 3571 1508 vetustum,

1972 1546 2038 1586 eo
2069 1529 2214 1600 quod
2248 1529 2454 1583 nullutn
2485 1527 2650 1584 faciat
2679 1527 2937 1584 fructum.
2983 1530 3052 1584 Et
3079 1538 3136 1584 ut
3161 1541 3350 1586 exacte
3374 1533 3571 1596 discas,

1985 1626 2100 1692 lege
2129 1624 2254 1692 quid
2279 1625 2424 1676 diCat
2457 1625 2705 1692 Aggmus,
2737 1624 2862 1693 quid
2892 1622 3201 1687 Zacharias,
3234 1624 3362 1694 quid
3404 1639 3576 1694 ange-

1983 1713 2089 1777 lus,
2121 1715 2247 1784 quid
2283 1715 2480 1768 Esdras
2514 1717 2744 1771 iucuset.
2775 1714 3060 1783 Quomodo
3083 1715 3242 1784 igitur
3265 1733 3387 1770 cum
3417 1731 3582 1772 exce-

1983 1806 2102 1876 pit?
2131 1806 2415 1875 Quomodo
2443 1815 2622 1861 autem
2658 1809 2833 1862 nullus
2857 1817 3013 1878 rogat
3038 1809 3342 1873 Dominum,
3367 1809 3586 1878 quando

1982 1913 2036 1959 et
2071 1904 2172 1974 ipsi
2199 1913 2324 1958 sunt
2357 1906 2700 1974 transgressi,
2759 1914 2812 1959 et
2844 1921 2909 1960 ne
2951 1905 3053 1974 ipsi
3084 1905 3301 1974 quidem
3344 1915 3536 1959 norunt
3565 1901 3589 1958 ἲ

1991 1997 2151 2052 Vides
2178 1996 2451 2066 quomodo
2481 2007 2627 2051 tuum
2669 2000 2738 2052 sit
2771 1999 3063 2052 violatum?
3096 1998 3210 2068 Ego
3237 2007 3415 2052 autem
3443 2014 3585 2067 pono

1986 2106 2189 2156 meum,
2216 2105 2408 2161 nempe
2431 2093 2570 2160 quod
2597 2092 2697 2146 hoc
2723 2093 2943 2162 preprie
2967 2092 3174 2145 dicatur
3198 2107 3414 2144 novum.
3441 2093 3590 2145 Alio-

1986 2183 2112 2254 quin
2141 2192 2321 2236 autem
2359 2198 2425 2236 ne
2454 2183 2582 2237 illud
2611 2183 2827 2253 quidem
2874 2182 3112 2237 concedo
3134 2181 3201 2236 dc
3231 2181 3332 2236 hoc
3358 2196 3478 2236 esse
3500 2182 3589 2235 di-

1985 2286 2132 2330 ctum
2156 2316 2170 2342 ,
2233 2273 2344 2329 Erit
2374 2290 2557 2329 novum
2615 2275 2795 2328 ctelum
2845 2273 2997 2330 (lsai.
3023 2275 3113 2330 G3.
3144 2275 3256 2342 17).
3299 2273 3408 2327 Cur
3440 2273 3584 2326 enim

1986 2369 2173 2422 dicens
2215 2368 2264 2420 in
2301 2366 2738 2432 Deuterooomio,
2802 2364 2915 2418 Erit
2948 2369 3127 2419 cretum
3160 2381 3350 2420 (ereum
3396 2365 3579 2432 (Deut.

1986 2459 2078 2512 28.
2108 2458 2226 2525 25).
2263 2473 2367 2512 non
2401 2458 2503 2512 hoc
2533 2458 2708 2526 posuit
2751 2459 2801 2510 in
2832 2458 3215 2512 distincioste:
3278 2457 3371 2511 Sin
3403 2466 3586 2511 autem

1988 2552 2290 2618 audieritis,
2319 2551 2421 2605 crit
2447 2552 2684 2605 novum?
2707 2551 2867 2620 Atqui
2896 2563 3177 2620 propterea
3202 2553 3331 2604 dicit
3358 2567 3417 2605 se
3441 2549 3586 2605 aliud

1988 2643 2239 2698 daturum
2289 2643 2717 2708 Testamentum,
2745 2643 2998 2712 quoniam
3036 2659 3140 2695 non
3173 2653 3589 2713 permanserunt

1989 2737 2041 2792 in
2067 2739 2251 2806 priori.
2283 2736 2396 2790 lloc
2426 2751 2526 2805 ego
2552 2736 2782 2791 ostendo
2816 2752 2909 2805 per
2938 2752 2998 2789 ea
3043 2753 3162 2806 qua:
3211 2737 3380 2790 dicit:
3435 2737 3583 2790 Nam

1989 2832 2125 2900 quod
2171 2831 2482 2899 impossibile
2525 2841 2633 2883 erat
2679 2830 2824 2899 legis,
2869 2831 2920 2882 in
2967 2846 3066 2898 quo
3108 2829 3467 2896 iuﬁrmabutur
3499 2847 3587 2897 per

1987 2940 2230 2987 carnem;
2259 2932 2312 2977 et.
2338 2937 2545 2984 rursus,
2581 2922 2718 2986 Quid
2768 2924 2973 2975 tentatis
3006 2921 3171 2975 Deum
3206 2924 3467 2992 imponere
3487 2925 3584 2994 ju-

1987 3031 2106 3085 gum
2133 3031 2290 3084 super
2306 3016 2496 3067 collum
2518 3014 2906 3082 discipulorum,
2943 3015 3080 3084 quod
3110 3031 3270 3084 neque
3297 3027 3467 3084 putres
3493 3033 3590 3069 no-

1989 3108 2100 3167 stri,
2150 3123 2309 3172 neque
2347 3123 2438 3159 nos
2466 3108 2723 3176 potuimus
2751 3109 2884 3177 ferre
2917 3108 2932 3174 (
2969 3105 3120 3159 Rom.
3154 3108 3208 3161 8.
3243 3109 3275 3161 3
3311 3109 3462 3172 ;Act.
3496 3111 3584 3163 15.

1988 3201 2055 3256 10
2083 3202 2145 3271 )?
2197 3202 2449 3266 Quoniam
2492 3201 2592 3270 ipsi
2623 3217 2723 3254 non
2767 3210 3174 3268 pernmnscrunt,
3232 3200 3426 3268 inquit.
3488 3202 3588 3256 llic

1985 3293 2221 3346 ostendit
2247 3292 2386 3361 quod
2435 3305 2532 3344 nos
2572 3290 2820 3360 dignatur
2847 3288 3138 3359 majoribus
3189 3299 3242 3345 et
3274 3291 3440 3360 magis
3477 3289 3588 3361 Spi-

1989 3385 2293 3439 ritualibus.
2346 3383 2411 3437 In
2434 3400 2636 3436 onmem
2663 3384 2830 3448 cnim,
2883 3384 3075 3453 inquit,
3107 3395 3293 3436 terram
3326 3386 3478 3437 exivit
3501 3402 3590 3438 so-

1986 3494 2081 3529 nus
2120 3493 2314 3536 eorum,
2369 3487 2415 3529 et
2460 3475 2511 3528 in
2536 3477 2663 3543 [mes
2691 3476 2822 3527 orbis
2855 3487 3003 3529 terra:
3037 3486 3180 3529 l‘c’t'lﬂl
3211 3496 3382 3529 corum
3409 3477 3584 3547 (Ps-ul.

1989 3569 2075 3622 18.
2108 3569 2185 3638 5).
2237 3569 2348 3622 1100
2373 3577 2476 3631 est,
2523 3567 2643 3622 Non
2672 3568 2802 3621 dicet
2833 3572 3173 3641 unusquisque
3196 3576 3429 3642 proximo
3451 3592 3542 3628 suo
3573 3588 3592 3626 :

1987 3658 2246 3728 Cognosce
2278 3658 2570 3710 Dominum.
2607 3659 2671 3712 Et
2703 3674 2888 3714 rursus
2919 3679 2930 3714 :
2982 3661 3295 3732 Intplcbitur
3334 3677 3470 3721 terra
3501 3687 3592 3722 co-

1987 3751 2215 3819 gnitione
2244 3747 2473 3812 Domini,
2505 3751 2633 3802 sicut
2662 3766 2794 3818 aqua
2831 3752 2988 3806 multa
3012 3758 3212 3822 aperuit
3245 3776 3386 3814 mare
3425 3760 3444 3833 (
3478 3761 3592 3816 Ila-

1988 3842 2100 3894 bac.
2132 3839 2185 3894 2.
2218 3841 2327 3910 iri).
2365 3841 2449 3894 15.
2485 3839 2714 3895 Dicenda
2740 3853 2933 3910 autem,
2967 3847 3160 3917 inquit,
3197 3868 3408 3920 novum,
3443 3870 3581 3908 vetc-

1985 3933 2117 3986 ravit
2148 3933 2312 4003 prius.
2343 3933 2496 4000 Quod
2524 3944 2694 3988 autent
2722 3937 3018 4006 antiquatur
3061 3951 3107 3994 et
3150 3947 3385 4012 senescit,
3431 3966 3592 4020 prope

1984 4024 2245 4077 interitum
2271 4034 2366 4078 est.
2419 4025 2552 4080 Vide
2583 4029 2855 4096 quomodo
2897 4032 3040 4100 quod
3093 4045 3220 4088 erat.
3260 4041 3589 4096 occultatum

1985 4117 2216 4184 aperuit,
2249 4117 2415 4185 ipsam
2449 4127 2682 4172 mentem
2715 4121 3023 4190 prephetre.
3060 4124 3355 4182 llonoravit
3386 4131 3583 4200 legem,

1985 4216 2040 4261 ct.
2068 4207 2235 4260 uolttit
2265 4223 2383 4261 eam
2425 4207 2609 4263 dicere
2652 4213 2967 4267 nominatim
3003 4225 3236 4271 veterem
3267 4235 3281 4282 ;
3315 4237 3592 4278 verumta-

1987 4314 2109 4352 mm
2143 4297 2244 4352 ltuc
2270 4299 2404 4353 dixit
2433 4319 2446 4354 :
2500 4316 2624 4355 nam
2655 4305 2701 4356 si
2727 4304 2854 4358 illud
2886 4317 3030 4360 esset
3062 4323 3283 4375 novum,
3346 4329 3451 4366 non
3488 4316 3589 4368 hoc

1983 4407 2195 4461 quoque
2236 4406 2420 4463 postea
2474 4387 2804 4466 appellaséet
2847 4419 3066 4460 novum.
3116 4406 3484 4474 Quamobrem
3525 4423 3581 4468 et

1985 4483 2184 4553 aiiqnid
2216 4487 2350 4540 dans
2399 4492 2628 4559 amplius
2673 4501 2728 4548 et
2771 4495 3036 4564 alterum,
3067 4498 3272 4569 inquit,
3313 4499 3584 4559 Veteravit.

1988 4575 2129 4646 Ergo
2174 4578 2490 4636 dissolvitur
2522 4593 2570 4644 et
2619 4586 2804 4640 interit
2833 4597 3018 4642 etnon
3051 4601 3136 4645 est
3174 4594 3423 4662 amplius.
3481 4599 3586 4651 Ac.

1984 4677 2137 4735 cirpta
2165 4683 2191 4720 a
2219 4672 2477 4740 propheta
2510 4674 2725 4742 ﬁducia,
2757 4681 2928 4748 magis
2952 4680 3002 4735 id
3028 4682 3326 4739 insectatur
3351 4687 3582 4752 utiliter,

1985 4760 2276 4814 ostendens
2301 4764 2444 4832 quod
2475 4777 2656 4820 nostra
2687 4785 2829 4823 nunc
2853 4771 3114 4840 ﬂoreant;
3151 4776 3251 4831 hoc
3267 4788 3373 4841 est,
3402 4790 3586 4833 osten-
3649 4758 3652 4760 ’

1985 4848 2061 4901 dit
2093 4866 2212 4904 esse
2242 4864 2413 4906 vetus.
2453 4856 2656 4910 Deinde
2687 4872 2910 4930 accepto
2948 4868 3165 4921 nomine
3198 4871 3498 4935 vetustatis,
3532 4882 3586 4925 et.

1985 4939 2089 4990 alio
2120 4955 2147 4992 a
2181 4957 2238 4996 se
2267 4944 2468 5011 addito,
2521 4965 2712 5018 nempe
2741 4953 2897 5019 senii,
2940 4957 3080 5023 quod
3111 4960 3344 5012 restabat
3365 4977 3431 5014 cx
3466 4963 3587 5017 aliis

1986 5037 2212 5100 accepit,
2237 5045 2290 5090 et
2319 5038 2444 5091 dicit
2471 5059 2482 5094 :
2521 5041 2687 5112 l’r.vpe
2745 5047 3001 5100 interitum
3033 5061 3122 5102 est.
3183 5052 3294 5104 l\'un
3325 5070 3452 5122 ergo
3486 5072 3584 5108 uo-

1988 5139 2109 5176 rum
2134 5127 2376 5182 absolute
2405 5131 2682 5201 abrogaiit
2724 5146 2874 5190 vetus
2904 5139 3334 5205 Testamentum,
3397 5147 3489 5207 sed
3527 5158 3582 5200 ut

1987 5219 2125 5282 quod
2159 5224 2524 5287 consenuerit,
2571 5237 2621 5277 ut
2671 5229 2812 5295 quod
2857 5231 2900 5283 si
2935 5233 3143 5286 inutile.
3186 5236 3477 5306 Propterea
3507 5241 3587 5291 di-

1988 5309 2162 5374 ccbal,
2195 5310 2779 5382 I’r0pterinﬁrmitatem
2808 5332 2854 5376 et
2898 5313 3262 5394 inutilitatem;
3303 5343 3379 5395 et,
3433 5332 3585 5386 Nihil

1988 5400 2057 5452 ad
2085 5403 2366 5470 perfectum
2396 5407 2608 5459 adduxit
2651 5411 2772 5474 lex;
2821 5424 2873 5466 et
2904 5416 3066 5480 quod,
3103 5417 3163 5468 Si
3189 5420 3408 5484 primum
3433 5427 3584 5491 culpa

1987 5503 2255 5556 vacasset,
2310 5512 2413 5548 non
2462 5508 2791 5566 quaereretur
2819 5503 3034 5555 secundi
3067 5501 3208 5555 locus
3233 5504 3302 5573 (ε.
3339 5509 3390 5559 7.
3427 5525 3472 5560 υ.
3503 5511 3586 5563 18.

1993 5584 2055 5637 19
2100 5595 2218 5637 etc.
2249 5587 2304 5639 8.
2337 5605 2383 5640 v.
2410 5587 2496 5658 '7).
2558 5589 2730 5661 Culpa
2762 5607 2965 5647 vacans
3005 5594 3135 5662 quid
3167 5597 3285 5649 est?
3339 5599 3452 5653 lloc
3478 5613 3583 5666 est,

1987 5678 2145 5742 utile,
2187 5678 2346 5733 forte.
2391 5681 2505 5734 11οο
2534 5682 2689 5747 dicit,
2729 5700 2838 5738 non
2869 5687 3016 5754 quod
3046 5687 3116 5739 sit
3143 5687 3440 5742 obnoxium
3475 5694 3588 5744 cri-

1989 5771 2250 5835 minibus,
2275 5773 2369 5826 sed
2396 5775 2541 5843 quod
2566 5791 2675 5828 non
2694 5776 2945 5843 sufﬁciat,
2967 5779 3160 5833 rudius
3185 5791 3268 5834 est
3288 5781 3583 5850 loquutus:

1990 5874 2051 5919 ut
2082 5865 2126 5920 si
2158 5865 2436 5934 quispiam
2461 5867 2640 5935 dioot,
2697 5869 2870 5940 Culpa
2900 5886 3009 5926 non
3035 5880 3190 5927 vacat
3217 5873 3444 5933 domus;
3481 5875 3586 5931 hoc
