4122 6338
554 389 653 441 Hb

541 510 647 561 est,
691 498 745 550 in
794 509 856 550 ea
913 500 997 548 est
1041 491 1257 553 vitium,
1290 496 1345 543 et
1377 502 1483 539 non
1516 492 1600 539 est
1639 484 1789 537 ﬁrma
1817 489 1872 536 et
1896 478 2107 535 solida:

541 587 713 654 (Iulpa
748 599 855 637 non
883 590 1037 635 vacat
1069 579 1256 640 vestis,
1305 577 1408 629 hoc
1449 584 1552 639 est,
1594 574 1703 644 jam
1737 570 1951 625 dimuit.
1993 568 2111 623 Non

549 693 679 748 ergo
710 677 803 730 bic
831 673 965 728 dicit
998 671 1142 742 quod
1170 670 1243 723 sit
1266 668 1467 721 malum
1493 708 1507 733 ,
1564 665 1658 721 sed
1688 663 1835 733 quod
1871 663 1923 717 in
1951 678 2017 717 eo
2045 662 2117 715 sit

546 768 690 844 quod
728 766 1164 838 reprehendatur
1198 763 1550 832 deiectusque
1575 768 1631 814 et
1653 758 1869 812 vitium.
1889 749 1907 781 ¹

622 860 674 909 4.
713 856 783 909 Ita
811 869 907 906 nos
934 867 1141 921 quoque
1170 850 1291 903 novi
1320 862 1505 902 sumus
1528 888 1545 911 ,
1603 846 1687 899 vel
1728 844 1901 913 potius
1929 840 2121 894 fuimus

548 948 671 1000 novi
701 962 716 1009 ;
765 958 902 996 nunc
933 951 1107 995 autem
1145 938 1590 992 inveteravinius:
1627 942 1903 1003 propterea
1936 944 2117 984 sumus

554 1037 1018 1109 propcinterituiu.
1050 1033 1176 1097 Sed,
1200 1034 1243 1085 si
1263 1032 1503 1093 velimus,
1525 1028 1626 1081 hoc
1646 1027 1847 1081 senium
1862 1023 2127 1077 amovcbi—

550 1144 664 1183 mus
678 1139 730 1183 et
749 1127 1085 1180 abrademus.
1103 1124 1331 1177 Lavaero
1348 1120 1556 1190 quidem
1572 1120 1678 1186 jam
1702 1131 1805 1170 non
1825 1128 2121 1185 possumus,

549 1221 641 1275 sed
676 1233 953 1289 possumus
982 1216 1305 1286 pmuitcntia.
1344 1215 1395 1266 Si
1428 1210 1551 1281 quid
1581 1212 1649 1262 sit
1695 1210 1747 1262 in
1780 1208 1931 1261 nobis
1974 1214 2125 1258 vctu-

550 1324 710 1376 stum,
754 1312 1061 1379 abjiciamus
1085 1308 1273 1375 :siqua
1301 1319 1447 1371 ruga,
1477 1304 1518 1355 si
1546 1316 1645 1371 qua
1675 1300 1897 1361 macula,
1942 1297 1985 1349 si
2028 1310 2128 1364 qua

552 1405 755 1465 sordes,
796 1402 1071 1455 abluanius
1087 1408 1138 1452 et
1167 1396 1365 1465 pulchri
1388 1393 1690 1461 reddamur,
1714 1389 2129 1458 utconcupiscat

554 1497 666 1549 ilex
697 1492 1146 1564 pulchritudinem
1189 1498 1449 1542 nostram.
1502 1486 1673 1550 Licet,
1706 1483 1913 1539 etiamsi
1946 1484 1994 1533 in
2026 1495 2127 1532 ex-

552 1614 774 1660 tremam
823 1606 1180 1661 deciderimus
1230 1602 1621 1658 deformitatem
1652 1640 1665 1653 .
1744 1609 1927 1650 rursus
1972 1591 2119 1644 illam

554 1696 829 1764 acquirere
862 1693 1329 1763 pulchritudinem,
1359 1691 1427 1745 de
1448 1706 1545 1757 qua
1568 1688 1698 1743 dicit
1726 1682 1890 1739 David
1918 1700 1929 1734 :
1963 1680 2120 1742 Audi,

556 1788 684 1854 ﬁlia,
711 1796 755 1839 et
781 1788 912 1850 vide,
946 1797 989 1839 et
1016 1785 1207 1838 inclina
1232 1800 1406 1837 aurem
1432 1793 1590 1844 tuam,
1633 1788 1677 1832 et
1716 1776 2003 1831 obliviscere
2030 1787 2123 1839 po-

556 1880 664 1948 puli
693 1880 785 1942 tui,
818 1889 863 1931 et
894 1879 1068 1931 domus
1103 1878 1260 1946 patris
1288 1878 1381 1942 tui,
1424 1886 1469 1928 et
1495 1874 1806 1941 concupiscet
1832 1868 1943 1943 Rea:
1974 1866 2126 1917 deco-

556 1987 662 2023 rem
687 1981 822 2022 timm
849 1968 1018 2036 (Psal.
1044 1970 1129 2023 44.
1168 1970 1253 2021 11.
1285 1967 1396 2038 12).
1452 1966 1608 2033 Atqui
1641 1962 1837 2016 oblivio
1872 1974 1974 2011 non
2004 1956 2129 2010 facit

556 2062 823 2123 decorem;
848 2061 1115 2125 decorem,
1141 2059 1375 2128 inquam,
1396 2057 1604 2110 animm.
1621 2054 1871 2121 Qnrcnam
1890 2060 1971 2103 est
2000 2062 2128 2115 ergo

558 2151 790 2204 oblivio?
817 2150 1024 2205 Oblivio
1046 2159 1405 2218 peceatorum.
1440 2146 1741 2214 Alloquitur
1765 2143 1907 2196 enim
1937 2139 2127 2192 Eccle-

560 2246 821 2312 siamqua:
835 2253 914 2297 est
940 2258 1001 2296 ex
1034 2242 1295 2310 gentibus,
1318 2240 1363 2296 ei
1392 2238 1621 2293 suadens
1644 2246 1698 2289 ut
1717 2244 1993 2305 parentum
2025 2245 2131 2283 non

562 2334 884 2395 meminerit,
944 2348 1136 2399 nempe
1181 2345 1364 2384 eorum
1393 2328 1481 2397 qui
1519 2323 1900 2380 sacrificabant
1929 2320 2083 2375 idolis
2117 2336 2129 2371 :

562 2439 625 2476 ex
652 2424 711 2476 iis
738 2422 878 2476 enim
913 2422 1007 2475 fuit
1045 2422 1289 2476 collecta.
1344 2420 1412 2473 Et
1442 2434 1547 2471 non
1580 2416 1729 2478 dixit,
1776 2414 1850 2467 Ne
1889 2410 2133 2473 accedas,

563 2515 656 2567 sed
685 2513 822 2583 quod
854 2523 934 2567 est
963 2512 1212 2580 amplius,
1254 2511 1331 2565 Ne
1370 2525 1553 2564 eorum
1596 2507 1808 2576 quidem
1855 2504 2032 2558 veniat
2084 2503 2132 2553 in

565 2614 820 2658 mentem.
853 2604 1006 2669 Quod
1032 2604 1191 2659 etiam
1214 2602 1342 2655 dicit
1376 2601 1533 2654 alibi:
1570 2598 1693 2651 Non
1718 2595 2130 2650 recordaborno-

566 2696 757 2748 minimi
777 2712 944 2748 eorum
971 2711 1059 2762 per
1087 2695 1221 2747 labia
1242 2710 1389 2757 mea;
1419 2705 1472 2746 et
1502 2706 1706 2753 rursus,
1736 2689 1801 2744 Ut
1829 2706 1927 2741 non
1957 2690 2135 2755 loqua-

569 2798 648 2839 tur
675 2802 729 2837 os
769 2802 931 2838 meum
972 2802 1126 2853 opera
1156 2784 1411 2837 hominum
1440 2782 1609 2853 (l’sal.
1644 2782 1730 2835 15.
1771 2781 1824 2833 4.
1848 2789 1895 2831 et
1927 2780 2011 2832 16.
2049 2776 2132 2845 .5).

567 2877 809 2931 Nondum
839 2877 938 2930 hoc
968 2886 1048 2930 est
1089 2890 1275 2944 magna
1303 2875 1505 2936 virtus;
1554 2873 1663 2926 imo
1702 2881 1782 2924 cst
1812 2884 1995 2938 magna
2024 2868 2142 2936 qui-

568 2968 711 3033 dem,
750 2969 842 3022 sed
869 2982 971 3021 non
996 2968 1135 3021 talis.
1167 2967 1277 3020 Illic
1302 2967 1443 3018 enim
1465 2965 1588 3034 quid
1622 2963 1796 3016 dicit?
1846 2962 1957 3015 Non
1979 2961 2134 3025 dixit,

568 3060 680 3113 Non
711 3059 942 3128 loquaris
964 3075 1080 3127 qum
1110 3068 1235 3113 sunt
1258 3068 1486 3126 patrum,
1538 3054 1653 3118 sed,
1696 3053 1805 3108 Nec
1830 3068 2015 3107 eorum
2051 3066 2140 3104 re-

569 3150 826 3213 corderis,
870 3166 969 3204 nec
999 3150 1089 3203 tibi
1120 3150 1170 3204 in
1201 3159 1431 3202 mentem
1462 3147 1697 3201 veniant.
1759 3145 1920 3199 Vides
1940 3152 2142 3213 quanto

570 3241 852 3295 intervallo
879 3239 990 3293 vult
1017 3254 1113 3294 nos
1134 3239 1321 3293 abesse
1354 3254 1383 3291 a
1416 3237 1585 3291 vitio?
1623 3236 1751 3289 Nam
1778 3236 1866 3304 qui
1896 3249 1998 3287 non
2033 3247 2145 3286 me—

573 3332 745 3393 minit,
785 3345 884 3384 nec
911 3330 1199 3399 cogitabit;
1231 3330 1319 3397 qui
1352 3343 1455 3381 non
1487 3328 1702 3395 Cogitat,
1752 3340 1850 3379 nec
1873 3326 2141 3393 loquitur;

570 3422 659 3489 qui
688 3430 862 3474 autem
887 3435 989 3472 non
1013 3419 1267 3489 loquitur,
1298 3433 1395 3471 nec
1412 3426 1555 3485 aget.
1591 3416 1752 3470 Vides
1776 3416 1987 3484 quantis
2018 3428 2144 3481 spa-

575 3516 661 3568 tiis
686 3515 779 3566 vim
802 3528 897 3566 nos
925 3513 1111 3575 arcuit,
1137 3522 1190 3565 et
1210 3511 1422 3579 quantis
1450 3510 1747 3563 intervallis
1771 3522 1871 3561 nos
1891 3506 2147 3560 removit?

576 3605 717 3673 Ergo
744 3618 841 3657 nos
862 3618 1076 3673 quoque
1104 3602 1403 3665 audiamus,
1453 3610 1508 3654 et
1536 3599 1796 3652 malorum
1840 3607 2145 3651 nostrorum

575 3694 969 3758 obliviscamur,
1022 3706 1125 3745 non
1160 3701 1519 3759 peccatorum,
1555 3689 1789 3757 inquam,
1829 3702 1948 3756 quae
1974 3686 2149 3740 admi-

576 3786 741 3837 simus
772 3803 785 3839 :
818 3784 1077 3843 Memento
1108 3783 1271 3842 enim,
1318 3781 1508 3850 inquit,
1556 3788 1611 3834 tu
1641 3781 1807 3848 prior,
1840 3790 1893 3833 et
1915 3794 2013 3848 ego
2041 3794 2147 3832 non

578 3876 890 3930 meminero.
923 3873 989 3929 Ut
1016 3872 1245 3940 exempli
1273 3886 1427 3925 causa
1452 3890 1464 3923 :
1507 3886 1615 3924 non
1644 3870 1870 3941 amplius
1903 3869 2149 3924 recorde-

578 3981 698 4018 mur
742 3966 959 4033 rapiam,
1013 3962 1105 4017 sed
1135 3963 1293 4017 etiam
1340 3962 1517 4031 priora
1572 3960 1879 4015 reddamus.
1925 3960 2037 4014 [loc
2066 3967 2148 4014 est

574 4080 815 4134 oblivisci
845 4077 980 4141 vitii,
1008 4084 1063 4130 et
1090 4088 1337 4144 rapacem
1366 4070 1633 4141 expellere
1662 4068 2061 4138 cogitationem,
2088 4074 2141 4120 et

573 4174 742 4239 ipsam
770 4184 1055 4238 numquam
1082 4167 1382 4228 admittere,
1416 4165 1511 4219 sed
1545 4171 1597 4217 et
1628 4177 1746 4229 qua:
1771 4176 1799 4212 a
1832 4157 1983 4213 nobis
2012 4172 2138 4226 pee-

574 4272 691 4316 cata
716 4269 839 4314 sunt
868 4260 1066 4313 delere.
1116 4256 1393 4312 Undenatn
1420 4263 1597 4307 autem
1626 4251 1779 4304 nobis
1806 4249 2007 4303 orietur
2037 4263 2151 4304 ma-

575 4355 745 4408 lorum
778 4351 1014 4405 oblivio?
1046 4350 1125 4403 Ex
1151 4347 1518 4402 recordatione
1542 4347 1801 4398 bonorum
1839 4343 1926 4395 Dei
1951 4341 2025 4395 :si
2058 4341 2150 4394 Dei

576 4451 832 4513 perpetuo
874 4439 1297 4500 meminerimus,
1346 4451 1450 4489 non
1485 4434 1775 4504 poterimus
1821 4434 1979 4486 etiam
2028 4431 2149 4485 illo-

576 4551 693 4588 rum
728 4531 1053 4586 meminisse.
1089 4528 1147 4583 Si
1175 4545 1361 4581 memor
1391 4527 1467 4596 fui
1500 4528 1590 4588 tui,
1617 4527 1807 4595 inquit,
1843 4540 1993 4592 super
2015 4534 2150 4576 stra-

580 4639 683 4679 tum
709 4641 891 4688 meum,
915 4624 958 4676 si
979 4624 1029 4674 in
1050 4622 1308 4675 matutinis
1330 4620 1607 4673 meditabar
1627 4620 1679 4671 in
1704 4629 1747 4670 te
1768 4617 1935 4685 (Psal.
1952 4615 2041 4671 69.
2072 4616 2152 4684 7).

580 4723 752 4786 Atque
775 4730 985 4784 semper
1001 4713 1235 4784 quidem,
1258 4693 1491 4765 maxime
1512 4720 1687 4764 autem
1718 4711 1809 4764 Dei
1839 4717 1965 4763 tunc
1995 4722 2153 4778 opor-

584 4818 658 4861 tet
704 4807 1031 4871 meminisse,
1082 4805 1296 4873 quando
1338 4804 1389 4857 in
1427 4803 1641 4856 silentio
1681 4813 1731 4854 et
1762 4802 1939 4869 quiete
1965 4808 2147 4854 nostra

582 4910 663 4953 cst
703 4899 971 4966 cogitatio,
1017 4897 1227 4966 quando
1269 4912 1363 4965 per
1402 4896 1543 4948 illam
1596 4894 1903 4948 memoriam
1950 4907 2007 4946 se
2055 4909 2152 4961 po-

586 5002 687 5045 test
731 4989 1089 5044 condemnare
1118 5029 1134 5055 ,
1180 4987 1391 5057 quando
1442 4987 1493 5040 in
1534 4987 1788 5040 memoria
1842 4996 2041 5039 tenere.
2100 4985 2153 5038 ln

585 5087 669 5140 die
686 5087 824 5139 enim
851 5100 956 5153 quo
983 5082 1234 5138 fuerimus
1262 5082 1543 5144 recordati,
1564 5084 1809 5151 ingressu
1827 5082 1942 5135 alia:
1964 5082 2153 5136 sollici-

588 5177 795 5230 tudines
824 5184 877 5228 et
916 5174 1177 5227 tumultus
1234 5189 1353 5228 eam
1409 5173 1716 5242 expellunt:
1774 5183 1929 5228 noctu
1981 5183 2155 5227 autem

588 5275 841 5336 perpetuo
872 5280 1148 5333 possumus
1167 5264 1470 5319 meminisse
1493 5264 1734 5333 ;quando
1769 5264 1819 5319 in
1845 5266 2141 5334 tranquilli—

658 5430 672 5458 ⁸
705 5427 753 5475 In
780 5426 881 5471 lure
909 5424 1055 5471 verba
1078 5420 1259 5469 desiuit
1280 5417 1471 5467 liomilia
1498 5416 1545 5464 in
1569 5412 1700 5463 ωδ.

1242 370 1299 443 ’8.
1334 380 1608 440 JOANNIS
1646 368 2113 435 cumtsosrom
2177 360 2490 419 Anctnrr.
2533 350 3056 410 eox'snxrtxor.

3694 346 3794 397 H6

2219 475 2325 521 tate
2347 473 2400 517 et
2417 462 2595 532 quiete
2627 458 2783 512 fuerit
2810 458 3004 514 anima,
3023 453 3235 525 quando
3280 450 3331 506 in
3363 460 3515 521 portu
3538 494 3551 512 ,
3580 450 3796 519 quando

2223 554 2277 609 in
2305 553 2632 609 serenitate:
2667 550 2792 613 Qutt'
2816 548 3005 609 dicitis,
3037 546 3224 615 inquit,
3253 545 3305 597 in
3345 542 3580 596 cordibus
3605 542 3804 601 vestris,

2222 648 2274 701 in
2320 645 2565 699 cubitibus
2608 642 2779 696 vestris
2834 638 3231 706 compungiiniui
3280 634 3447 705 (Psul.
3473 632 3525 689 4.
3545 635 3619 703 5).
3668 632 3805 687 Nam

2223 744 2498 807 oporteret
2513 734 2726 805 quidem
2751 731 2911 787 etiam
2940 729 3171 783 interdiu
3207 728 3344 781 hanc
3374 726 3572 778 habere
3602 739 3810 776 meum.

2225 833 2390 893 riam;
2420 827 2669 896 quoniam
2696 832 2875 877 autem
2893 835 3108 889 semper
3127 820 3259 873 estis
3281 816 3592 879 solliciti,ct
3612 815 3815 867 distra-

2231 920 2418 975 1111111111
2462 920 2513 972 111
2560 918 2623 971 iis
2653 932 2773 985 qua:
2804 913 2868 967 ad
2904 913 3038 966 hanc
3086 911 3251 964 vitam
3283 909 3569 979 pertinent,
3618 905 3813 958 saltem

2232 1024 2356 1068 tunc
2387 1012 2479 1065 Dei
2512 1011 2562 1063 in
2591 1006 2748 1063 cubili
2794 1010 3156 1059 mementote:
3189 1001 3240 1054 in
3272 999 3548 1054 matutinis
3590 994 3818 1049 mediteo

2232 1104 2363 1160 mini
2390 1104 2439 1156 in
2471 1101 2588 1170 ipso
2610 1097 2783 1169 (Psal.
2815 1096 2903 1151 62.
2929 1096 3006 1161 7).
3050 1091 3105 1146 Si
3139 1093 3190 1145 in
3223 1090 3499 1144 matutinis
3546 1088 3658 1141 h;cc
3688 1102 3814 1140 me-

2235 1196 2486 1255 ditemur,
2543 1205 2664 1245 eum
2716 1188 2877 1241 multa
2907 1184 3195 1240 securitate
3228 1180 3580 1251 proccdemus
3612 1177 3675 1232 ad
3710 1192 3813 1231 ne-

2235 1288 2416 1358 gotia:
2466 1284 2507 1337 si
2541 1279 2933 1351 supplicatione
2978 1276 3208 1345 primum
3238 1272 3395 1327 nobis
3430 1272 3594 1325 Deum
3628 1267 3821 1323 feceri-

2238 1394 2355 1433 mus
2399 1375 2709 1445 pmpitium,
2763 1371 2831 1424 ita
2871 1367 3223 1439 procedentes
3267 1365 3471 1419 nullum
3503 1362 3824 1418 habebimus

2238 1470 2551 1530 inimicum;
2604 1463 2686 1517 sin
2730 1470 2907 1515 autem
2955 1458 3178 1521 habeas,
3229 1456 3503 1519 irridebis,
3534 1454 3695 1507 Deum
3720 1451 3823 1504 Ita-

2239 1562 2368 1613 beos
2395 1556 2704 1627 propitium.
2763 1552 2965 1607 Bellum
2995 1559 3079 1604 est
3107 1548 3158 1602 in
3191 1546 3328 1609 foro.
3382 1560 3554 1616 pugna
3580 1552 3705 1597 sunt
3728 1558 3823 1597 res

2240 1648 2464 1711 diurum,
2517 1654 2639 1699 sunt
2680 1643 2905 1708 ﬂuctus,
2958 1649 3082 1696 sunt
3130 1644 3436 1707 tempestas.
3480 1631 3644 1688 Nobis
3688 1642 3824 1698 ergo

2245 1753 2379 1806 opus
2425 1745 2508 1792 ρει
2546 1736 2748 1792 armis:
2780 1749 2971 1804 magna
3009 1741 3190 1785 autem
3228 1741 3376 1781 arma
3418 1734 3545 1780 sunt
3585 1735 3769 1793 preces
3804 1738 3820 1775 ε

2244 1844 2377 1896 opus
2409 1838 2491 1883 est
2520 1828 2771 1882 secundis
2791 1826 2986 1891 ventis,
3035 1829 3248 1895 oportet
3285 1820 3494 1875 discere
3516 1817 3713 1881 omnia,
3764 1825 3826 1868 ut

2244 1919 2349 1973 dici
2378 1919 2764 1989 longitudinem
2791 1919 3043 1972 conficias
3069 1916 3271 1984 absque
3298 1910 3590 1980 naufragiis
3616 1918 3669 1963 et
3696 1906 3823 1960 rul-

2248 2011 2505 2064 net-ibus:
2540 2011 2692 2066 multi
2740 2011 2883 2065 enim
2924 2017 3048 2063 sunt
3095 2006 3323 2077 singulis
3362 2004 3555 2059 diebus
3582 1998 3821 2069 scopuli,

2243 2101 2532 2169 quinetiam
2579 2116 2722 2171 szepe
2753 2101 2804 2154 in
2852 2116 2944 2155 eos
2975 2099 3218 2169 impingit
3241 2096 3438 2166 scapha
3468 2104 3522 2150 et
3551 2092 3819 2147 obruitur.

2318 2190 2547 2245 Precatio
2579 2192 2825 2245 matutina
2851 2200 2897 2243 et
2926 2200 3191 2244 nocturna.
3209 2218 3279 2229 —
3296 2188 3589 2256 Propterea
3622 2197 3819 2252 preca-

2245 2283 2391 2339 tione
2420 2284 2573 2339 nobis
2603 2300 2737 2355 opus
2776 2294 2877 2349 est,
2912 2284 3143 2337 maxime
3170 2281 3425 2335 matutina
3452 2289 3509 2334 et
3538 2288 3822 2332 nocturna.

2248 2377 2393 2429 Multi
2425 2392 2491 2431 ex
2521 2378 2673 2432 vobis
2709 2391 2848 2447 saepe
2878 2384 3183 2445 spectarunt
3210 2373 3453 2443 Olympia
3473 2412 3488 2435 ,
3524 2385 3623 2425 nec
3649 2369 3823 2423 solum

2247 2477 2578 2533 spectarunt,
2608 2469 2701 2522 sed
2730 2470 2888 2523 etiam
2917 2480 3102 2521 eorum
3125 2467 3213 2535 qui
3238 2464 3583 2520 decertabant
3608 2461 3827 2516 fuerunt

2247 2555 2481 2609 fautores
2509 2567 2562 2611 et
2586 2558 2939 2612 admiratores
2958 2599 2973 2623 ,
3004 2566 3057 2610 et
3080 2557 3215 2610 alter
3239 2554 3453 2625 quidem
3483 2552 3658 2620 hujus,
3687 2552 3829 2605 alter

2248 2662 2374 2699 vero
2411 2648 2572 2701 illius.
2591 2648 2749 2702 Scitis
2768 2663 2897 2718 ergo
2916 2647 3058 2717 quod
3084 2662 3177 2715 per
3196 2646 3546 2701 certaminum
3571 2644 3687 2697 illos
3708 2642 3828 2697 dies

2246 2746 2299 2789 et
2329 2746 2510 2791 noctes
2532 2779 2545 2797 ,
2578 2747 2687 2792 tota
2718 2748 2874 2794 nocte
2919 2753 3095 2807 pricco
3140 2736 3273 2791 nihil
3316 2736 3457 2790 aliud
3488 2734 3715 2805 cogitat,
3756 2734 3827 2787 de

2249 2830 2395 2882 nullo
2417 2830 2520 2883 alio
2537 2840 2619 2884 est
2641 2832 2920 2896 sollicitus,
2940 2846 3096 2899 quam
3122 2844 3189 2884 ne
3209 2843 3456 2899 egressus
3478 2828 3523 2882 is
3545 2827 3631 2896 qui
3655 2834 3826 2879 certat

2248 2933 2306 2973 se
2338 2919 2588 2974 indecore
2610 2930 2778 2989 gerat.
2798 2920 2929 2974 Nam
2959 2921 3033 2974 illi
3064 2921 3153 2989 qui
3179 2920 3435 2981 assident,
3463 2918 3680 2972 tubicini
3703 2930 3826 2969 sua-

2249 3007 2377 3062 dent
2408 3024 2474 3062 ne
2504 3009 2753 3079 loquatur
2781 3010 2993 3079 quidem
3027 3010 3186 3064 alicui
3210 3052 3222 3075 ,
3254 3025 3320 3064 ne
3345 3008 3588 3077 spiritum
3626 3022 3827 3061 consu-

2253 3114 2403 3153 mens
2432 3102 2500 3153 sit
2528 3101 2807 3155 ridiculus.
2831 3100 2887 3157 Si
2914 3102 3071 3170 igitur
3092 3102 3181 3170 qui
3204 3116 3384 3155 coram
3417 3098 3719 3152 hominibus
3746 3106 3828 3151 est

2250 3199 2558 3245 certaturus
2582 3234 2595 3256 ,
2627 3202 2829 3246 tantam
2855 3207 3035 3247 curam
3065 3194 3200 3261 gerit
3236 3210 3247 3245 :
3284 3193 3451 3245 multo
3479 3192 3646 3260 magis
3674 3190 3828 3243 nobis

2250 3283 2531 3336 conveniet
2556 3284 2771 3337 assidue
2800 3299 2919 3338 esse
2945 3284 3206 3337 sollicitos
3242 3292 3295 3337 et
3324 3283 3561 3352 cogitare
3588 3321 3602 3345 ,
3631 3282 3831 3350 quibus

2254 3383 2359 3428 tota
2387 3375 2493 3428 vita
2522 3384 2605 3429 est
2636 3385 2928 3430 certamen.
2964 3377 3093 3430 Tota
3135 3390 3265 3445 ergo
3294 3390 3398 3429 nox
3424 3376 3493 3428 sit
3520 3374 3671 3429 nobis
3702 3388 3835 3442 per-

2251 3465 2485 3525 vigilium
2506 3504 2520 3527 ,
2566 3474 2620 3519 et
2658 3466 2871 3521 solliciti
2911 3468 3077 3520 simus
3120 3482 3185 3520 ne
3213 3482 3243 3520 e
3273 3466 3360 3521 die
3389 3466 3589 3536 egressi
3610 3506 3625 3525 ,
3656 3466 3836 3518 simus

2248 3552 2474 3605 ridiculi.
2504 3552 2568 3605 Et
2591 3552 2791 3605 utinam
2816 3562 3018 3604 tantum
3040 3552 3247 3607 ridiculi
3271 3571 3284 3606 :
3311 3568 3450 3607 nunc
3469 3563 3645 3608 autem
3673 3556 3836 3610 sedet

2245 3643 2309 3697 ad
2338 3644 2611 3697 dexteram
2639 3643 2809 3698 Patris
2838 3643 3176 3714 agonotbeta,
3201 3644 3485 3715 diligenter
3510 3646 3733 3701 audiens
3759 3663 3834 3701 ne

2246 3734 2371 3801 quid
2404 3733 2684 3801 loquamur
2710 3735 2850 3805 quod
2882 3735 3141 3799 dissonet,
3168 3746 3223 3791 et
3248 3752 3317 3792 ne
3342 3738 3467 3807 quid
3494 3739 3633 3806 quod
3661 3740 3830 3793 modo

2246 3843 2350 3879 non
2376 3828 2661 3881 conveniat
2683 3846 2696 3882 :
2718 3843 2820 3881 non
2845 3836 2927 3883 est
2951 3829 3091 3883 enim
3113 3828 3285 3882 solum
3310 3828 3472 3897 judex
3503 3845 3699 3893 rerum,
3717 3832 3828 3885 ‘sed

2246 3919 2405 3972 etiam
2436 3917 2739 3971 verborum.
2769 3918 2957 3971 Totam
2990 3928 3201 3973 noctem
3236 3919 3615 3989 pervigilemus
3640 3962 3653 3981 ,
3682 3936 3715 3973 o
3739 3920 3831 3973 di-

2248 4009 2367 4063 lecti
2394 4025 2409 4064 :
2432 4008 2686 4063 habemus
2711 4024 2808 4062 nos
2829 4024 3039 4078 quoque
3064 4010 3316 4071 fautores,
3347 4010 3390 4062 si
3418 4011 3673 4063 velimus:
3699 4010 3830 4064 uni-

2248 4103 2436 4170 cuique
2462 4111 2699 4156 nostrum
2721 4101 2920 4156 assidet
2942 4103 3164 4171 angelus
3184 4120 3197 4155 :
3214 4118 3311 4156 nos
3332 4112 3508 4155 autem
3535 4112 3640 4155 tota
3667 4112 3833 4158 nocte

2246 4194 2534 4245 stertimus.
2568 4191 2633 4246 Et
2657 4193 2855 4245 utinam
2880 4193 2980 4245 hoc
3004 4200 3203 4245 tantum
3235 4210 3247 4244 :
3279 4193 3426 4245 multi
3454 4202 3633 4245 autem
3660 4193 3828 4247 etiam

2246 4285 2410 4337 multa
2442 4284 2639 4337 faciunt
2665 4284 2924 4353 ﬂagitiosa
2950 4326 2965 4347 ,
2997 4283 3083 4336 alii
3128 4284 3341 4352 quidem
3385 4292 3571 4337 euntes
3606 4284 3671 4338 ad
3700 4285 3818 4355 ipsa

2248 4374 2555 4444 prostibula,
2584 4375 2671 4427 alii
2701 4384 2873 4427 autem
2903 4389 3023 4428 suas
3052 4374 3195 4428 aedes
3223 4373 3516 4442 prostibula
3547 4374 3829 4441 facientes,

2251 4459 2394 4527 quod
2425 4460 2551 4513 illuc
2578 4460 2777 4514 ducant
2814 4462 3148 4517 meretrices.
3178 4461 3401 4514 Multum
3433 4476 3564 4515 sane
3599 4462 3823 4516 solliciti

2251 4560 2379 4605 sunt
2410 4550 2665 4621 (annon?)
2715 4560 2773 4605 ut
2822 4561 2967 4607 recte
3011 4561 3238 4607 certent.
3282 4551 3387 4605 Alii
3437 4561 3564 4607 sunt
3599 4553 3733 4606 ebrii
3764 4561 3826 4606 et

2252 4656 2532 4711 perperam
2566 4642 2885 4711 loquuntur,
2924 4643 3011 4697 alii
3054 4645 3476 4708 tumultuantur,
3522 4643 3611 4696 alii
3651 4650 3823 4695 totam

2253 4743 2465 4787 noctem
2519 4735 2657 4787 male
2705 4736 3049 4805 pervigilant,
3097 4737 3162 4789 iis
3201 4737 3361 4789 etiam
3408 4736 3502 4805 qui
3541 4735 3827 4789 dormiunt

2250 4828 2404 4896 pejus
2453 4827 2607 4882 dolos
2649 4836 2956 4894 nectentes;
3002 4829 3091 4883 alii
3132 4838 3435 4882 numerant
3463 4843 3687 4893 usuras,
3728 4829 3825 4883 alii

2251 4921 2400 4973 curis
2432 4921 2768 4982 cruciantur,
2796 4929 2849 4975 et
2878 4920 3057 4973 omnia
3087 4921 3260 4991 magis
3285 4919 3487 4975 faciunt
3511 4935 3673 4990 quam
3700 4935 3829 4990 qua

2252 5012 2586 5065 conveniunt
2637 5010 2938 5065 certamini.
2984 5010 3344 5076 Quamobrem
3390 5024 3521 5079 rogo
3555 5020 3610 5063 ut
3637 5010 3828 5064 missis

2253 5104 2503 5157 omnibus
2538 5118 2705 5157 unum
2750 5104 2923 5158 solum
2957 5110 3288 5173 spectemus,
3316 5110 3372 5155 ut
3415 5101 3695 5171 praemium
3726 5114 3827 5153 ae-

2251 5198 2540 5268 cipiamus,
2586 5212 2786 5252 corona
2827 5198 3001 5252 simus
3050 5197 3313 5261 redimiti;
3363 5196 3543 5249 omnia
3598 5207 3828 5263 agamus

2254 5307 2350 5362 per
2380 5308 2501 5363 qua
2525 5292 2662 5347 bona
2688 5292 2954 5361 promissa
2984 5291 3257 5361 possimus
3290 5287 3505 5358 assequi
3537 5302 3550 5339 :
3577 5302 3695 5356 quae
3729 5301 3829 5340 no-

2255 5385 2339 5441 bis
2368 5384 2620 5440 omnibus
2650 5384 2806 5439 detur
2837 5382 3095 5455 consequi
3121 5382 3293 5454 gratia
3325 5391 3376 5436 et
3398 5378 3751 5450 benignitate.

2054 5624 2298 5635 .wh
