4122 6338
211 394 307 451 Ηῖ

1490 471 2397 497 ________________________

1045 378 1108 435 IN
1149 373 1365 432 EPIST.
1408 370 1498 429 AD
1540 358 1904 423 IIEBRrEOS.
1946 359 2100 416 CAP.
2143 354 2236 410 1X.
2280 347 2510 406 nomn.
2554 344 2667 403 XV.

2466 461 2799 474 Μ

2402 470 2457 477 ..φ

1591 544 1928 609 HOMILIA
1983 537 2120 599 ΧΥ.

224 717 355 773 CAP.
400 716 455 773 9.
492 731 541 766 v.
578 715 629 769 1.
667 711 855 767 Habuit
893 708 1095 781 quidem
1140 715 1186 759 et
1231 704 1372 774 prius
1412 698 1809 771 jnsti/icationes

286 812 523 873 cultura,
549 816 599 861 et
617 813 848 859 sanctum
872 800 1139 857 swt'ulare.
1168 796 1215 849 Ξ.
1245 791 1651 849 Tuber-naculum
1674 788 1810 841 enim

288 907 485 974 factum
503 908 575 953 est
597 898 838 967 primum,
859 896 909 948 in
932 909 1031 963 quo
1052 902 1193 945 erant
1216 888 1361 941 cand:
1379 886 1521 938 labra
1544 892 1589 937 ct
1615 870 1809 945 mensa,

288 971 335 1047 et
378 990 656 1062 propositio
699 1003 890 1057 panum
915 1027 930 1051 ,
974 999 1087 1055 qute
1127 981 1313 1034 dicitur
1351 987 1547 1033 sancta.
1591 976 1643 1029 5.
1684 971 1813 1026 Post

290 1086 628 1138 velatnentum
668 1089 836 1133 autem
873 1076 1151 1131 secundum
1175 1115 1189 1137 ,
1228 1069 1607 1125 tabernaculum
1630 1108 1645 1131 ,
1676 1064 1812 1136 quod

294 1180 482 1231 dicitur
506 1185 682 1230 sancta
707 1182 1018 1234 sanctorum,
1052 1170 1106 1223 4.
1132 1181 1344 1220 aureum
1369 1162 1557 1216 habens
1582 1160 1815 1214 thuribu-

293 1272 421 1334 lum,
446 1278 492 1320 et
517 1281 692 1319 arcam
714 1262 998 1319 testamenti
1020 1261 1397 1313 circumtectam
1422 1256 1560 1308 omni
1588 1270 1650 1307 ea:
1670 1265 1817 1321 parte

306 1361 436 1414 duro
460 1359 553 1413 :in
587 1374 687 1426 qua
728 1372 858 1409 urna
887 1371 1043 1408 aurea
1083 1355 1268 1409 habens
1316 1371 1514 1407 manna
1543 1393 1559 1419 ,
1606 1361 1652 1405 et
1693 1352 1838 1420 uirga

307 1452 482 1505 Aaron
515 1465 629 1515 quae
656 1448 953 1520 fronduerat
972 1489 985 1512 ,
1022 1456 1066 1500 et
1091 1446 1274 1500 tabula:
1302 1446 1583 1500 testamenti
1614 1485 1629 1510 ,
1662 1444 1715 1498 5.
1745 1457 1835 1496 su-

310 1560 497 1613 perque
524 1556 633 1594 eam
663 1539 929 1595 Cherubint
960 1541 1137 1610 glorite
1167 1540 1516 1594 obuntbrautia
1568 1536 1833 1609 prapitia-

308 1634 495 1685 torium
522 1647 540 1685 :
568 1630 631 1685 de
656 1630 835 1700 quibus
862 1647 963 1684 non
1004 1639 1077 1686 est
1118 1631 1267 1684 modo
1296 1631 1566 1684 dicendum
1596 1648 1686 1702 per
1726 1633 1836 1686 sin-

306 1726 451 1795 gula.

310 1818 360 1869 Ι.
392 1815 641 1871 Ostendit
669 1832 732 1870 ex
763 1815 1062 1883 sacerdote,
1094 1832 1159 1871 ex
1184 1815 1510 1883 sacerdotio,
1542 1832 1609 1872 ex
1642 1816 1829 1870 Τυειςι-

240 1916 455 1971 mcnto,
510 1906 653 1975 quod
704 1905 831 1961 illud
882 1909 1040 1961 linem
1092 1908 1159 1961 sit
1211 1907 1520 1961 habiturum
1556 1925 1568 1961 :
1600 1906 1839 1961 osti-mfit

234 1995 451 2053 demum
482 2013 547 2053 ex
573 1996 739 2068 ﬁgura
769 1998 936 2068 ipsius
968 1996 1319 2051 tabernaculi.
1345 1993 1671 2062 Quomodo?
1691 1994 1829 2048 San-

233 2097 316 2142 cta
347 2089 558 2156 dicens,
581 2098 635 2145 et
652 2099 836 2144 sancta
864 2100 1171 2144 sanctorum
1192 2128 1204 2141 .
1305 2089 1479 2158 Atque
1504 2087 1699 2142 Saneta
1716 2088 1832 2157 qui~

236 2180 357 2235 dem
397 2190 527 2236 sunt
576 2183 822 2255 symbola
861 2194 915 2238 et
960 2184 1108 2253 signa
1158 2183 1352 2252 prioris
1399 2180 1693 2251 temporis;
1725 2180 1835 2235 illic

234 2272 377 2325 enim
408 2272 542 2326 litint
565 2275 742 2327 omnia
770 2290 863 2343 per
882 2274 1145 2327 sacrificia
1170 2292 1182 2326 :
1208 2282 1390 2327 sancta
1410 2282 1588 2327 autem
1618 2282 1833 2327 sancto-

233 2379 349 2417 rum
378 2405 392 2428 ,
444 2364 602 2433 hujus
654 2380 795 2419 nunc
835 2366 1121 2435 praesentis
1160 2366 1440 2435 temporis.
1489 2365 1624 2419 Dicit
1652 2373 1831 2419 autem

232 2466 420 2512 sancta
453 2467 759 2513 sanctorum
789 2460 979 2523 malum
1004 2500 1021 2522 ,
1054 2470 1108 2514 et
1139 2461 1315 2515 velum
1344 2459 1461 2514 επιεΙὶ
1484 2502 1499 2527 ,
1528 2468 1582 2514 ει
1611 2473 1832 2513 carnem

233 2563 351 2617 qure
396 2550 695 2619 ingreditur
725 2551 775 2604 in
814 2552 1067 2606 interiora
1095 2551 1237 2617 veli,
1284 2551 1385 2606 hoc
1414 2561 1497 2607 est
1524 2566 1623 2622 per
1654 2550 1830 2605 velum

232 2644 415 2695 carnis
445 2643 579 2713 cjus.
612 2643 651 2697 E
682 2660 739 2699 re
781 2643 941 2699 fuerit
979 2653 1157 2699 autem
1192 2655 1247 2699 ut
1276 2644 1417 2700 hunc
1459 2646 1634 2700 locum
1667 2644 1831 2699 altius

234 2746 563 2802 repetamus.
592 2734 729 2803 Quid
764 2752 890 2806 ergo
926 2737 1099 2791 dicit?
1134 2736 1325 2791 Habuit
1354 2739 1557 2809 quidem
1584 2748 1631 2793 et
1661 2738 1824 2808 prius.

228 2823 365 2891 Quid
414 2826 607 2894 prius?
656 2826 1083 2883 Testamentum.
1132 2827 1542 2898 Justiﬁcationes
1584 2832 1826 2883 culturae.

226 2916 364 2982 Quid
395 2926 514 2981 est,
546 2916 949 2986 Justiﬁcationes
968 2906 1278 2991 P'Symbola
1300 2963 1313 2987 ,
1349 2930 1441 2975 aut
1472 2921 1608 2977 ritus
1644 2940 1657 2977 :
1687 2936 1751 2977 ac
1782 2921 1828 2977 si

224 3007 456 3073 diceret,
484 3017 611 3063 tunc
636 3008 843 3073 habuit,
867 3025 1012 3065 nunc
1036 3028 1140 3065 non
1165 3011 1345 3067 habet.
1371 3011 1620 3067 Ostendit
1650 3013 1825 3083 ipsum

216 3098 329 3167 jam
362 3100 487 3155 huic
515 3102 743 3157 cessisse
766 3121 777 3155 :
800 3102 949 3158 Tunc
976 3104 1143 3169 enim,
1178 3106 1368 3175 inquit,
1403 3105 1608 3161 habuit.
1644 3106 1825 3175 Quare

224 3206 387 3256 nunc,
418 3192 580 3246 etiam
626 3193 671 3249 si
716 3202 856 3261 stet,
894 3211 1000 3251 non
1032 3205 1135 3250 est.
1172 3195 1238 3250 Et
1277 3206 1512 3251 sanctum
1554 3199 1820 3251 saeculare.

219 3279 497 3339 Saeculare
527 3299 620 3339 seu
650 3286 979 3342 mundanum
1008 3287 1160 3354 dicit,
1194 3288 1448 3357 quoniam
1476 3289 1826 3358 permitteba-

222 3382 311 3427 tur
339 3374 595 3448 omnibus
623 3376 849 3447 ingredi,
881 3388 934 3434 et
964 3378 1286 3435 manifestus
1316 3390 1432 3435 erat
1463 3380 1614 3435 locus
1642 3382 1693 3436 in
1723 3396 1821 3438 ea-

218 3464 345 3522 dem
375 3467 537 3524 domo
558 3512 574 3537 ,
605 3470 694 3525 ubi
723 3472 938 3527 stabant
968 3472 1300 3542 sacerdotes,
1334 3474 1424 3529 ubi
1452 3473 1643 3541 Judaei,
1678 3490 1814 3545 pro-

216 3560 376 3631 selyti
396 3602 411 3628 ,
441 3562 646 3629 Graeci,
676 3564 933 3621 Nazaraai.
964 3567 1230 3634 Quoniam
1266 3582 1395 3638 ergo
1427 3567 1493 3622 ad
1524 3568 1575 3623 id
1605 3570 1821 3640 patebat

218 3650 396 3707 aditus
426 3655 587 3710 etiam
617 3658 898 3727 gentibus,
932 3659 1105 3728 ipsum
1138 3672 1294 3715 vocat
1330 3660 1660 3717 mundanum
1687 3680 1701 3719 ε
1724 3662 1819 3718 Ju-

215 3742 317 3799 dzei
369 3746 513 3800 enim
563 3763 671 3803 non
716 3760 871 3805 erant
911 3752 1162 3806 mundus.
1206 3751 1614 3808 Tabernaculum
1657 3756 1814 3823 enim,

212 3838 410 3906 inquit,
444 3842 637 3909 factum
658 3850 729 3895 est
754 3843 997 3911 primum,
1025 3843 1160 3915 quod
1186 3845 1375 3898 dicitur
1400 3856 1577 3899 sancta
1598 3863 1616 3901 :
1638 3848 1690 3901 in
1713 3863 1813 3919 quo

211 3937 359 3981 erant
385 3930 694 3984 candelabra
734 3942 782 3985 et
812 3950 983 3987 mensa
1002 3975 1018 4001 ,
1049 3944 1095 3988 et
1125 3938 1407 4007 propositio
1436 3954 1649 4007 panum.
1687 3938 1815 3994 Huic

210 4029 336 4071 sunt
382 4022 565 4076 mundi
603 4024 870 4094 symbola.
902 4024 1028 4080 Post
1057 4026 1392 4080 velamentum
1420 4039 1589 4082 autem
1615 4046 1814 4084 secun-

208 4110 352 4163 dum.
388 4111 503 4166 Non
536 4124 653 4169 erat
694 4131 823 4187 ergo
858 4133 1022 4171 unum
1061 4117 1284 4185 velum,
1314 4118 1408 4173 sed
1458 4120 1619 4175 etiam
1659 4130 1811 4175 extra

207 4210 323 4253 erat
356 4202 504 4257 aliud
535 4205 709 4259 velum
731 4248 745 4271 ,
777 4222 969 4277 nempe
1008 4206 1418 4262 Tabernaculum
1455 4211 1591 4280 quod
1622 4210 1810 4264 dicitur

205 4304 387 4349 sancta
417 4308 729 4353 sanctorum.
763 4299 899 4356 Vide
927 4301 1197 4371 quomodo
1230 4302 1425 4372 ubique
1455 4312 1609 4358 vocet
1635 4304 1812 4359 taber-

206 4391 461 4443 naculum
488 4431 503 4457 ,
535 4407 601 4446 ex
627 4407 692 4448 eo
716 4393 858 4462 quod
890 4393 999 4449 illic
1024 4394 1248 4464 degatur
1274 4403 1333 4448 ut
1357 4395 1411 4450 in
1439 4388 1807 4451 tabernaculo.

204 4477 433 4531 Aureum
451 4480 641 4536 habens
661 4481 997 4550 thuribulum,
1020 4484 1210 4555 inquit,
1235 4492 1280 4538 et
1300 4500 1475 4538 arcam
1502 4487 1807 4553 testamenti,

209 4569 598 4622 circumtectam
636 4570 775 4624 omni
804 4586 865 4624 ea:
910 4579 1055 4640 parte
1089 4588 1216 4626 auro
1244 4588 1264 4627 :
1288 4574 1343 4627 in
1370 4591 1472 4645 qua
1502 4593 1631 4632 urna
1656 4598 1821 4639 aurea

209 4660 404 4715 habens
426 4677 637 4729 manna,
662 4672 709 4715 et
726 4663 865 4734 virga
887 4663 1059 4718 Aaron
1085 4681 1199 4735 quia
1218 4668 1537 4737 (maduerat,
1563 4680 1609 4725 et
1631 4670 1817 4730 tabulas

210 4755 522 4808 testamenti.
572 4754 697 4810 Haec
736 4757 916 4812 omnia
959 4767 1114 4812 erant
1162 4761 1442 4831 magnifica
1475 4775 1527 4819 et
1557 4769 1814 4834 praaclara

210 4846 410 4917 ingrati
438 4846 749 4903 Judazorum
776 4850 940 4904 animi
967 4853 1318 4909 monimenta.
1346 4854 1413 4909 Et
1445 4856 1631 4914 tabulte
1662 4870 1813 4916 testa-

209 4938 389 4992 menti.
437 4938 543 4993 Eas
582 4940 724 4993 enim
755 4940 966 5013 Moyses
995 4942 1255 5015 confregit
1288 4962 1300 4999 :
1336 4956 1390 5002 et
1420 4964 1612 5005 manna
1645 4970 1657 5004 :
1689 4970 1812 5009 nam

208 5039 654 5084 murmurarant:
682 5040 735 5086 et
764 5043 1048 5102 pr0pterea
1078 5038 1395 5093 memoriam
1441 5044 1814 5102 transmittens

206 5121 278 5213 ad
306 5132 581 5192 posteros,
606 5122 769 5194 jussit
786 5141 902 5180 eam
926 5130 1117 5197 reponi
1141 5130 1194 5184 in
1218 5146 1350 5187 urna
1372 5148 1556 5191 aurea.
1577 5136 1646 5191 Et
1669 5141 1810 5213 uirga

206 5212 387 5267 Aaron
414 5230 529 5283 qua:
560 5216 880 5282 fronduerat.
910 5219 1324 5278 Insurrexerunt
1348 5229 1513 5283 enim.
1545 5227 1676 5297 Quia
1707 5234 1808 5305 igi-

210 5315 297 5357 tur
326 5305 521 5374 ingrati
550 5316 705 5362 erant
732 5308 923 5374 Judaei,
956 5320 1011 5368 et
1036 5311 1393 5381 frequentium
1424 5318 1809 5382 beneficiorum

208 5411 318 5450 non
365 5398 831 5455 recordabantur:
861 5401 983 5456 ideo
1021 5403 1175 5472 jussu
1218 5406 1542 5477 legislatoris
1578 5412 1631 5467 in
1677 5432 1811 5475 urna

207 5503 374 5544 aurea
419 5489 537 5543 hanc
580 5502 910 5559 posuerunt,
954 5504 1007 5549 et
1043 5495 1121 5552 sic
1157 5512 1344 5553 eorum
1385 5508 1696 5563 memoriam
1743 5510 1811 5568 ad

208 5592 460 5650 posteros
488 5582 768 5639 miserunt.
796 5585 970 5657 Super
991 5605 1102 5643 eam
1123 5600 1290 5646 autem
1309 5594 1579 5651 Cherubin:
1606 5604 1807 5672 gloritr,

207 5675 566 5729 obuntbrantia
596 5680 1028 5749 propitiatorium.
1054 5684 1190 5751 Quid
1222 5696 1305 5744 est
1329 5701 1509 5747 autem
1538 5694 1813 5755 Cherubim

208 5770 427 5838 gloritc?
459 5770 517 5825 Id
550 5782 669 5840 est,
700 5773 969 5843 gloriosa;
1007 5786 1101 5833 aut
1132 5796 1250 5850 quae
1278 5828 1288 5848 ,
1326 5785 1494 5855 inquit
1523 5832 1536 5853 ,
1570 5792 1668 5847 sub
1700 5796 1810 5851 Deo

206 5861 534 5919 obumbrant
579 5866 1024 5934 propitiatorium.
1066 5870 1231 5927 Recte
1256 5886 1431 5934 autem
1453 5878 1566 5938 licet
1595 5900 1807 5957 quoque

564 5965 836 6029 Parum.
886 5968 1003 6029 (in.
1056 5967 1278 6029 LXIII.

1930 675 2428 739 verbiscxtollit,ut
2448 672 2647 742 majora
2692 685 2815 725 esse
2853 669 3105 725 ostendat
3149 683 3211 724 ea
3243 686 3363 741 qua:
3410 684 3533 728 sunt

1931 781 2134 841 postea.
2166 768 2247 822 De
2290 767 2470 837 quibus
2518 782 2620 817 non
2670 773 2764 830 rst,
2816 761 3005 832 inquit,
3064 762 3213 815 modo
3264 763 3533 819 dicendum

1928 878 2018 932 per
2062 861 2286 931 singula.
2334 858 2430 911 llic
2467 857 2627 910 tacite
2680 855 2856 909 innuit
2910 868 3013 905 non
3052 861 3257 905 tantum
3308 869 3370 909 ea
3415 873 3535 925 qua:

1930 954 2267 1017 videbantur,
2293 950 2385 1006 scd
2434 951 2596 1005 etiam
2653 948 2897 1019 qua-dam
2929 946 3221 1015 aenigmata
3251 945 3431 1004 fuisse.
3464 950 3539 1006 De

1926 1048 2106 1120 quibus
2178 1062 2280 1099 non
2334 1054 2405 1098 est
2435 1085 2449 1108 ,
2500 1042 2694 1111 inquit,
2751 1055 2887 1093 nunc
2925 1038 3195 1092 dicendum
3237 1040 3535 1112 sigillatim;

1927 1142 2155 1196 fortasse
2179 1139 2300 1208 quia
2331 1136 2535 1205 prolixa
2558 1149 2694 1203 Opus
2742 1131 2943 1186 habent
3000 1134 3265 1190 oratione.
3325 1133 3378 1189 6.
3436 1134 3535 1188 liis

1926 1252 2042 1289 vero
2101 1234 2175 1287 ita
2210 1228 2532 1301 compositis,
2572 1228 2625 1281 in
2682 1227 2826 1297 prius
2886 1227 3092 1297 quidem
3151 1228 3533 1282 tabernaculum

1927 1341 2124 1395 semper
2162 1322 2440 1378 introibant
2474 1318 2791 1383 sacerdotes,
2824 1319 3201 1388 sacriﬁciorum
3223 1321 3385 1391 ofﬁcia
3404 1338 3531 1375 con-

1925 1428 2249 1475 summantes.
2285 1415 2398 1469 Iloc
2423 1422 2525 1478 est,
2575 1421 2730 1467 erant
2783 1412 2898 1466 hanc
2944 1410 3183 1481 quidem,
3244 1412 3324 1467 his
3356 1424 3533 1468 autcm

1928 1528 2036 1569 non
2091 1509 2405 1565 fruirbantur
2462 1504 2666 1567 Judzni;
2732 1518 2907 1573 neque
2966 1505 3111 1557 enim
3167 1520 3231 1560 ea
3263 1504 3533 1559 videbant.

1927 1604 2288 1674 Quamobrem
2330 1617 2435 1655 non
2500 1599 2666 1669 magis
2713 1607 2869 1652 erant
2932 1598 3076 1664 illis,
3128 1614 3289 1668 quam
3344 1600 3538 1669 quibus

1928 1696 2429 1772 pra‘ﬁgurabantur.
2493 1693 2545 1745 7.
2598 1690 2662 1744 In
2724 1690 3004 1744 secundum
3052 1700 3223 1743 autem
3278 1692 3432 1745 semel
3482 1693 3535 1745 in

1929 1807 2064 1846 anno
2115 1789 2254 1843 solus
2289 1786 2551 1857 pontifex,
2611 1800 2712 1836 non
2752 1783 2860 1836 sine
2916 1784 3182 1854 sanguine,
3215 1800 3361 1854 quem
3389 1783 3538 1851 o/fert

1932 1899 2026 1955 pro
2050 1899 2103 1937 se
2127 1890 2171 1935 ct
2198 1878 2373 1951 p0puli
2399 1868 2723 1948 ignorantiis.
2755 1871 2915 1928 Vides
2940 1873 3050 1943 jam
3084 1884 3241 1945 typos
3264 1884 3536 1942 tamquam

1922 1983 2328 2038 fundamentum
2361 1981 2511 2052 prius
2540 1977 2753 2049 jactos?
2784 1976 2917 2031 Nam
2966 1990 3032 2030 ne
3062 1974 3308 2029 dicerent
3340 1991 3352 2025 ε
3385 1972 3531 2052 Quo-

1920 2077 2083 2133 modo
2112 2091 2276 2129 unum
2307 2074 2655 2138 sacrificium,
2690 2080 2744 2126 et
2774 2068 3053 2141 quomodo
3084 2065 3325 2135 pontifex
3355 2050 3530 2119 semel

1920 2169 2227 2226 offerebat?
2255 2167 2495 2223 ostendit
2522 2165 2575 2220 id
2610 2165 2779 2220 fuisse
2812 2162 2997 2217 multis
3028 2170 3156 2216 ante
3182 2160 3417 2226 smculis,
3454 2159 3531 2214 sio

1919 2265 2137 2337 quidem
2160 2263 2302 2334 quod
2324 2271 2441 2317 crat
2460 2261 2701 2316 sanctius
2719 2268 2773 2313 et
2796 2254 3179 2319 reverentlum,
3198 2262 3317 2308 erat
3338 2267 3528 2307 unum.

1924 2362 1998 2416 Ex
2024 2359 2243 2429 antiquo
2267 2372 2415 2412 more
2455 2353 2711 2410 sacerdos
2756 2350 2927 2407 semel
2958 2348 3238 2404 offerebat.
3275 2348 3345 2402 Et
3375 2356 3526 2402 recte

1919 2453 2060 2508 dixit
2084 2470 2096 2504 :
2132 2451 2250 2504 Non
2280 2450 2390 2503 sine
2420 2446 2668 2517 sanguine
2690 2460 2709 2498 :
2734 2458 2840 2497 non
2861 2442 2978 2496 sine
2997 2440 3259 2511 sanguine
3286 2440 3528 2508 quidem.

1921 2561 2029 2602 non
2059 2554 2237 2601 tamen
2265 2542 2367 2596 hoc
2392 2539 2686 2610 sanguine;
2719 2550 2824 2590 non
2842 2542 2959 2589 erat
2985 2534 3130 2590 enim
3162 2541 3365 2586 tantum
3387 2529 3531 2600 quod

1926 2640 2185 2711 agebatur
2217 2636 2515 2707 negotium.
2558 2629 2807 2688 Ostendit
2836 2637 3016 2684 autem
3047 2626 3286 2682 futurum
3320 2623 3530 2678 sacriﬁ-

1921 2736 2062 2790 cium
2086 2774 2100 2799 ,
2136 2729 2281 2801 quod
2324 2743 2431 2784 non
2478 2727 2602 2796 igne
2646 2730 3040 2786 consumatur,
3081 2718 3177 2775 scd
3208 2733 3237 2771 a
3270 2715 3532 2786 sanguine

1923 2826 2094 2897 magis
2122 2821 2458 2880 ostendatur.
2502 2816 2637 2872 Nam
2670 2814 2928 2886 quoniam
2962 2810 3289 2868 sacrificium
3321 2807 3533 2863 vocavit

1919 2934 2156 2983 crucem,
2186 2932 2305 2988 quae
2331 2929 2433 2970 nec
2456 2911 2621 2968 habet
2642 2910 2846 2981 ignem,
2873 2922 2973 2963 nec
2994 2906 3158 2975 ligna,
3186 2916 3360 2972 neque
3386 2915 3531 2969 srcpe

1922 3015 2147 3071 offertur
2174 3054 2188 3077 ,
2232 3008 2329 3065 scd
2361 3006 2532 3063 semel
2561 3005 2742 3059 oblata
2771 3012 2857 3058 est
2882 3002 2935 3055 in
2967 2998 3229 3070 sanguine
3256 3016 3267 3051 :
3293 2994 3533 3050 ostendit

1918 3107 2060 3179 quod
2092 3113 2246 3159 vetus
2276 3114 2491 3172 quoque
2520 3094 2845 3155 sacriﬁcium
2878 3102 3026 3148 esset
3057 3087 3364 3161 hujusmodi
3394 3107 3407 3142 :
3432 3101 3524 3141 se-

1918 3199 2023 3255 mcl
2051 3194 2377 3252 offerebatur
2403 3192 2457 3245 in
2488 3188 2767 3259 sanguine.
2803 3186 2964 3253 Quem
2990 3181 3138 3250 o/fert
3168 3197 3259 3252 pro
3284 3197 3337 3235 se
3360 3190 3406 3233 et
3432 3195 3530 3249 po-

1920 3292 2027 3361 puli
2055 3287 2384 3360 ignorantiis.
2416 3282 2549 3337 Vide
2577 3300 2589 3335 :
2614 3294 2724 3334 non
2746 3278 2903 3343 dixit,
2928 3275 3193 3341 Pcecatis,
3221 3272 3339 3337 sed,
3367 3270 3529 3343 Igno-

1913 3382 2099 3438 rantiis
2119 3422 2133 3446 ,
2178 3394 2247 3434 ne
2275 3378 2443 3431 altum
2488 3380 2762 3443 saperent.
2794 3368 2926 3424 Nam
2960 3366 3170 3423 etiamsi
3202 3381 3306 3419 non
3338 3364 3529 3418 lubens

1918 3473 2191 3549 peccasti;
2217 3470 2310 3526 sed
2336 3478 2514 3523 tamen
2539 3465 2743 3521 invitus
2767 3460 3047 3533 ignorasti,
3073 3468 3129 3515 et
3149 3458 3217 3513 ab
3243 3457 3346 3512 hoc
3368 3471 3529 3512 nemo

1916 3548 2000 3625 est
2028 3579 2214 3638 purus.
2250 3563 2316 3617 Et
2348 3560 2545 3629 ubique
2578 3554 2710 3611 illud
2738 3597 2752 3621 ,
2784 3552 2892 3607 Pro
2920 3569 2993 3618 se,
3027 3551 3201 3621 ponit,
3232 3548 3529 3603 ostendens

1915 3659 2062 3733 quod
2090 3657 2339 3714 Christus
2382 3654 2541 3722 longe
2582 3656 2667 3704 est
2697 3646 2890 3702 melior
2932 3654 2986 3700 et
3025 3642 3367 3714 prmstantior
3398 3655 3531 3708 pon-

1920 3754 2073 3819 tifex,
2108 3764 2269 3822 quam
2298 3745 2389 3817 qui
2418 3754 2536 3799 erat
2567 3740 2708 3811 apud
2736 3738 2976 3795 Judwos.
3006 3736 3063 3792 Si
3091 3736 3235 3790 enim
3266 3750 3293 3786 a
3328 3733 3530 3787 nostris

1918 3844 2151 3919 peccatis
2182 3840 2690 3907 l'uissctseparatus,
2710 3828 2984 3902 quomodo
3012 3843 3111 3899 pro
3132 3842 3192 3882 se
3209 3824 3530 3881 obtulisset?

1919 3941 2027 3997 Cur
2057 3951 2209 4006 ergo,
2241 3932 2436 4002 inquit,
2466 3929 2581 3984 lucc
2609 3924 2832 3981 dixisti?
2858 3923 2970 3977 lloc
2993 3921 3136 3977 enim
3160 3931 3244 3976 est
3265 3920 3527 3975 melioris.

1918 4034 2193 4105 Nusquam
2224 4040 2307 4085 cst
2336 4028 2426 4082 hic
2454 4020 2881 4094 contemplatio:
2903 4019 3163 4088 deinceps
3187 4028 3367 4072 autem
3394 4031 3529 4071 con-

1918 4129 2213 4197 templatur
2239 4132 2296 4178 et
2319 4120 2453 4176 dicit
2477 4136 2489 4172 ε
2515 4120 2568 4173 8.
2605 4114 2720 4171 Hoc
2747 4114 3076 4185 signiﬁcante
3099 4110 3305 4182 Spiritu
3327 4119 3527 4175 sancto,

1918 4219 2147 4274 nondum
2168 4213 2494 4286 prapalatam
2519 4224 2627 4264 esse
2655 4216 2953 4261 sanctorum
2978 4205 3135 4271 viam,
3165 4203 3335 4257 adhuc
3357 4203 3532 4273 priore

1915 4307 2242 4367 tabernaculo
2270 4304 2481 4360 habente
2504 4310 2715 4357 stutum.
2744 4299 3061 4369 Propterea,
3087 4296 3280 4367 inquit,
3314 4298 3428 4351 huic
3458 4297 3529 4351 ita

1915 4413 2043 4463 sunt
2072 4408 2381 4459 constructa
2406 4415 2419 4463 ;
2453 4406 2513 4452 ut
2543 4396 2879 4451 disceremus
2904 4392 3048 4463 quod
3076 4392 3145 4447 ad
3178 4400 3367 4447 sancta
3397 4406 3529 4445 sau-

1914 4507 2126 4553 ctorum
2147 4535 2163 4560 ,
2197 4493 2301 4547 hoc
2331 4499 2415 4546 cst
2435 4533 2449 4557 ,
2480 4488 2548 4543 ad
2576 4487 2769 4542 caelum
2797 4529 2812 4553 ,
2844 4484 3084 4540 nondum
3119 4493 3299 4554 pateat
3325 4484 3523 4539 aditus.

1914 4587 1993 4643 Nc
2017 4600 2168 4657 ergo,
2195 4582 2389 4651 inquit,
2420 4579 2679 4651 quoniam
2709 4578 2881 4647 ipsum
2912 4591 3016 4630 non
3041 4575 3400 4646 ingredimur,
3427 4591 3528 4630 nec

1915 4695 2035 4737 esse
2051 4677 2268 4747 quidem
2287 4673 2680 4739 existimemus,
2701 4669 2953 4739 quoniam
2975 4682 3075 4724 nec
3092 4678 3277 4723 sancta
3296 4669 3526 4738 ingressi

1913 4777 2118 4818 sumus.
2149 4761 2205 4816 9.
2237 4760 2364 4826 Qua!
2394 4759 2639 4829 parabola
2660 4768 2757 4826 est,
2777 4758 2966 4828 inquit,
2993 4767 3235 4826 temporis
3262 4762 3521 4811 instantis.

1981 4855 2037 4909 Ξ.
2070 4853 2355 4923 Quodnam
2376 4862 2535 4909 vocat
2586 4862 2799 4922 tempus
2827 4851 3071 4906 instans?
3100 4848 3254 4918 Quod
3271 4859 3355 4905 est
3396 4860 3523 4904 ante

1910 4948 2201 5003 adventum
2225 4944 2459 5001 Christi:
2493 4958 2616 4999 nam
2641 4954 2762 5014 post
2779 4940 2978 4998 Christi
3008 4940 3297 4997 adventum
3320 4957 3425 4996 non
3442 4951 3526 4994 est

1912 5041 2144 5112 amplius
2179 5049 2393 5109 tempus
2428 5039 2673 5095 instans:
2715 5036 2990 5108 quomodo
3022 5036 3167 5091 enim
3197 5046 3364 5101 esset,
3398 5048 3521 5087 cum

1912 5136 2193 5201 advenerit
2220 5147 2274 5189 et
2301 5134 2458 5189 iidem
2490 5131 2723 5188 habeat?
2780 5130 2938 5185 Aliud
2993 5144 3211 5201 quoque
3253 5129 3522 5194 indicans,

1915 5230 2017 5286 hoc
2040 5229 2187 5295 dicit,
2218 5227 2345 5295 Qua:
2361 5228 2608 5298 parabola
2640 5235 2712 5280 est
2735 5224 2977 5295 temporis
2992 5223 3267 5288 instantis;
3299 5222 3402 5276 hoc
3417 5230 3523 5286 est,

1914 5321 2089 5377 factus
2118 5329 2203 5374 est
2235 5330 2412 5390 typus.
2444 5317 2608 5371 Juxta
2635 5333 2787 5387 quam
2810 5330 3023 5369 munera
3041 5324 3087 5367 et
3110 5314 3289 5368 hostia:
3301 5311 3524 5379 offerun-

1917 5425 2018 5483 tur,
2037 5431 2150 5485 qua:
2164 5432 2263 5467 non
2288 5422 2497 5484 possunt
2518 5413 2661 5481 juxta
2680 5408 3041 5463 conscientiam
3062 5408 3351 5477 perfectum;
3359 5410 3526 5478 facere

1916 5510 2231 5565 servientem.
2261 5507 2450 5562 Vidisti
2478 5521 2639 5576 quam
2668 5506 2813 5560 clare
2839 5503 2963 5558 hinc
2990 5502 3240 5557 ostendat
3266 5501 3391 5571 quid
3423 5500 3525 5555 sibi

1918 5604 2089 5659 velint
2132 5602 2249 5656 haec
2277 5601 2464 5666 verba,
2498 5598 2650 5654 Nihil
2684 5599 2753 5651 ad
2784 5600 3067 5668 perfectum
3098 5596 3313 5649 adduxit
3338 5594 3438 5659 lex,
3472 5603 3527 5649 ct

1918 5694 2072 5758 illud,
2119 5694 2180 5750 St
2225 5694 2446 5764 primum
2492 5701 2851 5747 testamentum
2884 5700 2991 5742 erat
3040 5686 3526 5759 irreprehensibile?

1916 5788 2198 5858 Quomodo
2216 5790 2239 5840 ’ἰ
2290 5787 2454 5841 Juxta
2497 5785 2881 5840 conscientiam.
2936 5780 3067 5836 Nam
3112 5780 3377 5836 sacriﬁcia
3417 5796 3521 5831 non

1918 5883 2242 5939 amovehant
2293 5882 2484 5935 sordes
2526 5879 2593 5934 ab
2621 5878 2823 5944 anima,
2870 5876 2963 5931 sed
2996 5876 3171 5931 adhuc
3198 5880 3351 5928 erant
3380 5872 3521 5928 circa

3178 5965 3219 6032 8
