4122 6338
548 382 647 441 159

535 526 763 579 corpus:
792 507 1086 564 Secundum
1126 506 1283 575 legem
1312 501 1465 561 enim,
1497 496 1691 567 inquit,
1728 493 1955 548 mandati
1999 508 2116 545 car-

536 606 667 659 nalis
690 603 877 665 (Hebr.
908 603 961 656 7.
996 580 1250 669 itii-Non
1284 600 1529 664 poterant
1560 591 1702 646 enim
1726 587 1995 641 dimittere
2019 583 2115 639 ad-

537 696 807 759 ulterium,
842 707 1020 765 neque
1060 689 1283 750 ca‘dem,
1316 699 1494 755 neque
1539 681 1901 750 sacrilegium.
1931 676 2117 739 Vides,

536 790 653 844 lloc
678 787 890 859 quidem
920 780 1191 844 comedas,
1226 776 1357 833 illud
1392 792 1495 829 non
1536 770 1822 828 comedas?
1847 782 1967 839 qute
1995 768 2119 838 qui-

538 882 659 935 dem
677 890 799 933 sunt
814 874 1195 931 indifferentia.
1214 867 1546 926 Solummodo
1564 866 1614 918 in
1632 863 1752 917 cibis
1774 870 1817 914 et
1840 862 1893 914 in
1918 859 2120 932 potibus

540 973 627 1027 10.
655 981 701 1024 ει
728 972 778 1023 in
802 968 949 1023 variis
975 962 1373 1034 baptismalibus.
1392 960 1521 1022 Hoc,
1540 956 1733 1026 inquit,
1756 955 1876 1009 bibe
1904 967 2120 1023 :quam-

536 1079 693 1135 quam
737 1063 806 1118 de
834 1071 956 1132 potu
981 1058 1107 1113 nihil
1139 1052 1661 1115 eratconstitutum;
1711 1048 1805 1103 scd
1848 1050 1963 1101 lucc
1983 1045 2113 1100 dicit

537 1155 897 1227 vilipendens.
924 1153 989 1207 Et
1017 1151 1167 1205 variis
1190 1145 1594 1219 baptismatibus,
1626 1152 1672 1197 et
1690 1140 1904 1213 justitiis
1928 1138 2117 1204 carnis,

541 1265 696 1319 usque
727 1246 795 1300 ad
833 1255 1026 1315 tempus
1053 1234 1377 1295 correctionis
1402 1234 1677 1305 impositis.
1705 1232 1832 1288 llaec
1863 1238 1947 1285 est
1973 1228 2118 1284 enim

538 1342 740 1414 iustitia
781 1338 980 1394 carnis.
1023 1336 1121 1390 llic
1150 1330 1409 1387 sacriﬁcia
1456 1328 1672 1397 dejicit,
1715 1324 2005 1380 ostendens
2058 1335 2122 1377 ea

544 1435 739 1491 nullam
772 1430 1030 1485 habuisse
1063 1428 1336 1491 virtutem,
1370 1431 1425 1475 et
1445 1421 1607 1473 fuisse
1630 1431 1799 1484 usque
1818 1414 1883 1470 ad
1914 1423 2123 1483 tempus

542 1522 912 1586 correctionis;
942 1520 1043 1574 hoc
1065 1528 1167 1584 est,
1191 1523 1532 1584 exspectasse
1550 1519 1758 1577 tempus
1773 1504 1915 1575 quod
1946 1504 2123 1565 omnia

542 1619 795 1688 corrigat.
828 1615 916 1669 ll.
948 1612 1180 1666 Christus
1207 1617 1375 1660 autem
1409 1603 1651 1657 assistens
1674 1599 1906 1670 pontifex
1927 1597 2127 1688 futuro-

545 1727 658 1765 rum
692 1685 969 1769 bonorum,
1001 1719 1089 1773 per
1126 1695 1347 1771 amplius
1374 1707 1419 1750 et
1447 1692 1716 1765 perfectius
1747 1685 2126 1743 tabernaculum

548 1820 647 1857 non
670 1798 1059 1866 .manufactum.
1088 1794 1319 1848 Carnem
1350 1788 1436 1842 hic
1464 1785 1615 1841 dicit.
1648 1784 1813 1837 [lecte
1835 1790 2012 1834 autem
2042 1776 2128 1831 ἀί·-

548 1894 624 1947 xit
667 1890 841 1959 majus
868 1897 921 1942 et
951 1884 1260 1956 perfectius,
1309 1877 1573 1949 siquidem
1615 1882 1669 1929 et
1698 1874 1837 1927 Deus
1871 1869 2101 1925 Verbum

562 1993 615 2037 et
642 1982 885 2034 universa
916 1975 1155 2045 operatio
1174 1972 1403 2042 Spiritus
1424 1972 1475 2023 in
1504 1983 1568 2022 eo
1591 1966 1826 2019 habitat:
1861 1962 1979 2016 Non
1996 1962 2128 2014 enim

546 2066 611 2117 ad
642 2078 927 2119 mensuram
959 2062 1045 2115 dat
1077 2061 1214 2115 Deus
1241 2058 1495 2131 spiritum.
1524 2057 1624 2110 Aut
1647 2054 1936 2125 perfectius
1967 2051 2118 2116 dicit,

547 2168 602 2209 ιιι
632 2158 760 2210 etin
794 2154 933 2225 quod
966 2170 1069 2207 non
1100 2152 1253 2207 cadat
1273 2148 1635 2219 reprehensio,
1676 2157 1729 2202 et
1756 2144 1896 2217 quod
1924 2147 2125 2213 majora

546 2258 687 2304 recte
716 2255 883 2319 gerat.
934 2243 998 2298 Id
1023 2254 1116 2309 est,
1173 2260 1272 2296 non
1301 2241 1454 2312 hujus
1502 2238 1791 2293 errationis.
1825 2237 1963 2293 Ecce
1988 2250 2125 2305 quo-

544 2340 703 2396 tnodu
732 2339 935 2410 rnajus:
970 2352 1075 2392 non
1127 2345 1270 2390 esset
1317 2333 1463 2388 enim
1502 2347 1567 2385 ex
1611 2331 1823 2399 Spiritu,
1870 2330 1916 2383 si
1966 2327 2127 2381 homo

549 2441 717 2503 ipsum
736 2431 1138 2488 construxisset.
1174 2425 1294 2481 Non
1318 2426 1471 2497 hujus
1488 2424 1770 2486 creationis,
1798 2420 1967 2491 inquit
1988 2436 2001 2482 ;
2024 2418 2127 2473 huc

552 2538 650 2593 νει,
677 2542 779 2580 non
802 2534 969 2581 estex
1000 2522 1082 2576 his
1129 2520 1287 2575 rebus
1320 2520 1532 2578 creatis,
1552 2515 1644 2569 sed
1670 2511 1962 2583 spiritualis
1978 2524 2127 2565 crea-

547 2620 706 2673 tionis
740 2635 751 2670 :
781 2632 847 2672 ex
891 2614 1090 2685 Spiritu
1134 2612 1277 2665 enim
1321 2616 1509 2665 sancto
1558 2614 1929 2661 constructum
1984 2609 2119 2656 erat.

548 2709 707 2764 Vides
734 2704 1001 2779 quomodo
1041 2713 1097 2758 et
1121 2700 1519 2757 tabernaculum
1554 2706 1609 2753 et
1654 2697 1828 2751 velum
1858 2702 1914 2748 et
1934 2693 2123 2748 caelum

547 2811 699 2857 Vocet
725 2799 965 2870 corpus?
1005 2797 1110 2853 Per
1149 2796 1316 2868 majus
1341 2803 1387 2848 et
1412 2792 1684 2865 perfectius
1711 2788 2126 2852 tabernaculum;

544 2891 756 2955 ileinde,
780 2891 883 2945 Per
905 2889 1094 2955 uelum,
1123 2887 1217 2942 hoc
1247 2894 1341 2948 est,
1376 2899 1581 2937 carnem
1611 2895 1795 2945 suam;
1825 2888 1880 2933 ct
1900 2891 2086 2932 rursus
2106 2918 2121 2941 ,

546 2985 613 3039 ln
642 2983 879 3038 interiora
897 2980 994 3036 veli
1021 2979 1205 3050 (Hebr.
1240 2977 1294 3033 6.
1329 2973 1458 3045 19);
1506 2983 1562 3030 et
1590 2986 1797 3037 rursus,
1827 2963 2127 3041 Ingredien-

549 3088 644 3130 tem
669 3076 721 3128 in
748 3084 921 3129 sancta
949 3079 1260 3135 sanctorum,
1298 3079 1357 3124 ut
1393 3071 1650 3136 appareat
1673 3062 1842 3135 vultui
1871 3061 1980 3116 Dei.
2015 3061 2126 3115 Cur

545 3182 675 3238 ergo
722 3165 823 3221 hoc
875 3163 1039 3220 facit?
1085 3160 1154 3218 Ut
1198 3173 1295 3215 nos
1319 3156 1513 3213 doceat
1542 3152 1836 3210 secundum
1882 3150 2029 3206 aliud
2070 3160 2129 3206 et

547 3258 691 3313 aliud
723 3255 1081 3327 significatum
1110 3248 1359 3307 eumdem
1387 3262 1509 3303 esse
1536 3259 1862 3301 sermonem.
1889 3241 2125 3313 Utputa,

547 3351 723 3405 velum
752 3348 943 3403 caelum
976 3353 1094 3401 est:
1135 3343 1276 3399 sicut
1303 3341 1444 3395 enim
1489 3338 1665 3392 velum
1697 3335 1859 3391 veluti
1890 3332 2125 3405 quodam

545 3454 699 3496 muro
727 3445 908 3494 sancta
934 3444 1167 3505 separat,
1190 3434 1267 3487 sic
1288 3444 1414 3485 caro
1431 3428 1660 3483 occultat
1682 3426 2011 3482 divinitatem
2027 3464 2043 3489 ,
2071 3431 2129 3480 et

548 3546 674 3587 caro
714 3530 838 3585 item
866 3538 947 3585 est
978 3525 1398 3586 tabernaculum,
1430 3520 1759 3576 divinitatem
1801 3517 2039 3583 habens;
2070 3523 2129 3572 et

549 3622 951 3679 tabernaculum
1001 3633 1187 3675 rursus
1232 3618 1451 3679 caelum;
1494 3612 1603 3667 illic
1653 3612 1795 3665 enim
1849 3621 1930 3666 est
1981 3610 2125 3666 intus

551 3715 806 3783 pontifex.
833 3710 1064 3768 Christus
1090 3719 1279 3775 autem,
1310 3706 1504 3777 inquit,
1534 3720 1647 3758 cum
1674 3702 1962 3758 accessisset
1991 3716 2123 3771 pon-

548 3809 685 3877 lifrx.
719 3804 832 3860 Non
858 3803 1010 3869 dixit,
1041 3802 1172 3857 Cum
1205 3799 1375 3855 factus
1399 3804 1563 3862 esset,
1590 3795 1704 3857 sed.
1727 3794 1851 3849 Cum
1880 3793 2125 3849 accessis-

545 3910 652 3962 set;
681 3900 782 3952 hoc
808 3907 909 3960 est,
938 3910 1059 3950 cum
1102 3892 1169 3947 ad
1213 3893 1314 3946 hoc
1345 3892 1519 3961 ipsum
1551 3889 1807 3953 venisset,
1838 3901 1943 3940 non
1968 3884 2125 3941 alteri

544 3992 923 4047 successisset:
959 4004 1064 4043 non
1096 3989 1240 4055 prius
1284 3986 1531 4047 accessit,
1565 3993 1618 4037 et
1650 3992 1774 4036 tunc
1797 3980 1968 4034 factus
2002 3987 2123 4046 est;

544 4082 638 4136 sed
683 4080 909 4136 simulac
956 4079 1119 4133 venit.
1160 4077 1227 4131 Et
1276 4090 1379 4128 n0n
1422 4073 1553 4128 di\it
1586 4091 1598 4126 :
1628 4071 1761 4126 Cum
1811 4071 2124 4127 accessisset

547 4172 779 4240 pontifex
818 4186 1001 4237 eorum
1030 4185 1145 4239 qua:
1193 4169 1588 4227 sacrilicantur,
1642 4164 1760 4227 sed,
1809 4162 2120 4217 Futurorum

545 4266 805 4328 bonorum,
849 4277 916 4318 eo
954 4261 1098 4331 quod
1138 4275 1242 4314 non
1276 4268 1456 4329 posset
1502 4257 1809 4312 universum
1857 4255 2123 4326 explicare

543 4354 733 4409 oratio.
768 4354 855 4407 19..
908 4352 1088 4426 Neque
1117 4368 1204 4423 per
1228 4351 1525 4421 sanguinem
1568 4350 1824 4403 hircorum
1862 4359 1951 4403 aut
1994 4349 2125 4403 uitu-

542 4448 725 4502 lorum.
756 4444 947 4501 Omnia
978 4452 1104 4497 sunt
1134 4444 1430 4496 immutata.
1457 4440 1563 4494 Sed
1595 4456 1683 4509 per
1713 4441 1977 4509 proprium
2003 4455 2125 4493 san-

541 4538 745 4608 guinem
774 4535 997 4589 introivit
1042 4533 1195 4588 semel
1231 4533 1284 4585 in
1331 4542 1529 4586 sancta.
1573 4530 1712 4585 Ecce
1760 4530 1885 4585 illud
1920 4529 2125 4585 vocavit

541 4627 752 4681 caelum.
780 4624 972 4692 Semel,
1010 4624 1200 4694 inquit,
1227 4623 1447 4677 introivit
1487 4624 1541 4675 in
1578 4631 1773 4685 sancta,
1822 4632 2011 4675 attenta
2037 4637 2120 4674 te-

543 4718 827 4790 demptione
868 4719 1085 4772 inventa.
1128 4715 1195 4772 Et
1232 4714 1382 4779 illud,
1422 4715 1655 4782 Inventa,
1684 4724 1766 4769 est
1808 4732 1873 4770 ex
1917 4717 1981 4769 iis
2001 4731 2122 4786 qua:

537 4818 662 4866 sunt
690 4810 843 4863 valde
877 4808 1059 4874 dubia,
1102 4816 1156 4863 et
1186 4816 1379 4877 praeter
1408 4807 1885 4877 exspectationem,
1920 4822 2112 4877 nempe

537 4902 808 4972 quomodo
858 4916 953 4970 per
982 4917 1142 4955 unum
1174 4900 1449 4955 introitum
1478 4909 1735 4955 arternam
1787 4898 1989 4954 invenit
2026 4915 2107 4953 re-

536 4994 919 5063 demptionem.
950 4993 1153 5049 Deinde
1198 4982 1439 5063 sequiiur
1489 4994 1541 5047 id
1580 4994 1719 5063 quod
1748 5002 1832 5047 est
1857 4994 2113 5050 credibile

536 5096 591 5142 et
632 5086 861 5142 aﬂ'erens
918 5086 1074 5141 ﬁdem
1119 5088 1247 5141 :15.
1291 5084 1351 5141 Si
1403 5088 1533 5141 enim
1594 5088 1805 5158 sanguis
1858 5088 2113 5141 hircorum

540 5188 583 5231 ct
606 5187 883 5235 taurorum.
903 5178 1091 5233 etcinis
1139 5179 1308 5233 vitula:
1338 5194 1574 5249 aspersus
1618 5181 1904 5248 inquinatos
1933 5181 2119 5233 sancti-

540 5270 657 5338 ﬁcat
686 5271 752 5322 ad
776 5271 1183 5324 emundationem
1221 5270 1426 5323 carnis:
1452 5270 1536 5324 Η.
1567 5280 1752 5339 quanto
1798 5272 1957 5343 magis
1995 5290 2116 5325 san-

539 5361 653 5431 guis
686 5360 890 5427 Christi,
947 5363 1032 5429 qui
1080 5378 1167 5431 per
1227 5361 1493 5433 Spiritum
1527 5372 1754 5415 sanctum
1798 5366 2118 5435 semetipsum

540 5456 720 5509 obtulit
777 5455 1156 5507 immaculatum
1205 5454 1312 5509 Deo
1342 5498 1356 5521 ,
1411 5456 1703 5509 emundabit
1758 5459 2114 5512 conscientiam

540 5555 763 5598 nostram
788 5546 849 5598 ab
863 5545 1094 5615 operibus
1116 5546 1325 5599 mortuis
1352 5546 1419 5599 ad
1437 5546 1754 5600 serviendum
1776 5547 1879 5601 Deo
1898 5550 2114 5604 viventi?

539 5636 595 5693 Si
619 5638 781 5703 enim,
811 5638 1001 5707 inquit,
1024 5652 1240 5692 carnem
1266 5648 1439 5708 potest
1465 5639 1723 5693 mundare
1750 5641 1967 5709 sanguis
1999 5649 2115 5694 tau-

544 5744 743 5790 rorum,
781 5730 945 5783 multo
978 5730 1146 5799 magis
1168 5730 1359 5784 sordes
1388 5732 1580 5785 anima:
1612 5730 1882 5801 absterget
1902 5735 2119 5802 sanguis

542 5820 758 5878 Christi.
787 5821 920 5879 Nam
966 5839 1032 5879 ne
1072 5839 1193 5879 cum
1224 5823 1477 5891 audieris,
1529 5825 1828 5894 Sancti/ica!
1870 5842 2117 5899 magnum

1262 383 1319 436 S.
1358 380 1635 437 JOANNIS
1672 379 2150 437 CIIHYSOSTUMI
2188 382 2502 439 ARCHIEP.
2541 384 3080 446 CONSTANTINUP.

3711 398 3813 451 ΩΟ

2232 498 2358 570 quid
2384 501 2678 565 existimes,
2712 500 2931 555 adnotat
2957 512 3009 556 ct
3034 499 3270 556 ostendit
3294 504 3419 571 quid
3454 506 3662 559 interslt
3685 510 3825 561 inter

2235 600 2513 663 utramque
2543 592 3049 659 sanctiﬁcatiuiicin,
3083 593 3435 663 etquomudo
3464 595 3578 651 hate
3602 598 3822 668 quidem

2232 695 2311 741 est
2340 684 2606 752 sublimis,
2640 686 2728 739 illa
2762 701 2890 740 vero
2919 684 3171 741 humilis:
3202 696 3255 743 et
3286 686 3417 742 dicit
3446 690 3640 744 merito
3669 690 3719 745 id
3751 692 3824 745 ita

2230 794 2371 845 esse,
2397 778 2662 848 siquidem
2686 778 2773 833 ille
2802 778 3020 848 quidem
3044 790 3124 833 est
3148 781 3366 850 sanguis
3391 790 3689 847 taurorum,
3732 782 3823 837 hic

2230 878 2407 925 autem
2436 868 2656 924 Christi.
2685 869 2796 923 Nec
2830 869 2927 923 fuit
2952 878 3239 925 contentus
3265 872 3506 937 nomine,
3534 873 3628 928 sed
3652 874 3820 929 etiam

2232 962 2445 1017 modum
2478 961 2633 1032 ponit
2667 962 2976 1017 oblationis.
3022 960 3123 1027 Qui
3158 980 3248 1031 per
3275 963 3530 1034 Spiritum
3560 977 3821 1034 sanctum,

2231 1054 2416 1124 inquit,
2436 1054 2760 1123 semetipsum
2787 1052 2968 1107 obtulit
3002 1052 3383 1109 immaculatum
3412 1056 3556 1112 Deo:
3582 1057 3686 1114 hoc
3709 1070 3817 1125 est,

2229 1144 2456 1198 hostiam
2487 1144 2906 1210 innnaculatam,
2937 1144 3192 1198 mundam
3218 1160 3246 1197 a
3279 1148 3533 1216 peccatis.
3561 1148 3695 1204 illud
3722 1166 3822 1205 au-

2229 1246 2357 1301 tem,
2391 1236 2495 1291 Per
2522 1235 2779 1308 Spiritum
2804 1246 3058 1301 sanctum,
3093 1237 3143 1291 id
3190 1248 3292 1302 εει,
3324 1254 3430 1292 non
3473 1256 3568 1309 per
3598 1242 3773 1312 ignem
3800 1287 3817 1310 ,

2228 1344 2332 1385 non
2372 1345 2466 1399 per
2494 1330 2667 1400 aliqua
2699 1330 2823 1383 alia.
2843 1328 3177 1397 Emundabit,
3217 1330 3425 1401 inquit,
3454 1336 3817 1391 conscientiam

2225 1430 2448 1475 nostram
2480 1421 2542 1474 ab
2570 1421 2805 1490 operibus
2838 1421 3068 1476 mortuis.
3103 1421 3270 1477 Recte
3299 1422 3453 1491 dixit,
3480 1425 3554 1478 Ab
3580 1427 3819 1497 aperibus

2225 1514 2455 1567 mortuis.
2478 1513 2531 1569 Si
2563 1514 2683 1581 quis
2709 1514 2852 1568 enim
2878 1524 3003 1568 tunc
3026 1515 3274 1585 tetigerat
3294 1527 3585 1583 mortuum,
3609 1519 3817 1589 polluc-

2224 1605 2412 1673 batnr;
2444 1616 2497 1661 et
2541 1605 2631 1661 hic
2657 1605 2704 1661 si
2730 1606 2853 1676 quis
2887 1606 3120 1677 tetigerit
3173 1621 3310 1676 opus
3353 1618 3649 1675 mortuum,
3687 1613 3810 1680 pol-

2225 1698 2387 1753 luitur
2414 1713 2513 1770 per
2545 1697 2955 1753 conscientiam.
3002 1698 3081 1751 Ad
3108 1698 3448 1767 serviendum,
3482 1700 3671 1772 inquit,
3698 1701 3812 1757 Deo

2223 1790 2404 1842 viventi
2442 1799 2488 1843 et
2516 1805 2650 1843 uero.
2678 1788 2777 1844 Hic
2801 1788 3056 1853 ostendit,
3096 1788 3239 1858 quod
3273 1789 3389 1844 lieri
3418 1806 3524 1847 non
3553 1805 3732 1862 potest
3753 1808 3813 1852 ut

2220 1881 2308 1949 qui
2342 1889 2548 1934 mortua
2574 1880 2736 1935 habet
2756 1894 2942 1951 opera,
2976 1880 3177 1935 serviat
3205 1896 3331 1936 vero
3353 1890 3405 1935 et
3434 1882 3629 1939 viventi
3662 1887 3799 1943 Deo.

2219 1968 2409 2025 Merito
2420 1970 2570 2037 dixit,
2593 1969 2698 2023 Deo
2714 1972 2892 2024 viventi
2913 1980 2958 2024 et
2976 1985 3111 2035 vero,
3127 1970 3414 2027 ostendens
3430 1973 3520 2029 illa
3538 1992 3659 2045 qua:
3679 1978 3805 2034 offe-

2217 2071 2408 2116 runtur
2438 2061 2535 2131 ipsi
2550 2061 2673 2116 talia
2690 2075 2809 2116 esse
2829 2060 3045 2116 debere.
3075 2061 3204 2130 Qum
3219 2078 3247 2116 a
3267 2062 3421 2119 nobis
3460 2081 3587 2136 ergo
3609 2069 3809 2136 prode-

2211 2159 2327 2216 unt,
2370 2151 2601 2207 viventia
2639 2160 2695 2208 et
2743 2166 2869 2209 vera
2894 2161 3017 2206 sunt
3043 2168 3057 2207 :
3088 2151 3177 2205 illa
3206 2166 3332 2205 vero
3358 2166 3479 2222 qua:
3518 2166 3549 2205 a
3578 2149 3804 2217 Judzis,

2211 2250 2263 2293 et
2298 2252 2506 2295 mortua
2531 2252 2585 2297 et
2611 2242 2779 2311 falsa;
2810 2250 2863 2297 et
2882 2242 3099 2298 merito.

2282 2334 2335 2387 5.
2356 2333 2538 2388 Nullus
2562 2336 2721 2406 igitur
2752 2336 2952 2391 habens
2974 2351 3135 2407 opera
3163 2343 3371 2392 mortua
3402 2336 3506 2391 huc
3528 2334 3805 2406 ingredia-

2215 2434 2317 2478 tur.
2353 2424 2409 2481 Si
2438 2430 2577 2481 enim
2607 2444 2728 2483 eum
2759 2429 2848 2499 qui
2878 2438 3143 2484 mortuum
3176 2444 3370 2499 corpus
3402 2429 3670 2500 tangebat,
3694 2443 3804 2483 non

2211 2520 2495 2588 oportebat
2529 2520 2755 2591 ingredi,
2790 2521 2958 2576 multo
2984 2521 3154 2591 magis
3181 2537 3304 2576 eum
3344 2522 3433 2592 qui
3456 2536 3618 2591 opera
3643 2522 3807 2576 habet

2211 2616 2419 2662 mortua
2446 2625 2460 2661 :
2495 2618 2579 2664 est
2607 2609 2750 2664 enim
2776 2610 2998 2679 pollutio
3027 2611 3368 2682 gravissima.
3390 2610 3599 2666 Mortua
3620 2622 3801 2666 autem
3892 2601 3901 2611 ’

2209 2712 2333 2756 sunt
2360 2717 2521 2773 opera
2547 2706 2724 2759 omnia
2754 2720 2873 2776 qua:
2904 2707 3063 2760 vitam
3095 2720 3198 2761 non
3233 2690 3581 2777 habent,quaz
3603 2714 3798 2762 tetrum

2218 2792 2427 2862 Spirant
2453 2794 2695 2849 odorem.
2725 2795 2877 2851 Sicut
2901 2799 3043 2852 enim
3075 2812 3273 2868 corpus
3293 2808 3561 2853 mortuum
3588 2798 3655 2852 ad
3685 2797 3805 2852 nul-

2211 2881 2320 2937 lum
2349 2899 2565 2939 sensum
2595 2895 2679 2940 est
2705 2886 2855 2953 utile,
2889 2886 2983 2941 sed
3013 2888 3174 2942 etiam
3206 2889 3453 2944 molestia
3493 2887 3661 2944 aflicit
3709 2902 3806 2943 eos

2208 2974 2297 3044 qui
2326 2976 2759 3046 appropinquant
2791 2995 2804 3031 :
2837 2979 2905 3033 ita
2935 2980 3097 3033 etiam
3146 2991 3424 3051 peccatum
3460 2981 3638 3036 statim
3681 2981 3806 3035 ferit

2212 3063 2517 3121 facultatem
2559 3068 2938 3132 ratiocinandi,
2964 3078 3019 3124 et
3050 3086 3148 3125 nec
3184 3071 3356 3140 ipsam
3389 3070 3604 3141 quidem
3654 3088 3806 3127 men-

2211 3164 2316 3210 tem
2348 3157 2476 3210 sinit
2500 3156 2805 3227 quiescere,
2835 3158 2929 3213 sed
2957 3160 3120 3214 etiam
3149 3161 3257 3215 ciet
3286 3162 3571 3216 tumultum
3605 3170 3660 3216 et
3682 3176 3803 3217 eam

2208 3248 2503 3316 perturbat.
2561 3248 2767 3303 Dicitur
2816 3259 2994 3305 autem
3038 3253 3205 3321 pestis
3253 3267 3468 3324 quoque
3492 3263 3648 3309 enata
3678 3269 3804 3309 cor-

2211 3353 2461 3407 rumpere
2491 3354 2739 3409 corpora.
2772 3340 2901 3398 Tale
2918 3352 3001 3397 est
3028 3344 3187 3399 etiam
3221 3355 3499 3415 peccatum
3534 3364 3548 3401 :
3580 3364 3609 3401 a
3653 3356 3807 3419 peste

2212 3429 2344 3485 nihil
2398 3430 2597 3499 dill'ert,
2625 3450 2729 3490 non
2756 3449 2933 3491 aerem
2963 3438 3193 3506 primum
3221 3440 3806 3511 corrumpens,dcinde

2208 3533 2456 3590 corpora,
2488 3524 2583 3577 sed
2615 3525 2795 3580 statim
2828 3527 2882 3580 in
2918 3529 3150 3582 animant
3180 3530 3446 3588 insiliens.

2286 3609 2456 3666 Morbi
2478 3614 2664 3669 anima
2688 3616 2877 3671 morbis
2895 3619 3121 3689 corporis
3152 3621 3370 3690 pejores.
3395 3622 3549 3676 Amor
3578 3625 3807 3692 pecunia:

2211 3710 2455 3770 quantum
2482 3702 2696 3757 malum.
2720 3734 2792 3747 -—-
2812 3704 2927 3760 Non
2950 3708 3096 3763 vides
3117 3723 3211 3764 eos
3238 3711 3327 3780 qui
3356 3721 3505 3781 peste
3534 3712 3803 3777 laborant,

2212 3792 2482 3861 quomodo
2503 3792 2919 3865 inﬂammantur,
2934 3800 3205 3868 quomodo
3218 3802 3490 3871 agitantur
3505 3813 3555 3858 et
3577 3805 3807 3860 circum-

2208 3883 2512 3953 volvuntur,
2532 3887 3000 3956 quomodofmtore
3016 3901 3138 3945 sunt
3156 3893 3316 3960 pleni,
3352 3908 3509 3963 quam
3526 3900 3694 3966 turpis
3724 3905 3809 3951 est

2214 3990 2400 4031 eorum
2429 3988 2692 4047 aspectus,
2725 3995 2881 4049 quam
2916 3982 3007 4036 toti
3032 3992 3157 4037 sunt
3178 3984 3475 4038 immundi?
3501 3984 3657 4041 Tales
3682 3998 3808 4043 sunt

2213 4069 2371 4123 etiam
2395 4070 2482 4139 qui
2505 4080 2745 4139 peccant,
2771 4073 3105 4130 etiamsinon
3137 4075 3368 4131 videant.
3391 4076 3522 4131 Nam
3544 4079 3629 4133 dic
3650 4078 3803 4145 mihi,

2216 4175 2390 4215 annon
2421 4164 2608 4231 quovis
2627 4164 2963 4220 febricitante
2985 4176 3067 4221 cst
3092 4168 3327 4223 deterior
3355 4169 3443 4239 qui
3463 4171 3700 4239 pecunia
3714 4186 3808 4226 aut

2213 4266 2497 4321 corporum
2517 4264 2704 4323 captus
2720 4266 2801 4311 est
2818 4255 3108 4313 desiderio?
3126 4274 3301 4315 annon
3323 4260 3404 4315 his
3421 4271 3503 4317 est
3528 4263 3805 4330 impurior.

2214 4345 2303 4414 qui
2350 4346 2526 4397 omnia
2554 4347 2723 4416 turpia
2754 4349 2865 4417 agit
2905 4358 2957 4405 et
2982 4351 3214 4419 patitur?
3244 4350 3382 4420 Quid
3422 4361 3507 4407 est
3525 4353 3667 4408 enim
3690 4354 3813 4409 viri)

2216 4436 2421 4505 turpius
2459 4438 2549 4506 qui
2582 4446 2792 4493 tenetur
2821 4455 3003 4496 amore
3033 4442 3446 4511 pecunite‘lnam
3461 4459 3814 4514 quaecumque

2214 4529 2548 4593 meretrices,
2580 4545 2933 4599 quaecumque
2961 4535 3188 4588 scenicae
3230 4534 3486 4590 mulieres
3511 4550 3619 4589 non
3646 4550 3811 4589 recu-

2213 4627 2333 4673 sant
2361 4618 2558 4686 facere,
2588 4637 2649 4675 ea
2678 4637 2777 4677 nec
2802 4622 2940 4689 iste;
2976 4625 3082 4679 imo
3113 4641 3238 4679 vero
3292 4635 3375 4681 est
3401 4627 3705 4695 verisimile,
3738 4628 3808 4682 il-

2216 4709 2295 4764 las
2362 4713 2530 4781 magis
2580 4731 2738 4783 quam
2791 4717 2931 4771 hunc
2979 4734 3248 4774 recusare.
3301 4720 3436 4787 Quid
3488 4721 3647 4787 dico,
3698 4735 3815 4778 non

2214 4807 2460 4860 recusat?
2514 4824 2601 4862 res
2652 4809 2853 4879 patitur
2892 4812 3137 4877 serviles,
3182 4813 3405 4869 adulans
3451 4814 3641 4884 quibus
3697 4830 3813 4871 non

2216 4910 2446 4964 oportet,
2476 4902 2647 4955 audax
2678 4919 2859 4957 rursus
2890 4914 2944 4959 et
2998 4905 3273 4959 confidens
3306 4908 3392 4961 ubi
3437 4924 3541 4961 non
3572 4918 3811 4978 oportet,

2206 4988 2405 5059 ubique
2455 4992 2771 5060 inaequalis:
2805 4992 2931 5047 viris
2972 5007 3115 5063 δεῖρε
3156 4992 3452 5060 sceleratis,
3495 5003 3549 5050 et
3580 4998 3794 5065 praesti-

2204 5081 2498 5150 giatoribus
2524 5084 2791 5153 corruptis
2817 5099 2878 5138 ac
2906 5086 3102 5154 pravis,
3129 5086 3283 5155 longe
3307 5086 3421 5155 ipso
3445 5094 3498 5140 et
3519 5086 3805 5155 pauperio-

2208 5172 2356 5225 ribus
2378 5182 2431 5227 ct
2458 5172 2839 5242 abjectioribus
2864 5174 3067 5230 assidet
3087 5183 3389 5243 assentans,
3418 5186 3470 5231 et
3498 5176 3617 5231 aliis
3643 5176 3803 5234 bonis

2207 5274 2259 5319 et
2280 5265 2473 5320 virtute
2502 5266 2738 5336 praeditis
2768 5267 3028 5323 insultans
3073 5280 3126 5324 et
3152 5270 3492 5325 contumeliis
3514 5281 3802 5341 appetens.

2209 5358 2401 5413 Vidisti
2437 5362 2702 5429 utrimque
2744 5362 2995 5431 probrum
3020 5373 3073 5417 et
3121 5363 3543 5432 impudentiam?
3564 5374 3645 5419 est
3674 5381 3804 5435 pcr—

2209 5452 2330 5506 inde
2361 5452 2575 5507 humilis
2629 5462 2825 5523 praeter
2868 5455 3107 5522 modum,
3152 5467 3313 5527 atque
3359 5473 3639 5528 arrogans.
3692 5458 3805 5516 Sed

2208 5543 2355 5598 domi
2389 5554 2531 5598 stant
2573 5547 2909 5614 meretrices,
2958 5558 3015 5603 et
3059 5550 3161 5604 hoc
3206 5560 3287 5604 est
3340 5566 3523 5606 earum
3567 5553 3801 5621 crimen,

2210 5635 2349 5703 quod
2408 5650 2601 5705 corpus
2652 5638 2883 5693 vendant
2931 5640 3172 5709 pecuniis
3206 5660 3219 5697 :
3251 5656 3434 5697 verum
3491 5653 3802 5714 paupertas,

2213 5725 2407 5792 inquit,
2430 5729 2589 5796 cogit,
2622 5737 2675 5782 et
2706 5729 2868 5784 fames
2895 5731 3057 5800 cogit,
3076 5731 3173 5787 etsi
3198 5734 3428 5788 maxime
3457 5750 3524 5788 ne
3556 5734 3654 5791 hoc
3678 5734 3806 5806 qui-

2210 5815 2331 5870 dem
2358 5816 2550 5873 sufficit
2579 5818 2644 5874 ad
2675 5821 3070 5879 excusationem
3104 5840 3116 5877 :
3150 5832 3391 5893 poterant
3419 5823 3560 5880 enim
3581 5824 3648 5880 ali
3669 5842 3804 5897 (ipe-
