4122 6338
574 376 673 434 119

561 520 790 574 corpus;
818 501 1112 558 Secundum
1152 499 1309 571 legem
1338 495 1492 556 enim,
1523 492 1717 562 inquit,
1754 488 1981 542 mandati
2025 503 2142 539 car-

562 597 903 658 nalislllebr.
934 596 987 650 7.
1022 574 1277 664 16).‘Non
1310 595 1555 659 poterant
1586 586 1728 640 enim
1752 582 2022 636 dimittere
2046 578 2142 634 ad-

563 690 833 753 ulterium,
868 701 1045 758 neque
1086 682 1309 744 ca'dem,
1342 694 1521 750 neque
1565 675 1927 745 sacrilegium.
1958 671 2143 734 Vides,

562 783 680 838 Hoc
704 781 917 852 quidem
946 774 1216 838 comedas,
1251 770 1383 827 illud
1417 786 1521 823 non
1562 766 1848 822 comedas?
1873 777 1994 834 qua:
2021 762 2145 833 qui-

564 876 684 929 dem
703 884 825 927 sunt
840 867 1221 924 indiderentia.
1239 862 1571 919 Solummodo
1590 861 1640 913 in
1658 857 1778 911 cibis
1800 864 1843 909 et
1866 857 1918 909 in
1945 854 2145 927 potibus

566 967 653 1021 lO.
681 975 727 1018 ct
754 965 804 1017 in
827 962 975 1017 variis
1001 957 1399 1028 baptisntatibus.
1416 954 1547 1017 Hoc,
1566 950 1759 1020 inquit,
1782 949 1902 1003 bibe
1931 962 2145 1017 :quam-

562 1073 719 1129 quam
763 1057 831 1112 de
860 1065 981 1125 potu
1006 1052 1133 1106 nihil
1164 1047 1687 1110 eratconstitutum;
1737 1043 1831 1098 sed
1874 1044 1989 1096 inec
2009 1040 2139 1095 dicit

563 1148 923 1221 vilipendens.
950 1146 1014 1200 Et
1042 1146 1193 1199 variis
1216 1139 1620 1213 baptismatibus,
1652 1147 1698 1191 et
1716 1136 1929 1208 justitiis
1954 1132 2143 1199 carnis,

566 1257 722 1313 usque
752 1239 820 1294 ad
858 1249 1051 1309 tempus
1079 1229 1402 1289 correctionis
1428 1229 1702 1299 impositis.
1731 1226 1858 1282 Ilzec
1890 1233 1973 1279 est
1998 1222 2144 1279 enim

563 1336 765 1407 justitia
807 1331 1005 1388 carnis.
1049 1330 1146 1384 llic
1175 1324 1434 1382 sacrificia
1481 1322 1697 1393 dejicit,
1740 1319 2031 1375 ostendens
2084 1331 2147 1372 ea

570 1429 764 1484 nullam
798 1424 1055 1478 habuisse
1089 1422 1362 1485 virtutem,
1395 1416 1633 1470 etfuisse
1656 1426 1824 1479 usque
1844 1409 1909 1464 ad
1938 1418 2149 1478 tempus

567 1516 938 1581 correctionis;
968 1514 1068 1569 hoc
1091 1522 1192 1577 est,
1217 1518 1557 1578 exspectasse
1575 1513 1784 1572 tempus
1799 1499 1940 1570 quod
1971 1499 2149 1559 omnia

567 1612 820 1681 corrigat.
853 1609 941 1663 Η.
974 1606 1205 1660 Christus
1232 1610 1400 1654 autem
1434 1597 1677 1651 assistens
1700 1594 1932 1665 pontifex
1952 1591 2152 1681 futuro—

570 1720 683 1757 rum
717 1679 995 1763 bonorum,
1026 1713 1114 1767 per
1151 1689 1373 1765 amplius
1400 1701 1444 1745 et
1472 1686 1742 1759 perfectius
1771 1679 2151 1737 tabernaculum

573 1813 672 1851 non
694 1792 1085 1861 .manufactum.
1113 1788 1345 1842 Carnem
1375 1783 1461 1837 hic
1489 1780 1639 1835 dicit.
1672 1778 1839 1833 Recte
1859 1784 2037 1829 autem
2067 1771 2153 1825 di-

573 1888 649 1941 xit
692 1884 865 1953 majus
892 1891 946 1936 et
976 1878 1285 1950 perfectius,
1334 1872 1598 1943 siquidem
1640 1877 1694 1924 et
1722 1869 1863 1922 Deus
1896 1864 2126 1919 Verbum

587 1988 639 2031 et
667 1976 910 2028 universa
941 1970 1180 2039 operatio
1200 1967 1428 2036 Spiritus
1449 1966 1500 2018 iu
1530 1977 1593 2017 eo
1616 1960 1850 2045 habitat:
1885 1956 2003 2010 Non
2021 1957 2153 2009 enim

570 2060 635 2111 ml
668 2072 952 2113 mensarum
983 2056 1071 2109 dat
1103 2055 1239 2109 Deus
1266 2052 1519 2125 spiritum.
1549 2052 1648 2105 Aut
1671 2048 1960 2119 perfectius
1992 2046 2143 2111 dicit,

571 2162 627 2203 ιιι
656 2160 711 2204 et
733 2153 785 2204 in
819 2166 870 2220 qi
892 2149 959 2203 od
992 2165 1094 2201 non
1125 2147 1278 2200 cadat
1297 2142 1660 2214 reprehensio,
1701 2151 1754 2197 et
1781 2139 1921 2212 quod
1949 2142 2149 2208 majora

570 2252 712 2297 recte
741 2250 907 2313 gerat.
959 2238 1023 2292 Id
1048 2249 1141 2303 est,
1198 2254 1298 2291 non
1326 2236 1479 2307 hujus
1526 2232 1814 2287 errationis.
1849 2232 1987 2287 Ecce
2013 2244 2150 2300 quo-

569 2334 728 2390 'nodu
757 2333 960 2405 majus:
996 2347 1100 2386 non
1152 2338 1295 2385 esset
1342 2328 1487 2382 enim
1527 2342 1592 2380 ex
1636 2326 1848 2394 spiritu,
1894 2323 1940 2378 si
1990 2322 2152 2376 homo

574 2443 742 2497 ipsum
760 2425 1163 2483 construxisset.
1198 2420 1318 2475 Non
1341 2420 1495 2491 hujus
1512 2418 1794 2481 creationis,
1823 2414 1992 2486 inquit
2013 2431 2025 2477 ;
2048 2412 2151 2468 hoc

576 2532 675 2587 est,
701 2536 804 2574 non
826 2528 993 2575 estex
1025 2516 1107 2571 his
1153 2515 1311 2569 rebus
1344 2514 1556 2573 creatis,
1576 2510 1669 2564 sed
1695 2506 1987 2577 spiritualis
2002 2520 2153 2560 crea-

572 2614 731 2667 tionis
765 2629 776 2664 :
806 2626 871 2665 ex
915 2608 1114 2679 Spiritu
1158 2606 1301 2659 enim
1346 2612 1532 2659 sancto
1582 2609 1953 2655 constructum
2009 2604 2143 2651 erat.

572 2703 732 2758 Vides
758 2698 1025 2773 quomodo
1066 2707 1120 2753 ct
1146 2694 1543 2752 tabernaculum
1578 2700 1632 2748 et
1678 2692 1852 2745 velum
1882 2698 1938 2743 et
1958 2688 2147 2743 cadum

571 2805 725 2851 Vocet
749 2793 990 2864 corpus?
1030 2792 1134 2847 Per
1173 2790 1341 2862 majus
1365 2797 1411 2843 et
1436 2787 1708 2859 perfectius
1735 2782 2149 2846 tabernaculum;

568 2885 780 2950 deinde,
804 2884 907 2939 Per
930 2883 1118 2949 velum,
1147 2881 1241 2936 hoc
1271 2889 1366 2943 est,
1400 2894 1604 2932 carnem
1634 2890 1818 2939 suam;
1849 2882 1904 2928 et
1924 2886 2109 2927 rursus
2130 2912 2145 2935 ,

572 2978 637 3033 lu
667 2977 903 3031 interiora
922 2974 1020 3029 veli
1045 2973 1229 3043 (Hebr.
1264 2971 1318 3027 ϐ.
1353 2968 1481 3041 19);
1529 2978 1586 3025 et
1614 2981 1821 3032 rursus,
1850 2958 2151 3035 Ingredien-

573 3081 668 3124 tem
693 3069 746 3122 in
772 3077 945 3122 sancta
973 3073 1283 3130 sanctorum,
1322 3074 1381 3119 ut
1416 3066 1674 3131 appareat
1697 3057 1866 3131 vultui
1894 3056 2004 3111 Dei.
2039 3055 2150 3110 Cur

569 3175 699 3231 ergo
746 3159 847 3214 hoc
899 3157 1062 3213 facit?
1108 3154 1178 3212 Ut
1222 3168 1319 3209 nos
1342 3151 1537 3207 doceat
1565 3147 1860 3205 secundum
1906 3145 2053 3200 aliud
2093 3155 2153 3201 et

571 3252 715 3307 aliud
748 3250 1106 3321 signiﬁcatum
1135 3243 1383 3301 eumdem
1411 3256 1533 3297 esse
1559 3254 1886 3296 sermonem.
1912 3236 2149 3307 Utputa,

570 3345 747 3399 velum
776 3342 966 3397 caelum
1000 3347 1117 3395 est:
1159 3337 1299 3393 sicut
1327 3335 1467 3390 enim
1512 3332 1689 3387 velum
1720 3330 1882 3386 veluti
1913 3327 2148 3399 quodam

569 3447 724 3489 muro
751 3439 932 3487 sancta
958 3438 1190 3499 separat,
1214 3428 1291 3481 sic
1313 3438 1438 3479 eam
1454 3422 1683 3477 occultat
1705 3421 2035 3475 divinitatem
2051 3459 2066 3484 ,
2095 3426 2152 3475 et

572 3540 697 3581 earn
738 3524 862 3578 item
889 3532 971 3578 est
1001 3519 1422 3580 tabernaculum,
1454 3514 1783 3570 divinitatem
1825 3512 2062 3577 habens;
2094 3519 2153 3567 et

572 3615 975 3673 tabernaculum
1024 3627 1210 3669 rursus
1256 3612 1474 3673 ca-lum;
1518 3607 1626 3662 illic
1676 3607 1818 3660 enim
1872 3616 1954 3661 εει
2004 3605 2149 3661 intus

574 3708 830 3776 pontifex.
856 3704 1088 3762 Christus
1114 3712 1302 3769 autent,
1333 3700 1528 3771 inquit,
1558 3714 1671 3753 cum
1696 3696 1985 3753 accessisset
2014 3712 2147 3766 pon-

571 3802 710 3871 tifex.
742 3798 855 3853 Non
882 3797 1034 3862 dixit,
1064 3795 1196 3850 Cum
1228 3793 1398 3849 factus
1423 3798 1587 3857 esset,
1613 3789 1728 3851 sed.
1750 3789 1875 3843 Cum
1904 3788 2148 3843 accessis-

568 3904 675 3956 set;
704 3893 805 3946 hoc
831 3900 933 3953 est.
961 3904 1082 3944 cum
1125 3886 1192 3941 ad
1237 3886 1337 3940 hoc
1368 3886 1543 3955 ipsum
1574 3884 1831 3947 venisset,
1861 3896 1966 3935 non
1992 3878 2149 3935 alteri

567 3986 946 4040 successisset:
984 3998 1087 4037 non
1119 3982 1263 4050 prius
1307 3979 1555 4041 accessit,
1588 3987 1642 4031 et
1673 3986 1798 4031 tunc
1821 3974 1991 4030 lactus
2025 3982 2146 4041 est;

568 4076 661 4129 sed
706 4074 932 4129 simulac
979 4073 1143 4127 venit.
1182 4070 1251 4125 Et
1299 4084 1402 4123 non
1445 4067 1577 4123 dixit
1609 4086 1622 4120 :
1651 4066 1785 4121 Cum
1834 4066 2147 4122 accessisset

570 4165 802 4233 pontifex
840 4179 1025 4231 eorum
1052 4178 1169 4233 quae
1217 4163 1611 4222 sacritieantur,
1665 4158 1784 4222 sed,
1832 4156 2143 4212 Futurorum

568 4258 829 4322 bonorum,
872 4270 939 4311 eo
978 4255 1121 4325 quod
1161 4269 1265 4309 non
1300 4262 1479 4323 posset
1524 4252 1832 4307 universum
1880 4250 2147 4321 explicare

566 4348 757 4402 oratio.
791 4347 878 4400 19..
931 4346 1111 4421 Neque
1140 4362 1227 4417 per
1251 4346 1549 4416 sanguinem
1592 4344 1847 4398 hircorum
1885 4354 1974 4398 aut
2017 4344 2147 4398 vitu—

566 4442 749 4495 lorum.
779 4438 969 4495 Omnia
1000 4446 1127 4491 sunt
1158 4438 1453 4490 immutata.
1480 4434 1586 4488 Sed
1618 4451 1706 4504 per
1736 4436 2000 4503 proprium
2026 4449 2148 4487 san-

565 4531 768 4601 guinem
797 4529 1020 4583 introivit
1064 4526 1218 4582 semel
1254 4527 1307 4580 in
1354 4537 1551 4580 sancta.
1596 4525 1735 4580 Ecce
1783 4525 1908 4579 illud
1942 4524 2147 4579 vocavit

564 4620 775 4675 calum.
804 4618 995 4686 Semel,
1032 4618 1223 4688 inquit,
1249 4617 1470 4672 introivit
1510 4617 1563 4670 in
1601 4627 1795 4681 sancta,
1845 4626 2033 4670 interna
2060 4631 2143 4669 re-

566 4712 851 4783 demptione
891 4712 1107 4766 inventa.
1151 4709 1218 4765 Et
1255 4709 1405 4774 illud,
1445 4709 1678 4777 Inventa,
1707 4718 1789 4764 est
1831 4726 1896 4765 ex
1940 4711 2004 4763 iis
2024 4725 2145 4781 qua:

560 4812 685 4860 sunt
713 4803 866 4857 valde
900 4802 1081 4868 dubia,
1125 4810 1179 4857 et
1208 4810 1402 4871 praeter
1431 4803 1908 4871 exspectationem,
1942 4817 2135 4871 nempe

560 4895 831 4965 quomodo
860 4910 975 4967 per
1005 4911 1165 4949 unum
1196 4894 1471 4950 introitum
1501 4903 1758 4949 aeternam
1810 4893 2011 4948 invenit
2048 4909 2130 4948 re-

560 4988 942 5057 demptionem.
972 4987 1175 5043 Deinde
1221 4980 1462 5057 sequitur
1512 4988 1563 5042 id
1602 4989 1742 5057 quod
1771 4997 1855 5042 est
1879 4989 2135 5044 credibile

559 5089 614 5135 et
655 5079 883 5136 aﬂerens
941 5080 1097 5135 ﬁdem
1142 5082 1270 5136 ε15.
1314 5078 1373 5135 Si
1425 5082 1556 5135 enim
1615 5083 1827 5153 sanguis
1880 5082 2136 5136 hircorum

562 5182 606 5225 et
629 5181 905 5229 taurorum.
926 5180 970 5226 et
985 5173 1113 5226 cinis
1161 5172 1330 5226 vitula:
1361 5188 1597 5243 aspersus
1641 5175 1927 5243 inquinatos
1955 5176 2143 5228 sancti-

563 5264 679 5331 ficat
708 5264 775 5316 ad
799 5264 1205 5317 emundationem
1243 5264 1447 5317 carnis:
1474 5264 1559 5318 Η.
1590 5275 1775 5333 quanto
1820 5266 1979 5338 magis
2017 5284 2138 5321 san-

561 5356 675 5424 guis
708 5353 912 5420 Christi,
969 5357 1054 5423 qui
1103 5372 1190 5425 per
1249 5355 1515 5426 Spiritum
1550 5367 1777 5409 sanetum
1820 5360 2141 5430 semetipsum

563 5448 741 5501 obtulit
799 5449 1179 5501 immaculatum
1228 5448 1334 5503 Deo
1364 5492 1378 5515 ,
1433 5450 1726 5503 emundubit
1780 5454 2137 5507 conscientiam

563 5548 786 5591 nostram
812 5539 872 5592 ab
885 5539 1117 5608 aperibus
1138 5541 1347 5593 mortuis
1374 5540 1441 5593 ad
1460 5541 1777 5595 serviendum
1799 5541 1902 5596 Deo
1920 5545 2136 5598 viventi?

562 5629 618 5686 Si
642 5632 803 5696 enim,
834 5631 1024 5700 inquit,
1046 5646 1261 5685 carnem
1289 5641 1461 5701 potest
1487 5632 1746 5688 mundare
1773 5635 1989 5704 sanguis
2021 5644 2137 5688 tau-

568 5737 765 5783 rorum,
804 5724 967 5776 multo
1000 5723 1168 5792 magis
1190 5724 1381 5777 sordes
1410 5726 1602 5779 anima:
1634 5724 1904 5795 absterget
1924 5730 2141 5797 sanguis

564 5813 781 5871 L‘briSti.
810 5814 942 5872 Nam
989 5832 1054 5872 ne
1094 5832 1216 5873 cum
1246 5817 1499 5884 audieris,
1550 5818 1850 5888 Sancti/ian
1892 5837 2140 5894 magnum

1288 378 1345 430 S.
1384 374 1661 431 JOANNIS
1698 374 2177 432 CllRYSOSTOlll
2215 377 2529 434 ARCHIEP.
2567 380 3106 442 CONSTANTINUP.

3736 394 3839 447 120

2258 492 2385 565 quid
2410 496 2704 561 existimes,
2738 496 2958 551 adnotat
2983 508 3035 552 et
3059 496 3296 552 ostendit
3320 500 3445 568 quid
3480 502 3687 556 intersit
3710 506 3851 558 inter

2260 595 2539 657 utramque
2569 588 3075 655 sanctificatiuiicm,
3109 590 3460 659 etquomodo
3490 590 3603 647 iure
3628 594 3848 664 quidem

2258 690 2337 736 cst
2366 680 2632 747 sublimis,
2666 680 2753 734 illa
2788 696 2916 735 vero
2945 680 3197 737 humilis:
3227 692 3280 738 et
3312 682 3443 738 dicit
3472 685 3666 741 merito
3695 687 3744 741 id
3776 689 3849 742 ita

2256 789 2397 839 esse,
2423 773 2688 844 siquidem
2712 774 2799 827 ille
2828 773 3045 844 quidem
3069 786 3150 829 est
3174 778 3391 846 sanguis
3416 786 3715 843 taurorum,
3758 778 3849 834 hic

2256 872 2433 920 autem
2461 864 2682 919 Christi.
2711 863 2822 919 Nec
2856 864 2953 919 fuit
2978 873 3265 921 contentus
3291 868 3532 934 nomine,
3559 869 3654 924 sed
3678 871 3844 926 etiam

2258 958 2471 1012 modum
2503 957 2659 1027 ponit
2693 957 3001 1012 oblationis.
3048 956 3149 1023 Qui
3185 975 3274 1027 per
3301 958 3555 1029 Spiritum
3586 972 3844 1031 sanctum,

2257 1048 2442 1119 inquit,
2462 1048 2785 1118 semetipsum
2813 1048 2993 1102 obtulit
3027 1048 3408 1105 immaculatum
3438 1052 3544 1107 Deo
3564 1070 3582 1107 :
3607 1053 3711 1110 hoc
3735 1066 3841 1122 est,

2255 1138 2482 1193 hostiam
2512 1139 2932 1206 innnaculatam,
2963 1140 3217 1194 mundam
3245 1156 3272 1193 a
3305 1145 3558 1212 peccatis.
3587 1145 3720 1200 Illud
3746 1162 3847 1202 au-

2255 1241 2383 1296 tem,
2416 1231 2520 1287 Per
2548 1230 2804 1303 Spiritum
2829 1241 3083 1297 sanctum,
3119 1233 3168 1287 id
3215 1244 3317 1298 est,
3349 1250 3455 1288 non
3498 1252 3593 1305 per
3624 1239 3840 1308 ignem,

2254 1339 2357 1380 non
2397 1339 2491 1394 per
2519 1325 2693 1395 aliqua
2725 1325 2849 1379 alia.
2868 1324 3202 1393 Emundabit,
3242 1326 3449 1398 inquit,
3479 1333 3841 1388 conscientiam

2252 1425 2473 1470 nostram
2506 1416 2567 1469 ab
2595 1416 2830 1485 operibus
2863 1417 3093 1471 mortuis.
3128 1417 3295 1473 Reme
3324 1418 3479 1487 dixit,
3504 1420 3579 1475 Ab
3606 1424 3843 1493 operibus

2250 1510 2481 1563 mortuis.
2504 1508 2556 1564 Si
2589 1509 2709 1576 quis
2735 1510 2877 1564 enim
2904 1520 3029 1564 tunc
3052 1510 3299 1581 tetigerat
3320 1523 3610 1580 mortuum,
3634 1515 3841 1585 pollue-

2249 1600 2437 1668 batur;
2469 1612 2522 1657 et
2566 1601 2656 1656 hic
2682 1601 2728 1656 si
2755 1602 2879 1672 quis
2912 1601 3145 1672 tetigerit
3199 1617 3336 1672 Opus
3378 1614 3673 1672 mortuum,
3712 1610 3834 1677 pol-

2250 1693 2413 1748 !nitur
2438 1708 2539 1765 per
2571 1693 2981 1749 conscientiam.
3027 1694 3107 1747 Ad
3133 1694 3473 1763 serviendum,
3506 1696 3696 1769 inquit,
3723 1698 3836 1754 Deo

2248 1784 2429 1837 viventi
2467 1794 2514 1837 et
2541 1801 2675 1838 vero.
2703 1784 2802 1839 Hic
2826 1784 3081 1849 ostendit,
3121 1784 3264 1854 quod
3299 1786 3414 1840 lieri
3444 1802 3549 1843 non
3578 1801 3757 1859 potest
3779 1805 3837 1848 ut

2245 1877 2332 1944 qui
2367 1884 2574 1929 mortua
2599 1875 2761 1930 habet
2781 1890 2967 1946 opera,
3001 1876 3202 1931 serviat
3229 1891 3356 1932 vero
3378 1886 3431 1931 et
3459 1878 3654 1935 viventi
3686 1883 3824 1939 Deo.

2244 1963 2595 2033 Merilodixit,
2618 1965 2723 2019 Deo
2739 1967 2917 2019 viventi
2938 1975 2983 2020 et
3000 1982 3136 2031 vero,
3152 1966 3439 2022 ostendens
3455 1969 3545 2025 illa
3563 1987 3683 2041 qua:
3703 1974 3831 2031 olfe-

2242 2066 2433 2111 runtur
2462 2056 2560 2126 ipsi
2575 2056 2698 2111 talia
2715 2071 2834 2112 esse
2854 2055 3069 2112 debere.
3100 2056 3228 2125 Quae
3243 2074 3273 2111 a
3292 2058 3447 2114 nobis
3484 2077 3611 2131 ergo
3634 2066 3833 2132 prodo...

2236 2154 2352 2211 unt,
2394 2146 2626 2202 viventia
2663 2155 2719 2203 et
2768 2162 2893 2204 vera
2919 2156 3082 2202 sunt;
3114 2146 3201 2201 illa
3230 2162 3357 2201 vero
3383 2162 3503 2218 qua:
3542 2162 3574 2201 a
3602 2146 3828 2212 Judais,

2236 2245 2289 2288 et
2323 2246 2531 2291 mortua
2556 2247 2609 2292 et
2635 2236 2804 2306 falsa;
2835 2247 2889 2293 et
2907 2238 3124 2293 merito.

2307 2328 2359 2382 3.
2381 2327 2563 2383 Nullus
2587 2330 2746 2400 igitur
2777 2331 2977 2387 habens
2999 2346 3160 2402 opera
3187 2339 3396 2387 mortua
3427 2332 3531 2387 huc
3553 2330 3829 2402 ingredia-

2239 2429 2341 2473 tur.
2377 2419 2433 2475 Si
2462 2426 2602 2476 enim
2632 2438 2753 2477 eum
2784 2424 2872 2493 qui
2902 2433 3167 2479 mortuum
3200 2440 3395 2495 corpus
3427 2425 3693 2496 tangebat,
3719 2439 3829 2479 non

2236 2514 2519 2582 Oportebat
2554 2516 2779 2585 ingredi,
2814 2516 2983 2571 multo
3009 2518 3179 2587 magis
3206 2533 3328 2572 eum
3369 2518 3458 2588 qui
3480 2532 3643 2587 opera
3667 2517 3832 2572 habet

2236 2612 2444 2657 mortua
2471 2620 2485 2657 :
2519 2612 2603 2659 est
2632 2605 2775 2659 enim
2800 2606 3023 2675 pollutio
3052 2607 3392 2677 gravissima.
3414 2606 3624 2662 Mortua
3645 2617 3826 2662 autem
3914 2596 3924 2607 ’

2234 2706 2357 2751 sunt
2383 2712 2545 2767 opera
2572 2701 2749 2754 omnia
2778 2716 2898 2771 quae
2928 2702 3086 2755 vitam
3119 2716 3223 2756 non
3258 2686 3605 2773 habent,qu:e
3628 2711 3823 2758 tetrum

2242 2787 2452 2857 spirant
2478 2788 2720 2844 odorem.
2749 2790 2901 2847 Sicut
2925 2794 3068 2847 enim
3100 2808 3298 2863 corpus
3316 2805 3585 2849 mortuum
3612 2794 3678 2849 ad
3709 2793 3831 2848 nul-

2235 2875 2344 2932 lum
2372 2894 2590 2934 sensum
2620 2890 2703 2936 est
2729 2881 2879 2948 utile,
2913 2882 3008 2937 sed
3038 2883 3199 2938 etiam
3230 2885 3477 2940 molesua
3517 2883 3685 2940 afficit
3733 2899 3831 2940 eos

2231 2969 2321 3039 qui
2350 2972 2782 3042 appropinquant
2816 2991 2829 3027 :
2861 2975 2929 3028 ita
2960 2976 3121 3029 etiam
3171 2987 3448 3046 peceatum
3484 2978 3662 3032 statim
3704 2977 3831 3032 ferit

2236 3059 2542 3117 facultatem
2583 3063 2963 3127 ratiocinandi,
2989 3074 3043 3119 et
3074 3081 3173 3121 nec
3209 3068 3379 3137 ipsam
3414 3067 3628 3138 quidem
3678 3084 3832 3124 men-

2234 3159 2340 3205 tem
2372 3152 2501 3205 sinit
2525 3152 2829 3223 quiescere,
2859 3153 2954 3209 sed
2982 3156 3147 3210 etiam
3173 3158 3281 3211 ciet
3311 3158 3595 3213 tumultum
3629 3167 3684 3213 et
3704 3172 3827 3213 eam

2232 3244 2527 3311 perturbat.
2585 3244 2791 3299 Dicitur
2841 3256 3019 3301 autem
3063 3249 3229 3317 pestis
3276 3264 3492 3320 quoque
3516 3258 3673 3305 enata
3701 3266 3831 3305 cor-

2234 3349 2485 3403 rumpere
2515 3350 2763 3405 corpora.
2796 3336 2925 3394 Tale
2942 3348 3025 3393 est
3052 3340 3211 3394 etiam
3245 3351 3523 3411 peccatum
3559 3360 3572 3397 :
3604 3360 3633 3397 a
3676 3352 3834 3415 peste

2236 3424 2367 3480 nihil
2423 3426 2622 3495 differt,
2649 3445 2753 3486 non
2780 3445 2958 3487 aerem
2988 3434 3217 3502 primum
3245 3437 3832 3508 corrumpens,dcinde

2232 3528 2479 3585 corpora,
2512 3520 2607 3573 sed
2639 3522 2819 3575 statim
2852 3523 2906 3576 in
2942 3525 3174 3578 animam
3203 3526 3469 3583 insiliens.

2310 3605 2479 3661 Morbi
2502 3610 2687 3664 animte
2712 3611 2901 3667 morbis
2918 3615 3145 3684 corporis
3176 3618 3393 3687 pejores.
3419 3618 3573 3672 Antor
3602 3621 3834 3688 pecunia

2234 3705 2478 3765 quantum
2506 3698 2719 3753 malum.
2745 3730 2815 3743 -—
2836 3700 2950 3756 Non
2974 3703 3120 3759 vides
3140 3719 3235 3760 eos
3262 3708 3351 3776 qui
3380 3716 3528 3776 peste
3557 3708 3829 3774 laborant,

2235 3787 2506 3856 quomodo
2526 3788 2943 3861 inﬂammantur,
2958 3795 3228 3864 quomodo
3242 3799 3513 3868 agitantur
3528 3808 3579 3854 et
3600 3802 3834 3856 circum-

2231 3878 2536 3947 volvuntur,
2556 3882 2825 3951 quomodo
2836 3884 3024 3942 fintore
3040 3897 3162 3941 sunt
3180 3889 3339 3956 pleni,
3376 3905 3533 3960 quam
3549 3896 3716 3962 turpis
3747 3902 3835 3948 est

2238 3984 2423 4027 eorum
2453 3983 2716 4043 aspectus,
2748 3990 2905 4044 quam
2939 3978 3030 4031 toti
3056 3988 3180 4033 sunt
3201 3980 3499 4035 immundi?
3524 3980 3680 4037 Tales
3705 3995 3834 4039 sunt

2236 4064 2395 4117 etiam
2418 4066 2506 4135 qui
2529 4076 2769 4134 peccant,
2794 4069 3003 4124 etiamsi
3022 4087 3129 4125 non
3160 4071 3391 4128 videant.
3415 4072 3545 4128 Nam
3567 4075 3653 4130 dic
3673 4075 3829 4143 milii,

2239 4170 2413 4210 annon
2445 4159 2632 4226 quovis
2650 4158 2987 4215 febricitante
3008 4172 3091 4217 est
3115 4163 3350 4219 deterior
3378 4165 3466 4235 qui
3486 4167 3722 4236 pecunia
3738 4182 3832 4223 aut

2236 4261 2521 4317 corporum
2541 4260 2728 4319 captus
2744 4262 2825 4306 est
2841 4250 3131 4309 desiderio?
3149 4270 3325 4311 annon
3346 4256 3427 4311 his
3444 4267 3527 4313 est
3550 4258 3829 4326 impurior.

2237 4339 2327 4409 qui
2373 4341 2549 4393 omnia
2577 4342 2747 4411 turpia
2778 4344 2887 4413 agit
2928 4353 2980 4400 et
3005 4347 3237 4415 patitur?
3267 4346 3405 4416 Quid
3446 4357 3530 4403 est
3548 4349 3690 4404 enim
3713 4350 3834 4405 viri)

2238 4430 2445 4500 turpius
2482 4433 2571 4501 qui
2605 4442 2815 4489 tenetur
2844 4450 3026 4492 amore
3056 4438 3469 4506 pecunireinam
3484 4454 3834 4510 quacumque

2237 4524 2571 4589 meretrices,
2603 4540 2956 4595 quaecumque
2984 4530 3211 4583 scenica:
3253 4530 3509 4585 mulieres
3535 4546 3642 4585 non
3669 4546 3831 4586 recu-

2236 4622 2356 4667 sant
2384 4613 2582 4679 facere,
2610 4632 2672 4670 ea
2701 4632 2800 4671 nec
2826 4618 2963 4684 iste;
3000 4620 3106 4675 imo
3137 4636 3261 4675 vero
3315 4631 3398 4677 est
3424 4623 3729 4691 verisimile,
3763 4625 3829 4679 il-

2239 4704 2318 4759 las
2385 4707 2553 4776 magis
2603 4726 2761 4779 quam
2814 4712 2955 4766 hunc
3002 4729 3271 4771 recusare.
3324 4716 3459 4782 Quid
3511 4717 3671 4784 dico,
3721 4732 3836 4775 non

2236 4802 2482 4854 recusat?
2537 4818 2623 4856 res
2676 4805 2877 4873 patitur
2916 4807 3160 4873 serviles,
3206 4808 3428 4865 adulans
3474 4810 3665 4880 quibus
3721 4827 3834 4868 non

2239 4905 2469 4959 Oportet.
2499 4897 2669 4950 audax
2701 4914 2883 4953 rursus
2914 4909 2967 4954 et
3021 4901 3296 4955 conlidens
3329 4903 3415 4957 ubi
3460 4920 3564 4957 non
3595 4914 3832 4974 oportet,

2228 4983 2427 5055 ubique
2477 4987 2754 5055 inaequalis
2783 5006 2795 5041 :
2828 4987 2954 5043 viris
2994 5003 3138 5058 saepe
3179 4989 3475 5056 seeleratis,
3518 5000 3572 5045 et
3603 4994 3815 5061 praesti-

2226 5076 2521 5145 giatoribus
2547 5080 2815 5149 corruptis
2840 5094 2901 5134 ac
2928 5082 3125 5150 pravis,
3152 5081 3306 5150 longe
3329 5082 3443 5151 ipso
3468 5090 3521 5136 et
3540 5082 3827 5152 pauperio-

2230 5167 2379 5220 ribus
2400 5177 2453 5221 et
2480 5168 2861 5238 abjectioribus
2887 5170 3089 5226 assidet
3110 5178 3412 5239 assentans,
3440 5182 3492 5227 et
3521 5173 3640 5227 aliis
3666 5173 3824 5231 bonis

2230 5269 2283 5314 et
2302 5260 2495 5315 virtute
2525 5261 2761 5331 praeditis
2790 5264 3050 5319 insultans
3096 5276 3148 5319 et
3175 5266 3514 5321 contumeliis
3537 5277 3823 5336 appetens.

2231 5353 2423 5408 Vidisti
2460 5357 2725 5425 utrimque
2767 5358 3017 5427 probrum
3042 5368 3095 5413 et
3143 5358 3667 5429 impudentiamiest
3697 5378 3826 5431 per—

2232 5446 2352 5501 inde
2384 5447 2598 5502 humilis
2652 5458 2848 5517 prmter
2890 5450 3129 5518 modum,
3174 5462 3336 5523 atque
3381 5469 3661 5523 arrogans.
3715 5455 3828 5513 Sed

2230 5538 2377 5593 domi
2411 5548 2554 5593 stant
2596 5542 2932 5609 meretrices,
2980 5553 3037 5599 et
3082 5546 3183 5599 hoc
3228 5556 3309 5599 est
3361 5561 3546 5601 earum
3589 5548 3823 5617 crimen,

2232 5630 2371 5698 quind
2431 5645 2623 5700 corpus
2674 5633 2905 5687 vendant
2953 5636 3194 5704 pecuniis
3228 5655 3241 5692 :
3272 5652 3456 5693 verum
3513 5650 3826 5710 paupertas,

2236 5720 2429 5787 inquit,
2452 5724 2611 5792 cogit,
2644 5732 2697 5777 et
2728 5724 2891 5778 fames
2917 5726 3195 5795 cogit,etsi
3220 5730 3449 5783 maxime
3479 5746 3546 5785 ne
3578 5731 3676 5787 hoc
3700 5732 3829 5801 qui-

2232 5810 2353 5865 dem
2380 5811 2572 5868 sufﬁcit
2602 5813 2666 5869 ad
2697 5816 3092 5875 excusationem
3125 5834 3138 5872 ε
3172 5828 3413 5888 poterant
3440 5820 3581 5876 enim
3603 5820 3669 5876 al:
3691 5838 3828 5894 ope-
