4122 6338
540 387 632 443 ίὲί
1202 383 1255 438 S.
1292 375 1569 435 JO.\N.\'|S
1607 362 2088 424 CHRYSOSTOMI
2128 358 2441 415 ARCIIIEP.
2478 354 3021 414 CONSTANTINOP.

541 502 807 571 ἔγκλημα.
844 500 923 552 δτι
960 500 1020 551 τὸ
1068 499 1223 567 σῶμα
1268 493 1504 547 πωλοῦσι
1553 493 1848 560 χρημάτων
1875 484 2056 536 ἐνεκεν
2084 490 2097 503 '

541 589 653 640 ἀλλ’
679 588 861 658 ἔχουσί
889 606 1006 640 τινα
1035 585 1347 652 ἀπολογίαν,
1375 583 1470 648 τὴν
1501 579 1687 632 πενίαν
1722 576 1812 627 καὶ
1843 573 1933 626 τὸν
1975 585 2103 623 κατ-

542 677 916 744 αναγκάζοντα
938 674 1109 744 λιμόν·
1139 674 1185 724 εί
1207 672 1298 725 καὶ
1313 672 1379 723 τὰ
1404 668 1637 737 μάλιστα
1659 663 1777 718 οὐδὲ
1807 659 1965 715 τοῦτο
1988 660 2103 711 ίκα·

544 765 632 818 νὸν
658 766 736 828 είς
762 764 1050 830 ἀπολογίαν
1076 780 1088 793 ·
1117 761 1245 831 ἐξῆν
1286 760 1393 831 γὰρ
1428 753 1792 828 ὲργαζομένας
1819 747 2103 817 διατρέφε-

544 852 687 908 σθαι.
731 850 990 904 Ἐνταῦθα
1031 850 1087 902 δὲ
1126 850 1357 918 ἕστηκεν
1402 848 1428 900 0
1458 842 1824 909 πλεονέκτης,
1867 835 1967 888 οὐκ
2013 832 2105 887 ἐπὶ

542 940 857 1008 οίκήματος,
899 937 1011 990 ἀλλ’
1042 937 1134 990 ἐπὶ
1169 937 1270 1005 τῆς
1316 935 1522 996 πόλεως
1567 931 1773 1000 μέσης,
1819 928 1878 978 οὖ
1926 923 2104 993 σῶμα.

542 1027 677 1080 ἀλλά
723 1028 820 1098 τὴν
862 1026 1037 1097 ψυχὴν
1086 1025 1367 1098 προδιδοὺς
1407 1022 1481 1093 τῷ
1529 1020 1795 1087 διαῦόλῳ,
1841 1016 1979 1069 ὥστε
2014 1014 2107 1067 καὶ

545 1114 891 1182 συγγίνεσθαι
916 1117 1008 1168 καὶ
1035 1113 1372 1186 εἰσέρχεσθαι
1394 1110 1529 1181 πρὸς
1548 1107 1707 1163 αὐτὸν
1732 1105 1919 1174 ὥσπερ
1942 1102 2107 1163 ὅντως

544 1202 679 1272 πρὸς
709 1201 932 1272 πόρνην,
970 1204 1065 1255 καὶ
1092 1204 1192 1270 τὴν
1233 1198 1524 1269 ἐπιθυμίαν
1563 1194 1727 1249 αὐτοῦ
1763 1194 1940 1245 πᾶσαν
1973 1190 2108 1256 πληο

546 1286 725 1355 ρὼσας
754 1287 1070 1358 ἐξέρχεται·
1114 1288 1205 1340 καὶ
1247 1286 1413 1358 ὁρῶσι
1447 1286 1596 1337 πᾶσα
1637 1284 1670 1348 ἡ
1722 1281 1895 1342 πόλις,
1928 1278 1987 1329 οὐ
2016 1276 2109 1329 δύο

544 1374 734 1444 ἄνδρες
779 1376 872 1427 καὶ
914 1378 1080 1444 τρεῖς.
1115 1375 1224 1426 Καὶ
1267 1372 1422 1426 τοῦτο
1466 1372 1518 1425 δὲ
1564 1369 1672 1423 τῶν
1722 1365 1937 1435 πορνῶν
1982 1362 2108 1417 ἴδιόν

546 1464 711 1522 ἐστιν,
742 1463 819 1514 δτι
853 1462 943 1514 τοῦ
974 1463 1033 1515 τὸ
1063 1462 1280 1532 χρυσίον
1311 1461 1540 1523 διδόντος
1566 1457 1668 1511 είσί
1693 1476 1705 1489 ·
1739 1456 1840 1509 κᾶν
1866 1453 1971 1524 γὰρ
1993 1452 2111 1504 δοῦ·

546 1550 634 1612 λος
759 1551 859 1604 κᾶν
892 1552 1191 1622 ἐλεύθερος,
1222 1552 1324 1605 κᾶν
1356 1550 1674 1619 μονομάχος,
1709 1547 1810 1600 κᾶν
1841 1542 2108 1603 ὁστισοῦν,

547 1638 802 1710 προτείνῃ
832 1640 885 1690 δὲ
915 1639 1005 1691 τὸν
1036 1640 1248 1709 μισθὸν,
1293 1637 1676 1707 καταδέχονται
1702 1653 1715 1666 ·
1761 1634 1885 1698 τοὺς
1915 1632 1970 1685 δὲ
2004 1648 2110 1701 μη-

547 1726 632 1777 δὲν
651 1728 1049 1797 προτείνοντας,
1081 1728 1179 1780 κᾶν
1197 1729 1412 1781 πάντων
1432 1720 1563 1779 ὦσιν
1588 1724 1975 1793 εὐγενέστεροι,
2002 1738 2111 1790 χω-

555 1814 637 1883 ρὶς
663 1815 755 1868 τοῦ
784 1817 1046 1887 ἀργυρίου
1077 1818 1135 1869 οὐ
1176 1819 1511 1887 προσίενται.
1549 1815 1717 1869 Τοῦτο
1752 1813 1846 1867 καὶ
1880 1810 2114 1865 ἐνταῦθα

551 1898 695 1957 οὗτοι
732 1904 973 1959 ποιοῦσι·
1006 1907 1125 1969 τοῦς
1160 1907 1257 1976 μὲν
1289 1906 1481 1978 ὀρθοὺς
1511 1906 1823 1975 λογισμοὺς,
1859 1904 1986 1956 ὅταν
2014 1904 2113 1969 ἀρ-

551 1992 739 2063 γύριον
776 1994 849 2064 μὴ
881 1994 1074 2065 ἔχωσιν
1100 2035 1114 2055 ,
1153 1994 1613 2067 ἀποστρέφονται·
1658 1996 1767 2056 τοῖς
1812 1992 1868 2045 δὲ
1900 1994 2115 2062 μιαροῖς

553 2082 642 2134 καὶ
668 2081 832 2145 ὅντως
876 2083 1224 2154 θηριομάχοις
1266 2086 1607 2154 συγγίνονται
1647 2084 1733 2137 διὰ
1773 2084 1833 2137 τὸ
1872 2082 2112 2154 χρυσίον,

552 2169 643 2220 καὶ
690 2169 1009 2239 ἀσχημόνως
1056 2172 1433 2239 συγγίνονται,
1475 2174 1568 2226 καὶ
1616 2173 1674 2225 τὸ
1722 2171 1914 2233 κάλλος
1954 2170 2116 2222 ἀπολ-

553 2253 738 2308 λύουσι
775 2257 871 2325 τῆς
897 2258 1093 2327 ψυχῆς.
1142 2260 1406 2332 Καθάπερ
1435 2261 1542 2331 γὰρ
1574 2262 1777 2313 ἐκεῖναι
1823 2259 1981 2328 φύσει
2019 2256 2117 2327 μέν

553 2344 809 2413 ειδεχθεῖς
838 2348 928 2398 καὶ
958 2348 1200 2417 μέλαιναι
1233 2352 1324 2403 καὶ
1346 2349 1652 2418 ἀγροικίδες
1674 2350 1765 2401 καὶ
1786 2350 2005 2417 παχεϊαι
2026 2347 2119 2399 καὶ

553 2434 789 2504 ἄμορφοι
839 2437 930 2489 καὶ
973 2439 1337 2491 κακόπλαστοι
1366 2480 1380 2503 ,
1420 2440 1514 2493 καὶ
1559 2439 1824 2493 πάντοθεν
1850 2436 2071 2509 αἰσχραί
2103 2454 2116 2467 ο

553 2519 693 2573 οὕτω
720 2523 810 2575 καὶ
844 2526 897 2576 αί
928 2524 1129 2577 τούτων
1162 2526 1403 2593 γίνονται
1450 2526 1617 2596 ψυχαὶ
1643 2566 1658 2589 ,
1697 2527 1818 2580 οὐδὲ
1847 2530 1958 2590 τοῖς
1987 2525 2119 2590 ἔξω·

554 2606 645 2659 θεν
675 2609 1035 2681 ἐπιτρίμμασι
1079 2611 1176 2682 τὴν
1207 2613 1479 2684 ἀμορφίαν
1507 2613 1845 2683 συγκαλύψαι
1890 2614 2121 2684 δυνάμει

555 2715 665 2752 ναι.
690 2695 856 2749 Ὀταν
882 2698 988 2767 γάρ
1016 2699 1219 2769 ἐσχάτη
1303 2701 1585 2765 δυσείδεια,
1610 2703 1706 2755 ὅσα
1736 2703 1799 2755 ἂν
1826 2703 2121 2771 ἐπινοήσω-

558 2805 679 2851 σιν,
732 2783 849 2842 οὐδὲ
906 2785 1304 2859 ὑποκρίνασθαι
1344 2788 1617 2843 δύνανται.
1662 2790 1784 2844 Ὅτι
1828 2790 1936 2859 γὰρ
1976 2791 2125 2843 ἀναι-

560 2877 777 2943 σχυντία
801 2878 1000 2949 πόρνας
1026 2878 1189 2947 ποιεῖ,
1209 2876 1436 2935 ἄκουσον
1450 2878 1543 2932 τοῦ
1564 2882 1841 2949 προφήτου
1855 2880 2119 2946 λέγοντος·

570 2964 1166 3036 Ἀπηναισχύντησας
1181 2970 1330 3038 πρὸς
1344 2970 1587 3033 πάντας,
1605 2969 1742 3036 ὄψις
1762 2970 1978 3037 πιίονης
2003 2967 2126 3036 ἐγέ-

558 3054 699 3105 νετό
729 3070 845 3107 σοι.
883 3055 1050 3109 Τοῦτο
1085 3058 1179 3111 καὶ
1207 3059 1340 3130 πρὸς
1370 3063 1495 3124 τοὺς
1523 3059 1846 3119 πλεονέκτας
1872 3057 2016 3109 ἐστιν
2046 3058 2124 3107 εἱ-

562 3141 703 3201 πετνν
736 3142 1248 3213 ἀπηναισχύντησας
1270 3147 1411 3217 πρὸς.
1436 3148 1663 3211 πάντας,
1692 3148 1753 3201 οὐ
1780 3142 1915 3214 πρὸς
1938 3142 2125 3196 τούσδε

561 3228 655 3280 καὶ
682 3228 886 3293 τούσδε,
924 3231 1056 3284 άλλά
1103 3233 1235 3301 πρὸς
1280 3235 1505 3297 πάντας.
1558 3237 1716 3301 Πῶς;
1764 3237 1836 3288 Οὐ
1873 3230 2084 3304 πατέρα
2109 3272 2125 3297 ,

562 3318 658 3389 ούχ
686 3320 819 3384 υίὸν,
860 3322 917 3373 οὐ
960 3325 1222 3391 γυναῖκα,
1269 3324 1330 3378 00
1382 3327 1553 3393 φίλον,
1594 3326 1692 3379 οὐκ
1741 3324 1984 3392 ἀδελφὸν,
2030 3323 2129 3375 οὐκ

563 3407 873 3478 εὐεργέτην,
906 3410 1094 3464 οὐδένα
1117 3413 1301 3476 ἁπλῶς
1333 3414 1559 3467 αίδεῖται
1585 3416 1612 3466 0
1643 3412 1901 3475 τοιοῦτος.
1934 3412 2043 3463 Καὶ
2075 3410 2128 3463 τί

563 3494 702 3561 λέγω
734 3496 881 3563 φίλον
912 3500 1005 3550 καὶ
1032 3500 1257 3566 ἀδελφὸν
1291 3505 1384 3554 καὶ
1419 3502 1666 3572 πατέρα;
1712 3500 1874 3554 αὐτὸν
1914 3500 2012 3552 οὐκ
2044 3499 2129 3553 al—

565 3583 732 3636 δεῖται
764 3585 853 3637 τδν
885 3586 1035 3654 Θεὸν,
1069 3586 1203 3640 ἀλλά
1232 3588 1406 3642 πάντα
1441 3589 1607 3659 μῦθος
1632 3588 1778 3659 αὐτῷ
1804 3585 2126 3649 εἶναιδοκεῖ,

566 3673 661 3726 καὶ
695 3674 828 3744 γελᾷ
872 3672 975 3726 01:0
1019 3680 1119 3747 τῆς
1174 3677 1373 3746 πολλῆς
1419 3677 1711 3746 ἐπιθυμίας
1756 3677 1988 3747 μεθύων,
2037 3676 2131 3729 καὶ

566 3760 685 3813 οὐδέ
718 3764 782 3831 τῇ
824 3763 958 3834 ἀκοῇ
994 3765 1433 3837 παραδεχόμενός
1479 3783 1530 3818 τι
1565 3764 1672 3819 τῶν
1706 3766 1934 3833 ὠφελεῖν
1973 3765 2133 3817 αὑτὸν

566 3848 893 3916 δυναμένων.
932 3851 1069 3903 Ἀλλ’
1086 3850 1131 3904 ὢ
1155 3853 1252 3921 τῆς
1278 3852 1525 3916 ἀτοπίας,
1553 3854 1643 3907 καὶ
1677 3849 1763 3907 οἷα
1786 3852 2128 3921 φθέγγονται·

568 3937 705 3988 Οὐαί
741 3954 861 4001 σοι,
899 3942 1150 4009 μαμωνᾶ,
1180 3941 1374 4012 καὶτῷ
1415 3940 1489 4012 μὴ
1521 3942 1695 4011 ἔχοντί
1735 3944 1824 3994 ca!
1870 3940 2133 3995 Ἐνταῦθα

569 4023 578 4043 ¹
601 4024 719 4096 135]
748 4026 1063 4097 διαπρίομαι
1093 4029 1195 4081 01:0
1214 4028 1307 4082 τοῦ
1331 4030 1502 4099 θυμοῦ
1530 4047 1542 4062 ’
1567 4030 1687 4082 000:1
1715 4030 1821 4099 γὰρ
1836 4031 1947 4093 τοῖς
1962 4029 2132 4083 ταῦτα

567 4111 803 4179 λέγουσι,
839 4113 940 4166 κᾶν
980 4114 1035 4167 ἐν
1067 4116 1258 4183 γέλωτι
1302 4117 1552 4185 λέγωσιν.
1598 4118 1731 4171 Είπέ
1775 4134 1865 4185 μοι
1911 4116 2041 4189 γὰρ,
2071 4119 2129 4170 οὐ

568 4199 823 4267 τοιαύτην
848 4200 1071 4271 ἀπειλὴν
1098 4202 1387 4273 ἠπείλησεν
1414 4205 1442 4256 0
1469 4204 1601 4270 Θεὸς
1630 4206 1825 4272 λέγων·
1854 4208 1934 4259 Οὐ
1957 4204 2133 4259 δύνα-

570 4291 679 4341 σθε
726 4289 868 4343 δυσί
906 4293 1131 4359 κυρίοις
1175 4292 1524 4359 δουλεύειν;
1572 4296 1633 4347 σὺ
1683 4296 1739 4348 δὲ
1784 4296 1996 4359 ὲκλύεις
2036 4296 2134 4366 τὴν

570 4377 817 4448 ἀπειλὴν,
855 4379 1078 4432 τοιαῦτα
1110 4381 1321 4451 τολμῶν
1363 4382 1692 4451 φθέγγεσθαι
1734 4385 1825 4437 ἐπὶ
1869 4385 2023 4455 κακῷ
2060 4384 2136 4454 τῷ

572 4466 833 4532 σεαυτοῦ;
880 4468 979 4520 οὐκ
1024 4468 1466 4540 είδωλολατρείαν
1512 4472 1677 4541 αὐτὴν
1721 4468 1856 4524 εἷναί
1900 4490 2064 4542 φησιν
2111 4474 2138 4525 0

576 4552 801 4617 Παῦλος,
832 4555 926 4607 καὶ
957 4556 1048 4608 τὸν
1084 4557 1408 4627 πλεονέκτην
1436 4559 1823 4630 εἰδωλολάτρην
1851 4559 2040 4627 καλεῖ;
2074 4560 2135 4612 σὺ

573 4640 626 4691 δὲ
655 4640 890 4709 ἕστηκας
914 4643 1087 4710 γελῶν
1119 4646 1261 4698 κατὰ
1295 4646 1391 4709 τὰς
1436 4646 1692 4714 βιωτικάς
1724 4654 2007 4715 γυναῖκας,
2050 4665 2139 4716 γε-

573 4727 880 4780 λωτοποιῶν
911 4730 1049 4782 κατά
1080 4730 1174 4792 τὰς
1203 4733 1260 4783 ἐν
1284 4735 1349 4802 τῇ
1390 4738 1559 4804 σκηνῇ
1586 4747 1609 4775 ι
1634 4752 1647 4799 ;

643 4816 703 4870 δ’.
732 4817 898 4870 Τοῦτο
932 4820 1105 4872 πάντα
1137 4819 1416 4889 ἀνέτρεψε,
1440 4822 1592 4875 τοῦτο
1629 4824 1893 4876 κατέϐαλε
1918 4840 1929 4853 ·
1968 4825 2140 4893 γέλως

575 4904 759 4970 γέγονε
794 4905 860 4957 τὰ
893 4906 1134 4976 ἡμέτερα
1178 4908 1271 4960 καὶ
1318 4908 1634 4978 πολιτισμός
1678 4911 1771 4963 καὶ
1816 4894 2098 4981 ἀστειόέης
2126 4931 2137 4943 ·

576 4991 724 5043 οὐδὲν
748 4992 1022 5054 εὐσταθὲς,
1051 4993 1201 5046 οὐδὲν
1236 4996 1507 5062 στιϐαρόν.
1547 4998 1618 5050 Οὐ
1652 4998 1785 5067 πρὸς
1811 5000 1936 5062 τοὺς
1965 4998 2143 5069 βιωτι-

578 5078 705 5135 κούς
744 5078 937 5147 ἄνδρας
976 5079 1134 5148 μόνον
1164 5080 1306 5150 λέγω
1329 5082 1523 5148 ταῦτα,
1557 5085 1668 5137 ἀλλ’
1700 5080 1813 5137 οῖδα
1853 5085 1946 5148 οὒς
1974 5085 2144 5138 αἰνίτ-

579 5179 738 5232 τομαι
763 5180 774 5193 ·
808 5165 1041 5232 γέλωτος
1068 5168 1173 5237 γάρ
1200 5169 1578 5240 ἐμπέπλησται
1617 5173 1649 5241 ἠ
1700 5173 2015 5244 Ἐκκλησία.
2048 5175 2145 5225 Ἂν

581 5253 610 5303 0
636 5252 779 5305 δεῖνα
808 5255 1017 5308 ἀστεῖον
1047 5258 1196 5328 εἴπῃ,
1222 5258 1392 5325 γέλως
1432 5260 1633 5324 εὐθέως
1668 5263 1723 5312 ὲν
1756 5265 1867 5324 τοῖς
1901 5261 2147 5332 καθημέ⁴

583 5359 691 5403 νοις
717 5343 922 5409 γίνεται
948 5361 960 5373 ·
1000 5346 1091 5397 καὶ
1132 5348 1190 5399 τὸ
1220 5346 1551 5417 θαυμαστὸν,
1596 5352 1651 5401 ἐν
1682 5350 1831 5419 αὐτῷ
1865 5350 1940 5420 τῷ
1970 5350 2145 5420 καιρῷ

580 5432 677 5497 τῆς
707 5430 871 5499 εὐχῆς
899 5432 956 5483 οὐ
991 5432 1247 5487 παύονται
1280 5436 1462 5489 πολλοὶ
1510 5438 1601 5489 τοῦ
1636 5440 1818 5508 γελᾷ-ι.
1868 5439 2145 5508 Πανταχοῦ

582 5518 793 5585 χορεύει
818 5520 845 5568 0
874 5519 1134 5584 διάϐολος,
1181 5526 1383 5586 πάντας
1426 5524 1729 5584 ἐνεδύσατο,
1770 5526 1982 5578 πάμτων
2021 5543 2147 5593 κρα-

581 5607 701 5656 τεῖ·
747 5607 1041 5676 ἡτίμασται
1082 5610 1109 5661 0
1156 5611 1406 5681 Χριστὸς,
1456 5614 1801 5683 παρέωσται,
1843 5616 1898 5666 ἐν
1936 5615 2148 5677 οὐδενός

644 5728 659 5746 ⁸
695 5725 854 5801 (Mt?!
882 5733 1029 5801 Υθνῷν
1053 5738 1129 5782 καὶ
1155 5736 1235 5792 τὰς
1285 5737 1508 5799 βιωτικάς
1550 5739 1768 5798 γυναῖκας
1816 5742 2144 5800 γεὶωτοπειῶν

582 5805 667 5843 τας
691 5796 735 5835 έν
761 5796 815 5851 τῇ
846 5800 1010 5855 σκηνῇ,

3678 346 3780 402 me

2209 475 2323 526 ἐστι
2361 477 2574 545 μέρειή
2615 472 2899 543 ἐκκλησία.
2931 470 3043 522 Οὐκ
3087 463 3307 520 ἀκούετε
3349 463 3560 516 Παύλου
3597 460 3782 529 λέγον-

2209 582 2316 627 τος⁹
2337 566 2690 632 Αἱσχρότης,
2706 563 2802 616 καὶ
2822 560 3177 631 μωρολογία,
3192 556 3284 610 καί
3301 554 3662 620 εὐτραπελία
3675 552 3781 620 dp-

2208 653 2363 719 θήτω
2390 654 2490 721 ἀφ’
2510 652 2697 717 ὐμῶν;
2720 652 2869 703 Μετὰ
2896 650 2993 717 τῆς
3016 648 3366 717 αίσχρότητος
3392 642 3490 713 τὴν
3519 641 3785 704 εὐτραπε-

2208 742 2326 795 λίαν
2360 742 2539 809 τίθησι
2563 757 2575 769 δ
2629 741 2693 792 σύ
2731 739 2786 791 δὲ
2824 737 3023 807 γελᾷς;
3071 732 3397 803 Μωρολογία
3432 730 3485 783 τί
3519 731 3632 781 ἐστι
3664 745 3678 791 ;
3717 727 3785 780 τά

2212 831 2377 901 μηδὲν
2419 828 2609 900 ἔχοντα
2650 828 2940 897 χρήσιμον.
2977 823 3146 893 Γελᾷς
3183 822 3241 875 δὲ
3271 821 3427 883 ὅλως,
3460 818 3554 870 καὶ
3582 816 3785 884 διαχεῖς

2209 921 2268 972 τὸ
2292 919 2580 987 πρόσωπον
2603 918 2631 969 ὁ
2662 915 2907 989 μονάζων
2935 933 2950 982 ;
2983 916 3011 967 0
3036 910 3469 982 ἐσταυρωμένος,
3492 908 3519 960 0
3536 903 3783 989 πενθῶν,

2211 982 2408 1077 γελᾷς,
2456 1005 2577 1057 είπέ
2624 982 2751 1074 μοις
2798 1002 2904 1055 ΙΙοῦ
2939 1001 3031 1054 τοῦ
3075 998 3311 1070 Χριστοῦ
3344 996 3503 1049 τοῦτο
3536 982 3787 1063 ’ἤκουσας

2215 1096 2526 1159 ποιοῦντος;
2557 1092 2830 1163 Οὐδαμοῦ,
2862 1090 2999 1144 ἀλλά
3029 1087 3401 1157 κατηφοῦντος
3441 1085 3541 1154 μὲν
3586 1079 3789 1135 πολλά-

2214 1202 2321 1249 κις.
2354 1184 2464 1236 Καὶ
2490 1184 2599 1251 γὰρ
2640 1182 2729 1235 ὅτε
2766 1181 2864 1251 τὴν
2909 1175 3267 1248 Ἰερουσαλὴμ
3294 1170 3454 1236 εἶδεν,
3494 1172 3785 1240 ἐδάκρυσε,

2214 1274 2307 1325 καὶ
2339 1273 2428 1325 ὅτε
2452 1273 2541 1324 τὸν
2573 1269 2838 1339 προδότην
2872 1267 3153 1337 ἐνενόησεν
3177 1306 3192 1329 ,
3224 1260 3499 1333 ἐταράχθη
3520 1299 3535 1321 ,
3574 1258 3669 1311 καὶ
3697 1257 3788 1310 ὅτε

2212 1362 2303 1412 τὸν
2333 1361 2580 1429 Λάζαρον
2612 1357 2835 1425 ἔμελλεν
2860 1356 3116 1425 ἐγείρειν,
3147 1352 3371 1405 ἔκλαυσε
3390 1368 3402 1381 ο
3433 1348 3496 1401 σὺ
3517 1347 3570 1399 δὲ
3594 1346 3786 1415 γελᾷςς

2215 1449 2277 1502 El
2306 1449 2397 1503 ἐπὶ
2421 1450 2528 1510 τοῖς
2567 1445 2769 1515 ἑτέρων
2803 1445 3191 1513 ἁμαρτήμασιν
3230 1442 3258 1493 ὁ
3306 1438 3380 1509 μὴ
3423 1437 3622 1505 ἀλγῶν,
3653 1451 3791 1489 κατ-

2213 1541 2437 1611 ηγορίας
2466 1537 2650 1603 ἄξιος·
2680 1539 2707 1590 0
2739 1536 2830 1590 ἐπὶ
2860 1536 2969 1597 τοῖς
2984 1532 3149 1587 αὐτοῦ
3174 1530 3489 1598 ἀναλγήτως
3517 1524 3793 1594 διακείμε-

2214 1646 2302 1691 νος
2326 1630 2418 1681 καὶ
2444 1627 2637 1695 γελῶν,
2661 1624 2815 1688 ποίας
2836 1625 2987 1677 ἔσται
3009 1620 3333 1689 συγγνώμης
3359 1617 3525 1681 ἀξιος;
3556 1613 3790 1675 Πένθους

2214 1718 2243 1769 0
2272 1714 2459 1786 παρὼν
2504 1714 2691 1782 καιρὸς
2730 1714 2826 1766 καὶ
2856 1712 3108 1780 θλίψεως,
3151 1703 3515 1773 ὐπωπιασμοῦ
3550 1703 3642 1756 καὶ
3672 1700 3793 1757 00:2-

2217 1804 2511 1872 λαγωγίας,
2548 1802 2773 1870 ἀγώνων
2810 1800 2905 1853 καὶ
2948 1797 3185 1869 ἱδρώτων
3213 1811 3227 1825 ·
3263 1794 3327 1847 σὺ
3357 1793 3413 1846 δὲ
3446 1791 3605 1861 γελᾷς
3633 1806 3647 1855 ;
3675 1789 3791 1855 Οὐχ

2216 1897 2345 1966 ὁρᾷς
2368 1895 2484 1957 πῶς
2513 1890 2815 1961 ἐπετιμήθη
2846 1890 3049 1961 Σάρρα;
3074 1887 3174 1940 οὐκ
3201 1882 3417 1943 ἀκούεις
3440 1880 3532 1933 τοῦ
3554 1875 3790 1949 Χριστοῦ

2216 1985 2481 2053 λέγοντος
2514 1982 2659 2037 Οὐαί
2690 1984 2744 2035 οί
2769 1978 3082 2050 γελῶντες,
3111 1977 3197 2029 ὅτι
3229 1974 3634 2030 κλαύσονται;
3658 1968 3796 2019 Ταῦ-

2218 2052 2529 2140 ταψάλλεις
2548 2068 2669 2121 καθ’
2688 2067 2922 2136 ἑκάστην
2946 2065 3179 2135 ἡμέραν.
3209 2062 3276 2114 Τί
3304 2059 3408 2128 γὰρ
3431 2058 3630 2125 λέγεις,
3667 2052 3790 2107 εἰπέ

2224 2176 2348 2227 μοι;
2380 2160 2458 2210 ὅτι
2505 2156 2798 2224 Ἐγέλασα;
2832 2151 3093 2222 Οὐδαμῶς
3115 2167 3129 2181 ο
3165 2149 3300 2204 ἀλλὰ
3324 2151 3377 2200 τί
3404 2164 3417 2211 ;
3462 2142 3795 2200 Ἐκοπίασα

2219 2247 2288 2298 ἐν
2316 2244 2393 2310 τῷ
2422 2242 2732 2312 στεναγμῷ
2766 2259 2906 2311 μου.
2944 2239 3104 2293 Ἀλλά
3134 2239 3274 2307 τάχα
3313 2236 3455 2297 τινές
3486 2236 3621 2288 είσιν
3646 2230 3792 2284 οὕτω

2220 2333 2599 2403 διακεχυμένοι
2634 2332 2725 2385 καὶ
2757 2330 2943 2399 χαῦνοι
2968 2371 2981 2389 ,
3016 2328 3090 2390 ὡς
3130 2327 3221 2379 καί¹
3256 2328 3313 2379 ὲν
3362 2326 3427 2393 τῇ
3478 2322 3793 2389 ἐπιτιμήσει

2222 2422 2388 2493 ταύτῃ
2411 2422 2595 2492 γελᾷν,
2618 2421 2699 2473 ὅτι
2727 2420 2788 2489 δὴ
2814 2419 2939 2488 περὶ
2960 2418 3192 2484 γέλωτος
3215 2413 3387 2467 ταῦτα
3409 2407 3792 2479 διαλεγόμεθα.

2222 2513 2331 2566 Καὶ
2359 2515 2464 2580 γὰρ
2492 2509 2729 2564 τοιοῦτόν
2760 2511 2905 2560 ἐστιν
2945 2509 2978 2577 ἡ
3020 2502 3332 2575 παραφορὰ,
3361 2500 3584 2567 τοιαύτη
3615 2500 3649 2569 ἡ
3694 2515 3795 2551 πα-

2228 2598 2520 2670 ραπληξία,
2552 2596 2671 2650 οὐδὲ
2698 2595 3012 2650 αἰσθάνεται
3045 2592 3139 2662 τῆς
3172 2590 3567 2659 ἐπιτιμήσεως.

2296 2687 2444 2759 [156]
2476 2688 2745 2756 ’Έστηκεν
2773 2686 2800 2737 0
2834 2684 3009 2753 ἱερεὺς
3035 2682 3128 2734 τοῦ
3158 2678 3293 2734 Θεοῦ
3327 2680 3424 2747 τὴν
3456 2678 3669 2730 πάντων
3700 2674 3795 2725 εὐ-

2227 2779 2325 2849 χὴν
2355 2777 2638 2847 ἀναφέρων
2665 2791 2676 2804 ·
2717 2775 2779 2827 σὺ
2823 2774 2875 2826 δὲ
2920 2771 3083 2842 γελᾷς
3108 2812 3121 2832 ,
3169 2770 3321 2823 οὐδὲν
3370 2764 3661 2827 δεδοικώς;
3704 2761 3798 2814 καί¹

2230 2867 2434 2926 ἐκεῖνος
2479 2862 2577 2932 μὲν
2619 2862 2835 2933 τρέμων
2871 2861 3011 2930 ὑπὲρ
3042 2856 3135 2911 σοῦ
3171 2856 3269 2918 τάς
3308 2853 3472 2924 εὐχάς
3514 2850 3793 2920 ἀναφέρει,

2229 2956 2293 3008 σὺ
2323 2953 2379 3006 δὲ
2407 2952 2763 3021 καταφρονεῖς
2791 2968 2803 3015 ;
2842 2949 2954 3001 Οὐκ
2980 2946 3195 3008 ἀκούεις
3227 2946 3327 3014 τῆς
3353 2940 3575 3011 Γραφῆς
3608 2937 3797 3005 λεγού-

2230 3060 2359 3115 σης⁸
2396 3041 2539 3095 Οὐαί
2578 3042 2631 3094 οί
2674 3036 3112 3105 καταφρονηταί
3130 3050 3147 3097 ;
3179 3033 3238 3085 οὐ
3284 3030 3565 3101 φρίττεις;
3609 3026 3671 3079 00
3702 3042 3801 3079 ου-

2231 3130 2468 3192 στέλλεις
2502 3126 2729 3191 σαυτόν;
2762 3125 2871 3176 Καὶ
2913 3124 2993 3185 είς
3029 3122 3127 3190 μὲν
3171 3118 3415 3189 βασίλεια
3460 3114 3665 3179 εἰσιὼν,
3706 3112 3803 3165 καὶ

2232 3218 2468 3291 σχήματι
2499 3215 2591 3267 καὶ
2625 3212 2897 3283 βλέμματι
2929 3211 3024 3262 καὶ
3066 3206 3357 3278 βαδίσματι
3395 3204 3490 3257 καὶ
3527 3204 3660 3255 πᾶσι
3688 3202 3804 3262 τοῖς

2229 3286 2405 3369 ἄλλοις
2434 3304 2657 3374 κοσμεῖς
2691 3299 2884 3353 σαυτόν
2905 3314 2918 3327 ο
2964 3293 3197 3349 ἐνταῦθα
3233 3293 3319 3355 δὲ,
3364 3289 3491 3342 ἔνθα
3530 3288 3605 3341 -τά
3634 3286 3803 3347 ὄντως

2231 3400 2347 3450 ἐστὶ
2378 3396 2640 3467 βασίλεια,
2669 3392 2764 3445 καὶ
2795 3386 3020 3444 τοιαῦτα
3057 3381 3145 3441 οἷα
3186 3383 3255 3440 τὰ
3295 3382 3523 3453 οὐράνια
3545 3417 3560 3441 ,
3592 3380 3686 3432 καὶ
3712 3393 3805 3446 γε-

2231 3486 2359 3557 λᾷς;
2394 3485 2463 3537 Σὺ
2489 3484 2587 3554 μὲν
2615 3477 2706 3533 οῦν
2733 3475 2847 3531 οἶδα
2876 3478 2956 3530 ὅτι
2980 3477 3078 3545 οὐχ
3116 3474 3246 3545 ὁρᾷς
3271 3488 3284 3502 ⁸
3319 3471 3482 3525 ἄκουε
3512 3468 3569 3521 δὲ
3601 3468 3682 3520 ὅτι
3710 3465 3809 3533 ἀγα

2232 3577 2377 3643 γελοι
2403 3574 2625 3644 πάρεισι
2653 3567 2945 3639 πανταχοῦ,
2980 3567 3072 3619 καὶ
3103 3564 3334 3635 μάλιστα
3361 3562 3418 3613 ἐν
3448 3558 3524 3627 τῷ
3552 3558 3684 3626 οἴκῳ
3708 3555 3804 3608 τοῦ

2233 3665 2366 3719 Θεοῦ
2398 3663 2773 3733 παρεστήκασι
2808 3658 2885 3729 τῷ
2931 3654 3160 3727 βασιλεῖ,
3190 3654 3285 3707 καὶ
3315 3650 3490 3703 πάντα
3521 3645 3807 3733 ἐῌμπέπλη-

2236 3771 2355 3807 σται
2382 3753 2490 3806 τῶν
2534 3748 2837 3819 ἀσωμάτων
2878 3744 3101 3798 ἐκείνων
3143 3739 3445 3810 δυνάμεων.
3490 3729 3656 3795 Οὗτος
3686 3731 3812 3801 ἐμοὶ

2236 3844 2326 3897 καὶ
2362 3840 2498 3911 πρὸς
2542 3818 2805 3907 γυναῖκας
2837 3836 2863 3887 ὀ
2891 3833 3067 3899 λόγος,
3102 3828 3158 3883 αἶ
3201 3828 3291 3881 ἐπὶ
3322 3825 3422 3895 μὲν
3461 3821 3571 3876 τῶν
3602 3818 3811 3889 ἀνδρῶν

2236 3932 2295 3986 00
2325 3928 2564 3999 τολμῶσι
2593 3925 2751 3979 τοῦτο
2788 3923 2962 3974 ποιεῖν
2991 3917 3220 3988 ταχέως,
3253 3913 3357 3967 κᾶν
3387 3909 3583 3964 ποιῶσι
3608 3908 3684 3968 δὲ,
3710 3907 3811 3959 οὐκ

2237 4020 2343 4081 ἀεὶ,
2372 3991 2505 4069 ἀλλά
2536 4012 2685 4079 παρά
2712 4009 2800 4061 τὸν
2837 4002 3028 4075 καιρὸν
3052 4003 3150 4073 τῆς
3180 3998 3415 4059 ἀνέσεως
3442 4012 3453 4023 ·
3489 3992 3726 4048 ἐνταῦθα
3755 3991 3813 4044 δὲ

2238 4109 2342 4162 ἀεί.
2374 4101 2845 4163 Κατακαλύπτεις,
2878 4096 2998 4150 είπέ
3028 4111 3139 4165 μοι,
3170 4091 3268 4163 τὴν
3298 4088 3561 4157 κεφαλὴν,
3597 4085 3690 4139 καὶ
3720 4100 3815 4151 γε·

2237 4199 2354 4268 10;,
2388 4190 2432 4248 ὦ
2460 4194 2641 4262 γύναι,
2671 4192 2727 4242 ἐν
2768 4185 3034 4255 ἐκκλησίᾳ
3074 4180 3356 4251 καθημένη
3384 4194 3399 4244 ;
3448 4174 3693 4244 εἰσῆλθες
3729 4168 3817 4268 ἐς-

2238 4258 2671 4356 ομολογὴ-σασθαι
2702 4278 2767 4331 τά
2798 4275 3194 4345 ἁμαρτήματα,
3214 4267 3542 4339 προσπεσεῖν
3563 4262 3638 4332 τῷ
3667 4258 3808 4329 Θεῷ,

2237 4372 2488 4443 δεηθῆναι
2518 4368 2610 4422 καὶ
2641 4364 2912 4418 ἱκετεῦσαι
2937 4362 3077 4429 ὑπὲρ
3107 4357 3214 4411 τῶν
3246 4353 3429 4409 κακῶς
3461 4368 3543 4403 σοι
3565 4350 3819 4417 πεπλημ-

2243 4431 2579 4532 μελημένων,
2616 4455 2708 4506 καὶ
2744 4452 2879 4522 μετά
2900 4448 3131 4517 γέλωτος
3164 4442 3318 4497 τοῦτο
3342 4442 3541 4504 ποιεῖςξ
3571 4437 3692 4498 Πῶς
3720 4431 3819 4490 οὖν

2241 4526 2400 4602 αὐτὸν
2438 4540 2823 4612 ἐξιλεώσασθαι
2852 4538 3056 4607 δυνήσῃ
3085 4554 3100 4596 ;
3144 4533 3252 4587 Καὶ
3276 4531 3328 4585 τί
3358 4530 3527 4584 κακὸν
3559 4530 3586 4580 0
3617 4526 3815 4594 γέλως,

2243 4635 2404 4707 φησίν
2436 4653 2449 4701 ;
2480 4632 2555 4686 Οὐ
2584 4630 2750 4685 κακὸν
2775 4630 2802 4681 0
2828 4626 3019 4694 γέλως,
3058 4622 3195 4676 0110
3221 4621 3389 4674 κακὸν
3424 4618 3486 4670 τὸ
3526 4616 3676 4686 παρά
3717 4617 3821 4685 μέ-

2242 4704 2389 4797 τρον,
2419 4722 2478 4774 τὸ
2502 4720 2746 4789 ἄκαιρον.
2765 4718 2822 4768 Ὀ
2844 4713 3014 4782 γέλως
3044 4711 3283 4778 ἔγκειται
3306 4709 3363 4762 ἐν
3384 4708 3537 4777 ἡμῖν,
3576 4704 3661 4769 ἶν’,
3688 4704 3822 4757 ὅταν

2245 4791 2429 4883 φίλους
2464 4812 2661 4879 ἴδωμεν
2691 4807 2778 4859 διὰ
2828 4800 3039 4873 μακροῦ
3082 4800 3275 4870 χρόνου
3301 4837 3314 4859 ,
3344 4794 3506 4849 τοῦτο
3548 4791 3815 4861 ποιῶμεν,

2244 4880 2370 4957 δταν
2407 4899 2560 4961 τινὰς
2605 4890 3163 4962 καταπεπληγμένους
3205 4887 3298 4940 καὶ
3344 4882 3646 4945 δεδοικότας
3673 4922 3688 4945 ,
3732 4880 3825 4933 ἀν‹

2246 4992 2392 5062 ῶμεν
2418 4989 2613 5050 αὐτοὺς
2633 4984 2707 5055 τῷ
2735 4982 3067 5054 μειδιάματι,
3096 4979 3194 5048 οὐχ
3219 4977 3305 5029 ἵνα
3322 4970 3819 5041 άνακαγχάζωμεν,

2247 5084 2336 5137 καὶ
2359 5080 2444 5133 ἀεὶ⁸
2469 5076 2713 5147 γελῶμεν
2732 5091 2745 5104 ·
2792 5074 2821 5125 0
2851 5070 3023 5139 γέλως
3051 5068 3293 5135 ἔγκειται
3317 5066 3383 5134 τῇ
3410 5064 3554 5132 ψυχῇ
3588 5063 3653 5131 τῇ
3679 5062 3822 5129 ἡμε-

2246 5170 2399 5240 τέρᾳ,
2430 5167 2515 5218 ἵνα
2561 5160 2753 5234 ἁνῆταί
2784 5176 2912 5213 ποτε
2958 5160 2991 5228 ἡ
3028 5155 3174 5227 ψυχὴ
3197 5196 3212 5219 ,
3250 5153 3349 5224 οὐχ
3391 5152 3475 5204 ἵνα
3515 5148 3823 5219 διαχέηται.

2261 5234 2411 5311 Ἐπεὶ
2446 5255 2539 5308 καὶ
2573 5249 2835 5320 ἐπιθυμία
2863 5249 2996 5318 ἡμῖν
3032 5244 3275 5313 ἔγκειται
3312 5237 3605 5309 σωμάτων.
3637 5236 3729 5288 καὶ
3758 5234 3824 5288 00

2251 5346 2463 5405 πάντως
2488 5341 2698 5410 ἀνάγκη
2730 5337 2817 5390 διὰ
2844 5337 2904 5389 τὸ
2947 5331 3225 5404 ἐγκεῖσθαι
3262 5329 3355 5382 καὶ
3398 5328 3535 5396 αὐτῇ
3566 5322 3824 5395 χρῆσθαι,

2249 5437 2281 5507 ἢ
2321 5433 2619 5505 κεχρῆσθαι
2649 5430 2901 5501 ἀμέτρως
2930 5443 2943 5457 ο
2990 5424 3125 5478 ἀλλά
3170 5422 3261 5474 καὶ
3291 5416 3601 5490 κρατοῦμεν
3630 5413 3825 5483 αὐτῆς,

2250 5501 2345 5578 καὶ
2370 5501 2707 5591 λέγομεν,
2740 5515 2957 5586 Ἐπειδὴ
2989 5514 3251 5582 ἔγκειται,
3288 5505 3643 5581 χρησώμεθα.
3671 5501 3831 5557 Μετὰ

2250 5612 2500 5682 δακρύων
2537 5609 2753 5661 δούλευε
2781 5605 2859 5676 τῷ
2890 5602 3029 5672 Θεῷ,
3073 5602 3159 5653 ἵνα
3192 5596 3425 5667 δυνηθῇς
3463 5591 3830 5661 ἀπονίψασθαι

2250 5703 2317 5753 τὰ
2353 5698 2735 5771 ἡμαρτημένα.
2769 5692 2897 5749 Οἶδα
2936 5694 3015 5745 δτι
3046 5690 3229 5744 πολλοὶ
3270 5684 3651 5753 διαμωκῶνται
3681 5682 3828 5752 ἡμᾶς

2254 5792 2521 5855 λέγοντες,
2542 5785 2758 5847 Εὐθέως
2786 5782 3015 5853 δάκρυα.
3039 5779 3137 5832 Διὰ
3164 5776 3321 5831 τοῦτο
3342 5772 3594 5842 δακρύων
3614 5768 3827 5839 καιρός.
