4122 6338
357 353 446 410 liii

352 465 564 515 rantes.
585 453 688 511 Hic
714 458 897 510 autem
928 455 1035 507 stat
1067 461 1288 514 avarus,
1314 461 1427 502 non
1452 445 1624 511 domi,
1649 445 1743 502 sed
1766 445 1820 500 in
1845 459 1954 501 me-

352 556 442 610 dia
474 553 725 615 civitate,
749 563 855 603 non
879 560 1105 616 corpus,
1126 542 1222 600 sed
1243 542 1486 599 animam
1507 540 1728 598 diabolo
1750 545 1951 614 prosti-

356 660 540 709 tuens,
565 655 628 701 ut
659 651 712 700 et
746 648 903 699 coeat
927 649 981 696 et
1006 639 1074 694 ad
1107 638 1286 709 ipsum
1318 637 1632 693 meretricis
1666 636 1843 692 instar
1868 636 1949 692 in-

352 718 638 809 gredialur
662 779 677 804 ,
711 744 767 793 et
797 733 946 790 omni
984 733 1107 804 ejus
1137 731 1361 802 impleta
1378 729 1636 786 olibidine
1677 741 1870 798 exeat;
1899 740 1953 787 et

356 835 499 890 videt
543 840 656 888 tota
696 829 923 893 civitas,
965 841 1076 882 non
1117 825 1228 881 duo
1260 832 1358 879 aut
1397 830 1509 881 tre's
1548 822 1674 877 viri.
1722 821 1836 878 Hoc
1867 834 1952 879 est

351 928 517 982 etiam
549 923 833 995 proprium
861 920 1240 984 meretricum,
1265 917 1412 987 quod
1443 916 1566 987 ejus
1597 916 1708 971 sint
1741 915 1834 986 qui
1859 915 1953 970 dat

355 1033 546 1074 aurum
569 1035 582 1070 :
607 1025 662 1072 et
686 1015 810 1071 licet
831 1014 902 1069 sit
926 1027 1140 1079 servus,
1162 1011 1290 1067 licet
1315 1011 1476 1077 liber,
1502 1010 1630 1066 licet
1655 1009 1948 1082 gladiator,

353 1112 480 1168 licet
499 1110 751 1182 quilibet,
773 1108 816 1165 si
841 1107 1088 1178 porrigat
1110 1105 1446 1167 mercedem,
1469 1104 1622 1159 illum
1643 1103 1948 1174 excipiunt;

352 1203 556 1258 liberos
577 1209 786 1267 autem,
805 1199 971 1256 etiam
995 1198 1040 1254 si
1056 1197 1167 1254 sint
1187 1198 1436 1252 omnium
1458 1196 1812 1263 nobilissimi,
1833 1197 1952 1254 sine

351 1295 586 1365 pecunia
609 1308 717 1346 non
737 1291 1052 1346 admittunt.
1078 1289 1194 1344 Hoc
1219 1290 1309 1345 isti
1344 1303 1565 1360 qucque
1595 1288 1803 1344 faciunt
1829 1305 1844 1342 :
1872 1304 1951 1344 reo

348 1395 468 1444 etas
485 1385 709 1457 quidem
732 1384 1119 1454 cogitationes,
1138 1399 1264 1438 cum
1288 1383 1580 1455 pecuniam
1603 1399 1708 1436 non
1726 1382 1947 1447 habent,

350 1486 711 1545 aversantur;
734 1493 859 1533 cum
883 1477 1168 1534 sceleratis
1187 1487 1369 1532 autem
1387 1485 1440 1531 et
1457 1475 1852 1532 bestiariorum
1877 1475 1953 1529 di-

348 1571 472 1644 gnis
499 1579 696 1626 coeunt
728 1580 948 1642 prepter
980 1584 1200 1636 aurum,
1227 1570 1631 1640 inhonestaque
1656 1579 1876 1633 coeunt,
1898 1576 1952 1622 ct

351 1665 589 1736 perdunt
611 1666 808 1719 animae
830 1659 1325 1734 pulchritudinem.
1357 1661 1492 1717 Nam
1519 1670 1578 1717 ut
1613 1663 1718 1718 illae
1751 1671 1950 1716 natura

347 1756 572 1825 quidem
601 1755 881 1811 deformes
903 1763 958 1811 et
991 1755 1179 1827 nigrae,
1198 1763 1557 1827 agrestesque
1589 1763 1643 1810 et
1665 1769 1869 1811 crassa:
1897 1763 1952 1809 et

345 1846 642 1916 informes,
666 1859 720 1904 et
746 1865 855 1904 non
885 1856 1052 1904 reette
1076 1847 1286 1922 figurae,
1312 1858 1365 1905 et
1387 1850 1537 1904 omni
1563 1867 1627 1905 ex
1656 1857 1812 1920 parte
1837 1856 1952 1903 tur-

348 1956 442 2011 pes
466 1958 478 1993 :
503 1941 578 1994 ita
601 1940 798 1996 borum
828 1956 1048 2012 quoque
1070 1943 1208 1997 [lunt
1231 1942 1452 2010 animae,
1476 1958 1598 2014 quae
1618 1958 1688 1999 ne
1707 1942 1952 1998 externis

349 2033 571 2104 quidem
594 2033 744 2090 illitis
768 2033 914 2091 fucis
939 2034 1351 2091 deformitatem
1379 2044 1613 2106 possunt
1630 2045 1950 2107 contegere.

347 2125 485 2181 Nam
509 2127 735 2198 quando
753 2135 997 2184 extrema
1024 2128 1188 2184 fuerit
1205 2127 1550 2196 deformitas,
1572 2129 1840 2201 quidquid
1864 2146 1954 2185 ex-

346 2216 666 2288 cogitarint,
683 2233 783 2273 nec
808 2227 1039 2289 possunt
1063 2228 1242 2276 tamen
1268 2221 1548 2292 obtegere.
1569 2221 1780 2277 Etenim
1804 2221 1952 2293 quod

347 2311 692 2380 impudentia
717 2313 913 2368 eliiciat
957 2313 1308 2379 meretrices,
1339 2314 1468 2368 audi
1510 2314 1832 2385 prophetam
1871 2313 1927 2368 di

345 2409 599 2455 centeni:
633 2398 914 2467 [mpudens
940 2401 1076 2468 facta
1103 2417 1154 2454 es
1182 2402 1247 2453 ad
1278 2415 1450 2454 omnes
1473 2442 1488 2466 ,
1534 2401 1624 2453 tibi
1654 2403 1749 2471 fuit
1779 2400 1935 2470 facies

348 2491 626 2545 meretricis
658 2490 789 2557 (Jer.
825 2494 877 2548 5.
911 2492 987 2559 ὅ).
1020 2491 1132 2545 Hoc
1168 2492 1327 2545 etiam
1362 2491 1466 2545 dici
1505 2498 1683 2560 potest
1713 2490 1928 2543 avaris:

345 2581 634 2650 lmpudens
663 2582 835 2637 factus
881 2598 939 2637 es
985 2583 1051 2636 ad
1080 2598 1289 2647 omnes,
1333 2596 1438 2635 non
1480 2581 1547 2635 ad
1580 2581 1678 2635 hos
1705 2590 1758 2635 et
1789 2580 1928 2647 illos,

344 2673 437 2728 sed
465 2675 531 2727 ad
581 2689 787 2729 omnes.
817 2674 1139 2742 Quomodo?
1175 2672 1287 2727 Non
1328 2681 1555 2743 patrem,
1605 2687 1710 2726 non
1740 2671 1928 2736 ﬁlium,

343 2779 448 2819 non
483 2781 727 2832 uxorem,
749 2780 855 2820 non
895 2767 1149 2830 amicum,
1200 2781 1303 2819 non
1333 2767 1572 2831 fratrem,
1603 2779 1708 2820 non
1760 2765 1928 2820 bene-

343 2855 524 2921 ticum,
553 2858 824 2912 neminem
859 2869 1136 2912 reveretur
1162 2860 1250 2926 qui
1281 2867 1364 2912 est
1390 2857 1673 2926 ejusmodi.
1706 2857 1771 2910 Et
1799 2855 1925 2926 quid

339 2945 460 3002 dico
486 2947 719 3002 amicum
737 2957 791 3003 et
813 2948 1026 3003 fratrem
1059 2956 1112 3002 et
1139 2949 1382 3017 patrem?
1413 2964 1480 3004 ne
1512 2949 1686 3018 ipsum
1709 2947 1922 3017 quidem

337 3047 555 3091 veretur
587 3038 776 3105 Deum,
809 3037 901 3092 sed
935 3038 1111 3092 omnia
1143 3042 1188 3093 ei
1223 3038 1469 3094 videntur
1496 3053 1618 3095 esse
1641 3037 1836 3105 fabula,
1870 3048 1922 3093 et

335 3127 473 3180 ridet
500 3142 529 3180 a
561 3129 726 3182 multa
765 3127 1056 3196 cupiditate
1086 3128 1289 3191 ebrius,
1339 3145 1406 3183 ne
1440 3130 1660 3184 auribus
1703 3117 1919 3200 quidem

331 3219 622 3288 quidquam
654 3219 944 3273 admittens
961 3235 1144 3275 eorum
1167 3236 1287 3290 qua:
1311 3229 1533 3290 possunt
1560 3221 1608 3277 ei
1642 3220 1916 3290 prodesse.

333 3308 460 3371 Sed,
513 3325 545 3363 ο
587 3309 998 3376 absurditatem,
1046 3326 1292 3380 quzenam
1326 3312 1652 3380 loquuntur!
1687 3312 1777 3366 Vte
1822 3313 1916 3367 tibi

332 3414 610 3466 mamona,
668 3411 721 3456 et
773 3403 820 3457 ei
874 3403 963 3472 qui
1018 3413 1068 3458 te
1105 3419 1208 3457 non
1267 3403 1447 3457 habet.
1503 3403 1580 3457 lra
1630 3404 1913 3459 dissecor:

331 3489 419 3544 Vin
441 3492 604 3545 etiam
628 3492 693 3546 iis
715 3493 805 3562 qui
838 3491 953 3548 haec
979 3494 1183 3558 dicunt,
1213 3493 1422 3548 etiamsi
1457 3494 1682 3551 ridendo
1707 3495 1913 3555 dicant.

328 3580 456 3634 Nam
512 3583 598 3636 dic
653 3584 819 3649 mihi,
868 3599 1048 3640 annon
1097 3586 1230 3640 tales
1284 3585 1455 3640 minas
1497 3586 1638 3640 Deus
1684 3587 1914 3642 intenta-

327 3675 419 3739 \‘il,
475 3674 659 3730 dicens
715 3693 728 3730 :
787 3675 910 3730 Non
965 3676 1171 3746 potestis
1216 3675 1416 3732 duabus
1461 3676 1679 3730 dominis
1727 3679 1915 3732 servire

326 3763 538 3833 (Matth.
595 3765 651 3820 6.
710 3764 836 3836 ειν
888 3774 943 3819 ιιι
998 3773 1177 3820 autem
1223 3767 1397 3822 minas
1425 3765 1677 3823 dissolvis
1698 3768 1820 3822 dum
1849 3783 1908 3823 ea

323 3856 376 3908 iu
425 3855 678 3908 damnum
737 3866 881 3909 tuum
929 3856 1095 3911 audes
1145 3856 1362 3913 dicere?
1401 3873 1580 3913 annon
1624 3874 1740 3914 eam
1782 3859 1912 3912 dicit

321 3945 519 4000 Paulus
563 3960 683 4001 esse
737 3945 1111 4014 idololatriam,
1152 3957 1207 4002 et
1232 3964 1451 4003 avarum
1498 3961 1647 4004 vocat
1692 3951 1909 4007 idolola-

319 4037 496 4090 tram?
525 4048 578 4091 tu
604 4049 781 4092 autem
811 4046 922 4092 stas
953 4039 1136 4093 ridens
1165 4041 1330 4094 instar
1350 4042 1686 4096 saacnlarium
1717 4046 1907 4098 mulie-

319 4143 457 4191 rum,
491 4130 659 4183 instar
703 4145 886 4184 earum
945 4146 1064 4200 qua:
1107 4141 1232 4185 sunt
1275 4133 1326 4185 in
1375 4146 1534 4189 scena
1589 4136 1751 4190 risum
1795 4154 1907 4190 ιιιο-

316 4233 469 4274 νεηε.

388 4312 444 4367 4.
487 4310 599 4364 Hoc
615 4311 790 4366 omnia
815 4312 1029 4375 evertit,
1061 4311 1162 4367 hoc
1184 4312 1368 4383 dejicit
1389 4333 1401 4367 :
1425 4315 1532 4371 Res
1562 4328 1757 4372 nostrrc
1786 4319 1905 4374 efl‘e'

318 4411 416 4457 cla:
447 4413 573 4457 sunt
594 4403 758 4467 risus,
775 4403 1008 4457 civilitas
1033 4414 1086 4458 et
1107 4405 1400 4462 urbanitas.
1421 4408 1563 4464 Nihil
1588 4412 1798 4475 stabile,
1825 4415 1902 4466 ni-

1179 339 1244 395 ΙΝ
1284 335 1502 396 EPIST.
1544 334 1637 391 AD
1676 328 2043 388 llEBR.-EOS.
2085 329 2241 387 CAP.
2286 330 2378 387 IX.
2423 328 2653 387 ιιοιιιι.
2697 329 2816 387 XV.

3551 324 3655 383 l3?

2053 437 2196 490 enim
2222 437 2437 506 quando
2467 434 2596 490 vidit
2631 432 2962 499 Jerusalem,
3009 429 3196 494 flevit;
3227 435 3282 484 et
3309 426 3526 498 quando
3576 437 3645 479 ue

2054 527 2327 597 proditore
2355 527 2626 598 cogitavit,
2655 524 2754 580 fuit
2779 524 3059 586 turbatus;
3086 518 3368 590 etquando
3382 516 3643 573 Lazarum

2049 619 2405 674 suscitaturus
2443 627 2579 681 erat,
2618 617 2944 687 lacrymatus
2992 622 3075 667 est
3099 628 3113 665 :
3141 619 3195 666 tu
3228 618 3409 665 autem
3456 602 3641 660 rides?

2048 709 2104 764 Si
2127 710 2212 780 qui
2243 717 2459 779 propter
2483 708 2709 762 aliorum
2740 711 2962 776 peccata
2989 717 3096 758 non
3137 700 3307 764 dolet,
3331 700 3526 770 dignus
3555 705 3639 751 est

2045 803 2135 872 qui
2186 809 2510 856 accusetur:
2539 799 2629 868 qui
2663 813 2761 867 pro
2807 797 2922 852 suis
2954 796 3100 851 nullo
3146 794 3377 863 tangitur
3420 791 3632 856 dolore,

2045 892 2139 948 sed
2165 892 2325 953 ridet.
2349 905 2582 961 quanam
2613 889 2718 945 erit
2738 888 2931 960 dignus
2961 887 3110 944 venia
3132 887 3155 940 ι
3176 886 3374 941 Luctus
3391 893 3474 938 est
3503 892 3639 938 tem-

2047 999 2146 1054 pus
2172 993 2226 1040 et
2254 982 2580 1047 afflictionis,
2601 981 2968 1050 castigationis
2984 991 3039 1036 et
3062 979 3332 1036 servitutis
3349 974 3636 1042 obeundis,

2043 1075 2397 1132 certaminum
2426 1083 2480 1131 et
2505 1073 2765 1130 sudorum
2793 1091 2806 1127 :
2839 1082 2895 1127 tu
2916 1081 3095 1127 autem
3119 1071 3306 1126 rides?
3333 1069 3449 1124 Non
3480 1069 3637 1124 vides

2042 1167 2316 1240 quomodo
2361 1168 2638 1236 increpata
2688 1163 2789 1219 fuit
2815 1163 2982 1221 Sara?
3039 1177 3146 1218 non
3175 1160 3328 1216 audis
3357 1158 3633 1214 Christum

2041 1264 2311 1316 dicentem
2347 1278 2361 1314 :
2408 1258 2493 1314 Vat
2521 1258 2607 1328 qui
2627 1257 2816 1323 rident,
2843 1255 3083 1327 quoniam
3118 1254 3388 1325 plorabant
3417 1250 3629 1324 (Luc.5.

2041 1353 2164 1424 25)?
2177 1353 2300 1408 Htec
2319 1350 2500 1422 psallis
2517 1349 2776 1418 quotidie.
2795 1347 2932 1417 Quid
2950 1348 3092 1402 enim
3113 1345 3268 1408 dicis,
3295 1344 3380 1399 dic
3409 1358 3590 1413 qnteso
3610 1342 3633 1395 ?

2041 1445 2270 1508 dicisne,
2303 1443 2452 1499 Risi?
2497 1442 2885 1511 Nequaquam;
2941 1438 3036 1494 sed
3088 1436 3254 1508 quid?
3291 1435 3539 1490 Labor-avi
3582 1436 3634 1488 in

2041 1542 2230 1611 gemitu
2257 1555 2385 1592 meo.
2411 1537 2514 1593 Sed
2547 1539 2778 1590 fortasse
2803 1533 3019 1605 quidam
3070 1540 3188 1587 sunt
3229 1530 3367 1586 adeo
3387 1529 3633 1584 dissoluti

2043 1635 2356 1704 mollesque,
2383 1642 2438 1686 ut
2463 1633 2623 1685 etiam
2652 1631 2703 1684 in
2724 1631 2822 1684 hac
2851 1626 3218 1697 increpatione
3241 1624 3469 1689 rideant,
3493 1638 3629 1695 quo-

2039 1729 2184 1779 niam
2213 1724 2279 1778 de
2307 1724 2416 1777 risu
2463 1721 2576 1776 hu-c
2619 1720 2866 1776 dicimus.
2903 1719 3115 1774 Etenim
3143 1717 3403 1786 ejusmodi
3430 1732 3516 1772 rcs
3548 1716 3626 1771 fu.

2039 1833 2152 1879 ror,
2187 1816 2306 1870 talis
2359 1814 2555 1869 mentis
2591 1823 2797 1883 stupor,
2833 1828 2899 1866 ne
2923 1811 3089 1866 sentit
3135 1809 3352 1881 quidem
3389 1808 3633 1880 increpa-

2041 1907 2263 1962 tionem.

2111 1997 2267 2053 Risus
2301 1997 2356 2051 in
2392 1997 2604 2054 ecclesia
2642 1994 2949 2067 prohibitus.
2981 2023 3050 2037 --
3081 1992 3200 2053 Stat
3236 1994 3490 2049 sacerdos
3536 1994 3629 2047 θυι

2033 2089 2274 2141 omnium
2303 2087 2539 2143 offerens
2579 2090 2942 2159 precationem
2970 2110 2983 2143 :
3014 2099 3067 2144 tu
3095 2099 3275 2145 autem
3307 2089 3472 2153 rides,
3511 2090 3644 2145 nihil

2027 2181 2266 2236 veritus?
2289 2191 2343 2237 et
2374 2182 2464 2235 ille
2489 2181 2708 2251 quidem
2743 2192 2980 2237 tremens
3014 2199 3111 2252 pro
3142 2193 3191 2237 te
3220 2181 3379 2236 oﬂ'ert
3413 2197 3600 2252 preces
3629 2201 3642 2237 :

2032 2282 2087 2326 tu
2113 2280 2294 2327 autem
2321 2273 2591 2344 despicis?
2620 2274 2736 2328 Non
2769 2274 2921 2329 audis
2953 2274 3289 2346 Scripturam
3321 2275 3593 2330 dicentem
3628 2293 3639 2327 :

2036 2365 2121 2420 Va:
2150 2366 2306 2431 vobis,
2343 2368 2750 2436 contemptores?
2780 2383 2887 2422 non
2917 2366 3228 2423 horrescis?
3260 2383 3365 2422 non
3406 2368 3640 2437 teipsunt

2021 2457 2336 2513 contraliis?
2362 2458 2428 2512 Et
2451 2459 2654 2527 regiam
2687 2457 2905 2528 quidem
2935 2457 3261 2530 ingrediens.
3295 2470 3349 2513 et
3378 2459 3566 2514 habitu
3587 2467 3642 2514 et

2018 2540 2243 2620 aspectu
2277 2557 2332 2605 et
2370 2549 2584 2605 incessu
2615 2559 2670 2605 et
2699 2550 2950 2606 omnibus
2976 2550 3096 2605 aliis
3124 2559 3178 2606 te
3209 2565 3372 2606 ornas
3399 2560 3454 2606 et
3485 2566 3636 2606 com-

2017 2642 2210 2711 ponis;
2242 2641 2328 2697 hic
2353 2642 2663 2708 autem,ubi
2691 2658 2817 2696 vere
2831 2652 2912 2697 est
2932 2643 3101 2714 regia,
3121 2652 3174 2697 et
3204 2643 3360 2713 plane
3391 2643 3479 2700 hic
3507 2656 3634 2700 sunt

2019 2736 2148 2789 talia
2181 2734 2363 2805 qualia
2391 2735 2654 2801 caelestia,
2679 2735 2842 2790 etiam
2867 2735 3053 2790 rides?
3076 2737 3255 2806 Atque
3281 2737 3394 2791 scio
3417 2736 3636 2808 quidem

2015 2829 2158 2899 quod
2177 2837 2352 2884 tunon
2378 2829 2549 2895 vides;
2573 2829 2897 2885 audiautem
2924 2830 3066 2902 quod
3096 2831 3295 2902 ubique
3319 2830 3516 2887 adsunt
3541 2848 3636 2889 an-

2015 2922 2140 2993 geli,
2168 2932 2224 2979 et
2245 2922 2484 2977 maxime
2511 2923 2563 2976 in
2591 2922 2755 2978 domo
2787 2923 2879 2978 Dei
2910 2923 3172 2978 assistunt
3202 2925 3339 2994 regi,
3368 2933 3424 2980 et
3452 2925 3634 2979 omnia

2014 3029 2140 3072 sunt
2161 3017 2380 3088 impleta
2407 3018 2742 3087 incorporeis
2760 3017 2867 3072 illis
2886 3018 3265 3088 potestatibus.
3280 3019 3482 3074 Eadem
3502 3035 3529 3073 a
3549 3037 3636 3075 me

2014 3110 2080 3165 ad
2121 3109 2377 3165 mulieres
2411 3126 2630 3181 quoque
2663 3110 2892 3166 habetur
2917 3115 3094 3167 oratio
3121 3128 3276 3172 :cum
3291 3115 3488 3170 adsunt
3516 3118 3635 3186 qui-

2011 3200 2134 3255 dem
2153 3202 2273 3269 viri,
2296 3216 2402 3255 non
2419 3210 2523 3255 tam
2536 3203 2644 3257 cito
2661 3200 2712 3256 id
2727 3204 2924 3258 audent
2944 3202 3142 3268 facere;
3165 3205 3271 3258 etsi
3290 3203 3508 3272 faciant,
3523 3223 3630 3262 non

2011 3309 2250 3366 semper,
2269 3293 2366 3349 sed
2402 3305 2646 3363 tempore
2661 3296 3012 3350 recreationis
3041 3310 3103 3350 ac
3121 3295 3469 3352 relaxationis
3500 3316 3511 3351 :
3547 3298 3633 3354 hic.

2010 3396 2192 3442 autem
2207 3402 2442 3456 semper.
2463 3388 2675 3456 Operis,
2695 3387 2782 3443 dic
2809 3389 2959 3454 mihi,
2980 3399 3165 3459 caput,
3191 3399 3245 3446 et
3271 3392 3436 3459 rides,
3457 3408 3490 3447 ο
3508 3410 3630 3450 ntu-

2012 3479 2132 3543 lier,
2150 3477 2346 3533 sedens
2361 3477 2413 3532 in
2433 3479 2684 3534 ecclesia?
2700 3481 2940 3550 ingressa
2955 3496 3015 3536 es
3034 3491 3088 3536 ut
3103 3493 3324 3553 peccata
3337 3485 3628 3542 confitere-

2011 3571 2108 3634 ris,
2139 3580 2196 3623 ut
2228 3570 2338 3625 Deo
2368 3570 2705 3639 procideres,
2739 3580 2798 3624 ut
2829 3587 3051 3642 rogares
3079 3582 3133 3628 et
3163 3575 3500 3644 supplicares
3531 3593 3628 3647 pro

2007 3663 2221 3718 delictis
2247 3677 2368 3732 qua:
2396 3677 2425 3716 a
2457 3673 2507 3716 te
2536 3661 2676 3717 male
2706 3673 2832 3718 sunt
2855 3664 3114 3730 admissa,
3143 3675 3199 3720 et
3229 3681 3352 3721 cum
3383 3668 3495 3722 risu
3527 3669 3627 3724 hoc

2009 3757 2178 3811 facis?
2204 3756 2479 3826 quomodo
2505 3772 2635 3827 ergo
2675 3772 2798 3812 eum
2850 3758 3054 3826 poteris
3099 3758 3352 3828 placare?
3386 3761 3453 3816 Et
3482 3765 3624 3834 quod

2009 3848 2207 3902 malum
2233 3855 2336 3915 est,
2369 3848 2598 3918 inquies,
2625 3846 2807 3902 risus?
2837 3848 2952 3902 Non
2986 3849 3185 3904 malum
3217 3862 3296 3906 est
3329 3852 3492 3918 risus,
3528 3857 3623 3909 scd

2005 3944 2205 3995 malum
2243 3951 2326 3997 est
2368 3943 2418 3996 id
2458 3943 2598 4013 quod
2629 3954 2712 3998 est
2752 3953 2948 4014 prteter
2991 3946 3209 4002 modum
3232 3990 3247 4014 ,
3282 3948 3332 4002 id
3363 3950 3505 4019 quod
3538 3961 3623 4006 est

2004 4037 2470 4106 intempestiwnn.
2501 4035 2702 4091 lnsitus
2731 4047 2815 4093 est
2840 4038 2996 4092 nobis
3025 4040 3186 4106 risus,
3216 4051 3270 4094 ut
3300 4043 3517 4111 quando
3541 4045 3622 4098 ri-

2001 4129 2240 4185 derimus
2267 4129 2472 4184 amicos
2499 4139 2621 4199 post
2649 4130 2866 4200 longum
2901 4140 3113 4201 tempus
3135 4173 3149 4198 ,
3183 4131 3287 4189 hoc
3319 4135 3577 4190 faciamus
3605 4154 3616 4190 :

1999 4222 2220 4292 quando
2251 4222 2463 4292 aliquos
2504 4222 2787 4291 perculsos
2827 4234 2880 4278 et
2920 4226 3170 4292 territos,
3200 4235 3257 4280 ut
3285 4226 3619 4284 subridendo

1997 4329 2092 4370 eos
2122 4329 2450 4379 rccreemns,
2485 4329 2591 4369 non
2626 4324 2683 4368 ut
2710 4314 3005 4370 cachinnos
3036 4316 3281 4384 edamus,
3319 4329 3371 4373 et
3400 4333 3620 4391 semper

1997 4408 2270 4462 rideamus
2296 4425 2309 4472 ;
2340 4408 2523 4461 animo
2552 4422 2740 4462 n05tro
2774 4408 2974 4464 insitus.
2994 4419 3078 4464 est
3102 4411 3264 4474 risus,
3290 4419 3348 4465 ut
3373 4411 3618 4482 aliquan-

319 4495 391 4551 hil
419 4494 851 4565 grave.Nonhoe
871 4496 1042 4549 solum
1077 4497 1196 4552 dico
1230 4499 1354 4553 viris
1386 4500 1694 4583 hujus‘itie
1724 4506 1901 4560 studio
1993 4504 2062 4558 du
2093 4505 2366 4558 relaxetur
2393 4503 2627 4566 animus,
2662 4519 2768 4557 non
2809 4515 2860 4558 ut
2891 4505 3245 4562 diﬂ‘undatur.
3277 4507 3411 4564 Nam
3441 4520 3496 4566 et
3531 4511 3616 4567 in-

316 4583 646 4647 deditis,sed
687 4584 801 4638 scio
831 4599 965 4654 quos
1011 4586 1208 4640 innuo:
1242 4589 1353 4642 risu
1396 4592 1538 4644 enim
1578 4593 1790 4662 impleta
1821 4605 1903 4650 est

318 4674 578 4730 Ecclesia.
606 4672 662 4728 Si
696 4674 959 4744 quispiam
985 4676 1215 4732 facetum
1246 4681 1371 4748 quid
1404 4681 1622 4748 dixerit,
1651 4686 1785 4739 inter
1817 4701 1901 4741 se-

311 4767 506 4824 dentes
530 4769 708 4821 statim
734 4770 969 4822 nascitnr
996 4772 1133 4825 risus
1157 4790 1168 4825 :
1194 4781 1246 4826 ct
1268 4774 1407 4843 quod
1437 4785 1516 4830 est
1537 4777 1800 4844 mirabile,
1834 4795 1899 4834 ne

312 4861 367 4913 in
391 4859 506 4936 ipso
534 4859 746 4929 quidem
781 4875 996 4929 precum
1026 4871 1266 4933 tempore
1287 4877 1496 4919 cessant
1517 4869 1665 4920 multi
1700 4871 1894 4925 ridere.

313 4944 518 5015 Ubique
539 4948 734 5002 choros
760 4950 905 5003 ducit
934 4952 1191 5014 diabolus.
1213 4969 1403 5008 omnes
1421 4957 1692 5023 ingressus
1713 4962 1812 5012 est.
1841 4954 1890 5006 in

299 5052 491 5111 omnes
507 5038 836 5095 dominatum
867 5044 1071 5098 obtinet
1109 5065 1119 5099 :
1150 5045 1399 5099 Christus
1429 5047 1759 5114 contemptui
1797 5045 1890 5098 ha-

299 5127 453 5180 betur
473 5169 487 5187 .
521 5130 841 5184 extruditur.
881 5135 1029 5187 nihili
1056 5137 1265 5190 ducitur
1279 5137 1534 5191 Ecclesia.
1553 5137 1665 5191 Non
1691 5137 1886 5190 auditis

295 5218 519 5274 Paulum
543 5221 808 5278 dicentem
832 5241 847 5274 :
868 5225 1168 5294 Turpitudo.
1192 5240 1235 5282 et
1255 5230 1645 5296 stultiloquium,
1679 5240 1724 5281 et
1742 5246 1882 5281 scur-

293 5309 460 5364 rilitas
501 5315 716 5367 tollatur
745 5333 774 5366 α
796 5318 933 5371 vobis
959 5317 1175 5388 (Ep/tes.
1207 5321 1257 5375 5.
1285 5322 1375 5386 4)?
1395 5321 1524 5374 Cum
1559 5323 1881 5390 turpitudine

291 5402 440 5469 punit
471 5402 895 5460 scurrilitatem:
925 5419 976 5460 ιιι
1017 5421 1191 5462 autem
1241 5412 1422 5464 rides?
1464 5411 1599 5477 Quid
1644 5413 1871 5464 stultilm

285 5494 468 5558 quium
485 5494 509 5544 ?
528 5510 646 5562 quae
667 5495 796 5548 nihil
824 5496 1019 5552 habem
1044 5501 1188 5556 utile.
1207 5501 1284 5556 Tu
1308 5511 1482 5556 tamen
1504 5506 1661 5566 rides,
1680 5515 1728 5557 et
1760 5507 1842 5555 vul
1858 5534 1874 5542 -

284 5592 391 5635 tmn
409 5584 688 5651 dilTunilis,
707 5587 868 5652 quies
895 5592 1225 5644 monachus?
1249 5597 1334 5662 qui
1363 5596 1665 5658 cruciﬁxus,
1688 5595 1773 5664 qui
1798 5595 1873 5647 iu—

279 5674 640 5743 ctuminduis,
670 5678 835 5745 rides,
857 5680 941 5734 dic
963 5683 1125 5735 mihi?
1150 5685 1243 5738 Lhi
1277 5686 1449 5739 vidisti
1471 5685 1739 5738 Christum
1773 5685 1870 5737 hoc

279 5766 567 5824 facientem
591 5773 612 5820 ’ί
647 5769 915 5839 Nusquam
948 5791 958 5838 ;
986 5775 1078 5829 sed
1107 5794 1245 5845 sa‘pe
1273 5776 1487 5846 quidem
1523 5777 1749 5831 tristem.
1780 5777 1865 5831 lit-

2013 4591 2112 4645 sita
2143 4599 2226 4646 est
2255 4590 2408 4645 nobis
2436 4606 2720 4661 eorpormu
2763 4593 3030 4662 cupiditas
3052 4637 3065 4658 ,
3098 4605 3151 4648 et
3191 4611 3298 4650 non
3343 4607 3630 4667 propterea

2013 4683 2236 4737 omnino
2265 4699 2326 4736 ea
2358 4683 2431 4736 uti
2462 4698 2686 4737 necesse
2718 4692 2831 4749 est,
2862 4693 2956 4738 aut
2996 4685 3069 4738 uti
3102 4685 3458 4743 immoderate
3486 4730 3499 4753 ,
3533 4690 3628 4742 sed

2010 4775 2057 4828 ei
2088 4775 2437 4845 imperamus,
2470 4790 2568 4830 nec
2597 4776 2825 4831 dicimus
2853 4794 2866 4831 :
2896 4777 3164 4845 Quoniam
3199 4782 3360 4849 inest,
3387 4790 3622 4838 utamur.

2012 4867 2123 4922 Deo
2165 4868 2304 4921 servi
2343 4883 2462 4921 cum
2505 4869 2788 4939 laerymis,
2819 4880 2876 4923 ut
2918 4871 3092 4940 possis
3121 4872 3341 4928 abluere
3385 4885 3626 4944 peccata.

2008 4962 2132 5017 Scio
2160 4962 2300 5032 quod
2335 4963 2485 5017 multi
2520 4980 2618 5018 nos
2647 4965 2947 5033 irrideant,
2993 4967 3239 5024 dicentes
3273 4987 3285 5022 :
3319 4971 3514 5026 Statim
3545 4973 3625 5027 la.-

2009 5071 2227 5125 crynnc.
2256 5056 2547 5128 Pmpterca
2574 5067 2784 5128 tempus
2803 5069 2886 5115 est
2903 5061 3289 5132 laerymarum.
3315 5065 3441 5120 Scio
3461 5067 3624 5121 etiam

2008 5150 2148 5218 quod
2177 5151 2490 5204 ominantur
2514 5152 2546 5204 ii
2576 5152 2662 5221 qui
2687 5151 2875 5206 dicunt
2901 5169 2914 5208 :
2939 5153 3278 5208 Comedamus
3300 5167 3344 5210 et
3373 5158 3621 5225 bibamus,

2009 5259 2120 5295 cras
2153 5244 2284 5296 enim
2323 5245 2603 5297 moriemur
2625 5242 2832 5311 (1.Cor.
2872 5247 2956 5304 15.
2991 5247 3106 5318 52).
3142 5250 3246 5304 Sed
3275 5253 3449 5321 cogita
3479 5255 3621 5321 quod

2023 5335 2229 5389 t'miitas
2260 5340 2565 5404 vanitatum,
2596 5351 2642 5391 ct
2671 5341 2840 5393 omnia
2869 5343 3067 5396 vanitas
3101 5342 3288 5415 (Eccli.
3319 5348 3365 5400 Ι.
3397 5348 3478 5417 2).
3508 5349 3623 5403 Non

2009 5444 2106 5498 ego
2137 5429 2290 5493 dico,
2329 5431 2420 5485 sed
2471 5433 2582 5499 ipse
2624 5435 2709 5501 qui
2755 5449 2934 5488 rerum
2966 5438 3206 5492 onmium
3242 5439 3426 5493 habuit
3456 5458 3590 5511 expc

2009 5523 2286 5584 nentiam,
2324 5525 2435 5577 huic
2465 5525 2586 5577 dicit
2625 5544 2636 5575 :
2670 5525 2950 5594 .Ediﬁcavi
3000 5529 3126 5582 mihi
3162 5532 3358 5593 domos.
3396 5535 3620 5602 plantam

2009 5616 2132 5666 milii
2163 5619 2348 5678 t'iums,
2387 5620 2479 5687 feci
2511 5620 2632 5670 ini/ii
2664 5637 2912 5687 aquarum
2945 5624 3188 5692 piscinas,
3222 5629 3546 5691 porillutorrs
3570 5617 3622 5683 rt

2012 5710 2347 5768 nm'tllittt'tt‘cs
2379 5709 2560 5773 (Erit/5.
2593 5711 2644 5762 '2.
2678 5714 2726 5764 αἱ.
2760 5715 2837 5768 ὃ).
2867 5713 2930 5768 Et
2955 5717 3076 5785 quid
3109 5720 3319 5771 latttltfttt
3348 5721 3475 5774 dicit
3505 5736 3620 5789 pmt

2011 5801 2105 5851 iLI‘t
2156 5805 2373 5855 omnia?
2417 5803 2620 5855 l'mzitns
2655 5807 2952 5872 i'altllﬂllllit,
2986 5819 3028 5862 et
3059 5811 3228 5861 omnia
3263 5813 3479 5866 t-uni/as.
3517 5816 3617 5867 Lu-
