4122 6338
573 309 674 366 liii

566 444 786 496 geamus
813 445 962 503 ergo,
994 447 1028 485 o
1052 434 1252 499 dilecti,
1293 435 1582 506 lugeamus.
1617 447 1674 493 ιιι
1705 455 1829 495 rere
1859 442 2126 499 rideamus

1315 331 1371 388 S.
1411 332 1685 390 JOANNIS
1717 332 2192 391 (IilllYSOSTO‘lI
2229 335 2546 394 ARCHIEP.
2585 335 3115 394 CONSTANTINOP.

3726 335 3828 398 121

2236 438 2381 492 illam
2402 450 2804 507 persequamur.
2836 436 2949 488 Alia
2978 442 3154 488 autem
3187 430 3392 488 ratione
3417 446 3523 487 non
3556 433 3672 491 licet
3701 451 3825 489 eam

568 534 624 574 nt
667 539 791 578 rere
837 521 1077 581 laetemur
1119 528 1170 581 in
1216 536 1457 596 tempore
1498 529 1722 586 sincerae
1759 533 1980 590 lmtitixc.
2016 536 2146 594 Nam
2233 533 2475 604 assequi,
2507 546 2667 603 quam
2695 545 2762 586 eo
2795 527 2940 600 quod
2983 528 3070 583 hic
3097 527 3388 598 eligamus,
3417 540 3523 580 non
3549 541 3667 598 qum
3699 537 3830 584 sunt

567 615 682 668 haec
706 615 922 684 quidem
953 617 1132 672 laetitia
1163 626 1245 672 est
1269 620 1488 674 omnino
1512 620 1739 678 admista
1773 625 2022 691 tristitiae,
2052 645 2151 686 nec
2227 622 2461 694 jucunda
2484 666 2498 690 ,
2525 621 2621 678 sed
2643 636 2765 693 qua:
2791 620 2942 675 utilia
2964 661 2979 684 ,
3007 629 3062 674 et
3090 633 3276 689 parum
3306 615 3606 688 afﬂigantur
3632 617 3829 674 luben-

565 723 683 763 cam
727 711 852 765 licet
897 711 1135 767 invenire
1176 726 1398 781 puram;
1442 713 1528 767 illa
1572 723 1748 770 autem
1780 728 1863 773 est
1899 721 2146 791 sincera,

565 797 766 855 fraudis
787 810 840 854 et
862 799 969 855 doli
1002 817 1217 872 expers,
1239 817 1339 858 nec
1359 805 1648 876 quidquam
1685 808 1889 865 habens
1922 811 2146 869 insidia.

2234 725 2349 783 tes,
2387 725 2443 772 et
2479 731 2601 772 cum
2640 715 2936 785 gratiarum
2976 714 3189 768 actione
3222 712 3460 768 feramus
3493 712 3672 766 omnia
3702 728 3830 783 qua:

2229 813 2495 871 accidunt.
2526 813 2616 870 Sic
2639 812 2784 866 enim
2815 814 3112 882 poterimus
3143 827 3367 883 riguum
3393 811 3652 867 caelorum
3675 825 3832 868 asse-

563 909 702 958 rum,
722 909 890 961 neque
907 893 1198 964 quidquam
1217 896 1507 952 admistmn
1530 918 1544 952 :
1565 899 1654 953 illa
1680 900 2146 969 laetemurltetitia,
2230 910 2343 981 qui,
2370 908 2534 979 gratia
2557 917 2604 962 et
2635 906 2987 978 benignitate,
3018 913 3123 958 etc.

569 984 2642 1014 _.___.____________________

1995 1054 2331 1116 HOMILIA
2381 1053 2547 1112 XVI.

554 1128 687 1185 Car.
717 1131 769 1189 9.
805 1150 854 1187 r.
887 1135 972 1191 15.
1006 1137 1070 1192 Et
1100 1140 1214 1195 ideo
1243 1139 1357 1196 novi
1386 1145 1671 1200 testamenti
1696 1148 1944 1203 mediator
1970 1159 2070 1221 est,
2090 1159 2145 1203 ut

628 1225 1150 1296 morteintercedenle
1187 1243 1234 1286 et
1272 1231 1665 1304 redemptionem
1703 1256 1876 1293 earum
1905 1242 2146 1309 praevari-

625 1315 903 1385 cationum,
931 1325 1209 1384 gnte-erant
1233 1324 1322 1377 sub
1347 1323 1505 1395 priori
1529 1337 1838 1396 testamento,
1871 1334 2145 1401 repromis-

625 1406 818 1462 sionem
847 1409 1100 1480 accipiant
1133 1416 1217 1484 qui
1255 1421 1418 1471 vocati
1454 1430 1570 1473 sunt
1599 1432 1801 1477 azteruw
1828 1425 2139 1480 hereditatis.

630 1499 712 1553 16.
748 1499 847 1554 Ubi
887 1502 1021 1557 enim
1063 1515 1412 1564 testamentum
1436 1522 1538 1577 est,
1570 1531 1704 1568 mors
1734 1533 1934 1574 necesse
1958 1529 2030 1574 est
2058 1521 2142 1573 in-

624 1591 843 1644 tercedat
877 1597 1126 1650 testatoris
1151 1612 1172 1650 .'
1193 1599 1276 1652 17.
1311 1606 1658 1658 testamentum
1687 1608 1819 1660 enim
1846 1609 1899 1662 in
1927 1612 2142 1664 mortuis

625 1691 697 1735 est
725 1683 1075 1754 conﬁrmatum
1101 1691 1332 1762 :alioqui
1356 1698 1581 1750 ..ondum
1611 1699 1738 1753 valet
1765 1697 1886 1754 dum
1912 1704 2029 1756 uiuit
2054 1705 2143 1774 qui

625 1778 834 1829 testatus
859 1788 949 1831 est.
988 1779 1073 1834 l8.
1111 1780 1259 1837 Unde
1296 1801 1386 1840 nec
1423 1790 1641 1856 primum
1667 1793 1867 1862 quidem
1889 1795 1997 1849 sine
2020 1811 2145 1851 san-

624 1862 776 1934 guine
803 1870 1091 1928 dedicatum
1116 1885 1211 1929 est.

626 1960 674 2012 l.
713 1960 838 2014 Erat
866 1963 1153 2019 verisimile.
1190 1967 1388 2026 multos
1426 1985 1490 2026 ex
1533 1972 1950 2044 inﬁrmioribus,
1980 1993 2045 2033 ex
2075 1993 2142 2036 eo

552 2048 710 2102 etiam
756 2053 986 2109 maxime
1022 2057 1163 2126 quod
1203 2071 1443 2116 mortuus
1487 2075 1628 2118 esset
1667 2064 1946 2132 Christus,
1981 2069 2140 2125 fidem

553 2152 656 2193 non
686 2139 882 2197 habere
912 2148 1210 2214 promissis.
1241 2149 1435 2206 Paulus
1456 2169 1685 2224 ergo,ex
1714 2157 2034 2214 abundantia
2063 2171 2141 2216 ta-

551 2233 656 2287 lem
679 2234 962 2292 confutans
980 2239 1311 2309 Opinionem,
1339 2246 1437 2300 hoc
1462 2248 1603 2314 ponit
1628 2267 1690 2304 ex
1714 2255 1984 2308 communi
2003 2268 2143 2310 sum-

552 2333 702 2392 ptum
732 2327 1138 2386 consuetudine.
1169 2335 1491 2400 Quodnam?
1529 2339 1750 2409 Propter
1792 2343 1894 2399 hoc
1926 2345 2100 2416 ipsum
2120 2389 2136 2414 ,

552 2415 755 2486 inquit,
788 2429 1005 2488 oportet
1033 2421 1306 2480 conlidere
1341 2439 1394 2481 et
1433 2429 1573 2486 bono
1602 2447 1722 2487 esse
1750 2415 1963 2502 animo,
1996 2438 2139 2507 quod

554 2523 656 2559 non
688 2509 1010 2577 viventibus,
1046 2514 1140 2568 sed
1174 2519 1396 2570 mortuis
1428 2519 1489 2573 iis
1515 2523 1601 2590 qui
1633 2536 1756 2578 sunt
1783 2528 1980 2589 testati,
2013 2537 2140 2586 tunc

554 2598 701 2690 lirma
731 2611 785 2654 et
814 2599 984 2657 valida
1026 2601 1133 2660 siut
1173 2616 1491 2665 testamenta
1514 2655 1527 2678 ,
1559 2624 1611 2667 et
1653 2616 1815 2670 robur
1849 2620 2136 2690 accipiant.

551 2687 617 2744 Et
663 2691 783 2746 ideo
825 2694 904 2748 sic
950 2696 1134 2766 incipit
1173 2698 1357 2755 dicens
1381 2740 1396 2765 ,
1437 2711 1492 2756 et
1533 2703 1606 2758 ait
1639 2723 1651 2758 :
1687 2705 1822 2761 Novi
1859 2687 2140 2768 testamenti

551 2781 799 2836 mediator
842 2795 936 2843 est.
979 2786 1378 2845 Testamentum
1407 2792 1465 2847 lit
1495 2795 1547 2848 in
1581 2797 1767 2851 ultimo
1800 2799 1887 2856 die
1928 2808 2137 2862 mortis.

551 2867 680 2930 Tale
707 2885 790 2930 est
815 2889 991 2934 autem
1023 2898 1037 2934 :
1068 2875 1202 2937 alios
1245 2885 1458 2955 quidem
1504 2888 1664 2946 habet
1711 2892 1968 2964 heredes,
2006 2900 2140 2955 alios

552 2978 678 3022 ναι-ο
734 2970 1110 3028 exheredatos.
1178 2969 1252 3031 lta
1312 2977 1398 3032 hic
1451 2995 1664 3050 quoque
1726 2983 1793 3039 de
1853 2987 2139 3046 heredibus

551 3059 722 3113 dicit:
763 3058 890 3115 Volo
947 3073 998 3116 ut
1049 3065 1130 3117 ubi
1179 3084 1269 3137 ego
1305 3085 1435 3136 sum,
1477 3073 1646 3142 inquit
1698 3073 1964 3145 Christus,
2011 3089 2057 3133 et
2086 3081 2139 3134 hi

551 3151 648 3202 sint
681 3150 858 3219 (Joan.
892 3149 979 3208 l7.
1019 3156 1134 3226 2i).
1181 3155 1251 3211 Et
1295 3175 1482 3216 rursus
1526 3163 1592 3218 de
1636 3166 1974 3223 cxlteredatis
2015 3173 2138 3226 audi

549 3255 668 3294 cum
701 3241 969 3298 dicentem
1002 3265 1014 3299 :
1045 3244 1164 3301 Non
1194 3266 1286 3318 pro
1314 3253 1543 3307 omnibus
1571 3271 1715 3323 rogo,
1743 3258 1833 3311 sed
1851 3276 1943 3328 pro
1968 3261 2030 3315 iis
2054 3264 2140 3332 qui

550 3334 755 3387 rreduut
787 3352 877 3404 per
905 3338 1107 3392 uerbum
1135 3357 1305 3395 eorum
1331 3345 1382 3396 in
1413 3361 1491 3398 me
1516 3345 1564 3414 (Ι
1574 3343 1676 3401 bid.
1707 3364 1754 3401 υ.
1789 3349 1903 3420 20).
1932 3351 2138 3408 Rursus

551 3435 926 3485 testamentum
950 3432 1055 3486 alia
1081 3434 1296 3504 quidem
1330 3435 1490 3492 habet
1517 3439 1636 3508 ejus
1662 3442 1749 3510 qui
1778 3454 1859 3497 est
1891 3454 2135 3514 testatus,

549 3519 650 3574 alia
688 3536 816 3577 vero
857 3539 1044 3580 eorum
1084 3527 1174 3596 qui
1219 3528 1552 3598 suscipiunt;
1586 3532 1657 3586 ita
1701 3544 1758 3589 ut
1793 3536 1894 3590 alia
1922 3539 2136 3608 quidem

545 3610 777 3678 capiant,
809 3610 911 3665 alia
942 3625 1073 3669 vero
1101 3611 1316 3668 faciant.
1348 3615 1420 3670 Ita
1451 3617 1534 3672 hic
1564 3634 1776 3690 quoque
1810 3639 1823 3676 :
1855 3634 2132 3695 postquam

546 3702 688 3755 enim
720 3701 1040 3772 promiserat
1076 3705 1505 3774 innumerabilia,
1537 3710 1603 3765 ab
1633 3714 1712 3769 eis
1740 3717 1983 3784 qumdam
2018 3723 2139 3776 exi-

545 3794 642 3886 git,
672 3793 856 3850 dicens
882 3813 895 3850 :
922 3791 1224 3851 Mandatum
1249 3817 1431 3854 novum
1456 3803 1522 3854 do
1545 3804 1680 3858 vobis
1703 3806 1880 3875 (Joan.
1911 3811 1997 3866 17.
2024 3812 2134 3886 15).

547 3879 751 3940 Rursus
781 3897 1154 3943 testamentum
1181 3887 1338 3945 debet
1365 3892 1561 3949 habere
1595 3903 1789 3964 testes;
1813 3899 1934 3954 audi
1960 3879 2133 3972 ipsum

545 3993 734 4031 rursus
763 3977 1027 4034 dicentem
1060 3999 1072 4034 :
1104 3976 1213 4052 Ego
1244 3999 1353 4036 sum
1394 3986 1482 4054 qui
1524 3987 1859 4044 testimonium
1901 3994 2135 4062 peritibea

546 4072 608 4122 de
636 4071 824 4141 meipso
846 4114 858 4137 ,
891 4083 935 4124 et
963 4073 1298 4127 testimonium
1329 4078 1552 4145 perhibet
1582 4077 1645 4132 de
1670 4098 1746 4136 me
1765 4084 1852 4153 qui
1876 4085 2009 4139 misit
2037 4085 2136 4139 Pa—

547 4173 620 4213 ter
642 4162 821 4230 (Joan.
860 4165 913 4217 8.
951 4162 1072 4236 18);
1102 4174 1154 4217 ct
1180 4180 1386 4227 rursus.
1415 4163 1516 4221 Ille
1545 4171 1884 4227 testimonium
1913 4178 2138 4245 perhibe-

550 4253 615 4303 lu't
644 4253 705 4303 de
729 4269 809 4303 me
832 4250 1009 4322 (Joan.
1041 4254 1128 4308 15.
1158 4253 1272 4324 9.6),
1299 4257 1483 4312 dicens
1505 4259 1570 4314 de
1593 4261 1871 4318 Paracleto
1895 4282 1908 4326 ;
1935 4277 1985 4320 et
2009 4267 2139 4320 dun-

547 4343 719 4396 decim
764 4345 1036 4412 apostolos
1084 4347 1260 4411 misit,
1304 4347 1487 4404 dicetis
1521 4370 1532 4404 :
1571 4346 1932 4422 Testiﬁcamini
1971 4375 2142 4414 coram

549 4433 673 4489 Duo.
709 4435 769 4487 Et
805 4446 1082 4503 propterea
1115 4437 1280 4492 dicit:
1313 4438 1446 4493 Novi
1473 4446 1754 4498 testamenti
1779 4446 2024 4503 mediator
2047 4464 2140 4507 est.

549 4527 682 4589 Quid
734 4537 815 4579 est
859 4540 1036 4581 autem
1092 4531 1397 4584 mediator?
1435 4532 1692 4591 Mediator
1736 4555 1838 4592 non
1881 4540 2039 4597 habet
2089 4547 2138 4598 in

552 4627 815 4684 potestate
846 4635 958 4673 rem
991 4622 1147 4689 cujus
1177 4634 1256 4676 c.-t
1288 4624 1644 4692 intercessor;
1678 4631 1770 4683 sed
1801 4631 1899 4684 alia
1927 4635 2141 4702 quidem

553 4725 636 4762 res
667 4719 782 4774 est,
812 4711 947 4764 alius
976 4728 1100 4766 vero
1131 4713 1457 4772 intercessor
1485 4735 1496 4771 :
1534 4722 1673 4775 velut
1702 4722 2026 4782 matrimonii
2059 4741 2143 4784 est

555 4805 913 4868 intercessor,
959 4821 1062 4860 non
1107 4808 1193 4876 qui
1240 4809 1480 4878 jungitur
1523 4816 1901 4884 matrimonio,
1931 4822 2024 4874 sed
2054 4824 2142 4890 qui

554 4911 708 4964 opem
735 4895 836 4950 fert
862 4898 907 4951 ei
933 4898 1020 4966 qui
1049 4911 1131 4952 est
1159 4900 1420 4956 ducturus
1444 4919 1687 4958 uxorem.
1717 4908 1790 4961 Ita
1821 4910 1905 4964 hic
1931 4928 2144 4982 quoque

556 4987 724 5042 Filius
755 4989 850 5042 luit
881 4991 1204 5045 intercessor
1229 4993 1400 5047 Patris
1423 5006 1473 5050 et
1496 5009 1699 5053 noster.
1735 5001 1961 5058 Nolebat
1987 5005 2146 5060 Pater

558 5081 709 5135 nobis
739 5083 1042 5152 relinquere
1075 5082 1212 5138 hanc
1246 5086 1615 5156 hereditatem,
1648 5094 1740 5147 sed
1767 5097 1920 5151 nobis
1949 5099 2146 5154 irasce-

559 5169 733 5240 batur,
757 5184 809 5229 et
832 5187 944 5229 erat
972 5193 1148 5231 smvus
1177 5189 1227 5232 et
1256 5195 1413 5249 asper
1437 5193 1490 5236 ut
1515 5186 1602 5252 qui
1626 5202 1868 5243 essemus
1893 5193 2143 5248 alienati:

559 5261 656 5318 fuit
686 5281 814 5336 ergo
845 5280 1026 5323 noster
1053 5283 1103 5323 ct
1145 5272 1261 5340 ejus
1305 5273 1651 5345 intercessor,
1684 5290 1737 5335 et
1767 5284 1812 5337 ei
1855 5289 2143 5354 persuasit.

560 5357 627 5410 Et
667 5358 784 5411 ride
825 5362 1093 5428 quomodo
1137 5363 1234 5417 luit
1274 5365 1598 5423 intercessvr
1630 5390 1642 5425 :
1680 5375 1840 5429 verba
1882 5380 2056 5434 attulit
2096 5389 2149 5435 et

563 5451 742 5503 t‘t'lttlil
767 5492 781 5515 ,
823 5468 939 5521 qum
971 5469 997 5505 a
1031 5453 1187 5510 Patre
1219 5470 1369 5512 erant
1408 5461 1474 5516 ad
1520 5479 1618 5518 nos
1662 5471 2060 5538 transmittens,
2095 5486 2148 5528 et

563 5552 788 5596 mortem
830 5545 1125 5612 adjiciens;
1159 5545 1582 5619 oli‘enderanms,
1616 5559 1747 5611 mori
1779 5561 2146 5632 debebamus;

564 5647 660 5699 pro
689 5634 841 5689 nobis
864 5645 944 5689 est
966 5648 1224 5702 mortuus,
1249 5651 1302 5695 ct
1328 5643 1449 5698 fecit
1479 5664 1574 5702 nos
1596 5649 1782 5720 dignos
1806 5662 2146 5712 testamento.

567 5726 697 5777 Hinc
725 5728 884 5780 etiam
915 5741 994 5783 est
1027 5731 1237 5786 ﬁrmum
1271 5745 1322 5790 et
1351 5739 1537 5796 stabile
1569 5750 1976 5816 testamentum,
2005 5753 2147 5822 quod

561 5828 669 5871 lion
703 5818 754 5872 lu
790 5821 1031 5891 indignos
1063 5824 1167 5893 jam
1203 5828 1394 5883 factum
1431 5842 1532 5887 est.
1567 5838 1735 5905 Atque
1767 5841 1831 5894 ab
1861 5818 2148 5917 initio-qui-

2225 1157 2347 1213 dem
2385 1158 2757 1210 testamentum
2787 1149 2912 1205 fecit
2940 1159 3210 1217 tamquam
3244 1142 3404 1200 l‘ater
3425 1143 3478 1198 in
3513 1136 3689 1206 ﬁlios;
3717 1142 3816 1195 sed

2225 1247 2486 1320 quoniam
2520 1245 2720 1314 indigni
2763 1255 2949 1298 stunus
2993 1237 3219 1305 redditi,
3250 1252 3356 1291 non
3391 1236 3618 1306 amplius
3649 1241 3821 1288 testa-

2235 1348 2418 1395 mento
2444 1353 2579 1408 opus
2605 1346 2720 1391 erat
2741 1377 2755 1397 ,
2794 1336 2889 1389 sed
2929 1332 3218 1403 supplicio.
3249 1330 3385 1397 Quid
3416 1345 3578 1398 ergo,
3614 1329 3824 1398 inquit,

2234 1433 2302 1486 de
2343 1431 2461 1502 lege
2497 1429 2778 1500 gloriaris?
2809 1441 2929 1480 nam
2958 1426 3011 1479 iu
3040 1432 3244 1478 tantum
3277 1435 3374 1477 nos
3403 1421 3610 1492 redegit
3638 1434 3829 1490 pecca-

2236 1535 2369 1590 tum,
2395 1532 2450 1577 ut
2470 1536 2760 1590 numquam
2790 1518 2921 1574 salvi
2948 1531 3190 1573 essemus
3211 1513 3375 1569 futuri
3401 1533 3414 1567 :
3440 1513 3541 1568 nisi
3567 1511 3828 1566 Dominus

2236 1623 2419 1672 noster
2451 1629 2549 1686 pro
2578 1613 2732 1667 nobis
2760 1619 2906 1667 esset
2933 1618 3209 1677 mortuus,
3243 1609 3329 1663 lex
3363 1619 3695 1676 nequaquam
3724 1617 3826 1674 po-

2235 1708 2458 1772 tuisset;
2484 1714 2600 1760 erat
2627 1703 2770 1758 enim
2809 1702 3098 1758 imbecilla.
3125 1699 3472 1769 Nequaquam
3501 1706 3680 1752 autem
3706 1711 3828 1751 am-

2236 1800 2376 1872 plius
2409 1800 2512 1854 hoc
2538 1795 2821 1853 continuat
2845 1809 2910 1850 ex
2950 1793 3064 1848 sola
3094 1789 3512 1854 consuetudine,
3544 1786 3639 1842 sed
3666 1803 3733 1842 ex
3761 1786 3828 1841 iis

2234 1895 2396 1950 etiam
2425 1906 2546 1963 qum
2579 1897 2876 1946 evenerunt
2902 1887 2952 1940 in
2983 1885 3165 1940 Veteri
3199 1895 3210 1938 ε
3242 1882 3384 1955 quod
3413 1880 3629 1953 quidem
3657 1879 3831 1934 maxi-

2235 2001 2321 2040 me
2346 1998 2440 2040 eos
2467 1981 2693 2038 induxit.
2725 1982 2794 2035 At
2818 1979 2994 2034 nullus
3023 1976 3132 2031 illic
3156 1969 3295 2040 erat,
3325 1972 3516 2043 inquit,
3547 1978 3825 2036 mortuus;

2233 2075 2502 2147 quomodo
2526 2089 2655 2144 ergo
2681 2071 2808 2127 illud
2835 2071 3047 2124 ﬁrmum
3075 2078 3131 2123 et
3157 2065 3394 2122 stabile?
3423 2064 3525 2119 Per
3552 2061 3824 2124 eumdem,

2235 2169 2427 2239 inquit,
2447 2167 2688 2221 modum.
2709 2161 3024 2231 Quomodo?
3046 2160 3256 2214 Etenim
3284 2158 3396 2213 illic
3421 2156 3659 2227 sanguis,
3689 2154 3832 2208 sicut

2233 2275 2287 2319 et
2312 2264 2400 2318 hic
2423 2260 2669 2330 sanguis;
2695 2258 2738 2311 si
2769 2265 2946 2311 autem
2985 2269 3088 2308 non
3123 2261 3238 2307 erat
3263 2249 3464 2306 Christi
3489 2248 3727 2317 sanguis,
3761 2260 3830 2301 ne

2237 2354 2451 2410 mireris
2480 2371 2494 2408 :
2524 2360 2641 2406 erat
2675 2347 2818 2404 enim
2863 2358 3059 2419 typus:
3091 2343 3318 2410 ideoque
3353 2340 3521 2406 dicit,
3554 2337 3702 2393 Unde
3737 2352 3831 2390 nec

2237 2448 2459 2518 primum
2488 2443 2722 2515 quidem,
2764 2440 2968 2510 inquit,
3001 2440 3108 2492 sine
3140 2435 3387 2506 sanguine
3412 2433 3700 2486 dedicatum
3730 2438 3826 2484 est.

2235 2540 2372 2608 Quid
2409 2539 2509 2594 sibi
2553 2536 2669 2590 vult
2708 2533 2837 2589 illud
2860 2573 2874 2595 ,
2903 2530 3204 2584 Dedicatum
3241 2527 3351 2581 est?
3377 2523 3597 2579 Factum
3629 2531 3710 2576 est
3737 2519 3832 2575 lir-

2236 2648 2404 2699 mum,
2435 2630 2626 2686 stabile
2651 2637 2707 2683 et
2736 2636 2930 2680 ratum.
2963 2622 3134 2687 Unde,
3166 2620 3356 2690 inquit,
3396 2615 3679 2687 oportebat
3705 2627 3831 2668 esse

2235 2725 2537 2798 symbolum
2569 2718 2876 2777 testamenti
2903 2724 2958 2771 et
2988 2714 3197 2769 mortis.

2307 2818 2364 2872 2.
2405 2816 2648 2883 Quanam
2677 2812 2820 2866 enim
2863 2808 2931 2863 de
2979 2820 3162 2869 causa,
3194 2804 3283 2860 die
3314 2800 3468 2868 mibi,
3497 2799 3633 2856 liber
3665 2803 3832 2854 testa-

2232 2907 2405 2966 menti
2434 2903 2774 2975 aspergitur?
2806 2900 2893 2955 l9.
2921 2897 3074 2952 Lecto
3097 2897 3255 2960 enim,
3292 2894 3485 2963 inquit,
3511 2894 3649 2946 οηιηὶ
3675 2904 3828 2943 man-

2235 3003 2357 3056 dato
2375 3000 2498 3070 legis
2514 3015 2545 3050 a
2564 2995 2743 3067 Moyse
2769 2995 3001 3047 universo
3023 3007 3086 3059 po
3095 2991 3234 3058 pulo,
3253 2987 3508 3058 accipiens
3528 2985 3832 3055 sanguinem

2237 3093 2508 3146 vitulorum
2551 3097 2595 3142 et
2625 3088 2883 3140 hircorum
2931 3099 3043 3136 cum
3089 3098 3222 3151 aqua
3250 3091 3299 3134 et
3350 3078 3470 3131 lana
3516 3078 3746 3130 coccinea
3779 3086 3832 3130 et

2237 3186 2479 3254 Ityswpo,
2501 3183 2671 3249 ipsum
2698 3179 2884 3233 librum
2910 3186 2956 3229 et
2981 3190 3178 3227 omnem
3203 3172 3448 3243 papulum
3474 3168 3831 3235 aspersit,20.

2237 3274 2411 3326 dicens
2441 3287 2458 3324 .'
2497 3269 2598 3323 llic
2637 3269 2844 3338 sanguis
2873 3263 3158 3319 testamenti
3185 3262 3321 3331 quod
3348 3259 3606 3314 mandavit
3645 3259 3713 3312 ad
3741 3275 3832 3314 vos

2244 3364 2401 3418 Deus.
2433 3362 2673 3429 Quanam
2705 3373 2837 3428 ergo
2877 3357 2944 3411 de
2991 3369 3178 3416 causa,
3202 3353 3290 3408 dic
3339 3351 3494 3417 mihi,
3526 3351 3831 3421 aspergitur

2236 3455 2373 3510 liber
2423 3452 2728 3508 testamenti
2762 3460 2816 3505 et
2875 3449 3120 3519 populus,
3159 3461 3316 3516 quam
3362 3442 3505 3515 quod
3557 3443 3832 3513 pretiosus

2235 3547 2452 3617 sanguis
2503 3545 2687 3600 multis
2736 3542 3017 3597 retroactis
3066 3539 3279 3595 saeculis
3333 3535 3679 3607 ﬁgurabatur.
3717 3535 3832 3590 Cur

2236 3636 2512 3711 hyssopo?
2573 3635 2708 3704 Quia
2765 3634 2993 3689 densum
3050 3640 3105 3687 et
3161 3639 3404 3685 teucrum
3437 3668 3452 3693 ,
3511 3627 3827 3697 sanguinem

2233 3729 2558 3783 continebat.
2600 3725 2737 3794 Quid
2791 3740 2922 3781 vero
2975 3723 3149 3794 aqua?
3177 3721 3423 3777 Ostendit
3470 3720 3572 3774 hoc
3612 3734 3827 3790 quoque

2224 3829 2345 3885 qua:
2389 3814 2447 3868 lit
2477 3829 2572 3884 per
2611 3828 2802 3883 aquam
2852 3812 3278 3867 mundatiouem.
3320 3810 3457 3877 Quid
3490 3824 3617 3865 vero
3664 3811 3827 3864 la‘ua?

2225 3905 2313 3960 Et-
2345 3904 2456 3959 hzrc
2484 3919 2716 3974 quoque,
2765 3912 2821 3956 nt
2858 3905 3228 3958 contineretur
3274 3902 3513 3971 sanguis.
3551 3900 3695 3955 ldem
3739 3899 3827 3954 hic

2226 3995 2462 4051 ostendit
2489 4011 2610 4050 esse
2651 3995 2964 4066 sanguinem
3011 4002 3066 4048 et
3095 4009 3287 4064 aquam
3325 4011 3337 4046 :
3377 3993 3642 4059 baptisma
3679 3991 3823 4044 enim

2233 4097 2319 4142 est.
2359 4089 2475 4157 ejus
2527 4088 2792 4158 passionis
2845 4086 3168 4157 symbolum.
3218 4085 3308 4141 21.
3371 4085 3541 4139 Etiam
3588 4085 3824 4138 taberna-

2238 4181 2410 4234 culum
2462 4190 2508 4234 et
2558 4179 2729 4233 omnia
2790 4197 2910 4233 uasa
2969 4181 3234 4233 ministerii
3285 4180 3534 4249 sanguine
3594 4179 3827 4231 similiter

2229 4275 2471 4343 aspergit.
2517 4271 2610 4326 22.
2645 4271 2714 4325 Et
2764 4272 2937 4345 omnia
2980 4288 3108 4341 pene
3147 4272 3198 4323 in
3243 4271 3492 4340 sanguine
3548 4269 3827 4323 secundum

2235 4365 2391 4434 legem
2419 4365 2748 4428 mandantur,
2795 4372 2841 4416 et
2881 4362 2988 4415 sine
3033 4363 3294 4432 sanguinis
3333 4359 3579 4427 eﬂ'usione
3622 4375 3748 4413 non'
3769 4360 3830 4426 ﬁt

2230 4456 2478 4508 remissio.
2519 4454 2628 4510 Cur
2656 4455 2809 4520 illud,
2838 4452 3015 4507 Pene?
3060 4469 3155 4508 cur
3187 4455 3236 4507 id
3265 4453 3343 4508 sic
3384 4453 3648 4508 correxit?
3677 4452 3825 4522 Quo-

2233 4547 2373 4599 niam
2417 4547 2501 4599 illa
2539 4557 2642 4599 non
2693 4556 2847 4600 erant
2874 4545 3107 4615 perfecta
3150 4546 3452 4611 inundatio,
3497 4561 3670 4615 neque
3708 4561 3829 4614 pcr-

2235 4636 2370 4691 l‘ecta
2404 4637 2671 4701 remissio,
2694 4637 2785 4690 sed
2811 4636 3211 4706 semiperfecta,
3231 4650 3285 4692 et
3315 4637 3364 4690 in
3396 4638 3613 4691 minima
3642 4646 3826 4707 parte:

2236 4728 2318 4780 hic
2348 4736 2548 4794 autem,
2605 4726 2702 4780 Hic
2736 4738 2830 4793 est,
2877 4728 3072 4796 inquit,
3104 4731 3314 4799 sanguis
3360 4729 3474 4780 novi
3525 4729 3826 4795 testamenti,

2233 4821 2318 4886 qui
2368 4835 2460 4887 pro
2504 4818 2638 4872 vobis
2677 4818 2956 4886 e/Tumlitur
3001 4821 3052 4872 in
3105 4820 3455 4874 remissionem
3503 4833 3831 4890 peccatorum

2236 4910 2448 4979 (.llatt/i.
2494 4910 2584 4965 *26.
2619 4911 2732 4979 ‘28).
2768 4910 2866 4966 Ubi
2901 4912 3057 4981 igitur
3088 4911 3221 4966 liber
3263 4913 3574 4966 emuudavit
3620 4913 3831 4969 iliorum

2238 5003 2486 5056 mentes?
2516 5003 2616 5072 lp..~i
2649 5013 2803 5056 erant
2829 5003 2950 5056 libri
2984 5005 3109 5056 novi
3141 5003 3496 5058 Testamenti.
3525 5003 3626 5059 Ubi
3656 5017 3834 5060 autem

2243 5113 2366 5149 \‘asa
2399 5097 2723 5150 ministerii?
2754 5097 2858 5166 Ipsi
2902 5110 3048 5151 sunt.
3082 5096 3182 5152 L'bi
3231 5098 3680 5152 tabernaculum?
3730 5099 3838 5168 ipsi

2237 5197 2362 5241 sunt
2391 5203 2616 5241 rursus:
2654 5186 2961 5241 Inhabitabo
2995 5189 3162 5252 enim,
3192 5188 3382 5258 inquit,
3416 5191 3469 5243 in
3509 5189 3638 5254 illis,
3668 5200 3715 5244 et
3751 5193 3836 5243 in-

2240 5278 2509 5331 ambulabo
2538 5279 2627 5348 (2.
2654 5277 2773 5332 Cor.
2800 5277 2851 5332 6.
2887 5279 3008 5347 i6).
3048 5282 3115 5331 At
3156 5279 3276 5332 lana
3319 5279 3570 5334 coccinea
3612 5290 3664 5334 et
3707 5281 3842 5351 hys-

2239 5385 2370 5440 Sopo
2418 5370 2503 5426 hic
2552 5384 2656 5426 non
2694 5373 3006 5442 aspergehat
3037 5389 3048 5422 :
3085 5373 3290 5441 quare?
3335 5372 3662 5427 Emundatio
3691 5377 3839 5428 enim

2241 5479 2344 5517 non
2378 5474 2495 5518 erat
2522 5467 2837 5533 corporalis,
2864 5465 2954 5518 sed
2984 5465 3301 5531 spiritualis,
3331 5476 3384 5519 et
3426 5467 3644 5536 sanguis
3673 5467 3838 5536 spiri-

2244 5554 2425 5608 tualis.
2462 5555 2782 5621 Quomodo?
2809 5556 2924 5609 Non
2962 5573 3024 5610 ex
3059 5572 3285 5624 corpore
3319 5558 3471 5610 ﬂuxit
3499 5559 3844 5613 irrationabi-

2244 5647 2369 5699 liuzn
2398 5690 2410 5710 ,
2448 5647 2542 5700 sed
2584 5663 2649 5700 ex
2693 5662 2917 5716 corpore
2951 5647 3090 5712 quod
3142 5659 3382 5716 paratum
3431 5648 3529 5702 luit
3556 5664 3583 5700 a
3613 5647 3835 5719 Spiritu.

2243 5743 2355 5796 llcc
2393 5743 2655 5812 sanguine
2684 5757 2782 5795 nos
2812 5757 2916 5794 non
2951 5741 3186 5812 Moyses,
3215 5741 3310 5795 sed
3333 5741 3584 5796 Christus
3611 5745 3846 5812 aspersit

2245 5852 2326 5906 per
2371 5835 2587 5890 verbum
2620 5834 2761 5905 quod
2811 5835 3010 5890 dictum
3044 5844 3121 5890 cst
3175 5853 3185 5887 :
3248 5834 3346 5888 llic
3376 5845 3447 5889 est
3487 5838 3694 5906 sanguis
3724 5838 3848 5892 nori
