4122 6338
209 404 312 459 {2‘3

206 505 489 561 testamenti
530 504 586 560 in
640 501 989 560 remissionem
1033 509 1377 574 peccatorum.
1431 498 1543 556 Hoc
1584 501 1807 555 verbum

207 615 305 666 pio
333 597 574 670 hyssopo
600 595 863 669 sanguine
889 593 1197 659 intinctum,
1227 607 1421 648 omnes
1450 593 1708 663 aspergit.
1744 591 1812 646 Et

204 691 319 746 illic
359 691 582 761 quidem
622 705 819 762 corpus
857 689 1200 746 extrinsecus
1239 684 1640 752 mundabatur;
1689 693 1807 741 erat

207 785 356 841 enim
385 783 668 840 mundatio
695 781 1030 854 corporalis:
1055 780 1142 836 hic
1171 789 1351 836 autem
1379 780 1630 850 qttoniam
1658 795 1814 834 mun-

224 877 376 932 datiu
421 885 507 931 est
548 872 874 945 spiritualis,
905 868 1181 926 mundatio
1226 866 1527 938 ingreditur
1567 863 1824 931 animam,

225 983 337 1023 non
367 967 542 1022 solum
571 978 869 1036 aspergens
897 962 992 1016 sed
1021 959 1369 1015 ctiaminstar
1398 957 1559 1011 fatuis
1590 949 1831 1028 irrigans

223 1059 282 1116 in
315 1058 600 1114 animabus
627 1056 853 1112 nostris.
888 1054 1078 1110 Sciunt
1102 1067 1221 1122 qum
1251 1049 1504 1105 dicuntur
1526 1049 1560 1104 ii
1583 1050 1672 1120 qui
1701 1057 1830 1104 sunt

224 1153 420 1208 initiati
451 1149 746 1223 mysteriis.
771 1147 837 1203 Et
865 1148 915 1202 in
939 1145 1046 1201 illis
1075 1143 1292 1214 quidem
1317 1143 1484 1212 ipsam
1509 1140 1829 1212 aspergebat

227 1244 598 1316 superﬁciem,
627 1252 681 1297 et
703 1241 791 1312 qui
833 1239 1238 1310 aSpergchatur,
1260 1249 1448 1291 rursus
1471 1234 1823 1300 abluebatur;

229 1351 341 1391 non
369 1335 514 1392 enim
538 1347 754 1403 semper
779 1331 960 1386 obibat
988 1337 1332 1384 cruentatus:
1363 1326 1414 1380 in
1437 1325 1613 1380 anima
1647 1339 1825 1380 autem

242 1442 351 1482 non
383 1427 482 1492 sic,
501 1424 593 1481 sed
629 1422 731 1494 ipsi
761 1421 1010 1478 essentia:
1034 1420 1359 1474 admiscetur
1387 1417 1624 1486 sanguis,
1657 1416 1825 1485 ipsam

225 1515 467 1572 reddens
497 1515 773 1570 robustam
806 1522 859 1568 et
887 1520 1115 1575 castam,
1141 1522 1196 1565 et
1222 1508 1496 1564 deducens
1536 1509 1600 1562 ad
1633 1508 1823 1577 ips-tm,

224 1625 351 1681 qum
386 1606 645 1679 explicari
673 1622 778 1662 non
812 1603 986 1676 pbtest
1009 1645 1025 1672 ,
1060 1601 1533 1675 pulchritudinem.
1568 1603 1827 1673 Deinceps

224 1713 411 1757 autem
453 1697 690 1756 ostendit
733 1706 964 1753 mortem
1015 1712 1123 1752 non
1175 1694 1604 1752 conﬁrmationis
1649 1695 1825 1750 solum

225 1807 353 1849 esse
377 1805 619 1858 causam,
651 1789 747 1846 sed
773 1790 936 1845 etiam
963 1787 1378 1845 emendationis.
1405 1788 1546 1846 Nam
1572 1787 1825 1858 quoniam

227 1900 383 1940 mors
423 1884 707 1939 videbatur
733 1898 856 1939 esse
901 1895 989 1936 res
1019 1881 1364 1938 exsecranda.
1401 1893 1459 1941 et
1503 1881 1737 1936 maxime
1762 1893 1826 1934 ea

223 1994 350 2048 quzc
371 1978 771 2048 suscipiebatur
799 1990 894 2046 per
916 1989 1158 2040 crucem,
1178 1973 1308 2030 dicit
1336 1989 1455 2030 eam
1479 1972 1826 2038 emundasse,

226 2069 395 2142 idque
441 2070 678 2139 pretiosa
727 2067 1133 2133 emundatione,
1165 2075 1366 2135 ctqua:
1410 2065 1614 2120 eratin
1663 2062 1827 2118 rebus

225 2163 550 2234 majoribus.
596 2161 888 2230 Propterea
936 2167 1337 2229 przeeesserunt
1381 2157 1667 2221 sacriﬁcia,
1698 2170 1828 2226 pro-

228 2266 355 2326 pter
404 2254 549 2308 hunc
593 2252 949 2323 sanguinem:
1000 2259 1288 2321 propterea
1334 2249 1492 2321 agni,
1546 2257 1827 2318 pr0pterea

225 2347 371 2401 facta
404 2352 530 2400 sunt
553 2345 753 2399 omnia.
777 2342 870 2399 9.3.
905 2340 1125 2397 Necesse
1161 2352 1233 2396 est
1261 2359 1400 2413 ergo,
1425 2342 1625 2412 inquit,
1655 2357 1828 2395 excin-

226 2437 403 2508 plaria
429 2435 634 2505 quidem
657 2435 933 2489 cwlestiunt
964 2433 1044 2487 his
1083 2432 1343 2496 mandari,
1371 2433 1486 2500 ipsa
1530 2443 1697 2486 autem
1724 2447 1828 2487 rte-

226 2532 378 2586 lestia
415 2529 708 2584 melioribus
747 2529 923 2583 hostiis
957 2544 1111 2597 quam
1145 2528 1276 2581 istis.
1315 2528 1381 2581 Et
1401 2526 1671 2597 quomodo
1701 2536 1830 2581 sunt

225 2620 558 2690 exemplaria
577 2636 768 2677 eorum
789 2635 910 2691 quas
935 2631 1059 2675 sunt
1083 2619 1136 2673 in
1153 2618 1336 2674 caelis?
1353 2618 1626 2688 quomodo
1649 2630 1828 2674 autem

226 2723 390 2767 \ocat
417 2728 560 2768 nunc
586 2727 646 2768 ea
676 2729 794 2782 qua:
826 2721 952 2768 Sttnl
979 2711 1032 2765 in
1059 2711 1251 2767 caelis?
1299 2727 1424 2764 num
1471 2711 1701 2766 czelum?
1739 2721 1829 2766 attt

225 2805 495 2876 angelos?
524 2803 669 2859 Nihil
699 2803 928 2868 horum;
973 2803 1062 2858 sed
1090 2810 1297 2857 nostra.
1326 2803 1520 2858 Nostra
1551 2819 1679 2874 ergo
1705 2815 1829 2858 sunt

228 2897 288 2951 itt
315 2896 487 2962 czelis,
516 2906 570 2950 et
598 2905 782 2950 nostra
822 2903 947 2949 sunt
972 2895 1231 2961 czelestia,
1263 2895 1474 2949 etiamsi
1509 2905 1834 2966 peragantur

229 2990 290 3043 in
343 3002 506 3044 terra.
559 2989 692 3044 Nam
737 2990 913 3060 angeli
955 3004 1170 3060 quoque
1218 3000 1346 3044 sunt
1394 2991 1449 3045 itt
1499 3000 1680 3056 terra,
1736 2991 1832 3046 sed

227 3082 487 3137 dicuntur
534 3083 816 3148 caelestes;
876 3092 929 3138 et
984 3082 1275 3138 Cherubim
1344 3093 1711 3153 apparuerunt
1778 3085 1830 3138 in

230 3185 400 3238 terra,
433 3184 557 3228 sunt
607 3185 782 3230 tamen
825 3175 1081 3230 tta-lesua.
1117 3176 1184 3230 Et
1227 3175 1354 3246 quid
1399 3175 1522 3230 dico
1565 3190 1831 3246 apparue-

232 3267 408 3320 runt?
440 3267 491 3320 itt
527 3277 668 3321 terra
699 3267 915 3338 qttidem
945 3278 1095 3322 certe
1118 3267 1340 3338 degunt,
1372 3278 1424 3322 ut
1467 3268 1628 3324 etiam
1661 3269 1712 3323 in
1743 3285 1832 3338 pa-

232 3359 442 3412 radiso.
467 3359 571 3416 Sed
606 3361 738 3415 nihil
767 3361 868 3415 hoc
897 3361 1212 3428 impedivit;
1247 3371 1369 3416 sunt
1399 3362 1543 3417 enim
1573 3364 1831 3419 caslestia.

230 3448 309 3503 Et
332 3460 505 3504 nostra
520 3453 831 3506 conversatio
853 3455 989 3506 estin
1011 3454 1149 3507 cwlis
1167 3452 1430 3525 (Philipp.
1449 3453 1638 3522 5.20),
1655 3470 1837 3525 quam-

230 3544 324 3598 vis
355 3543 443 3597 hic
468 3558 768 3597 versemur.
819 3542 948 3614 Ipsa
976 3553 1146 3598 autem
1173 3546 1427 3612 ca’lestia,‘
1469 3545 1570 3601 hoc
1597 3554 1680 3601 est
1718 3547 1838 3616 phi-

234 3635 486 3705 losOphia
520 3637 606 3690 illa
638 3652 757 3706 qua:
797 3645 878 3691 est
905 3639 1046 3706 apud
1088 3653 1207 3703 nos,
1238 3639 1328 3708 qui
1371 3639 1496 3694 illuc
1525 3654 1712 3694 sumus
1743 3655 1838 3694 vo-

232 3729 368 3784 cali.
393 3727 710 3793 bleliorilms,
732 3727 923 3797 inquit,
945 3728 1123 3784 hostiis
1143 3746 1296 3799 quant
1316 3731 1443 3784 istis.
1463 3730 1616 3798 Quod
1644 3731 1837 3785 melius

234 3830 346 3884 cst,
379 3820 558 3888 aliqua
608 3820 748 3872 bona
779 3829 862 3872 t-st
893 3820 1122 3877 melius:
1168 3835 1298 3890 ergo
1331 3820 1547 3876 fuerunt
1586 3823 1748 3886 bona,
1785 3833 1840 3877 et

236 3911 568 3976 exemplaria
600 3927 788 3965 eorum
836 3926 956 3979 quae
988 3911 1039 3965 in
1089 3913 1257 3966 cadis.
1291 3912 1401 3966 Nec
1449 3914 1589 3968 mala
1639 3912 1838 3968 fuerint

235 3997 614 4066 exemplaria:
648 4012 771 4052 nam
808 3998 897 4053 illa
935 4014 1152 4070 quoque
1197 4008 1382 4056 essent
1425 4001 1564 4055 mala
1612 4016 1843 4072 quorum

235 4099 371 4145 sunt
399 4090 750 4160 exemplaria.

315 4181 371 4236 5.
402 4180 458 4235 Si
490 4197 618 4252 ergo
645 4198 832 4237 sumus
862 4183 1129 4251 czelestes,
1161 4193 1215 4238 ct
1245 4193 1420 4240 tamen
1451 4186 1725 4256 assequuti
1753 4201 1845 4241 su-

236 4288 366 4326 mus
412 4273 730 4338 essentiam,
776 4275 1263 4343 pertimescamus:
1297 4293 1400 4331 non
1449 4279 1680 4348 amplius
1725 4295 1842 4334 ma-

238 4379 469 4419 neamus
501 4365 551 4418 in
586 4375 726 4420 terra
756 4384 768 4420 :
796 4366 917 4422 licet
941 4367 1086 4421 enim
1130 4368 1176 4421 ei
1210 4370 1300 4438 qui
1332 4371 1479 4432 velit,
1511 4372 1673 4424 etiam
1701 4388 1843 4427 nunc

238 4472 355 4510 non
403 4472 526 4512 esse
571 4459 623 4512 in
673 4465 839 4512 terra.
884 4459 1015 4513 Nam
1049 4471 1106 4514 ut
1135 4462 1306 4518 simus
1347 4473 1401 4517 et
1442 4479 1547 4518 non
1593 4467 1762 4521 simus
1793 4468 1842 4521 in

241 4556 410 4612 terra,
457 4545 515 4600 lit
562 4549 726 4602 animi
778 4549 1026 4604 instituto
1057 4562 1110 4606 et
1159 4554 1457 4609 voluntate.
1498 4557 1565 4610 L't
1612 4561 1846 4628 exempli

238 4655 406 4694 causa
440 4658 451 4692 :
485 4639 626 4695 Deus
651 4640 851 4695 dicitur
877 4659 1000 4698 esse
1037 4645 1090 4698 in
1121 4646 1294 4699 cado:
1327 4650 1533 4714 quare?
1579 4667 1684 4703 non
1728 4651 1846 4706 loco

239 4729 515 4796 CXCitlS'IS,
550 4731 710 4797 absit,
760 4749 932 4803 neque
973 4745 1169 4790 terram
1213 4739 1528 4810 relinquens
1572 4741 1842 4797 desertam

237 4838 341 4877 sua
375 4823 690 4893 pta‘scntia,
724 4825 816 4880 sed
849 4829 1081 4896 quadam
1111 4829 1425 4886 habitudine
1454 4832 1845 4890 familiaritate-

237 4932 348 4988 que
373 4917 830 4987 ctconjtmctime
859 4937 978 4989 qua:
1007 4932 1088 4976 est
1119 4923 1196 4977 illi
1225 4940 1346 4978 eum
1372 4929 1594 4994 angelis.
1629 4927 1682 4982 Si
1714 4943 1846 4997 ergo

239 5023 344 5062 nos
367 5025 580 5078 quoque
599 5012 768 5064 simus
793 5023 1014 5081 prOptcr
1041 5015 1229 5077 Deum,
1252 5032 1439 5070 sumus
1460 5019 1510 5072 in
1527 5021 1680 5074 carlo.
1705 5020 1842 5088 Quid

238 5102 385 5155 enim
422 5101 556 5155 mihi
589 5118 731 5156 eurze
760 5115 839 5156 est
873 5106 1084 5171 Cil'illm,
1117 5108 1331 5177 quando
1370 5110 1527 5162 \ideo
1560 5113 1843 5166 Dotninum

239 5193 626 5262 carli'lquando
645 5196 756 5260 ipse
787 5195 956 5251 laetus
972 5197 1124 5253 luero
1147 5202 1336 5254 radunt
1357 5201 1661 5259 “calamus
1678 5207 1846 5274 enim,

241 5287 436 5355 inquit,
472 5305 566 5357 ego
593 5299 638 5341 et
669 5288 827 5342 Pater
855 5308 1014 5346 mens.
1040 5301 1083 5344 rt
1117 5295 1430 5348 mansionem
1460 5298 1598 5366 apud
1623 5314 1733 5350 cum
1762 5302 1844 5370 {a-

240 5382 431 5435 ciemus
478 5382 664 5451 (Joan.
702 5383 786 5437 H.
821 5385 934 5452 25).
983 5386 1230 5438 Animam
1285 5403 1414 5455 ergo
1462 5389 1717 5443 faciamus
1747 5408 1845 5445 no-

239 5472 322 5526 bis
353 5473 571 5526 caelum.
603 5475 809 5528 C:l.‘llllli
841 5487 925 5529 est
979 5490 1165 5532 natura
1195 5478 1492 5546 jumutdunt
1537 5493 1589 5535 et
1632 5485 1845 5537 la‘lum:

241 5581 417 5634 neque
446 5565 593 5619 enim
631 5565 681 5617 in
714 5575 1034 5634 tempestate
1066 5571 1121 5621 lit
1153 5571 1363 5637 nigrum
1397 5589 1407 5621 :
1445 5589 1549 5625 non
1579 5585 1741 5628 tnutat
1777 5579 1850 5627 la-

239 5657 413 5720 t'iem,
448 5658 542 5711 sed
594 5670 986 5713 concurrentes
1036 5666 1207 5714 nubes
1260 5666 1432 5732 ipsum
1487 5669 1847 5726 abscondtmt.

239 5749 443 5801 tiu-lum
481 5748 647 5802 habet
676 5749 847 5802 sulem
877 5768 886 5802 :
931 5751 1187 5806 habentus'
1209 5772 1307 5807 nos
1334 5772 1545 5825 quoque
1574 5761 1741 5814 solem
1762 5763 1847 5831 jll~

241 5844 419 5896 stlItJr.
449 5843 565 5895 Divi
594 5842 757 5894 licere
780 5843 892 5896 licri
916 5854 1183 5912 tamquam
1203 5848 1392 5901 (ra-lum
1428 5862 1509 5904 :et
1533 5850 1685 5906 video
1709 5857 1846 5920 quod

1031 405 1096 462 IN
1135 405 1354 462 EPIST.
1397 405 1489 462 AD
1528 401 1892 463 HEBRA‘JOS.
1932 399 2090 457 CAP.
2132 396 2225 454 IX.
2270 394 2506 452 IIOMIL.
2550 393 2693 451 ινι.

3430 388 3531 445 Η..ίῖ

1925 501 2089 556 etiam
2119 499 2255 554 caelo
2297 499 2456 554 liccat
2503 498 2618 554 lieri
2666 499 2948 556 meliorem
2979 509 3034 556 et
3079 501 3532 572 prtestantioretn.

1931 593 2258 664 Quomodo?
2287 592 2516 663 Quando
2539 593 2671 650 solis
2697 594 2984 651 Dominum
3016 594 3387 652 habuerimus.
3416 597 3537 653 Ca:-

1931 688 2040 742 Ium
2087 697 2172 743 est
2198 687 2348 743 omni
2381 701 2448 743 ex
2480 695 2632 756 parte
2661 703 2855 758 purum
2885 699 2941 744 et
2970 688 3395 758 immaculatum,
3429 705 3538 745 non

1932 778 2132 847 hieme,
2157 795 2263 834 non
2293 788 2452 834 nocte
2479 788 2743 835 mutatur.
2765 778 2844 836 Ne
2861 779 2965 836 hoc
2981 796 3111 852 ergo
3130 781 3286 837 nobis
3306 781 3537 850 accidat,

1931 886 2219 936 caveanms
2235 887 2302 926 ne
2316 869 2724 936 afﬂictionibus,
2741 880 2836 928 aut
2849 872 3049 928 diaboli
3065 874 3276 930 insidiis
3289 875 3536 945 appetiti,

1933 963 2038 1018 tale
2085 963 2213 1034 quid
2266 963 2697 1034 patiamur:sed
2753 979 3070 1020 maneamus
3117 966 3453 1023 intmaculati
3482 977 3540 1023 et

1933 1053 2138 1110 mundi.
2171 1052 2375 1110 leutn
2407 1054 2784 1111 estexcelsum
2805 1096 2820 1122 ,
2848 1064 2903 1112 et
2927 1059 3132 1112 a'terra
3164 1057 3327 1129 longe
3355 1073 3540 1114 remo-

1935 1154 2046 1201 tum
2065 1164 2077 1198 :
2096 1145 2198 1201 hoc
2212 1160 2308 1202 nos
2327 1161 2541 1217 quoque
2556 1145 2838 1215 iaciamus,
2857 1161 2888 1202 a
2909 1158 3050 1204 terra
3071 1164 3171 1204 nos
3186 1148 3538 1216 abducamus.

1925 1249 1982 1294 et
1996 1239 2063 1294 ad
2079 1239 2230 1295 illam
2244 1239 2578 1294 extollantur
2593 1238 3329 1310 altitudinetn.thuomodo
3343 1255 3373 1294 a
3387 1248 3534 1295 terra

1925 1328 2306 1386 abducentur?
2337 1328 2392 1384 Si
2437 1329 2680 1385 caelestia
2710 1330 3041 1400 cogitemus.
3073 1329 3282 1384 Caelum
3324 1329 3536 1386 imbres

1922 1429 1979 1476 et
1995 1427 2349 1491 tempestates
2366 1428 2673 1490 superat,et
2687 1435 2714 1474 a
2733 1421 2885 1474 ttullo
2899 1420 3116 1490 capitur
3133 1437 3146 1472 :
3166 1421 3271 1478 hoc
3288 1436 3541 1492 nosque-

1921 1515 2384 1594 que.poterimus,
2411 1516 2456 1568 si
2487 1514 2743 1569 velimus.
2773 1513 2887 1568 lloc
2910 1515 3130 1584 quidem
3158 1516 3268 1584 pati
3297 1516 3534 1582 videtur,

1939 1608 2112 1677 ipsum
2158 1617 2337 1663 tamen
2385 1623 2492 1662 non
2521 1607 2727 1678 patitur
2755 1624 2770 1662 :
2794 1622 2900 1664 nec
2925 1622 3026 1663 nos
3060 1623 3193 1680 ergo
3233 1610 3539 1679 patiamur,

1929 1700 2141 1754 etiamsi
2163 1699 2445 1754 videamur
2474 1699 2601 1768 pati.
2631 1699 2763 1754 Nam
2785 1707 2841 1752 ut
2870 1701 2920 1753 in
2941 1697 3120 1754 hieme
3145 1698 3298 1752 multi
3316 1696 3536 1769 quidem

1937 1810 2043 1849 non
2065 1803 2261 1849 norunt
2277 1794 2393 1863 ejus
2416 1792 2888 1864 pulchritudinem,
2907 1791 3002 1846 sed
3023 1792 3333 1846 existimant
3358 1791 3534 1862 ipsum

1930 1885 2162 1949 mutari;
2185 1884 2493 1956 philosophi
2521 1893 2700 1938 autem
2729 1883 2906 1937 sciunt
2929 1884 3102 1952 ipsum
3127 1881 3258 1936 nihil
3275 1895 3396 1938 esse
3413 1895 3539 1951 pas-

1929 1993 2048 2033 sum
2086 1994 2100 2032 :
2125 1977 2194 2031 ita
2219 1978 2380 2031 etiam
2407 1975 2562 2030 nobis
2586 1974 2838 2030 usuvenit
2864 1974 2916 2028 in
2943 1972 3348 2036 afﬂictionibus,
3381 1971 3534 2030 multi

1929 2068 2148 2140 quidem
2180 2067 2496 2122 existimant
2532 2082 2629 2121 nos
2656 2079 2778 2121 esse
2799 2072 3182 2128 comtnutatos,
3207 2075 3261 2119 et
3287 2061 3537 2118 afﬂictio-

1931 2179 2057 2219 nem
2087 2163 2253 2218 corda
2282 2171 2462 2218 nostra
2499 2161 2766 2232 tetigisse;
2799 2159 2942 2230 quod
2973 2170 3154 2214 autem
3183 2173 3281 2212 nos
3308 2173 3415 2214 non
3443 2167 3524 2213 te-

1931 2255 2134 2324 tigerit,
2159 2263 2355 2309 norunt
2380 2253 2706 2324 philosophi.
2725 2251 2834 2307 Nos
2853 2267 2981 2323 ergo
2997 2254 3188 2307 czelum
3209 2250 3534 2317 el‘liciamur,

1930 2345 2290 2403 ascendamtts
2321 2345 2373 2400 in
2414 2345 2562 2399 illam
2608 2342 2973 2408 altitudinem,
3005 2350 3059 2396 et
3109 2343 3184 2396 ita
3235 2340 3536 2397 videbimus

1930 2438 2178 2496 homines
2197 2436 2328 2492 nihil
2344 2435 2563 2492 differre
2587 2450 2618 2490 a
2646 2435 2885 2491 formicis
2907 2453 2921 2488 :
2943 2449 3048 2489 non
3072 2436 3264 2499 solum,
3292 2435 3532 2505 inquam,

1929 2543 2196 2600 pauperes
2221 2539 2274 2584 ct
2294 2528 2524 2589 divites:
2553 2529 2647 2584 sed
2669 2528 2883 2584 etiamsi
2908 2529 2976 2582 sit
3004 2528 3310 2598 praefectus,
3340 2527 3384 2581 si
3417 2542 3533 2590 rex,

1931 2637 2033 2678 nec
2055 2639 2261 2694 regem,
2292 2637 2392 2679 nec
2427 2623 2694 2692 privatum
2723 2621 3158 2676 internoscemus
3190 2638 3202 2673 :
3232 2620 3537 2674 nesciemus

1931 2714 2055 2784 quid
2089 2718 2160 2770 sit
2187 2708 2399 2779 aurum,
2430 2714 2557 2784 quid
2585 2721 2889 2784 argentum,
2910 2711 3039 2782 quid
3059 2711 3225 2766 vestis
3249 2710 3420 2765 serica
3444 2717 3539 2763 aut

1932 2821 2198 2876 purpurea
2235 2825 2245 2858 :
2277 2808 2456 2860 omnia
2478 2805 2781 2860 videbimus
2805 2814 3078 2874 tamquam
3107 2818 3343 2869 muscas,
3377 2803 3421 2856 si
3451 2817 3538 2858 sc-

1929 2897 2240 2954 deritnusin
2266 2898 2355 2952 illa
2386 2897 2670 2952 altitudine
2703 2915 2716 2953 :
2749 2898 2931 2952 nullus
2961 2897 3070 2952 illic
3105 2897 3398 2961 tumultus,
3435 2911 3536 2966 nec

1931 2988 2288 3060 perturbatio,
2310 3004 2486 3059 neque
2516 2989 2742 3044 clamor.
2773 2989 2840 3044 Et
2867 2987 3160 3059 quomodo,
3189 2987 3382 3058 inquit,
3419 2987 3537 3043 ﬁeri

1930 3091 2111 3152 potest
2143 3082 2287 3138 tttad
2319 3093 2522 3137 tantam
2557 3083 2850 3138 extollatur
2871 3081 3210 3138 altitudinem
3234 3083 3323 3154 qui
3347 3083 3539 3138 authu-

1931 3173 2009 3229 lat
2036 3175 2086 3228 in
2119 3184 2262 3230 terra
2281 3173 2306 3228 ἲ
2327 3174 2517 3230 Verbis
2550 3174 2768 3244 quidem
2799 3189 2902 3230 non
2927 3173 3071 3241 dico,
3096 3173 3190 3230 sed
3214 3175 3376 3228 rebus
3403 3173 3536 3244 ipsis

1928 3265 2159 3320 ostendo
2202 3281 2297 3321 eos
2327 3266 2416 3336 qui
2457 3265 2524 3320 ad
2575 3265 2721 3321 illam
2761 3275 3126 3336 pervenerunt
3169 3266 3533 3323 altitudinem.

1929 3357 2162 3424 Quinam
2192 3357 2227 3412 ii
2273 3357 2436 3413 sunt?
2464 3357 2660 3412 Paulus
2684 3367 2741 3414 et
2767 3359 2884 3428 ejus
2909 3358 3152 3425 asseelre,
3175 3359 3265 3428 qui
3295 3374 3417 3414 cum
3445 3375 3535 3416 es-

1929 3457 2052 3504 sent
2075 3463 2242 3519 super
2264 3457 2486 3512 tcrram,
2519 3450 2876 3504 versabantur
2896 3450 2948 3504 in
2979 3449 3133 3505 caelo.
3167 3451 3234 3505 Et
3259 3451 3385 3522 quid
3413 3450 3537 3506 dico

1930 3542 1982 3596 in
2015 3543 2190 3598 caelo?
2219 3543 2389 3598 Erant
2434 3541 2570 3597 ets-lo
2609 3543 2866 3608 altiores,
2905 3553 2960 3598 et
3007 3543 3117 3599 alio
3163 3544 3302 3599 crelo
3327 3585 3344 3612 ,
3393 3553 3448 3599 et
3467 3544 3533 3599 ad

1930 3633 2097 3690 Deum
2128 3634 2302 3704 ipsum
2328 3633 2726 3698 ascenderunt,
2764 3634 2893 3701 Quis
2919 3634 3056 3689 enint
3100 3651 3193 3689 nos
3235 3635 3528 3704 separabit,

1931 3725 2124 3796 inquit,
2156 3742 2187 3778 a
2217 3726 2431 3780 caritate
2459 3724 2650 3781 Christi
2674 3726 2699 3780 ?
2729 3727 2994 3781 tribulatio
3015 3769 3030 3794 ,
3060 3743 3128 3782 an
3171 3729 3440 3799 angustia,
3469 3746 3535 3783 at;

1931 3822 2114 3888 fontes,
2142 3835 2208 3872 an
2236 3819 2554 3888 persequutio
2580 3861 2594 3884 ,
2629 3835 2696 3873 an
2728 3819 2956 3885 nuditas,
2988 3836 3054 3873 an
3095 3821 3380 3884 periculum
3404 3863 3418 3884 ,
3469 3839 3534 3875 an

1929 3909 2133 3980 gladius
2162 3909 2343 3978 (Rom.
2370 3910 2423 3964 8.
2445 3908 2574 3983 55)?
2603 3919 2657 3966 et
2683 3925 2891 3974 rursus,
2923 3909 3047 3965 Non
3075 3912 3536 3975 contemplantibus

1931 4003 2075 4058 nobis
2101 4019 2215 4074 qua:
2244 4005 2508 4069 videntur,
2531 4004 2622 4060 sed
2658 4021 2772 4074 qua:
2800 4022 2901 4059 non
2945 4005 3186 4058 videntur
3217 4005 3294 4077 (2.
3328 4005 3448 4061 Cor.
3478 4008 3536 4062 4.

1933 4095 2043 4166 18).
2069 4079 2232 4150 Vides
2252 4094 2395 4164 qttod
2427 4110 2528 4150 nec
2546 4111 2605 4149 ea
2637 4096 2856 4166 quidem
2885 4113 3006 4166 qttze
3028 4098 3114 4151 hic
3140 4108 3264 4152 sunt
3287 4097 3534 4154 videbat?

1931 4185 1999 4240 Ut
2027 4194 2204 4240 autem
2257 4183 2346 4238 tibi
2378 4187 2664 4241 ostendam
2695 4188 2838 4255 quod
2867 4187 3014 4241 cmlis
3040 4195 3157 4242 erat
3187 4188 3370 4253 altior,
3409 4188 3534 4244 audi

1924 4283 2046 4323 eum
2078 4269 2348 4324 dicentem
2378 4285 2392 4322 :
2423 4268 2606 4324 Certus
2644 4287 2758 4322 smn
2789 4273 2920 4324 enim
2949 4315 2963 4336 ,
3005 4274 3146 4344 quod
3193 4289 3356 4344 neque
3395 4289 3531 4326 mors

1923 4376 2083 4431 neque
2112 4364 2233 4427 vita,
2259 4377 2416 4430 neque
2438 4363 2706 4431 pra'sentia
2730 4380 2888 4433 neque
2910 4368 3107 4433 futm'a.
3131 4381 3292 4434 neque
3311 4364 3531 4418 altitudo

1924 4467 2087 4520 neque
2114 4452 2447 4522 profundum,
2478 4469 2637 4523 neque
2671 4455 2779 4506 ulla
2820 4456 2923 4506 alia
2951 4468 3189 4509 creatura
3229 4457 3411 4525 poterit
3440 4473 3529 4506 nos

1923 4561 2164 4613 separare
2186 4562 2218 4598 a
2242 4547 2454 4600 caritate
2483 4547 2671 4600 Christi
2703 4546 2880 4615 (Rom.
2908 4548 2960 4603 8.
2991 4549 3081 4604 38.
3116 4547 3231 4621 59).

1998 4637 2052 4691 4.
2078 4636 2344 4690 Laudatur
2363 4636 2520 4691 Pauli
2533 4639 2827 4708 magnitudo
2845 4639 3024 4692 animi.
3058 4639 3135 4694 Dc
3158 4639 3468 4710 funmttbulis
3487 4649 3531 4691 at

1925 4729 2042 4782 aliis
2063 4727 2535 4782 ludicris.-—Vidcs
2555 4729 2824 4798 quomodo
2854 4729 2991 4784 ratio
3020 4731 3271 4785 omnibus
3302 4741 3534 4800 praster-

1931 4820 2132 4885 cursis,
2181 4835 2306 4874 eum
2359 4819 2600 4874 alfeeerit
2649 4821 3006 4890 superiorem,
3043 4836 3148 4876 non
3203 4822 3302 4876 hac
3356 4822 3534 4876 solum

1929 4920 2199 4975 creatura,
2233 4926 2340 4963 non
2371 4909 2454 4964 his
2477 4910 2644 4974 caelis,
2665 4911 2759 4965 sed
2786 4913 2906 4965 etsi
2941 4913 3031 4982 qui
3055 4913 3164 4966 sint
3190 4912 3318 4965 alii?
3346 4912 3532 4967 Vidisti

1933 5003 2130 5058 mentis
2153 5001 2530 5056 altitudinem?
2566 5002 2742 5054 vidisti
2767 5003 2941 5072 qualis
2971 5003 3134 5057 fuerit
3157 5003 3530 5057 tabernaculo-

1932 5113 2049 5150 rum
2073 5105 2357 5150 contextor
2383 5095 2597 5164 quando
2621 5097 2803 5157 voluit,
2836 5097 2925 5164 qui
2962 5107 3125 5150 totatu
3157 5098 3317 5148 vitam
3342 5098 3392 5149 in
3421 5097 3538 5147 loro

1935 5186 2300 5256 transegerat?
2327 5185 2542 5238 Nullum
2586 5187 2730 5239 enim
2779 5196 2894 5251 est,
2944 5187 3150 5240 nullum
3194 5195 3276 5241 est
3309 5187 3538 5257 impedi-

1935 5289 2176 5333 mentum
2208 5294 2316 5347 quo
2349 5279 2527 5331 minus
2573 5294 2761 5331 omnes
2803 5294 3159 5346 superemus,
3194 5281 3237 5333 si
3284 5279 3535 5333 velimus.

1935 5371 2067 5426 Nam
2101 5373 2144 5425 si
2173 5381 2318 5425 artes
2340 5388 2459 5440 qua:
2487 5373 2628 5440 vulgi
2657 5382 2870 5441 Captum
2896 5384 3184 5440 superant,
3220 5373 3357 5427 adeo
3393 5386 3540 5427 recte

1937 5465 2197 5520 disrimus
2213 5474 2268 5518 et
2288 5480 2624 5530 exercemus,
2647 5467 2816 5518 multo
2847 5467 3016 5533 magis
3047 5467 3093 5518 id
3119 5467 3259 5534 quod
3292 5484 3395 5519 non
3420 5479 3539 5533 eget

1939 5565 2088 5609 tanto
2119 5558 2320 5609 labore.
2351 5557 2487 5621 Quid
2517 5557 2678 5618 enim,
2711 5557 2794 5610 die
2827 5558 2978 5617 mihi,
3003 5567 3078 5610 est
3109 5558 3321 5625 gravius
3352 5569 3402 5609 et
3437 5560 3535 5610 illi"

1942 5650 2131 5702 lieilitts
2164 5664 2320 5717 quam
2352 5664 2446 5716 per
2476 5650 2651 5701 funem
2691 5658 2970 5702 extensum
3008 5650 3237 5717 ingredi,
3270 5660 3538 5718 tamquam

1945 5741 1994 5794 in
2031 5742 2190 5807 plano
2217 5742 2356 5804 solo,
2391 5749 2445 5792 et
2476 5739 2526 5792 in
2556 5740 2662 5792 allo
2691 5739 3059 5793 ambulantem
3095 5756 3150 5792 se
3197 5738 3440 5800 induere,
3491 5751 3543 5791 et

1944 5852 2143 5888 exuere
2176 5845 2441 5902 tamquam
2471 5833 2519 5886 in
2554 5833 2691 5888 lecto
2716 5833 3035 5887 sedentem?
3070 5849 3248 5887 nonne
3279 5849 3364 5885 res
3399 5832 3531 5885 vide
