4122 6338
626 330 714 388 ιέἹ

629 438 714 481 tur
741 428 895 483 nobis
919 442 1040 484 esse
1065 430 1200 486 adeo
1225 431 1511 497 horrenda,
1547 445 1603 489 ut
1642 453 1708 490 ne
1736 437 1955 493 velimus
1983 439 2197 509 quidem

624 532 887 589 spectare,
907 522 1001 577 sed
1026 524 1322 589 timeamus,
1345 534 1398 579 et
1422 526 1487 579 ad
1512 528 1679 595 ipsum
1697 539 1968 599 aspectum
1991 543 2200 588 contre-

626 612 960 667 miscamus?
987 613 1121 681 Quid
1152 626 1330 670 autem
1354 627 1457 681 est,
1490 619 1575 673 dic
1603 621 1755 689 mihi,
1785 624 1997 692 gravius
2026 626 2196 680 etdif—

626 701 818 755 flcilius
848 720 1004 769 quam
1028 706 1079 757 in
1110 704 1244 760 facie
1274 718 1490 762 contum
1514 712 1817 781 suscipere;
1847 713 2041 770 deinde
2072 732 2199 786 pue-

624 808 740 848 rum
772 795 820 847 ei
845 795 1149 863 impositum
1191 797 1375 853 ludere
1398 800 1823 870 innumerabilia,
1853 814 1905 861 et
1928 806 2197 864 oblectare

623 885 991 953 spectatores?
1017 888 1143 956 quid
1174 890 1389 957 gravius
1410 902 1466 947 et
1491 894 1759 951 difﬁcilius
1784 913 1941 967 quam
1973 901 2022 955 in
2049 904 2194 956 ensi-

622 975 721 1027 bus
747 975 954 1043 sphaera
978 977 1207 1033 ludere?
1232 981 1358 1050 quid
1382 992 1483 1047 est,
1511 983 1595 1037 dic
1620 986 1769 1050 mihi,
1797 990 2013 1057 gravius
2038 1007 2194 1060 quam

619 1066 849 1120 scrutari
877 1066 1202 1135 profundum
1235 1073 1435 1125 maris?
1464 1074 1533 1127 Et
1556 1075 1686 1130 alias
1719 1088 1862 1132 artes
1886 1079 2194 1136 innumera-

618 1156 754 1211 biles
778 1158 1012 1225 potueris
1032 1160 1211 1216 dicere
1240 1178 1255 1215 :
1282 1163 1375 1217 sed
1404 1163 1487 1218 bis
1507 1166 1755 1222 omnibus
1770 1178 1855 1223 est
1882 1171 2049 1227 virtus
2072 1171 2198 1227 faci-

618 1248 743 1312 lior,
763 1247 808 1301 si
829 1246 1073 1313 velimus,
1095 1258 1151 1305 et
1169 1254 1476 1308 asceasioin
1491 1256 1681 1312 cmlum
1709 1276 1722 1311 :
1752 1258 1837 1314 hic
1861 1262 2003 1315 enim
2022 1264 2193 1317 solum

631 1342 851 1401 oportet
874 1335 1015 1391 velle
1056 1346 1110 1391 et
1136 1338 1315 1393 omnia
1356 1351 1669 1409 sequuntur.
1700 1342 1814 1397 Non
1850 1343 1974 1399 licet
2013 1346 2213 1411 dicere,

628 1420 742 1476 Non
777 1437 1032 1492 possum;
1080 1426 1129 1480 id
1160 1435 1243 1481 est
1282 1442 1536 1485 accusare
1565 1429 1823 1501 Opificem
1853 1452 1867 1487 :
1898 1451 2016 1488 nam
2045 1436 2089 1491 si
2118 1453 2215 1492 nos

629 1513 750 1566 fecit
780 1514 1075 1569 imbecillos
1117 1527 1171 1572 et
1198 1518 1399 1586 iubeat,
1434 1520 1601 1589 ipsius
1630 1533 1712 1577 est
1739 1526 2031 1579 accusatio.
2070 1526 2215 1595 Quo-

630 1606 788 1661 modo
833 1623 980 1678 ergo,
1012 1609 1203 1678 inquit,
1254 1612 1409 1667 multi
1464 1631 1569 1669 non
1616 1618 1881 1685 possunt?
1930 1619 2062 1684 Quia
2116 1636 2211 1675 no-

627 1699 763 1752 lunt.
790 1699 1074 1767 Quomodo
1102 1718 1205 1757 nou
1232 1705 1459 1760 volunt?
1483 1707 1599 1762 Pne
1628 1709 1831 1764 desidia
1866 1728 1880 1764 :
1910 1727 2029 1765 nam
2057 1714 2100 1767 si
2120 1728 2214 1769 vo-

627 1791 843 1856 luerint,
880 1803 1132 1861 poterunt
1183 1798 1421 1851 omnino.
1473 1798 1757 1869 Propterea
1801 1803 1993 1857 Paulus
2038 1804 2207 1858 dicit;

637 1879 763 1935 Volo
790 1899 963 1936 omnes
992 1886 1220 1940 homines
1243 1904 1349 1941 esse
1375 1890 1503 1942 sicut
1524 1892 1769 1960 nteipsnm
1800 1894 1844 1961 (l
1862 1935 1873 1945 .
1900 1894 2018 1947 Cor.
2042 1896 2092 1948 7.
2127 1898 2206 1967 7),

622 1975 875 2041 quoniam
905 1976 1111 2030 sciebat
1143 1993 1332 2032 omnes
1360 1995 1520 2049 posse
1573 1998 1692 2036 essu
1723 1986 1861 2037 sicut
1902 1998 2017 2039 erat
2048 1988 2160 2053 ίνδιε
2188 2005 2202 2040 :

624 2082 795 2134 neque
822 2068 966 2121 enim
997 2070 1098 2123 hoc
1126 2069 1367 2133 dixisset,
1430 2074 1472 2125 si
1532 2075 1641 2127 ﬁeri
1697 2092 1800 2129 non
1860 2087 2057 2146 posset.
2118 2080 2207 2134 Vis

622 2160 735 2213 fieri
796 2161 1240 2228 prohus't.solum
1272 2165 1613 2234 apprehende
1657 2168 1889 2224 initium.
1938 2171 2069 2226 Nam
2118 2176 2205 2230 dic

620 2250 749 2303 mihi
776 2290 791 2314 ,
845 2252 893 2303 in
924 2253 1173 2306 omnibus
1213 2256 1420 2309 artibus
1441 2299 1455 2321 ,
1498 2259 1544 2312 si
1593 2259 1821 2314 velimus
1848 2276 1940 2317 eas
1966 2267 2201 2333 assequi,

619 2340 887 2397 sufficitne
931 2344 1084 2399 nobis
1112 2348 1267 2412 velle,
1310 2364 1376 2403 an
1405 2350 1564 2403 etiam
1596 2366 1681 2407 res
1711 2355 2089 2424 aggredimur?
2140 2358 2206 2413 Ut

1325 323 1381 377 s.
1414 318 1688 377 JO.\NNIS
1723 317 1856 372 cur.
1876 311 2193 371 rsosrunt
2232 310 2549 367 Aittltltlit’.
2591 311 3117 371 CUNSTANTINUP.

3795 311 3899 370 123

2281 425 2513 494 exempli
2532 440 2690 478 causa
2723 442 2736 479 :
2770 425 2884 478 vult
2904 424 3095 493 aliquis
3115 438 3237 479 esse
3258 421 3587 495 gubernator
3614 439 3627 471 :
3663 437 3767 477 non
3793 420 3875 475 di-

2280 520 2372 578 cit,
2392 516 2544 578 Volo,
2563 528 2616 572 et
2649 518 2748 571 hoc
2772 519 2821 572 ei
2848 516 3065 581 sufficit,
3092 518 3187 572 sed
3209 520 3367 570 etiam
3398 531 3511 570 rem
3539 516 3867 583 aggreditur.

2284 611 2407 664 \‘ult
2458 621 2725 665 mercator
2776 625 2896 665 esse
2938 627 2950 662 :
2996 625 3102 665 non
3151 611 3325 665 solum
3372 609 3520 672 dicit,
3568 608 3724 673 Volo,
3774 608 3872 663 sed

2280 717 2392 758 rem
2423 703 2668 771 suscipit.
2703 702 2827 755 Vult
2858 717 3079 772 peregre
3107 702 3373 771 proficisci
3401 720 3415 755 :
3441 716 3546 755 non
3573 700 3725 763 dicit,
3758 698 3869 755 Vo-

2280 792 2352 854 lo.
2385 803 2611 854 tantum,
2642 794 2736 848 sed
2771 795 2929 848 etiam
2962 810 3074 848 rem
3097 794 3431 864 aggreditur.
3460 794 3642 863 Itaque
3665 794 3718 847 in
3747 807 3870 846 out-

2289 880 2445 933 nihus
2468 895 2572 934 non
2596 878 2791 933 sufficit
2817 880 2991 933 solum
3020 881 3178 946 velle,
3206 881 3299 935 sed
3326 880 3523 936 factum
3549 897 3763 952 quoque
3796 892 3883 939 est

2286 972 2590 1032 addendum
2616 988 2631 1026 :
2666 974 2855 1028 volens
2882 984 3063 1027 autem
3106 976 3158 1027 in
3186 975 3376 1028 cadum
3406 973 3720 1040 ascendere,
3745 973 3881 1030 dicis

2286 1065 2486 1127 solum,
2530 1064 2702 1118 Volo?
2729 1063 3013 1131 Quomodo
3050 1078 3212 1134 ergo,
3245 1064 3415 1131 inquit
3440 1107 3452 1126 ,
3489 1064 3707 1119 dicebas
3735 1065 3877 1135 quod

2286 1154 2485 1209 sufficit
2520 1154 2692 1209 velle?
2727 1155 2873 1210 Velle
2899 1170 3023 1209 eum
3055 1155 3226 1219 factis,
3261 1170 3373 1209 rem
3404 1165 3460 1208 et
3488 1155 3724 1211 laborem
3758 1170 3881 1211 sus-

2284 1247 2485 1317 cipere.
2514 1246 2785 1302 Habemus
2832 1247 2975 1302 enim
3017 1247 3183 1301 Deum
3228 1246 3573 1315 adjuvantetn
3614 1256 3669 1303 et
3716 1263 3875 1315 apem

2287 1340 2549 1395 ferentem
2583 1357 2596 1393 :
2630 1341 2806 1395 solum
2855 1340 3137 1410 eligamus,
3169 1339 3343 1393 solum
3368 1339 3432 1393 ad
3465 1354 3577 1394 rem
3608 1348 3879 1406 tamquam

2286 1434 2350 1487 ad
2380 1450 2515 1503 opus
2541 1434 2861 1489 accedamus
2883 1474 2899 1499 ,
2935 1444 3139 1486 tantum
3184 1431 3356 1486 simus
3398 1431 3640 1497 solliciti,
3673 1442 3882 1486 tantum

2288 1536 2521 1581 mentem
2551 1526 2923 1589 adhibeamus,
2950 1534 3007 1582 et
3031 1526 3209 1580 omnia
3236 1536 3554 1595 sequuntur.
3584 1524 3677 1580 Sin
3700 1533 3879 1580 autem

2286 1620 2637 1685 dormiamus,
2653 1630 2708 1674 et
2734 1628 3027 1675 stcrtentes
3047 1628 3424 1689 exspectemus
3440 1619 3629 1673 caelum
3652 1617 3880 1688 ingredi,

2285 1710 2501 1780 quando
2528 1711 2825 1779 peterimus
2849 1710 3202 1765 hereditatem
3220 1710 3475 1765 cadorum
3506 1706 3880 1780 apprehende-

2288 1804 2389 1859 re?
2429 1803 2669 1858 Velimus
2695 1818 2846 1873 ergo,
2874 1818 3024 1874 rogo,
3055 1804 3299 1857 velimus.
3326 1802 3436 1857 Cur
3459 1802 3527 1857 ad
3554 1802 3690 1855 bane
3717 1803 3881 1855 vitam

2286 1896 2466 1950 omnia
2498 1910 2805 1949 mercamur
2829 1934 2844 1959 ,
2878 1910 3037 1964 quam
3084 1909 3205 1948 cras
3234 1893 3579 1948 deserimus?
3609 1893 3881 1962 Eligamus

2286 2003 2415 2059 ergo
2437 1988 2712 2052 virtutem,
2740 2002 2859 2057 qua:
2888 1987 3117 2042 nobisin
3144 2002 3305 2041 onme
3327 1988 3582 2042 steculum
3613 1986 3844 2039 sufficiet
3868 2004 3881 2039 :

2286 2079 2339 2133 in
2367 2093 2472 2149 quo
2503 2087 2763 2149 perpetuo
2790 2080 3011 2139 erimus,
3062 2088 3117 2133 et
3164 2078 3319 2132 bonis
3370 2078 3589 2132 aeternis
3632 2074 3881 2148 perfrue-

2286 2189 2409 2228 mur
2435 2192 2449 2227 :
2477 2190 2595 2244 quae
2625 2172 2828 2228 utinam
2860 2187 3049 2227 omnes
3074 2185 3463 2242 assequamur,
3495 2170 3665 2241 gratia
3698 2180 3754 2224 et
3783 2170 3876 2224 be-

2285 2265 2563 2335 nignitate,
2594 2275 2701 2320 etc.

1743 2486 3900 2510 W

1952 2563 2292 2627 HOMILIA
2342 2567 2543 2631 XVII.

609 2700 737 2757 (ΖΑΡ.
783 2702 834 2756 9.
875 2718 923 2755 v.
954 2702 1043 2756 9.4.
1086 2701 1206 2755 Non
1236 2704 1368 2757 enim
1395 2705 1445 2757 in
1478 2708 1768 2774 munufncta
1814 2718 1989 2758 sancta
2033 2706 2193 2762 Iesus

681 2796 893 2859 introiit,
921 2796 1234 2862 exemplaria
1270 2812 1541 2861 verorum;
1573 2798 1659 2851 sed
1684 2801 1736 2851 in
1766 2800 1931 2867 ipsum
1971 2804 2150 2855 cretum
2174 2841 2189 2865 ,

681 2894 733 2938 ut
759 2897 1003 2955 appareat
1030 2903 1165 2940 nunc
1192 2889 1350 2942 vultui
1376 2888 1471 2943 Dei
1502 2908 1597 2956 pro
1624 2894 1766 2945 nobis
1795 2892 1921 2946 :95.
1954 2910 2110 2963 neque
2139 2901 2192 2947 ut

679 2993 813 3047 sirpe
832 2975 1011 3044 oﬂ'erat
1041 2979 1289 3047 seipsam,
1321 2986 1741 3051 quemadmodum
1772 2986 2002 3056 pontifex
2031 2986 2186 3040 intrat

679 3070 731 3122 in
760 3082 937 3123 sancta
962 3084 1251 3125 sanctorum
1284 3090 1371 3142 per
1415 3074 1639 3144 singulos
1666 3092 1827 3129 annos
1852 3078 1906 3129 in
1946 3080 2193 3147 sanguine

676 3164 844 3217 alieno
876 3164 1004 3219 :26.
1036 3167 1227 3236 alioqui
1252 3168 1513 3237 oportebat
1541 3185 1651 3221 eum
1684 3172 1968 3239 frequenter
1997 3173 2101 3237 pati
2129 3172 2192 3225 ab

598 3302 603 3319 ηλ
689 3249 883 3314 origine
904 3249 1076 3297 mundi
1112 3262 1129 3299 :
1159 3264 1293 3298 nunc
1316 3257 1485 3299 autem
1512 3249 1663 3300 δυηιυί
1690 3249 1739 3300 in
1768 3250 2201 3304 consmnnmtione

688 3338 988 3389 stcculorum
1016 3338 1083 3388 (ul
1107 3338 1473 3389 destitutionem
1498 3340 1686 3405 peccati
1704 3357 1793 3408 per
1814 3340 2027 3392 hostium
2052 3358 2200 3394 suam

688 3433 947 3499 apparuit.
1034 3492 1039 3497 .

688 3522 738 3573 1.
765 3519 931 3573 Valde
960 3520 1056 3574 sibi
1097 3522 1373 3588 placebant
1401 3531 1451 3575 et
1476 3522 1835 3578 efferebantur
1862 3523 2030 3579 Judaei
2072 3542 2196 3593 pro-

616 3623 733 3683 pter
761 3614 1014 3681 templum
1056 3623 1111 3668 et
1158 3614 1552 3667 tabernaculum
1587 3632 1601 3668 :
1645 3625 1696 3669 ct
1739 3616 1858 3672 ideo
1906 3617 2195 3684 dicebant,

615 3706 881 3771 Templum
945 3704 1179 3767 Domini,
1239 3706 1477 3773 templum
1528 3705 1731 3759 Domini
1784 3707 1933 3778 (Jer.
2000 3710 2051 3761 7.
2104 3710 2195 3779 5).

619 3794 888 3862 Nusquam
926 3797 1065 3849 enim
1112 3804 1371 3847 terrarum
1401 3805 1771 3849 con5tructum
1802 3795 1901 3849 fuit
1931 3795 2193 3864 ejusmodi

622 3885 897 3954 icniplum,
928 3900 1025 3938 nec
1051 3885 1190 3954 quod
1220 3890 1411 3938 attinet
1452 3888 1517 3937 ad
1554 3898 1823 3954 sumptum
1870 3900 1931 3939 ac
1958 3886 2198 3956 magnifi-

616 3976 869 4039 centiam,
906 3990 1005 4030 nec
1048 3978 1188 4045 quod
1220 3976 1284 4029 ad
1312 3976 1785 4045 pulchritudinem,
1820 3994 1917 4031 nec
1944 3978 2084 4047 quod
2127 3978 2194 4032 ad

617 4064 840 4132 quodvis
881 4066 1044 4119 aliud.
1099 4068 1237 4122 Deus
1280 4069 1420 4121 enim
1473 4067 1563 4136 qui
1604 4070 1988 4135 constituerat,
2037 4071 2195 4138 jussit

619 4159 791 4223 ipsum
839 4155 951 4209 fieri
978 4172 1096 4210 cum
1137 4159 1298 4211 multa
1332 4158 1744 4227 magnificentia,
1790 4162 2039 4229 quoniam
2082 4177 2192 4215 ma-

615 4247 695 4309 gis
742 4247 1129 4301 inducebantur
1174 4248 1247 4302 illi
1279 4259 1331 4303 et
1360 4250 1763 4304 attrahcbautur
1800 4252 2189 4320 corporalibus.

618 4339 836 4392 Latercs
861 4340 1002 4392 enim
1046 4355 1237 4395 aureos
1288 4340 1517 4395 habebat
1544 4343 1592 4393 in
1643 4344 1928 4411 parietibus
1949 4386 1963 4408 ,
1991 4356 2043 4400 et
2072 4347 2194 4401 licet

618 4430 811 4482 volenti
846 4428 895 4481 id
941 4430 1146 4483 discere
1198 4432 1249 4483 in
1278 4433 1515 4486 secundo
1546 4432 1746 4503 Regum
1800 4447 1853 4488 et
1893 4436 2031 4505 apud
2064 4439 2194 4493 Ele-

614 4521 877 4586 i-liielem,
936 4530 990 4574 et
1043 4534 1172 4589 quot
1218 4526 1329 4576 auri
1392 4524 1588 4578 talenta
1643 4536 1767 4578 tunc
1824 4527 2016 4580 fuerint
2064 4544 2193 4583 con-

616 4624 844 4679 sumpta.
892 4613 1133 4667 Secunda
1186 4624 1362 4667 autem
1414 4616 1694 4669 aedificatio
1737 4618 1830 4669 fuit
1861 4620 2187 4686 pricclarior,

611 4711 665 4755 et
718 4712 936 4774 propter
995 4702 1443 4772 pulchritudinem
1520 4715 1574 4759 et
1630 4718 1845 4776 propter
1906 4710 2007 4763 alia
2078 4727 2193 4764 0m-

613 4794 717 4847 nia.
758 4792 869 4849 Nec
898 4804 1181 4862 propterea
1208 4796 1383 4850 solum
1422 4808 1538 4850 erat
1570 4800 1904 4867 magnificum
1937 4812 1991 4855 et
2030 4820 2193 4858 vene-

611 4885 867 4949 randum,
922 4888 1015 4941 sed
1055 4890 1214 4942 etiam
1270 4891 1412 4959 quod
1467 4903 1609 4945 esset
1670 4910 1849 4955 unum,
1900 4906 1951 4949 et
2004 4914 2189 4953 mnncs

612 4978 1009 5043 pulchritudine
1047 4981 1338 5033 attrahcrct
1374 5002 1385 5037 :
1421 4998 1540 5035 naut
1573 5001 1599 5035 :i
1628 4985 1817 5038 finibus
1870 4996 2022 5040 terra:
2066 4990 2188 5044 illuc

612 5068 930 5131 veniebant,
966 5070 1079 5123 sive
1108 5086 1136 5122 a
1173 5070 1462 5141 Babylone,
1513 5075 1625 5126 sive
1677 5080 1742 5125 ah
1786 5074 2076 5147 Ethicpia.
2121 5080 2189 5135 Et

610 5157 709 5212 lioc
741 5160 1048 5227 significatis
1076 5161 1248 5215 Lucas
1279 5164 1489 5215 diccbat
1517 5167 1564 5215 in
1593 5166 1807 5219 Actibus
1842 5186 1853 5219 :
1902 5168 2059 5223 Erunt
2082 5173 2189 5225 illic

610 5251 884 5303 lubituntes
922 5250 1100 5304 Part/ti
1130 5264 1173 5304 et
1207 5253 1342 5305 .llerli
1390 5266 1434 5306 et
1471 5255 1721 5322 Elamitw,
1773 5271 1816 5310 et
1847 5263 1931 5325 qui
1963 5262 2185 5315 habitant

608 5342 1052 5406 -‘icsopotmniunt,
1094 5342 1328 5396 Judwunt
1363 5356 1405 5397 et
1436 5346 1809 5415 Cuppadorium
1837 5393 1850 5415 ,
1892 5350 2109 5407 Pontum
2138 5366 2184 5409 et

606 5434 796 5496 Asiam,
834 5432 1109 5503 Phrygiam
1138 5444 1181 5486 et
1214 5433 1589 5505 Pamphylium,
1633 5438 1917 5508 .‘Egyptuu;
1942 5456 1987 5496 et
2018 5460 2183 5512 partes

612 5523 915 5591 Libywquw
960 5535 1031 5576 est
1079 5526 1213 5576 (irrit
1253 5526 1473 5592 Cyrenen
1526 5530 1661 5593 (Act.
1692 5532 1745 5582 9..
1795 5532 1868 5599 5).
1914 5535 2009 5601 Qui
2055 5554 2181 5606 ergo

606 5622 757 5664 erant
788 5615 835 5665 in
872 5626 980 5667 toto
1032 5616 1162 5667 urbe
1197 5626 1373 5679 term,
1408 5618 1529 5673 illuc
1552 5635 1930 5687 convenerant,
1964 5643 2014 5679 et
2044 5638 2178 5681 tem-

607 5706 675 5771 pli
708 5706 932 5760 multum
957 5717 1069 5760 erat
1101 5724 1311 5762 nomen.
1339 5710 1471 5775 Quid
1502 5726 1626 5781 ergo
1656 5711 1774 5767 facit
1812 5715 2040 5769 Paulus?
2064 5720 2175 5773 Sic-

2304 2720 2359 2760 nt
2434 2710 2484 2761 in
2538 2707 2838 2772 sacrificiis,
2879 2707 2948 2760 ita
3005 2706 3093 2761 hic
3153 2721 3365 2776 quoque
3410 2721 3425 2758 :
3472 2706 3606 2760 sicut
3663 2705 3773 2760 illic
3819 2720 3890 2760 es

2300 2802 2529 2853 adverso
2597 2798 2984 2852 sacrificiorum
3018 2801 3199 2868 posuit
3252 2809 3479 2851 mortem
3532 2796 3768 2861 Christi,
3813 2798 3889 2850 ita

2301 2892 2386 2947 hic
2432 2906 2646 2962 quoque
2701 2899 2869 2944 totum
2919 2891 3109 2943 caelum
3161 2904 3224 2944 es
3275 2888 3505 2943 adverso
3560 2890 3742 2957 templi
3792 2906 3895 2958 po.

2298 2985 2399 3037 nit.
2457 2982 2567 3037 Nec
2632 2981 2770 3035 hanc
2827 2979 2998 3033 solam
3057 2979 3294 3033 ostendit
3342 2978 3729 3043 differentiam,
3787 2982 3890 3035 sed

2296 3077 2457 3130 etiam
2501 3072 2640 3143 quod
2689 3072 2947 3140 adjecerit
2990 3068 3325 3125 sacerdotem
3369 3070 3560 3123 factum
3612 3084 3733 3124 esse
3776 3072 3894 3125 Deo

2300 3167 2733 3235 propinquiorem
2790 3180 2803 3215 :
2864 3163 2996 3217 dicit
3062 3162 3239 3227 enim,
3301 3160 3368 3216 Ut
3417 3171 3667 3231 appareat
3724 3162 3893 3217 cultui

2297 3258 2412 3311 Del.
2442 3258 2587 3312 Fecit
2614 3259 2790 3327 itaque
2822 3272 2935 3311 rem
2964 3256 3297 3325 praclarum,
3327 3272 3432 3309 non
3462 3256 3633 3309 solum
3664 3269 3895 3327 propter

2284 3338 2495 3398 caelum,
2516 3337 2608 3391 sed
2631 3340 2789 3391 etiam
2833 3349 3048 3406 promer
3075 3339 3369 3391 introitum.
3402 3339 3516 3391 Non
3540 3342 3711 3393 solum
3735 3344 3889 3398 cnim

2287 3426 2375 3481 hic
2427 3442 2521 3495 per
2568 3428 2830 3497 symbolo,
2883 3428 2977 3481 sed
3017 3429 3189 3497 ipsum
3247 3430 3411 3484 Deum
3446 3430 3555 3485 illic
3592 3432 3755 3487 videt.
3789 3433 3890 3487 γε-

2284 3517 2382 3571 des
2428 3516 2593 3586 quod,
2637 3527 2695 3570 ut
2738 3531 2796 3571 se
2838 3516 3084 3571 demittat
3133 3529 3189 3571 et
3236 3520 3646 3587 accommodet,
3678 3523 3888 3592 ubique

2287 3606 2508 3661 humilia
2564 3607 2705 3661 dicta
2752 3608 2895 3661 sint?
2937 3607 3078 3675 Quid
3127 3624 3261 3662 vero
3314 3609 3427 3679 jam
3480 3611 3694 3665 miraris
3733 3614 3889 3681 quod

2292 3700 2620 3763 intercedat,
2675 3716 2795 3755 cum
2852 3702 3023 3771 ipsum
3073 3712 3269 3756 statuat
3321 3715 3591 3774 tamquam
3662 3708 3888 3775 pontiﬁ-

2285 3791 2444 3846 cem?
2497 3790 2676 3862 Neque
2714 3803 2767 3843 ut
2806 3809 2940 3861 sarpe
2974 3792 3153 3858 olferat
3179 3798 3421 3864 seipsum,
3454 3799 3890 3868 quemadmodum

2287 3884 2517 3953 pontifex
2546 3884 2699 3935 intrat
2725 3884 2775 3935 in
2796 3895 2971 3936 sancta
2999 3902 3088 3953 per
3113 3888 3341 3956 singulos
3365 3904 3525 3942 annos
3557 3890 3609 3943 in
3634 3891 3890 3960 sanguine

2284 3974 2471 4026 alieno.
2506 3972 2627 4026 Non
2677 3975 2809 4026 enim
2838 3976 2890 4026 in
2933 3981 3227 4046 munufacta
3252 3992 3427 4031 sancta
3452 3982 3603 4034 Jesus
3650 3984 3886 4051 introiit,

2286 4068 2596 4137 exemplaria
2630 4085 2878 4122 verorum.
2916 4069 3006 4123 Illa
3048 4088 3175 4141 ergo
3224 4082 3350 4126 sunt
3387 4089 3531 4137 vera,
3588 4076 3704 4131 ha‘c
3750 4093 3889 4132 vero

2290 4160 2399 4232 lypi
2438 4178 2451 4211 :
2488 4160 2742 4227 templum
2773 4162 2914 4213 enim
2948 4162 3016 4214 ita
3048 4174 3161 4215 erat
3188 4174 3576 4231 constructum,
3607 4176 3665 4221 ut
3689 4169 3887 4224 catlttm

2290 4250 2427 4303 cat-li.
2459 4250 2596 4318 Quid
2630 4252 2807 4304 dicis?
2842 4254 2942 4305 nisi
2995 4255 3185 4307 earlum
3237 4256 3397 4309 fuerit
3437 4259 3727 4327 ingressus,
3772 4277 3887 4315 non

2292 4354 2511 4411 apparet
2555 4343 2644 4411 qui
2694 4343 2845 4397 adest
2892 4344 3087 4413 ubique.
3114 4355 3170 4399 et
3223 4346 3408 4415 implet
3452 4351 3675 4402 munia?
3721 4351 3890 4406 Vides

2291 4432 2430 4502 quod
2469 4432 2583 4487 hirc
2607 4436 2787 4487 omnia
2838 4436 2947 4488 sint
2992 4438 3213 4490 carnis?
3258 4437 3327 4492 Ut
3370 4453 3635 4509 appareat,
3688 4444 3883 4512 inquit,

2292 4525 2449 4577 vultui
2476 4521 2573 4578 Dei
2609 4542 2701 4595 pro
2745 4526 2904 4579 nobis.
2949 4528 3085 4595 Quid
3123 4540 3224 4594 est,
3259 4529 3364 4584 Pro
3390 4534 3530 4586 nobis
3553 4536 3577 4586 ?
3603 4533 3883 4601 Ascendit,

2293 4615 2499 4683 inquit,
2533 4632 2651 4670 cum
2703 4617 2968 4671 sacriﬁcio
2997 4620 3136 4687 quod
3171 4632 3346 4689 potest
3387 4625 3600 4693 placare
3646 4628 3883 4683 Patrem.

2292 4705 2400 4759 (Zur
2424 4721 2569 4772 vero,
2602 4709 2691 4761 dic
2713 4710 2839 4764 mihi
2859 4710 2881 4763 Ἰ
2903 4710 3018 4780 ipse
3046 4721 3163 4767 erat
3191 4714 3439 4770 inimicus
3469 4716 3493 4769 ?
3521 4720 3707 4787 Angcli
3730 4733 3889 4777 amnt

2293 4799 2528 4865 inimici,
2588 4802 2700 4869 ipse
2750 4818 2853 4855 non
2905 4813 3021 4856 erat
3069 4805 3317 4861 inimicus
3367 4825 3378 4859 :
3421 4824 3542 4862 nam
3592 4812 3732 4880 quod
3778 4831 3882 4867 au-

2290 4892 2393 4959 gcli
2442 4891 2639 4947 fuerint
2690 4893 2911 4961 inimici,
2968 4898 3089 4951 audi
3146 4900 3272 4965 quid
3320 4900 3462 4956 dicat
3516 4922 3527 4956 :
3582 4904 3887 4974 Paci/irat'it

2290 4999 2402 5050 qua:
2432 4986 2626 5037 suntin
2661 4996 2792 5038 terra
2839 4998 2884 5039 et
2920 5005 3034 5054 qua:
3054 5000 3171 5042 sunt
3223 4993 3275 5045 in
3321 4994 3457 5046 cwlis
3506 4996 3638 5064 (Col.
3686 5001 3881 5069 1.20).

2291 5077 2457 5131 Recte
2485 5093 2613 5148 ergo
2641 5080 2788 5141 dicit,
2822 5080 2883 5133 ln
2906 5083 3085 5134 corium
3106 5084 3363 5153 ingressus
3385 5098 3475 5151 est,
3502 5099 3556 5143 ut
3582 5093 3740 5147 vultui
3783 5093 3885 5149 Dei

2291 5184 2423 5222 nunc
2452 5182 2697 5238 appareat
2727 5190 2817 5239 pro
2848 5174 3010 5226 nobis.
3045 5174 3194 5228 Nunc
3227 5190 3470 5246 apparet,
3517 5184 3611 5237 sed
3658 5201 3755 5253 pro
3781 5206 3881 5243 tto-

2292 5260 2391 5311 bis.
2430 5259 2606 5328 Neque
2634 5272 2687 5313 ut
2719 5279 2851 5331 sirpe
2871 5264 3050 5329 offerat
3077 5270 3423 5336 semetipsum,
3454 5277 3884 5341 quemadmodum

2292 5351 2518 5419 pontifex
2548 5353 2701 5405 intrat
2737 5356 2787 5406 in
2814 5367 2990 5408 sancta
3013 5370 3303 5414 sanctorum
3340 5382 3427 5431 per
3464 5366 3689 5436 singulos
3718 5391 3883 5428 unitos

2288 5444 2341 5495 in
2366 5446 2609 5514 sanguine
2638 5448 2823 5501 alieno.
2861 5450 3018 5507 Vides
3048 5467 3206 5523 quam
3240 5458 3419 5511 multa:
3464 5472 3587 5515 sunt
3627 5464 3883 5524 differen-

2291 5539 2399 5590 tiie.
2446 5540 2627 5595 Semel
2674 5542 2855 5597 dill'ert
2883 5561 2909 5596 a
2946 5562 3117 5615 smpe;
3150 5550 3291 5618 quod
3340 5552 3390 5606 in
3424 5559 3685 5625 sanguine
3716 5562 3883 5617 intra-

2292 5632 2425 5684 verit
2452 5634 2687 5701 proprio,
2714 5636 2887 5689 ilifTi-rt
2925 5640 2991 5691 ah
3021 5641 3263 5708 ingressu
3297 5644 3344 5696 in
3378 5647 3572 5701 alieno.
3608 5651 3723 5720 ipse
3752 5671 3882 5720 ergo

2292 5733 2371 5775 est
2399 5736 2449 5776 et
2478 5724 2823 5791 sacriﬁcium,
2860 5737 2913 5782 ct
2940 5732 3215 5797 sacerdos,
3251 5745 3303 5789 el
3328 5738 3522 5791 bestia.
3543 5740 3676 5797 Nam
3711 5748 3752 5799 si
3780 5747 3882 5802 hoc
