4122 6338
212 325 310 381 120

222 434 328 469 non
363 427 530 479 esset,
563 427 617 470 et
647 417 816 470 multa
844 417 1043 470 offerre
1071 427 1347 487 Opot'tercl.
1374 417 1659 476 sacrificia.
1684 432 1827 485 εει-ιω

223 520 504 580 oporteret
531 511 796 581 cruciﬁgi.
831 511 1070 581 Alioquin
1111 512 1378 582 oportebat
1402 527 1518 563 eum
1544 511 1829 581 frequenter

235 605 346 676 pari
374 605 437 657 ab
467 605 668 674 origine
704 603 900 661 mundi.
933 603 1028 658 llic
1056 603 1218 658 etiam
1249 601 1501 673 quiddam
1533 597 1837 652 abscondit.

239 695 398 750 Nunc
419 706 591 748 autem
617 697 772 748 semel
808 697 866 750 in
895 691 1327 749 consummatione
1354 692 1679 747 saeculorum.
1713 688 1840 751 Cur,

234 789 306 843 In
333 791 771 844 consummatione
804 789 1106 843 saeculorum
1124 787 1150 840 .9
1180 787 1301 842 Post
1327 786 1494 840 multa
1521 791 1762 853 peccata.
1785 780 1842 836 Si

233 888 386 941 enim
419 889 556 939 facta
581 886 806 938 fuissent
828 884 894 938 ab
915 885 1090 948 initio,
1114 898 1271 938 nemo
1289 893 1466 936 autem
1495 877 1840 940 credidisset,

234 978 424 1032 omnia
455 993 577 1048 qua:
603 975 669 1031 ad
698 976 1057 1031 meonomiam
1103 978 1379 1046 pertinent
1403 975 1633 1029 fuissent
1674 971 1838 1028 inuti-

229 1067 338 1126 lia:
384 1085 491 1122 non
514 1066 796 1136 Oportebat
833 1068 975 1122 enim
1021 1067 1214 1122 iterum
1253 1069 1392 1122 mori
1433 1067 1730 1127 Christum,
1767 1064 1838 1117 ita

231 1174 293 1216 ut
315 1164 392 1217 sic
409 1161 572 1217 etiam
597 1159 905 1216 efﬁceretur
920 1160 1063 1230 quod
1083 1161 1456 1231 quaerebatur:
1478 1159 1732 1231 quoniam
1753 1173 1840 1212 au-

229 1265 342 1308 tem
361 1264 542 1322 postea
559 1254 720 1305 multa
737 1252 952 1306 fuerunt
965 1263 1200 1321 peccata.
1220 1253 1414 1306 merito
1429 1261 1553 1305 tunc
1568 1249 1836 1320 apparuit.

227 1344 388 1414 Quod
419 1346 632 1414 quidem
664 1345 794 1398 dicit
824 1347 985 1400 etiam
1011 1345 1137 1398 alibi
1182 1363 1194 1396 :
1234 1344 1333 1399 Ubi
1358 1343 1631 1398 abundavit
1659 1358 1837 1414 pecca-

229 1448 363 1502 tum,
389 1437 817 1506 superabundavit
843 1447 888 1488 et
916 1437 1079 1506 gratia
1110 1436 1287 1505 (Rom.
1318 1438 1370 1492 5.
1401 1435 1514 1506 20).
1562 1435 1720 1490 Nunc
1740 1451 1836 1487 au-

227 1540 364 1592 tem,
412 1529 622 1597 inquit,
670 1525 827 1581 semel
855 1527 908 1580 in
956 1529 1389 1582 consummatione
1425 1529 1724 1582 saeculorum
1768 1526 1836 1578 ad

227 1619 607 1673 destitutionem
652 1617 842 1686 peccati
888 1633 976 1687 per
1005 1617 1225 1670 hostiam
1263 1635 1409 1672 suam
1446 1619 1706 1688 apparuit.
1737 1617 1829 1670 27.

230 1711 299 1764 Et
348 1710 776 1774 quemadmodum
799 1719 1046 1767 statutum
1088 1721 1161 1765 est
1177 1710 1464 1765 hominibus
1488 1711 1642 1766 semel
1679 1712 1828 1776 mori,

227 1814 343 1874 post
372 1803 466 1855 hoc
493 1811 658 1856 autem
678 1802 954 1872 judicium.

298 1895 352 1948 2.
387 1895 521 1948 Cum
551 1893 872 1949 ostendisset
903 1893 1052 1948 illum
1080 1907 1187 1948 non
1220 1909 1364 1964 saepe
1393 1897 1528 1948 mori
1556 1894 1828 1960 debuisse,

226 1991 356 2044 dicit
386 1990 549 2044 etiam
580 2004 676 2043 cur
710 1988 878 2043 semel
908 1998 988 2042 est
1027 1998 1273 2043 mortuus
1301 2005 1315 2044 :
1351 2003 1544 2058 nempe
1578 1990 1828 2061 quoniam

227 2085 386 2137 «iuius
428 2081 617 2136 mortis
661 2080 756 2134 fuit
802 2080 1034 2149 pretium
1084 2081 1471 2149 redemptionis
1515 2099 1528 2135 :
1569 2082 1832 2136 Statutum

225 2185 358 2241 erat,
389 2175 581 2244 inquit,
606 2173 836 2226 omnibus
862 2172 1148 2226 hominibus
1178 2173 1332 2226 semel
1359 2174 1506 2226 mori.
1546 2175 1654 2227 Iloc
1677 2189 1826 2244 ergo,

226 2269 399 2325 semel
447 2278 692 2322 mortuus
731 2275 832 2332 est,
875 2281 973 2336 pro
1017 2268 1267 2322 omnibus
1313 2267 1640 2324 hominibus.
1690 2269 1829 2338 Quid

226 2361 398 2418 vero?
441 2375 625 2416 annon
664 2359 840 2415 adhuc
885 2367 1060 2415 morte
1101 2359 1190 2414 illa
1235 2361 1532 2415 morimur?
1573 2361 1831 2418 Morimur

227 2457 469 2528 quidem,
494 2456 588 2511 sed
617 2456 667 2509 in
690 2470 752 2510 ea
782 2469 886 2509 non
917 2468 1217 2519 manemus,
1242 2455 1382 2523 quod
1414 2471 1480 2510 ne
1502 2465 1584 2509 est
1610 2456 1828 2525 quidem

228 2551 387 2606 mori.
431 2549 616 2604 Mortis
659 2548 800 2603 enim
847 2547 1089 2619 tyrannis
1128 2557 1181 2602 et
1224 2563 1350 2603 vere
1397 2557 1477 2601 est
1529 2548 1615 2601 illa
1658 2563 1824 2617 mors,

225 2643 442 2716 quando
471 2650 682 2697 mortuo
712 2656 816 2696 non
845 2649 927 2696 est
951 2639 1186 2710 amplius
1213 2655 1530 2696 concessum
1557 2650 1613 2694 ut
1645 2642 1827 2697 redeat

221 2737 292 2792 ad
322 2737 491 2791 vitam
530 2753 543 2790 :
575 2733 790 2806 quando
817 2743 995 2788 autem
1033 2733 1175 2786 vivet
1218 2743 1342 2802 post
1380 2741 1631 2798 mortem,
1667 2733 1827 2804 idque

221 2829 330 2883 vita
361 2827 613 2894 meliore,
645 2825 749 2880 hoc
776 2841 883 2880 non
916 2834 998 2881 est
1028 2839 1175 2880 mors
1195 2865 1210 2891 ,
1247 2824 1341 2879 sed
1372 2826 1642 2880 dormitio.
1678 2827 1825 2894 Quo-

190 2923 367 2980 niam
410 2936 540 2992 ergo
587 2919 826 2974 futurum
869 2927 987 2974 erat
1035 2927 1092 2972 ut
1131 2932 1277 2973 mors
1314 2933 1506 2972 omnes
1536 2919 1822 2984 detineret,

218 3025 510 3090 promereat
557 3024 642 3070 est
691 3022 936 3068 mortuus
982 3021 1031 3066 ut
1077 3028 1177 3067 nos
1226 3012 1503 3067 liberaret.
1533 3012 1623 3068 28.
1657 3014 1747 3068 Sic
1777 3024 1826 3068 et

218 3110 453 3165 Christus
496 3108 652 3163 semel
691 3106 890 3161 oblatus
935 3115 1027 3160 est.
1068 3106 1114 3159 A
1143 3120 1250 3175 quo
1281 3105 1536 3160 oblatus?
1567 3106 1607 3160 A
1643 3108 1824 3176 seipso

217 3202 448 3257 scilicet.
481 3200 578 3255 Hic
609 3215 716 3253 non
747 3198 918 3252 solum
946 3212 1068 3250 eum
1099 3196 1228 3251 dicit
1253 3196 1612 3263 sacerdotem,
1643 3197 1738 3253 sed
1770 3208 1824 3254 et

217 3294 451 3348 hostiam
482 3301 536 3348 et
566 3289 911 3346 sacriﬁcium.
962 3288 1168 3344 Deinde
1203 3305 1420 3344 causam
1450 3288 1606 3345 aﬂ‘ert
1631 3305 1727 3345 cur
1751 3292 1824 3346 sit

215 3385 432 3439 oblatus
458 3402 471 3437 :
497 3381 708 3446 Semel,
742 3379 935 3451 inquit,
969 3380 1167 3434 oblatus
1206 3381 1274 3433 ad
1315 3379 1592 3434 multorum
1631 3385 1825 3436 exhau-

218 3465 403 3519 riendo
430 3475 653 3540 peccata.
686 3466 796 3522 Cur
821 3469 1111 3524 multorum
1137 3478 1194 3526 et
1222 3485 1329 3524 non
1359 3467 1634 3522 omnium?
1671 3467 1818 3532 Quo-

216 3556 365 3612 niam
398 3571 504 3611 non
536 3571 725 3612 omnes
753 3558 1122 3615 crediderunt.
1170 3561 1273 3616 Pro
1309 3559 1560 3613 omnibus
1598 3555 1814 3628 quidem

216 3662 302 3706 est
329 3661 592 3718 mortuus,
623 3660 680 3706 ut
719 3667 910 3708 omnes
949 3665 1211 3722 servaret,
1240 3664 1496 3725 quantum
1535 3651 1601 3705 ad
1644 3651 1818 3720 ipsum

217 3744 442 3798 attinet:
464 3760 608 3799 mors
637 3746 780 3799 enim
811 3747 898 3800 illa
917 3763 983 3802 ex
1004 3763 1161 3817 aequo
1191 3747 1552 3816 reSpondcbat
1578 3745 1817 3799 omnium

221 3837 508 3892 interitui:
554 3854 660 3892 non
703 3838 951 3896 exhausit
997 3850 1176 3896 autem
1224 3849 1278 3895 et
1317 3841 1531 3895 sustniit
1578 3839 1819 3892 omnium

221 3940 462 4000 peccata,
498 3940 782 4001 propterea
812 3935 954 4003 quod
984 3934 1085 4004 ipsi
1112 3935 1403 3990 noluerint.
1429 3933 1565 4002 Quid
1603 3943 1685 3986 est
1713 3946 1809 3986 auo

223 4031 355 4086 lem,
411 4019 610 4076 Tollere
658 4025 906 4091 peccata?
935 4025 1087 4082 Sicut
1114 4027 1167 4082 in
1196 4026 1470 4081 oblatione
1499 4024 1821 4095 proferimus

219 4115 382 4169 etiam
406 4125 622 4184 peccata
650 4117 928 4175 dicentes:
953 4120 1080 4176 Sive
1102 4122 1368 4183 volentes,
1392 4121 1507 4175 sive
1524 4119 1673 4174 inviti
1693 4134 1820 4188 pec-

219 4207 484 4275 cavimus,
508 4209 753 4266 condona
783 4229 798 4267 :
824 4212 927 4268 hoc
958 4223 1062 4281 est,
1093 4216 1326 4285 primum
1359 4215 1598 4280 ipsorum
1629 4213 1820 4267 memi-

219 4299 422 4364 nimus,
461 4309 515 4355 et
538 4312 665 4357 tunc
695 4305 928 4373 petimus
972 4316 1030 4362 ut
1065 4307 1481 4362 eondonentur:
1517 4307 1619 4362 hoc
1648 4307 1821 4376 ipsum

223 4389 314 4445 hic
340 4406 554 4463 quoque
583 4393 661 4447 fit.
695 4393 798 4450 Ubi
828 4398 930 4452 hoc
969 4396 1097 4454 fecit
1125 4399 1406 4455 Christus?
1452 4399 1590 4454 Audi
1646 4400 1819 4468 ipsum

225 4481 496 4538 dicentem
523 4501 534 4536 :
565 4482 630 4537 Et
657 4501 748 4554 pro
775 4486 903 4557 ipsis
927 4491 1192 4559 sancti/ica
1220 4491 1464 4560 meipsum
1493 4491 1510 4559 (
1534 4489 1695 4545 Joan.
1737 4493 1818 4545 l7.

225 4572 342 4644 i9).
383 4574 602 4630 Peccata
634 4577 856 4632 abstulit
888 4580 954 4635 ab
980 4582 1304 4650 hominibus,
1339 4592 1393 4637 et
1425 4583 1568 4636 Patri
1599 4584 1817 4647 obtulit,

224 4681 333 4721 non
367 4674 424 4719 ut
450 4667 652 4738 aliquid
681 4668 941 4726 adversus
970 4672 1115 4742 ipsos
1140 4683 1435 4737 statueret,
1480 4675 1573 4729 sed
1617 4686 1674 4728 ut
1711 4675 1824 4745 ipsa

223 4759 546 4814 remitteret.
595 4760 834 4816 Secundo
875 4764 984 4817 sine
1024 4775 1232 4834 peccato
1262 4766 1527 4836 apparebit
1558 4766 1822 4832 omnibus,

226 4851 421 4918 inquit,
445 4852 853 4920 exspectantibus
878 4871 992 4908 eum
1017 4857 1068 4909 in
1092 4859 1325 4911 salutem.
1356 4857 1494 4925 Quid
1518 4869 1599 4914 est
1620 4868 1823 4924 autem,

226 4943 356 5000 Sine
381 4945 630 5015 peccato?
660 4945 774 5000 Non
803 4947 867 5001 ad
901 4958 1119 5018 peccata
1151 4950 1461 5018 delendum,
1493 4967 1669 5024 neque
1698 4968 1826 5022 pro-

226 5047 350 5109 pter
375 5037 681 5108 iniquitates
710 5039 905 5095 iterum
935 5043 1150 5108 veniet,
1181 5053 1242 5098 ut
1272 5061 1486 5100 rursum
1520 5047 1781 5101 moriatur
1811 5065 1825 5100 :

226 5145 337 5184 non
368 5129 510 5183 enim
542 5130 684 5199 quod
722 5133 892 5187 semel
933 5143 1175 5190 mortuus
1210 5138 1311 5200 sit.
1348 5138 1485 5193 mori
1515 5137 1720 5194 debeas
1746 5147 1831 5194 est

227 5232 494 5278 mortuus.
529 5225 813 5290 Quomodo
840 5230 1160 5296 apparebit?
1191 5230 1449 5299 Punicus,
1491 5233 1686 5304 inquit.
1719 5233 1828 5288 Sed

229 5316 332 5371 huc
357 5332 460 5372 non
485 5317 636 5384 dixit,
662 5334 847 5374 verum
881 5322 930 5375 id
957 5323 1097 5392 quod
1124 5335 1204 5379 est
1227 5324 1406 5379 lattum
1430 5337 1481 5380 et
1508 5327 1828 5396 jucundum,

229 5410 358 5465 Sine
386 5421 590 5481 peccato
624 5415 889 5484 apparebit
920 5417 982 5469 iis
1011 5418 1101 5485 qui
1132 5419 1298 5488 ipsum
1327 5431 1621 5490 exspectant
1648 5423 1716 5475 ad
1741 5441 1830 5476 sa-

228 5506 384 5558 lutem
413 5521 431 5558 :
460 5513 517 5557 ut
544 5504 612 5559 de
639 5515 838 5561 cretero
866 5523 971 5561 non
995 5511 1222 5579 amplius
1243 5527 1378 5581 opus
1404 5512 1633 5567 habeant
1663 5517 1831 5568 sacri-

232 5599 370 5660 ficio,
397 5606 450 5650 ut
482 5596 616 5651 salvi
648 5597 776 5664 sint,
807 5599 900 5654 sed
931 5617 996 5655 ex
1027 5603 1281 5670 operibus
1307 5603 1407 5658 hoc
1435 5605 1647 5659 faciant.
1681 5605 1828 5678 (Cap.

231 5689 320 5758 10)
355 5689 404 5743 ί.
439 5687 692 5744 Umbram
742 5693 895 5759 enim,
945 5692 1136 5763 inquit,
1185 5696 1371 5749 habens
1420 5698 1502 5751 lex
1545 5701 1834 5768 futurorum

226 5786 492 5838 bonorum.
525 5798 628 5836 non
665 5784 830 5846 ipsam
873 5785 1142 5854 imaginem
1181 5804 1346 5842 rerum
1384 5805 1399 5843 :
1431 5789 1531 5844 hoc
1572 5800 1686 5857 est,
1731 5808 1833 5845 una

1046 323 1110 380 IN
1152 321 1368 378 EPIST.
1415 320 1506 375 AD
1547 317 1912 374 llEBRASOS.
1955 315 2109 371 CAP.
2154 313 2224 370 Χ.
2271 312 2507 370 ινιοδιιι,
2553 309 2717 366 XVII.

3433 309 3537 364 150

1929 417 2099 485 ipsam
2141 415 2448 469 veritatem.
2495 413 2962 481 Quemadmodum
2995 415 3139 470 enim
3173 415 3228 469 in
3258 413 3496 487 imagine
3522 459 3538 484 ,

1927 509 2098 563 donec
2134 508 2356 577 pictura:
2387 505 2555 561 additi
2586 506 2788 561 fuerint
2815 508 3026 562 colores
3047 551 3062 573 ,
3103 523 3211 562 non
3243 508 3428 564 videre
3458 521 3545 564 εει

1927 600 2029 654 nisi
2064 598 2309 654 umbram
2346 608 2588 662 tantum;
2626 598 2714 653 ubi
2747 614 2898 666 vero,
2929 600 3208 660 coloribus
3238 601 3540 672 impositis,

1927 693 2070 748 nitor
2101 691 2434 762 supervenit,
2464 700 2590 745 tunc
2623 691 2680 744 fit
2710 691 2909 762 imago.
2957 691 3088 748 Tale
3130 693 3405 764 quidpiam
3457 695 3540 750 lex

1928 801 2141 857 quoque
2171 794 2308 841 erat.
2343 783 2587 840 Umbram
2616 785 2770 851 enim,
2797 785 2993 856 inquit,
3019 785 3208 840 habens
3231 787 3315 842 lex
3341 789 3544 860 futuro-

1926 891 2046 928 rum
2077 876 2358 937 bonorum,
2398 889 2502 925 non
2539 874 2712 940 ipsam
2739 874 3027 941 imaginem
3058 889 3268 937 rerum;
3300 873 3405 926 hoc
3432 879 3539 936 est,

1924 965 2206 1029 SaCl'illCll,
2226 965 2596 1019 remissionis.
2615 963 2719 1018 Per
2742 965 2980 1034 singulos
3005 979 3172 1016 annos
3195 962 3540 1032 eisdemipsis

1923 1058 2134 1122 hostiis,
2173 1073 2307 1127 quas
2351 1055 2584 1123 o/ferunt
2619 1055 3005 1120 indesinenter,
3044 1072 3335 1126 numquam
3367 1064 3541 1125 potest

1924 1152 2233 1206 accedentes
2257 1149 2520 1220 perfectos
2548 1149 2725 1219 facere
2746 1167 2762 1204 :
2785 1149 2840 1203 3.
2870 1150 3076 1219 alioqui
3103 1166 3209 1203 non
3237 1158 3540 1204 cessassent

1923 1242 2130 1311 o/ferri,
2163 1241 2281 1294 ideo
2309 1241 2449 1311 quod
2479 1240 2683 1294 nullam
2714 1239 2965 1295 haberent
2987 1242 3133 1294 ultra
3155 1241 3538 1296 conscientiam

1923 1337 2152 1390 cultores
2184 1337 2343 1389 semel
2377 1335 2729 1390 mundati:5.
2755 1339 2844 1390 sed
2868 1337 2922 1389 in
2943 1336 3075 1405 ipsis
3096 1337 3537 1390 commemoratio

1921 1438 2257 1498 peccatorum
2285 1443 2380 1497 per
2408 1428 2651 1498 singulos
2684 1445 2853 1484 annos
2884 1431 2966 1499 ﬁt.
2999 1429 3054 1483 4.
3091 1427 3436 1498 Impossibile
3454 1439 3536 1483 est

1920 1521 2056 1573 enim
2093 1522 2340 1590 sanguine
2382 1530 2643 1571 taurorum
2679 1528 2726 1571 et
2765 1519 3026 1571 hircorum
3065 1518 3258 1588 auferri
3296 1528 3527 1587 peccata.

1921 1613 1976 1668 5.
2007 1611 2133 1666 Ideo
2156 1612 2444 1683 ingrediens
2473 1611 2739 1673 mundum,
2774 1610 2898 1663 dicit
2929 1626 2948 1663 :
2981 1609 3218 1663 Hostiam
3246 1621 3294 1663 et
3321 1609 3533 1662 oblatio-

1922 1723 2035 1759 nem
2065 1705 2291 1770 noluisti,
2324 1721 2510 1772 corpus
2535 1713 2705 1756 autem
2736 1703 2925 1772 aptasti
2954 1702 3081 1755 mihi
3107 1718 3125 1754 :
3151 1703 3203 1756 6.
3233 1701 3534 1754 holocausta

1920 1808 1967 1852 et
1999 1814 2091 1866 pro
2116 1806 2321 1867 peccato
2348 1813 2448 1849 non
2481 1794 2569 1848 tibi
2594 1796 2917 1866 placuerunt.
2953 1794 3004 1847 7.
3041 1793 3186 1847 Tunc
3214 1795 3322 1848 dixi
3356 1810 3374 1846 :
3402 1792 3534 1847 Ecce

1922 1893 2064 1947 venio
2102 1893 2180 1963 (in
2216 1891 2379 1961 capite
2407 1889 2523 1943 libri
2552 1890 2799 1960 scriptum
2827 1896 2897 1941 est
2929 1886 2992 1940 de
3023 1887 3125 1955 me)
3145 1928 3157 1951 ,
3198 1897 3250 1940 ut
3294 1887 3484 1957 faciam
3512 1927 3528 1952 ,

1920 1987 2062 2042 Deus
2082 2028 2095 2048 ,
2134 1986 2446 2040 voluntatem
2485 1998 2643 2037 tuam.
2679 1982 2732 2038 8.
2768 1980 3021 2050 Superius
3047 1981 3241 2044 dicens,
3272 1980 3411 2050 quod
3437 1980 3531 2033 lto-

1918 2083 2068 2147 stias,
2097 2081 2376 2134 oblationes
2406 2091 2453 2132 et
2485 2078 2899 2131 ltolocautomata
2926 2092 3021 2146 pro
3049 2084 3253 2144 peccato
3282 2074 3492 2128 noluisti
3512 2117 3528 2140 ,

1920 2190 2010 2226 nec
2058 2173 2249 2242 placita
2291 2183 2407 2226 sunt
2444 2169 2534 2224 tibi
2575 2186 2692 2240 quit
2719 2168 2998 2223 secundum
3029 2170 3190 2240 legem
3218 2167 3528 2235 o/feruntur,

1920 2265 1973 2321 9.
2005 2275 2123 2318 tunc
2148 2264 2297 2318 dixi:
2330 2263 2462 2316 Ecce
2487 2263 2652 2326 venio,
2685 2274 2739 2316 ut
2771 2263 2962 2331 faciam
2982 2303 2996 2328 ,
3029 2259 3188 2325 Deus,
3220 2261 3532 2315 voluntatem

1922 2366 2084 2409 luant.
2110 2356 2292 2427 Aufert
2323 2360 2564 2425 primum,
2591 2363 2646 2407 ut
2671 2371 2883 2424 sequens
2909 2362 3121 2408 statuat.
3154 2354 3316 2408 Vides
3345 2352 3534 2409 rursus

1922 2451 2346 2506 abundantiam?
2387 2449 2500 2504 Una
2527 2460 2629 2514 est,
2663 2450 2866 2519 inquit,
2902 2448 3016 2504 bare
3049 2448 3259 2514 hostia;
3293 2448 3398 2502 illa:
3427 2463 3530 2505 au-

1921 2554 2030 2601 tem
2065 2547 2247 2601 multa
2279 2564 2290 2600 :
2325 2547 2445 2601 ideo
2470 2545 2614 2600 enim
2644 2561 2746 2601 nec
2771 2545 2983 2608 valida),
3019 2546 3142 2614 quia
3169 2554 3295 2600 sunt
3327 2545 3530 2600 multm.

1993 2642 2045 2698 5.
2082 2642 2352 2710 Sacriﬁcia
2372 2640 2678 2695 Judworum
2705 2657 2858 2714 quam
2877 2642 3182 2711 inﬁrma.—
3199 2641 3336 2708 Quid
3360 2642 3530 2711 enim,

1921 2733 2010 2791 dic
2033 2749 2240 2806 qumso,
2273 2750 2409 2804 opus
2439 2744 2550 2789 erat
2584 2735 2789 2800 multis,
2814 2749 2936 2789 cum
2967 2750 3072 2790 una
3100 2733 3371 2790 sufficiat?
3400 2735 3535 2790 Pro-

1923 2836 2108 2897 pterea
2151 2827 2355 2889 multm,
2388 2834 2443 2880 et
2471 2825 2615 2896 quod
2647 2840 2866 2895 semper
2887 2825 3207 2892 offerantur,
3239 2827 3535 2881 ostendunt

1914 2934 2017 2975 eos
2047 2934 2340 2989 numquam
2377 2919 2644 2973 mundari.
2693 2918 2844 2974 Sicut
2873 2922 3016 2975 enim
3048 2920 3530 2990 medicamentum,

1919 3029 2043 3067 cum
2081 3013 2247 3068 fuerit
2274 3012 2543 3079 validum,
2575 3023 2630 3070 et
2659 3014 2904 3069 efﬁciens
2943 3015 3223 3075 sanitatis,
3261 3025 3315 3069 et
3347 3015 3534 3069 valens

1922 3121 2139 3161 omnem
2172 3106 2419 3161 morbum
2453 3105 2789 3176 propulsare,
2823 3107 2994 3161 semel
3028 3108 3336 3177 impositum
3369 3108 3536 3164 efﬁcit

1923 3199 2237 3253 universum
2270 3217 2282 3252 :
2313 3199 2456 3268 quod
2501 3200 2546 3253 si
2586 3200 2756 3255 semel
2797 3201 3105 3271 impositum
3139 3211 3306 3255 totum
3336 3217 3532 3271 opera-

1925 3301 2041 3353 tur,
2072 3289 2311 3344 ostendit
2338 3290 2444 3343 vim
2472 3305 2622 3344 suam
2655 3306 2720 3346 eo
2759 3292 2900 3362 quod
2941 3307 3046 3346 non
3085 3294 3316 3364 amplius
3357 3294 3534 3364 impo-

1924 3389 2104 3446 natur,
2135 3391 2189 3436 et
2216 3381 2316 3434 hoc
2342 3390 2425 3436 est
2450 3383 2618 3451 ipsius
2639 3398 2795 3450 opus,
2821 3383 2960 3451 quod
2991 3401 3096 3437 nun
3121 3384 3353 3452 amplius
3377 3402 3536 3440 usur-

1924 3471 2120 3534 petur:
2147 3463 2234 3516 sin
2257 3471 2442 3516 autem
2469 3478 2689 3533 semper
2707 3464 3047 3536 imponatur,
3065 3477 3149 3520 est
3176 3469 3530 3538 perSpicuum

1923 3555 2070 3626 quod
2092 3556 2297 3609 nullam
2325 3555 2431 3609 vim
2463 3555 2756 3624 habuerit;
2790 3566 2876 3612 est
2897 3559 3043 3613 enim
3075 3558 3253 3614 virtus
3285 3561 3530 3617 medica-

1926 3644 2094 3700 menti
2133 3644 2299 3699 semel
2335 3644 2569 3714 imponi,
2602 3655 2656 3699 et
2685 3662 2795 3701 non
2831 3662 2976 3716 sazpe
3005 3667 3015 3698 :
3056 3647 3128 3702 ita
3157 3648 3246 3702 hic
3275 3666 3532 3721 quoque;

1924 3754 2024 3792 cur
2053 3737 2273 3791 tandem
2302 3736 2496 3792 iisdem
2526 3753 2746 3807 semper
2775 3749 3045 3794 curantur
3069 3740 3460 3797 hostiis?Nam
3486 3746 3534 3800 si

1931 3838 2118 3886 essent
2145 3829 2358 3884 liberati
2393 3829 2460 3883 ab
2489 3831 2748 3886 omnibus
2771 3833 3038 3902 peccatis,
3065 3849 3177 3888 non
3200 3834 3536 3892 oll'errentur

1929 3922 2128 3978 hostiae
2159 3922 2408 3992 quotidie
2441 3941 2453 3976 :
2480 3931 2640 3977 erant
2669 3923 2815 3976 enim
2856 3924 3193 3989 constituta},
3227 3934 3287 3980 ut
3312 3942 3537 3998 semper

1926 4014 2258 4071 offerrentur
2289 4031 2387 4086 pro
2414 4017 2616 4087 p0pulo
2646 4016 2928 4081 universo,
2955 4025 3010 4070 et
3035 4033 3261 4086 vespere
3283 4027 3336 4072 et
3362 4020 3536 4074 inter-

1923 4097 2034 4153 diu.
2073 4101 2202 4156 Erat
2236 4103 2414 4173 itaque
2448 4105 2497 4158 id
2526 4107 2667 4174 quod
2698 4107 2898 4175 fiebat,
2932 4120 3277 4179 peccatorum
3307 4127 3532 4166 accusa-

1924 4192 2020 4259 tio,
2052 4209 2159 4247 non
2191 4197 2422 4262 solutio;
2457 4202 2731 4256 accusatio
2762 4202 3113 4271 infirmitatis,
3145 4220 3250 4260 non
3290 4207 3533 4263 ostensio

1922 4284 2158 4339 virtutis.
2206 4286 2338 4340 Nam
2388 4291 2644 4358 quoniam
2692 4293 2860 4361 prima
2913 4295 3046 4348 nihil
3097 4297 3379 4362 valuerat,
3427 4299 3532 4353 alia

1923 4393 2136 4449 quoque
2163 4380 2524 4447 offerebatur;
2558 4394 2613 4439 et
2642 4387 2899 4456 quoniam
2929 4387 3044 4457 ipsa
3074 4388 3210 4442 nihil
3237 4390 3536 4456 efficiebat,

1922 4486 2111 4526 rursus
2147 4473 2251 4526 alia
2282 4492 2294 4526 :
2328 4482 2383 4527 et
2422 4475 2543 4531 ideo
2589 4477 2678 4532 illa
2710 4488 2828 4533 erat
2859 4490 3201 4550 peccatorum
3241 4485 3532 4539 convictio.

1922 4567 2100 4636 Atque
2126 4568 2271 4637 quod
2303 4568 2561 4625 ofl‘eratur
2591 4573 2843 4641 quidem,
2881 4577 3058 4646 arguit
3095 4587 3348 4646 peccata;
3387 4577 3534 4649 quod

1921 4672 2102 4716 autem
2136 4676 2384 4734 semper,
2413 4667 2590 4736 arguit
2619 4667 3065 4725 imbecillitatem.
3099 4669 3154 4725 lu
3188 4669 3404 4727 Christo
3435 4688 3532 4726 au-

1925 4769 2031 4813 tem
2061 4769 2247 4813 contra
2280 4779 2293 4814 :
2326 4761 2496 4815 semel
2528 4771 2611 4816 est
2638 4762 2872 4830 oblatus,
2906 4774 2960 4820 et
2993 4766 3047 4819 in
3081 4778 3398 4838 perpetuum
3440 4781 3532 4822 sa-

1925 4855 1991 4907 tis
2019 4852 2138 4907 fuit.
2181 4855 2259 4909 Ac
2299 4866 2445 4910 recte
2475 4856 2612 4910 dixit
2657 4858 2746 4912 illa
2787 4859 3115 4930 exemplaria
3152 4877 3164 4913 :
3197 4876 3327 4931 ergo
3355 4863 3531 4919 solum

1926 4945 2125 5002 habent
2149 4959 2352 5018 typum,
2386 4963 2493 5002 non
2520 4950 2774 5006 virtutem
2809 4968 2821 5006 :
2855 4953 2995 5008 sicut
3025 4955 3076 5007 in
3112 4955 3435 5026 imaginibus
3466 4956 3531 5009 ﬁ-

1923 5056 2109 5111 guram
2152 5041 2388 5098 hominis
2439 5044 2603 5098 habet
2641 5046 2837 5116 imago,
2872 5063 2978 5102 non
3017 5049 3292 5104 virtutem.
3326 5050 3445 5118 Quo
3477 5050 3532 5103 fit

1924 5144 1982 5188 ut
2005 5149 2189 5188 verum
2212 5144 2267 5189 et
2291 5135 2457 5206 ﬁgura
2483 5137 2717 5192 habeant
2743 5139 2883 5195 inter
2906 5154 2963 5194 se
2985 5140 3186 5211 aliquid
3210 5157 3531 5198 commune:

1927 5243 2023 5298 par
2066 5238 2149 5282 est
2188 5230 2333 5283 enim
2381 5231 2580 5300 figura,
2617 5232 2787 5287 virtus
2830 5245 3009 5289 autem
3055 5250 3416 5307 nequaquam.
3458 5237 3535 5293 lia

1925 5324 2085 5376 etiam
2115 5323 2165 5376 in
2189 5325 2324 5378 caelo
2347 5336 2400 5380 et
2427 5327 2478 5380 in
2509 5327 2891 5393 tabernaculo;
2925 5339 3041 5384 erat
3062 5331 3204 5386 enim
3233 5349 3327 5402 par
3352 5343 3529 5405 typus,

1924 5426 2080 5469 erant
2106 5417 2249 5471 enim
2284 5430 2502 5484 sancta;
2550 5421 2721 5474 virtus
2751 5433 2930 5477 autem
2965 5435 3018 5478 et
3049 5424 3154 5478 alia
3185 5441 3290 5480 non
3319 5428 3531 5482 eadem.

1925 5509 2060 5575 Quid
2105 5519 2208 5572 est,
2258 5511 2339 5564 Ad
2385 5511 2766 5568 destitutionem
2805 5517 2996 5581 peccati
3024 5533 3114 5587 per
3142 5519 3358 5572 hostium
3388 5538 3538 5578 suam

1924 5604 2218 5672 apparuit?
2268 5605 2396 5674 quid
2443 5616 2525 5661 est
2568 5608 2885 5663 desﬁtutio?
2927 5611 3242 5681 Abrugalio,
3288 5623 3534 5670 contem-

1926 5700 2072 5766 ptio;
2125 5710 2404 5768 peccatum
2462 5717 2567 5756 non
2626 5701 2789 5757 habet
2829 5703 3055 5774 amplius
3097 5705 3345 5761 fiduciam
3391 5726 3404 5763 :
3443 5709 3536 5765 dc-

1925 5791 2167 5846 stitutum
2223 5795 2366 5848 enim
2416 5805 2498 5850 est
2553 5776 2857 5867 peccatum.
2913 5797 3238 5864 Quomodo?
3302 5798 3538 5857 Debebat
