4122 6338
598 406 691 463 ως

588 506 801 562 pinnam
829 490 1122 557 Suscipere,
1154 499 1257 537 non
1286 479 1519 547 suscepit
1549 485 1727 529 autem
1754 489 1765 523 :
1794 471 1894 524 hoc
1924 476 2035 531 est,
2064 465 2169 562 vim

588 558 673 640 est
718 598 931 655 passum
962 600 973 633 :
1003 577 1217 650 quando
1244 573 1589 643 exspectabat
1628 567 1745 623 fore
1788 572 1847 619 ut
1888 558 2173 655 omnesde

612 649 791 728 medio
822 649 1047 729 tolleret,
1065 667 1234 734 ipsum
1262 672 1346 715 est
1371 659 1435 714 de
1463 658 1637 712 taedio
1664 654 1950 709 sublatum.
1974 649 2071 702 Per
2087 649 2183 701 lic-

611 767 761 819 sliam
785 780 928 817 suam
959 758 1235 829 apparuit;
1273 755 1373 808 hoc
1398 761 1500 813 eSt,
1532 748 1901 802 manifestatus
1924 754 2008 797 est
2040 742 2149 796 Deo
2169 782 2182 801 .

614 858 679 911 ad
717 870 837 910 eum
873 851 1117 907 accessit.
1163 846 1278 901 Non
1318 845 1473 915 igitur
1511 840 1760 911 quoniam
1804 834 2055 889 sacerdos
2086 833 2188 887 hoc

615 960 757 1015 εςπ-ρθ
784 944 907 999 facit
932 942 983 996 in
1007 956 1168 1001 anno,
1191 946 1345 1007 putes
1377 935 1475 986 hoc
1506 941 1790 997 utcumque
1814 936 1868 981 et
1894 940 1999 978 non
2019 923 2191 1015 obiu-

617 1013 920 1089 ilrmitatem
950 1028 1065 1083 fieri
1093 1046 1105 1081 :
1134 1029 1177 1080 si
1207 1041 1309 1079 non
1332 1024 1401 1077 ob
1432 1020 1789 1073 inﬁrmitatem
1813 1056 1825 1077 ,
1858 1030 1954 1069 cur
1978 1013 2189 1066 tandem

619 1123 856 1178 fiebant?
898 1120 1123 1175 sublatis
1164 1112 1469 1169 vulneribus
1493 1152 1506 1175 ,
1548 1126 1651 1163 non
1682 1107 1910 1177 amplius
1943 1119 2076 1173 opus
2111 1111 2193 1156 est

618 1213 1040 1269 medicamentis.
1066 1210 1349 1278 Propterea
1368 1203 1546 1272 jussit.
1568 1201 1750 1267 inquit,
1782 1212 1995 1267 semper
2015 1194 2191 1249 afferri

618 1314 837 1373 propter
865 1301 1221 1358 infirmitatem
1251 1336 1266 1361 ,
1296 1307 1457 1363 utque
1487 1301 1703 1363 peccata
1732 1296 2112 1342 revocarentur
2139 1285 2191 1337 in

621 1395 953 1452 memoriam.
1005 1389 1143 1463 Quid
1184 1387 1344 1442 vero?
1385 1399 1562 1440 annon
1605 1396 1702 1435 nos
1739 1378 1975 1448 quotidie
2014 1374 2195 1430 offeri-

624 1487 776 1541 mus?
803 1484 1084 1539 Offerimus
1110 1480 1347 1550 quidem,
1368 1476 1461 1530 sed
1486 1474 1601 1543 cjus
1629 1483 1856 1526 mortem
1887 1482 2196 1523 revocamus

624 1582 675 1633 in
705 1579 1011 1632 memoriam
1038 1595 1051 1628 :
1076 1584 1128 1627 et
1152 1574 1260 1642 ipsa
1293 1586 1393 1623 una
1418 1581 1519 1633 est,
1548 1582 1653 1620 non
1687 1565 1887 1618 multm.
1918 1561 2197 1628 Quomodo

627 1686 725 1724 una
749 1678 849 1732 est,
871 1683 977 1721 non
1000 1663 1216 1719 multm?
1241 1660 1500 1728 Quoniam
1529 1656 1695 1711 semel
1726 1654 1820 1708 fuit
1847 1654 2041 1716 oblata,
2064 1653 2200 1705 sicut

626 1761 713 1813 illa
744 1758 840 1811 fuit
872 1758 923 1811 in
953 1765 1135 1809 sancta
1163 1759 1491 1809 sanctorum.
1526 1747 1638 1801 Hoc
1668 1754 1750 1799 est
1778 1747 1941 1810 figura
1970 1743 2128 1805 illius,
2148 1750 2201 1793 et

627 1853 738 1918 ipsa
781 1849 969 1902 istius:
1003 1843 1247 1899 eumdem
1297 1838 1437 1893 enim
1483 1851 1694 1904 semper
1735 1833 2044 1893 offerimus,
2092 1846 2198 1884 non

628 1956 764 1993 nunc
799 1937 977 1995 aliam,
1005 1949 1122 1988 cras
1147 1931 1306 1984 aliam
1331 1943 1484 1981 ovem
1506 1967 1520 1991 ,
1561 1925 1653 1980 sed
1691 1937 1903 1991 semper
1932 1921 2197 1975 eamdem.

625 2029 978 2099 Quamobrem
1004 2038 1163 2077 unum
1186 2030 1266 2076 est
1287 2018 1603 2074 sacriﬁcium
1631 2024 1847 2086 propter
1876 2015 2010 2069 hanc
2040 2014 2203 2067 ratio-

627 2138 745 2176 nem
779 2137 790 2173 :
822 2117 1055 2186 ali0quin
1095 2115 1195 2168 hac
1236 2111 1440 2166 ratione
1462 2152 1476 2175 ,
1508 2109 1757 2175 quoniam
1787 2107 1967 2161 multis
1992 2106 2043 2158 in
2073 2106 2203 2158 locis

626 2210 863 2274 offertur,
890 2208 1110 2260 multine
1138 2211 1259 2257 sunt
1289 2199 1527 2256 Christi?
1555 2198 1921 2267 Nequaquam,
1946 2195 2038 2250 sed
2068 2210 2203 2249 unus

550 2341 558 2357 ,
629 2305 821 2372 ubique
850 2300 1113 2362 Christus,
1133 2296 1220 2367 qui
1247 2307 1300 2349 et
1328 2294 1414 2348 hic
1444 2303 1522 2347 est
1549 2292 1758 2361 plenus,
1782 2299 1835 2344 et
1864 2289 1969 2343 illic
1994 2288 2201 2356 plenus,

630 2410 789 2449 unum
822 2405 1033 2460 corpus.
1078 2388 1146 2444 Ut
1188 2402 1314 2455 ergo
1354 2385 1533 2439 multis
1560 2384 1611 2435 in
1638 2382 1769 2436 locis
1800 2380 2009 2434 oblatus
2040 2395 2203 2435 unum

628 2496 709 2541 est
734 2500 948 2554 corpus,
968 2493 1021 2537 et
1048 2496 1150 2535 non
1181 2480 1341 2533 multa
1361 2492 1619 2546 corpora:
1647 2476 1717 2529 ita
1745 2476 1907 2529 etiam
1934 2490 2094 2527 unum
2125 2483 2207 2527 est

630 2576 967 2630 sacriﬁcium.
1008 2569 1249 2626 Pontifex
1287 2578 1468 2623 noster
1513 2568 1598 2620 ille
1638 2574 1719 2620 est
1757 2567 1842 2632 qui
1882 2564 2073 2618 obtulit
2114 2565 2209 2618 ho-

632 2671 817 2731 stiam,
847 2680 964 2736 qua:
993 2680 1088 2718 nos
1118 2660 1357 2716 mundat.
1402 2659 1545 2711 Illam
1594 2672 1735 2711 nunc
1774 2671 1984 2726 quoque
2022 2655 2207 2709 offeri-

635 2776 772 2825 mus,
795 2775 913 2829 qua:
946 2769 1069 2812 tunc
1097 2755 1194 2809 fuit
1222 2753 1399 2808 oblata
1420 2792 1432 2814 ,
1463 2766 1578 2819 quae
1610 2765 1715 2803 non
1744 2758 1918 2818 potest
1943 2748 2207 2802 consumi.

636 2856 746 2908 Hoc
775 2855 831 2906 fit
866 2855 915 2907 in
959 2849 1379 2906 recordationem
1406 2847 1524 2915 ejus
1548 2846 1688 2915 quod
1714 2858 1838 2900 tunc
1864 2842 2057 2898 factum
2083 2853 2164 2898 est
2192 2860 2205 2895 :

638 2948 751 3001 Hoc
790 2947 931 3001 enim
978 2944 1128 3012 facite
1148 2985 1161 3006 ,
1196 2942 1395 3010 inquit,
1425 2941 1475 2991 in
1501 2954 1661 2991 meam
1689 2936 2209 2990 commemorationem

640 3038 785 3110 (Luc.
815 3036 901 3089 22.
937 3036 1045 3103 l9).
1079 3034 1191 3087 Non
1217 3031 1373 3085 aliam
1404 3030 1649 3093 hostiam,
1674 3029 1809 3081 sicut
1835 3025 2091 3096 pontifex,
2116 3024 2209 3079 sed

639 3128 877 3182 eamdem
906 3140 1116 3194 semper
1145 3123 1382 3187 facimus,
1413 3120 1494 3174 vel
1524 3120 1697 3189 potius
1719 3117 1962 3172 sacrificii
1992 3116 2213 3170 facimus

640 3222 1216 3279 commemorationem.

708 3305 761 3356 4.
797 3304 876 3354 Ad
902 3302 1146 3371 mysteria
1170 3302 1272 3353 sive
1301 3297 1677 3351 Eucharistiam
1716 3300 1961 3364 quomodo
1989 3304 2215 3363 aportcat

636 3390 1075 3446 accedere.-—Sed
1106 3389 1355 3456 quoniam
1383 3387 1600 3440 memini
1626 3385 1782 3455 hujus
1805 3386 2072 3448 sacrificii,
2093 3384 2215 3438 Volo

640 3498 803 3552 pauca
848 3481 995 3534 vobis
1016 3480 1215 3546 dicere,
1249 3479 1339 3548 qui
1379 3476 1648 3546 mysteriis
1674 3476 1806 3529 estis
1834 3475 2057 3540 initiati,
2096 3490 2214 3543 qua:

637 3588 891 3627 mensura
918 3570 1127 3640 quidem
1152 3579 1277 3624 sunt
1323 3582 1511 3636 pauca,
1546 3581 1789 3635 magnam
1817 3577 1993 3621 autem
2016 3565 2213 3620 habent

640 3665 743 3717 vim
774 3674 825 3717 et
858 3663 1139 3715 utilitatem
1169 3678 1181 3713 :
1216 3675 1319 3713 non
1347 3659 1488 3712 enim
1532 3668 1655 3711 sunt
1682 3666 1862 3717 nostra
1882 3700 1896 3722 ,
1928 3657 2020 3712 sed
2050 3658 2214 3711 divini

640 3754 866 3823 Spiritus
896 3769 1012 3822 qua:
1039 3752 1306 3806 dicuntur.
1324 3748 1460 3817 Quid
1486 3760 1565 3803 est
1594 3751 1754 3819 ergo?
1776 3749 1921 3802 Multi
1950 3749 2107 3817 hujus
2131 3765 2213 3803 sa-

640 3845 1004 3901 criﬁciisetnel
1024 3854 1134 3897 toto
1150 3859 1289 3896 anno
1314 3848 1437 3895 sunt
1466 3842 1775 3910 participes,
1800 3841 1887 3893 alii
1916 3851 2092 3893 autem
2112 3841 2214 3906 bis,

640 3935 727 3989 alii
752 3951 879 3989 vero
916 3948 1078 4003 saepe.
1128 3934 1206 3987 Au
1248 3946 1435 3985 omnes
1477 3946 1603 3998 ergo
1637 3930 1861 3983 habetur
1887 3931 2080 3997 oratio,
2111 3946 2216 3982 non

641 4028 811 4082 solum
842 4025 906 4079 ad
938 4040 1029 4079 eos
1055 4025 1140 4093 qui
1183 4024 1269 4077 hic
1298 4031 1441 4087 sunt,
1474 4020 1568 4075 sed
1595 4020 1660 4074 ad
1702 4034 1796 4074 eos
1824 4020 1984 4074 etiam
2014 4021 2101 4088 qui
2124 4035 2219 4073 se—

642 4118 769 4173 dent
798 4116 850 4168 in
878 4115 1091 4168 deserto
1121 4132 1133 4166 :
1162 4128 1284 4166 nam
1308 4112 1383 4165 illi
1411 4110 1579 4164 semel
1606 4110 1658 4163 in
1690 4124 1830 4164 anno
1853 4121 1976 4163 sunt
2000 4110 2220 4180 partici-

645 4224 760 4278 pes,
789 4222 929 4276 smpe
952 4207 1110 4263 etiam
1140 4214 1259 4273 post
1278 4204 1414 4258 duos
1437 4218 1627 4257 annos.
1658 4202 1796 4268 Quid
1825 4202 1986 4271 ergo?
2006 4205 2219 4272 quinam

644 4308 798 4353 erunt
831 4295 983 4350 nobis
1007 4297 1172 4364 magis
1190 4294 1431 4362 accepti?
1450 4308 1515 4347 an
1535 4293 1625 4362 qui
1653 4294 1842 4357 semel,
1868 4308 1933 4346 an
1952 4294 2037 4363 qui
2056 4307 2219 4361 saepe,

644 4404 711 4442 an
739 4389 826 4458 qui
858 4388 1017 4441 raro?
1043 4386 1152 4440 Nec
1181 4386 1255 4448 bi,
1286 4399 1382 4439 nec
1426 4384 1523 4450 illi,
1548 4384 1642 4439 sed
1692 4385 1725 4438 ii
1756 4386 1846 4452 qui
1875 4398 1996 4437 cum
2030 4384 2222 4437 munda

644 4481 989 4542 conscientia,
1014 4478 1102 4545 qui
1125 4492 1244 4532 cum
1274 4476 1472 4530 mundo
1494 4476 1677 4540 corde,
1706 4475 1794 4545 qui
1824 4490 1944 4529 cum
1974 4475 2077 4527 vita
2106 4491 2225 4544 qua:

648 4575 772 4628 nulli
805 4584 885 4629 est
916 4572 1089 4626 affinis
1117 4573 1543 4641 reprehensioni.
1591 4570 1693 4639 Qui
1723 4580 1847 4625 sunt
1878 4568 2179 4640 hujusntodi
2208 4612 2222 4636 ,

647 4680 860 4735 semper
885 4664 1138 4717 accedant
1165 4682 1175 4716 :
1209 4665 1296 4732 qui
1327 4679 1430 4717 non
1463 4672 1585 4715 sunt
1614 4661 1937 4731 hujusmodi,
1968 4676 2036 4715 ne
2060 4662 2227 4715 semel

648 4756 881 4827 quidem.
913 4754 1133 4820 Quare?
1174 4754 1437 4820 Quoniam
1478 4754 1579 4807 sibi
1626 4763 1845 4806 sumunt
1883 4752 2143 4821 judicium
2175 4762 2229 4807 et

647 4848 1145 4904 condemnationem
1169 4856 1223 4900 et
1253 4846 1592 4917 snpplicimn.
1652 4845 1761 4901 Nec
1802 4846 2011 4899 mireris
2045 4863 2057 4897 :
2092 4844 2227 4899 sicut

647 4941 790 4994 enim
816 4940 967 4992 cibus
988 4948 1175 4992 natura
1215 4953 1309 4991 sua
1338 4938 1675 5003 nutritorius,
1713 4940 1755 4991 si
1798 4940 1849 4990 in
1888 4952 2008 4991 eum
2033 4938 2229 4991 incidat

650 5032 738 5101 qui
766 5030 1028 5084 stomachi
1048 5029 1173 5082 vitio
1198 5029 1420 5095 laborat,
1448 5031 1623 5083 omnia
1646 5031 1820 5099 perdit
1841 5039 1891 5083 et
1914 5030 2226 5098 corrumpit,

649 5134 700 5176 et
734 5122 899 5175 morbi
926 5121 1215 5176 fitoccasio
1240 5139 1253 5173 :
1276 5122 1343 5174 ita
1366 5125 1523 5174 etiam
1557 5121 1670 5175 huic
1702 5122 1997 5175 veneranda
2030 5130 2229 5191 myste-

650 5216 747 5267 ria.
778 5214 995 5268 Frueris
1016 5228 1198 5267 mensa
1222 5213 1504 5282 spirituali,
1534 5228 1713 5267 mensa
1744 5214 1928 5283 regali,
1958 5224 2009 5268 et
2036 5214 2229 5267 iterum

651 5322 712 5361 os
761 5318 905 5361 tuum
955 5305 1379 5375 lutoinquinas?
1426 5308 1578 5377 ungis
1610 5317 1898 5375 unguento,
1944 5317 1997 5361 et
2048 5321 2233 5361 rursus

652 5400 845 5469 imples
875 5398 1102 5455 fmlore?
1153 5400 1247 5454 Die
1288 5400 1438 5465 mihi,
1469 5416 1588 5453 cum
1620 5409 1737 5469 post
1758 5416 1953 5453 annum
1982 5416 2039 5455 es
2068 5402 2232 5470 parti-

651 5508 779 5562 ceps
798 5492 1219 5557 communionis,
1253 5493 1597 5548 existimesne
1623 5493 1968 5563 quadraginta
1992 5492 2105 5547 dies
2138 5493 2233 5546 tibi

653 5584 901 5640 sufficere
928 5585 991 5640 ad
1014 5584 1444 5641 emundationem
1468 5598 1808 5656 peccatorum
1838 5587 2003 5641 totius
2029 5595 2235 5656 tempo-

659 5677 770 5729 ris?
800 5687 852 5729 et
876 5692 993 5729 eum
1026 5693 1210 5731 rursus
1242 5680 1557 5747 prmterierit
1607 5678 1956 5743 hebdomada,
2003 5689 2051 5732 te
2082 5678 2233 5734 dedis

660 5767 966 5837 prioribus?
1003 5769 1093 5822 Die
1124 5768 1271 5835 mihi,
1336 5771 1378 5825 si
1435 5786 1553 5824 cum
1597 5771 1944 5841 quadraginta
1990 5771 2175 5826 diebus
2202 5787 2233 5827 a

1333 385 1391 441 s.
1430 371 1706 433 JOANMS
1742 332 2212 424 cnnrsosrotu
2254 352 2567 409 ancorae.
2610 347 3145 406 (ZONSTANTINOP.

3764 337 3869 395 ﬂ")

2293 466 2452 532 longo
2476 463 2664 519 morbo
2693 463 3053 528 convalueris,
3085 473 3270 517 rursus
3296 467 3349 512 te
3389 452 3552 510 dedas
3589 449 3722 507 cibis
3772 450 3880 499 illis

2293 553 2381 621 qui
2423 552 2638 607 morbos
2669 561 2968 621 procreant,
2993 564 3098 604 ιιοιι
3123 554 3281 605 etiam
3315 551 3541 617 priorem
3576 548 3752 617 perdis
3791 550 3872 601 la-

2296 642 2518 698 borem!
2544 644 2674 698 Nam
2717 646 2760 697 si
2800 653 3070 697 mutantur
3094 659 3211 711 quin
3236 655 3356 696 sunt
3388 642 3667 705 naturalia,
3702 643 3873 696 multo

2296 736 2462 803 magis
2490 751 2609 803 qua.
2652 735 2821 788 nostri
2868 743 2990 788 sunt
3039 735 3193 789 liberi
3240 735 3466 787 arbitrii.
3518 734 3589 790 Ut
3637 734 3871 802 exempli

2293 838 2473 887 causa,
2501 834 2688 877 natura
2718 824 2974 888 ridemus,
2998 833 3053 878 et
3077 838 3235 878 sanos
3261 825 3516 878 habemus
3534 824 3752 888 oculos;
3774 823 3871 877 sed

2297 927 2440 981 saepe
2462 932 2489 966 a
2521 914 2657 967 mala
2686 912 2997 967 habitudine
3025 913 3235 967 lzeditur
3264 923 3445 967 nostra
3474 913 3683 967 videndi
3706 914 3875 967 facul-

2299 1012 2400 1057 tas.
2424 1003 2477 1057 Si
2530 1018 2659 1071 ergo
2686 1012 2958 1056 mutantur
2985 1004 3243 1056 naturalia
3266 1044 3280 1066 ,
3310 1018 3486 1058 annon
3512 1004 3676 1057 multo
3703 1005 3876 1071 magis

2293 1108 2410 1161 qua:
2442 1095 2605 1146 nostri
2634 1102 2757 1145 sunt
2785 1092 2931 1145 liberi
2960 1092 3206 1145 arbitrii?
3232 1094 3591 1162 Quadraginta
3623 1093 3738 1147 dies
3776 1094 3874 1146 tri-

2296 1183 2411 1236 buis
2441 1183 2650 1236 sanitati
2683 1186 2891 1245 animze,
2917 1182 3158 1236 fortassis
3178 1193 3354 1237 autem
3381 1199 3480 1237 nec
3502 1184 3871 1255 quadraginta,

2294 1285 2347 1326 et
2378 1284 2426 1327 te
2448 1274 2609 1327 Deum
2632 1272 2869 1341 placasse
2897 1274 3211 1341 exspectas?
3235 1273 3458 1337 Joearis,
3480 1290 3513 1329 ο
3537 1276 3715 1329 homo.
3748 1276 3875 1331 ll;rc

2296 1365 2437 1427 dico,
2480 1379 2585 1417 non
2637 1364 2703 1416 ab
2750 1380 2853 1416 IIIIO
2879 1365 3172 1433 eodemque
3217 1380 3393 1417 annuo
3419 1380 3636 1420 accessu
3662 1381 3758 1421 vos
3780 1382 3873 1420 ar-

2295 1471 2445 1519 cens,
2476 1456 2566 1510 sed
2600 1456 2773 1525 potius
2801 1458 2982 1510 rolens
3004 1472 3097 1509 vos
3128 1466 3386 1525 perpetuo
3414 1458 3478 1511 ad
3506 1470 3687 1513 sancta
3712 1475 3874 1514 acce-

2296 1549 2447 1602 dere.
2481 1548 2766 1617 Propterea
2803 1548 3062 1602 acclamat
3111 1549 3270 1602 etiam
3311 1548 3562 1603 sacerdos
3591 1560 3715 1605 tunc
3750 1567 3876 1605 san-

2296 1645 2410 1691 ctos
2446 1652 2659 1697 vocans,
2710 1647 2761 1691 et
2795 1653 2887 1705 per
2925 1638 3059 1692 hanc
3100 1653 3281 1693 vocem
3309 1654 3496 1695 omnes
3519 1654 3781 1707 serutans,
3815 1653 3877 1698 ut

2298 1744 2455 1782 nemo
2500 1728 2719 1783 accedat
2747 1743 2849 1782 non
2900 1740 3247 1797 pra-paratus.
3290 1732 3436 1785 Sicut
3479 1734 3619 1786 enim
3675 1736 3724 1789 in
3764 1752 3877 1791 uno

2298 1836 2478 1889 grege,
2510 1821 2560 1873 in
2589 1836 2693 1889 quo
2736 1821 2912 1874 multa:
2957 1823 3168 1888 quidem
3198 1837 3325 1875 ores
3365 1833 3488 1875 sunt
3536 1838 3699 1886 suum,
3752 1826 3874 1880 alia:

2297 1921 2473 1963 autem
2495 1910 2663 1978 plena:
2694 1920 2819 1964 sunt
2842 1911 3039 1973 scabie,
3070 1926 3289 1966 necesse
3316 1922 3399 1965 est
3423 1929 3552 1967 oves
3583 1929 3674 1968 eas
3700 1917 3874 1970 arceri

2296 2016 2326 2054 a
2356 2003 2499 2055 sanis
2530 2019 2545 2055 :
2579 2003 2646 2055 ita
2678 2004 2835 2058 etiam
2869 2004 2919 2057 in
2946 2003 3218 2069 Ecclesia;
3245 2006 3493 2074 quoniam
3521 2007 3638 2061 alia:
3659 2008 3874 2079 quidem

2297 2108 2424 2148 oves
2446 2104 2570 2147 sunt
2596 2109 2758 2154 sanae.
2792 2096 2909 2149 alia:
2930 2110 3059 2150 vero
3089 2096 3223 2150 male
3247 2097 3474 2162 aﬂ'ectae,
3506 2114 3601 2166 per
3623 2099 3760 2154 hanc
3778 2115 3875 2155 voc

2296 2200 2413 2239 cem
2439 2186 2535 2241 has
2559 2198 2703 2241 arcet
2725 2187 2790 2241 ab
2818 2187 2943 2254 illis,
2971 2187 3022 2241 in
3050 2202 3264 2242 omnem
3304 2198 3508 2258 partem
3539 2190 3748 2257 obiens,
3778 2208 3876 2263 per

2300 2276 2436 2333 hanc
2458 2292 2640 2331 vocem
2670 2276 2821 2331 valde
2848 2277 3138 2332 terribilem
3161 2278 3411 2333 sacerdos
3438 2287 3652 2333 sanctos
3678 2295 3880 2335 vocans

2301 2377 2355 2421 et
2381 2368 2613 2423 trahens.
2648 2369 2776 2424 Nam
2808 2371 3057 2440 quoniam
3104 2372 3220 2426 fieri
3272 2387 3377 2427 non
3408 2383 3582 2442 potest
3631 2382 3686 2428 ut
3713 2375 3880 2429 homo

2302 2460 2441 2511 norit
2468 2474 2585 2528 qum
2612 2471 2733 2514 sunt
2760 2461 3015 2530 proximi;
3043 2461 3167 2526 Quis
3192 2463 3342 2528 mim,
3390 2464 3579 2533 inquit,
3623 2481 3684 2519 ea:
3712 2464 3880 2519 homi-

2305 2551 2449 2603 nibus
2471 2554 2603 2604 novit
2627 2568 2740 2620 qua:
2764 2563 2879 2606 sunt
2905 2554 3141 2613 hominis.
3171 2555 3270 2607 nisi
3296 2555 3507 2620 spiritus
3534 2557 3768 2621 hominis,
3789 2557 3880 2626 qui

2300 2652 2370 2695 est
2405 2644 2458 2694 in
2496 2642 2694 2695 homine
2721 2644 2738 2712 (
2766 2644 2818 2699 l.
2848 2643 2968 2699 Cor.
2999 2643 3055 2700 2.
3090 2645 3150 2699 il
3174 2644 3231 2715 )‘I
3272 2645 3466 2699 emittit
3514 2646 3651 2701 hanc
3689 2662 3877 2704 vocem

2302 2746 2577 2804 postquam
2603 2746 2872 2805 peractum
2898 2736 3000 2791 fuit
3025 2738 3367 2804 sacriﬁcium,
3402 2747 3458 2794 ut
3498 2754 3660 2796 nemo
3690 2740 3880 2795 incon-

2302 2825 2531 2879 siderate
2555 2841 2652 2880 nec
2678 2835 2879 2882 temere
2902 2827 2967 2884 ad
3002 2829 3138 2885 hunc
3161 2829 3360 2886 fontem
3382 2831 3600 2887 accedat
3625 2832 3881 2901 Spiritua-

2301 2917 2425 2971 lcm.
2480 2916 2607 2971 Nam
2654 2918 2706 2973 in
2739 2935 2897 2990 grege
2924 2922 3095 2991 (nihil
3126 2922 3267 2975 enim
3297 2932 3439 2977 vetat
3464 2924 3747 2993 quominus
3778 2938 3878 2979 eo-

2302 3007 2419 3059 dent
2454 3023 2637 3063 rursus
2660 3018 2869 3064 utamur
2892 3012 3176 3081 exemplo)
3200 3012 3469 3067 morbidas
3494 3014 3706 3083 quidem
3734 3013 3878 3067 intus

2306 3095 2665 3156 includimus.
2720 3106 2773 3151 et
2821 3097 3120 3151 detinemus
3146 3098 3198 3151 in
3247 3097 3515 3162 tenebris,
3554 3109 3607 3153 et
3633 3097 3711 3152 eis
3739 3097 3885 3153 aliud

2307 3185 2494 3239 damus
2533 3186 2947 3250 nutrimentum,
3004 3204 3106 3241 non
3149 3189 3519 3258 permittentes
3577 3200 3633 3244 ut
3686 3206 3880 3259 purum

2310 3278 2556 3331 hauriant
2582 3294 2782 3342 aerem,
2826 3295 2995 3348 neque
3030 3290 3087 3333 ut
3113 3280 3273 3333 herba
3324 3289 3613 3336 vescantur
3637 3282 3841 3336 sincera
3866 3322 3887 3348 ,

2311 3383 2486 3435 neque
2514 3378 2569 3421 ut
2598 3384 2626 3421 a
2657 3367 2801 3423 fonte
2827 3370 2914 3438 qui
2946 3380 3027 3424 est
3056 3369 3183 3424 foris
3226 3372 3429 3426 bibant.
3464 3372 3603 3441 Ergo
3633 3370 3721 3426 hic
3748 3388 3886 3441 quo-

2308 3473 2413 3526 que
2440 3457 2552 3513 haec
2582 3473 2678 3512 vox
2712 3468 2793 3513 cst
2824 3461 2990 3513 instar
3026 3460 3303 3527 cujusdam
3336 3462 3553 3517 vinculi.
3575 3461 3690 3515 Non
3733 3471 3889 3530 potes

2310 3546 2490 3602 dicere
2515 3567 2529 3603 :
2556 3547 2889 3612 Nesciebam,
2916 3549 3221 3618 ignorabam
3262 3550 3400 3606 hanc
3441 3567 3553 3604 rem
3593 3552 3745 3621 sequi
3790 3567 3888 3621 pe-

2310 3638 2539 3696 rieulum
2566 3658 2578 3692 :
2600 3639 2828 3692 maxime
2846 3639 2943 3694 hoc
2960 3649 3286 3708 protestatus
3300 3652 3377 3695 est
3396 3642 3461 3694 Pa
3472 3642 3609 3696 ulns.
3631 3642 3885 3699 Atdices:

2315 3729 2427 3781 Non
2458 3730 2601 3797 legi?
2644 3730 2754 3783 Hoc
2801 3746 2905 3784 non
2942 3741 3024 3785 est
3072 3733 3381 3798 excusatio,
3430 3732 3523 3788 sed
3569 3735 3838 3789 accusatio
3868 3753 3886 3788 :

2313 3819 2549 3888 quotidie
2572 3820 2865 3889 ingrederis
2892 3821 3174 3876 ecclesiam
3197 3864 3211 3886 ,
3243 3834 3294 3877 et
3318 3824 3419 3878 hoc
3441 3824 3615 3880 adhuc
3641 3825 3889 3894 ignoras?

2384 3910 2439 3964 5.
2471 3909 2763 3965 Sacerdotis
2793 3913 2860 3963 ad
2902 3915 3139 3981 mysteria
3179 3915 3401 3970 vocantis
3441 3916 3651 3969 clamor.
3679 3916 3891 3973 --C:e-

2316 4010 2486 4054 terum
2518 4012 2575 4054 ut
2618 4016 2685 4054 ne
2721 4000 2823 4054 hoc
2852 4002 3068 4071 quidem
3096 4004 3272 4072 possis
3314 4006 3392 4059 uti
3417 4016 3699 4073 praitextu,
3729 4022 3793 4063 ea
3822 4008 3893 4063 de

2314 4105 2470 4143 causa
2495 4106 2681 4159 magna
2705 4105 2854 4156 voce,
2877 4093 3101 4147 terribili
3124 4095 3377 4161 clamore,
3399 4107 3666 4166 tamquam
3690 4114 3889 4167 prmco,

2317 4195 2531 4233 manum
2562 4182 2753 4235 tollens
2785 4183 2834 4234 in
2866 4182 3051 4247 altum,
3085 4195 3231 4237 stans
3258 4186 3503 4239 excelsus
3548 4199 3601 4240 et
3643 4190 3893 4243 omnibus

2317 4269 2647 4336 manifestus,
2700 4282 2754 4325 et
2799 4273 2848 4325 in
2874 4273 3149 4327 tremendo
3192 4275 3283 4329 illo
3311 4277 3523 4330 silentio
3546 4278 3895 4334 vehementer

2317 4360 2636 4427 vociferans,
2689 4362 2818 4415 alios
2849 4363 3061 4433 quidem
3091 4376 3280 4433 vocat,
3321 4367 3456 4421 alios
3486 4384 3610 4421 vero
3636 4378 3781 4424 arcet
3808 4385 3894 4424 sa-

2318 4452 2510 4507 cerdos
2540 4471 2552 4505 :
2585 4470 2689 4507 non
2723 4454 2823 4509 hoc
2850 4470 3005 4509 manu
3034 4456 3251 4521 faciens,
3283 4458 3376 4511 sed
3421 4458 3595 4529 lingua
3624 4462 3820 4515 clarius
3841 4475 3900 4517 et

2318 4545 2553 4612 apertius
2583 4560 2738 4615 quam
2777 4562 2954 4599 manu.
2984 4547 3116 4601 Nam
3141 4564 3239 4601 vox
3265 4548 3350 4600 illa
3382 4548 3435 4602 in
3483 4558 3691 4604 nostras
3732 4566 3900 4607 aures

2319 4633 2579 4699 incidens,
2630 4646 2895 4707 tamquam
2930 4652 3117 4693 manus
3169 4640 3305 4693 alios
3345 4640 3558 4708 quidem
3598 4641 3814 4711 expellit
3842 4654 3903 4697 et

2320 4726 2484 4795 ejicit,
2514 4726 2648 4781 alios
2675 4740 2848 4782 autem
2871 4730 3159 4785 introducit
3182 4731 3411 4785 etsistit.
3448 4730 3538 4786 Die
3566 4734 3714 4797 mihi,
3739 4750 3898 4805 rogo,

2322 4820 2374 4871 in
2403 4819 2693 4889 Olympicis
2734 4822 3114 4878 certaminibus
3145 4838 3319 4877 nonne
3356 4834 3460 4878 stat
3500 4841 3673 4894 prmco
3704 4843 3900 4897 magna

2321 4921 2374 4965 et
2422 4915 2525 4965 alta
2563 4927 2696 4967 voce
2745 4915 2999 4979 clamans,
3042 4925 3092 4969 et
3149 4916 3375 4970 dicens:
3409 4917 3672 4987 Numquid
3703 4920 3902 4989 aliquis

2323 5002 2463 5057 hunc
2493 5011 2727 5070 accusat,
2759 5005 2899 5058 sitne
2929 5020 3137 5069 servus,
3167 5015 3257 5059 aut
3298 5006 3402 5070 fur,
3432 5017 3525 5061 aut
3554 5009 3707 5063 malis
3731 5012 3889 5064 mori-

2322 5094 2457 5147 bus?
2484 5110 2798 5161 quamquam
2824 5094 2909 5148 illa
2944 5097 3229 5150 certamina
3278 5112 3385 5151 non
3412 5106 3535 5152 sunt
3580 5099 3763 5162 animi,
3796 5117 3899 5157 nec

2324 5202 2548 5249 morum,
2575 5201 2672 5240 nec
2704 5187 2915 5251 mentis,
2948 5186 3041 5241 sed
3063 5186 3264 5241 roboris
3286 5195 3339 5241 et
3368 5191 3628 5257 corporis.
3657 5190 3713 5245 Si
3741 5206 3898 5261 ergo,

2325 5280 2411 5331 ubi
2439 5290 2519 5333 est
2547 5279 2857 5333 exercitatio
2902 5293 3221 5349 corporum,
3256 5280 3478 5334 instituti
3510 5292 3565 5334 et
3609 5282 3904 5336 voluntatis

2326 5385 2514 5439 magna
2546 5371 2616 5423 sit
2657 5370 2943 5437 inquisitio,
2977 5378 3173 5439 quanto
3214 5371 3379 5439 magis
3410 5369 3515 5433 hic,
3546 5370 3631 5423 ubi
3665 5380 3770 5427 tota
3811 5386 3903 5426 est

2325 5464 2488 5517 animi
2518 5462 2827 5516 decertatio.
2849 5462 2966 5515 Stat
2984 5476 3111 5531 ergo
3139 5477 3278 5516 nunc
3304 5476 3517 5532 quoque
3533 5466 3621 5530 qui
3651 5470 3733 5515 est
3752 5463 3900 5529 apud

2327 5572 2421 5607 nos
2455 5569 2648 5623 priceo,
2680 5570 2783 5607 non
2824 5566 3249 5623 unumquemque
3289 5554 3464 5623 capite
3508 5561 3692 5609 tenens
3718 5561 3770 5609 et
3795 5554 3901 5609 ad-

2317 5665 2553 5725 ducens.
2588 5660 2681 5717 sed
2711 5674 2899 5713 omnes
2949 5655 3106 5711 simul
3152 5655 3363 5710 interno
3410 5654 3583 5726 capite
3611 5652 3863 5708 detinens
3893 5670 3916 5710 ε

2320 5773 2424 5811 non
2447 5756 2581 5809 alios
2611 5755 2739 5821 ipsis
2766 5751 2905 5805 sistit
2934 5756 3293 5811 accusatores,
3329 5748 3420 5803 sed
3452 5748 3597 5816 ipsos
3619 5745 3855 5817 sibiipsis
3895 5769 3911 5802 ς
