4122 6338
610 357 711 410 153

599 471 789 526 τούτου
825 468 984 541 χάριν
1026 467 1234 539 μεγάλῃ
1269 470 1334 537 τῇ
1369 470 1544 538 φωνῇ,
1579 469 1787 538 φρικτῇ
1821 468 1885 537 τῇ
1923 465 2042 536 βοῇ,
2087 481 2187 516 κα-

601 555 781 625 θάπερ
807 570 890 617 τις
914 553 1089 625 κῆρυξ
1119 551 1216 623 τὴν
1239 553 1394 622 χεῖρα
1421 550 1590 619 αἴρων
1617 553 1697 612 εἰς
1719 552 1780 604 τὸ
1807 549 1961 619 ῦψος,
1988 547 2190 617 ὑψηλὸς

601 634 795 701 ἑστὼς,
824 638 959 690 πᾶσι
995 635 1296 706 κατάδηλος
1324 633 1588 703 γεγονώς,
1614 636 1709 687 καὶ
1733 635 1878 703 μέγα
1901 633 1988 686 ἐπ’
2007 631 2190 700 ἐκείνῃ

604 719 756 794 [ΠΙ]
781 724 844 794 τῇ
869 724 1072 792 φρικτῇ
1097 721 1301 790 ἡσυχία
1328 719 1789 790 ἀνακραυγάζων,
1815 719 1941 781 τοὺς
1968 717 2067 786 μὲν
2093 732 2193 768 κα-

602 805 704 868 λεῖ,
718 807 844 868 τοὺς
861 806 916 858 δέ
934 804 1186 874 ἀπείργει
1207 805 1235 856 6
1260 804 1464 872 ἱερεὺς,
1482 804 1543 856 οὐ
1568 807 1633 874 τῇ
1659 803 1804 875 χειρὶ
1819 802 1977 856 τοῦτο
1997 801 2191 864 ποιῶν,

603 887 739 940 ἀλλά
764 889 827 958 τῇ
855 885 1072 959 γλώττῃ
1092 887 1190 957 τῆς
1216 886 1400 956 χειρὸς
1426 886 1771 957 τρανότερον.
1808 885 1876 938 Ἡ
1903 885 2013 954 γὰρ
2038 885 2190 954 φωνὴ

605 971 788 1041 ἐκείνη
827 974 907 1034 είς
930 971 1038 1040 τὴν
1068 969 1239 1041 ἀκοὴν
1261 971 1612 1040 ἐμπίπτουσα
1638 972 1738 1040 τὴν
1768 969 2070 1042 ἡμετέραν,
2096 986 2194 1023 κα-

605 1055 782 1124 θάπερ
821 1055 941 1127 χεὶρ
986 1055 1114 1118 τοὺς
1168 1054 1269 1125 μὲν
1316 1054 1449 1107 ώθεῖ
1501 1055 1592 1107 καὶ
1633 1054 1902 1118 ἐκϐάλλει,
1956 1053 2084 1116 τοὺς
2135 1053 2193 1106 δὲ

606 1137 815 1206 εἰσάγει
845 1139 938 1192 καὶ
972 1137 1331 1207 παρίστησιν.
1379 1137 1514 1190 Εἰπέ
1537 1137 1601 1208 δὴ
1640 1155 1754 1207 μοι,
1778 1137 2110 1207 παρακαλῶ,
2134 1138 2194 1189 ἐν

605 1223 715 1284 τοῖς
750 1221 1136 1292 Ὀλυμπιακοῖς
1171 1219 1378 1288 ἀγῶσιν
1399 1221 1522 1290 οὐχὶ
1547 1220 1779 1289 ἔστηκεν
1802 1223 1829 1273 6
1849 1218 2026 1292 κὴρυξ
2055 1219 2194 1290 βοῶν

610 1306 752 1375 μέγα
780 1307 874 1358 καὶ
901 1305 1126 1377 ὑψηλὸν,
1157 1305 1222 1357 Εἰ
1243 1321 1328 1368 τις
1358 1316 1382 1345 ⁸
1408 1305 1602 1358 τούτου
1639 1308 1958 1377 κατηγορεῖ,
1995 1304 2192 1373 λέγων,

613 1391 687 1461 μὴ
730 1391 914 1453 δοῦλός
964 1392 1100 1454 ἐστι,
1135 1389 1207 1460 μὴ
1238 1388 1500 1459 κλέπτης,
1531 1389 1603 1460 μὴ
1633 1390 1850 1460 τρόπων
1893 1389 2147 1461 πονηρῶν
2176 1407 2190 1456 ;

611 1473 787 1526 καίτοι
818 1472 885 1527 τά
903 1472 1262 1542 ἀγωνίσματα
1289 1473 1473 1525 ἐκεῖνα
1503 1471 1628 1525 οὔτε
1661 1472 1840 1543 ψυχῆς
1870 1473 2040 1537 ἐστιν,
2071 1470 2194 1525 οὔτε

609 1558 811 1626 τρόπου
845 1556 1072 1624 ἀγαθοῦ,
1102 1555 1238 1610 ἀλλὰ
1265 1553 1459 1626 ῥώμης
1486 1556 1582 1610 καὶ
1615 1555 1886 1625 σώματος.
1920 1554 1982 1607 Et
2016 1555 2195 1608 τοίνυν

609 1638 736 1692 ἔνθα
781 1639 1050 1709 σωμάτων
1092 1639 1240 1692 ἐστὶν
1300 1638 1556 1708 ἄσκησις,
1602 1638 1771 1709 πολλὴ
1822 1639 2196 1709 προαιρέσεως

609 1723 857 1790 ἐξέτασις
888 1723 1125 1792 γίνεται,
1165 1722 1318 1793 πόσῳ
1348 1723 1548 1793 μᾶλλον
1571 1722 1828 1788 ἐνταῦθα,
1855 1722 1980 1776 ἔνθα
2002 1722 2064 1775 τὸ
2085 1723 2194 1775 πᾶν

607 1807 753 1878 ψυχὴ
787 1807 980 1872 ἀθλεῖ;
1015 1808 1254 1878 ’Ἐστηκε
1301 1807 1478 1860 τοίνυν
1525 1809 1619 1860 καὶ
1664 1807 1757 1860 νῦν
1804 1810 1831 1860 6
1883 1810 2012 1878 παρ’
2062 1809 2194 1877 ἡμῖν

612 1890 809 1961 κῆρυξ,
849 1891 909 1943 ού
941 1891 1042 1961 τῆς
1073 1889 1312 1959 κεφαλῆς
1335 1889 1566 1943 ἕκαστον
1605 1893 1850 1959 κατέχων
1885 1893 1976 1943 καὶ
2013 1890 2195 1960 παρά-

609 1990 745 2041 γων,
779 1973 916 2028 ἀλλά
949 1973 1156 2036 πάντας
1184 1972 1320 2042 ὁμοῦ
1361 1972 1460 2042 τῆς
1497 1973 1739 2042 κεφαλῆς
1767 1976 1866 2044 τῆς
1889 1974 2037 2028 ἔνδον
2065 1991 2197 2027 κατ-

611 2056 748 2126 έχων
765 2073 778 2086 ·
813 2058 915 2109 οὐκ
938 2055 1223 2126 ἐφίστησιν
1250 2055 1444 2119 ἄλλους
1467 2057 1654 2120 αὐτοῖς
1679 2057 2042 2128 κατηγόρους,
2079 2057 2195 2110 ἀλλ’

611 2141 806 2204 αὐτοὺς
834 2141 1048 2202 ἑαυτοῖς
1073 2156 1085 2168 ο
1115 2141 1174 2192 οὐ
1207 2141 1316 2209 γάρ
1358 2138 1528 2208 λέγει,
1566 2141 1656 2211 Μή
1707 2158 1793 2203 τις
1833 2141 2024 2195 τούτου
2064 2159 2196 2195 κατ-

609 2227 804 2295 ηγορεῖ
826 2241 840 2288 ;
865 2224 1003 2277 ἀλλά
1021 2223 1106 2290 τί;
1142 2224 1209 2277 El
1232 2242 1316 2288 τις
1343 2225 1536 2279 ἐαυτοῦ
1557 2230 1874 2296 κατηγορεῖ.
1895 2227 2064 2280 Ὅταν
2089 2229 2197 2299 γὰρ

613 2310 763 2380 εἴπῃ,
804 2308 886 2360 Τὰ
918 2308 1051 2377 ἅγια
1079 2310 1194 2371 τοῖς
1225 2309 1426 2376 ἁγίοις,
1467 2309 1627 2363 τοῦτο
1669 2309 1846 2378 λέγει·
1891 2311 1960 2363 Εἴ
1981 2328 2066 2374 τις
2096 2310 2198 2363 οὐκ

615 2390 763 2444 ἐστιν
787 2390 962 2459 ἅγιος,
1000 2390 1075 2460 μὴ
1109 2392 1370 2462 προσίτω.
1409 2393 1523 2463 Ούχ
1547 2393 1735 2456 ἁπλῶς
1767 2411 1953 2463 φησιν,
1987 2393 2196 2464 ’Δμαρ-

611 2476 874 2547 τημάτων
907 2475 1166 2548 καθαρὸς,
1195 2475 1331 2540 ἀλλ’,
1354 2477 1542 2545 ’Ἄγιος
1566 2493 1579 2505 ⁸
1610 2477 1703 2530 τὸν
1749 2478 1858 2548 γὰρ
1901 2477 2055 2545 ἅγιον
2099 2479 2197 2548 οὐχ

614 2559 647 2627 ἡ
691 2554 800 2609 τῶν
845 2556 1260 2626 ἁμαρτημάτων
1311 2557 1603 2630 ἀπαλλαγὴ
1658 2561 1802 2612 ποιεῖ
1837 2558 2016 2629 μόνον,
2053 2559 2198 2612 ἀλλά

616 2639 709 2692 καὶ
807 2639 901 2691 τοῦ
935 2639 1250 2710 Πνεύματος
1279 2641 1569 2712 παρουσία,
1609 2643 1706 2696 καὶ
1757 2645 1786 2696 6
1818 2643 1929 2697 τῶν
1975 2642 2197 2710 ἀγαθῶν

615 2730 794 2800 ἔργων
841 2725 1092 2791 πλοῦτος.
1132 2729 1206 2783 Ού
1236 2728 1497 2799 βούλομαι
1528 2731 1711 2800 μόνον,
1750 2731 1904 2802 φησὶ,
1934 2730 2198 2802 βορϐόρου

615 2813 953 2883 ἀπηλλάχθαι
1007 2811 1175 2884 ὑμᾶς,
1234 2813 1371 2867 ἀλλὰ
1451 2817 1545 2868 καὶ
1604 2814 1833 2880 λευκοὺς
1895 2811 2034 2869 εἷναι
2099 2817 2199 2870 ’καὶ¹

614 2897 871 2967 ὡραίους.
904 2897 966 2948 Ei
996 2896 1103 2967 γάρ
1138 2897 1165 2949 6
1219 2895 1560 2962 Βαϐυλώνιος
1596 2897 1852 2967 βασιλεὺς
1878 2939 1892 2962 ,
1945 2898 2055 2952 ἀπὸ
2100 2900 2200 2969 τῆς

616 2981 993 3051 αἰχμαλωσίας
1025 2981 1386 3052 ἐκλεγόμενος
1427 2983 1555 3045 τοὺς
1607 2983 1948 3046 νεανίσκους,
1996 2982 2199 3046 καλοὺς

616 3064 694 3135 τῷ
724 3064 854 3118 είδει
886 3065 979 3116 καὶ
1004 3061 1244 3134 ὡραίους
1279 3067 1344 3135 τῇ
1371 3063 1491 3134 ὄψει
1513 3064 1796 3131 ἐξελέξατο
1817 3085 1828 3097 ·
1863 3065 2044 3136 πολλῷ
2069 3066 2200 3136 μᾶλ-

615 3149 706 3201 λον
737 3149 883 3220 ἡμᾶς
942 3147 1388 3218 παρισταμένους
1421 3151 1486 3220 τῇ
1527 3149 1778 3222 τραπέζῃ
1821 3153 1884 3221 τῇ
1918 3149 2196 3220 βασιλικῇ,

618 3229 817 3294 καλοὺς
847 3231 924 3302 τῷ
951 3231 1081 3285 εῖδει
1110 3227 1250 3285 εῖναι
1285 3231 1366 3284 δεῖ
1392 3233 1470 3303 τῷ
1514 3234 1613 3303 τῆς
1639 3233 1839 3304 ψυχῆς,
1875 3234 1965 3286 τὸν
1991 3233 2197 3303 κόσμον

617 3318 840 3386 ἔχοντας
892 3313 1148 3386 χρυσοῦν,
1191 3315 1290 3384 τὴν
1315 3315 1507 3385 στολὴν
1553 3316 1824 3386 καθαρὰν,
1879 3316 1947 3369 τὰ
1997 3317 2199 3389 ὑποδή-

620 3416 764 3470 ματα
797 3398 1070 3469 βασιλικὰ,
1105 3397 1164 3451 τὸ
1198 3398 1491 3468 πρόσωπον
1531 3401 1634 3469 τῆς
1672 3401 1854 3471 ψυχῆς
1888 3399 2191 3471 εῦμορφον,

615 3483 706 3535 τὸν
731 3482 936 3552 κόσμον
963 3483 1101 3552 αὑτῇ
1131 3482 1480 3552 περικεῖσθαι
1497 3482 1588 3536 τόν
1606 3485 1862 3554 χρυσοῦν,
1888 3484 1986 3555 τὴν
2017 3485 2195 3555 ζώνην

616 3565 1033 3637 τῆς-ἀληθείας.
1079 3566 1136 3618 '0
1173 3565 1414 3628 τοιοῦτος
1475 3568 1732 3637 προσίτω,
1781 3568 1875 3621 καὶ
1920 3569 2196 3637 ποτηρίων

619 3649 873 3702 ἁπτέσθω
908 3647 1227 3717 βασιλικῶν.
1279 3647 1341 3700 El
1383 3649 1439 3702 δέ
1488 3666 1570 3712 τις
1605 3651 1770 3721 ῥάκια
1795 3652 2195 3721 ἠμφιεσμένος,

619 3733 828 3803 ῥυπῶν,
875 3731 1102 3802 αὐχμῶν
1157 3731 1458 3786 ἐπεισιέναι
1507 3736 1572 3804 τῇ
1637 3733 1889 3806 βασιλικῇ
1955 3734 2198 3805 βούλοιτο

615 3816 885 3887 τραπέζῃ,
916 3817 1020 3886 ὅρα
1047 3816 1154 3868 ὅσα
1178 3815 1448 3881 πείσεται,
1500 3818 1600 3870 οὐκ
1632 3818 1919 3888 ἀρκουσῶν
1946 3819 2054 3872 τῶν
2076 3837 2200 3874 τεεσ⁸

619 3900 929 3970 ωράκοντα
957 3899 1178 3970 ἡμερῶν
1217 3900 1285 3952 τὰ
1309 3903 1366 3954 ἐν
1393 3903 1556 3955 παντὶ
1605 3903 1683 3972 τῷ
1728 3903 1904 3974 χρόνῳ
1939 3905 2199 3976 πεπλημ-

618 3984 898 4054 μελημένοι
937 3983 1359 4039 ἀπολούσασθαι.
1391 3986 1453 4039 Εἰ
1480 3987 1587 4058 γάρ
1614 3989 1856 4059 ἡγέεννα
1889 3990 1988 4043 οὐκ
2012 3991 2194 4061 ἀρκεῖ,

677 4149 693 4172 ¹
718 4150 854 4202 (Σοιὶ).
885 4153 948 4214 μή
969 4169 1054 4208 τις.
1084 4152 1183 4202 Nec
1217 4154 1363 4203 aliter
1383 4155 1561 4217 Iiegg.,
1584 4156 1838 4206 Comm.et
1862 4171 2014 4220 marg.
2040 4157 2193 4208 Savil.

1389 347 1680 405 JOANNIS
1714 341 2195 403 CIIRYSOSTOMI

2300 338 2566 395 RCHH‘IP.
2608 333 3165 392 (ῑοκετλΝτικοῐν.

3783 335 3880 392 ττι

2294 459 2474 513 καίτοι
2508 473 2571 526 γε
2600 457 2821 519 αἰώνιος
2855 450 2991 508 οὖσα
3045 452 3160 524 (διὰ
3196 450 3356 504 τοῦτο
3387 451 3496 520 γὰρ
3527 451 3623 504 καὶ
3666 451 3884 516 αἰώνιός

2293 545 2460 612 ἐστι),
2498 540 2682 610 πολλῶ
2717 539 2919 610 μᾶλλον
2939 541 2968 592 6
2998 538 3205 610 βραχὺς
3248 530 3400 598 οὗτος
3431 536 3643 605 χρόνος.
3671 537 3747 590 Ού
3779 539 3888 607 γὰρ

2296 627 2586 696 μετάνοιαν
2616 622 2846 693 ίσχυράν
2875 621 3299 693 ἐπεδειξάμεθα,
3328 621 3444 674 ἀλλ’
3489 620 3713 692 ἀσθενῆ.
3747 622 3889 684 Τοὺς

2293 696 2586 781 εὐνούχους
2615 708 2852 780 μάλιστα
2900 707 2982 760 δεῖ
3015 705 3356 775 παρεστάναι
3388 703 3466 776 τῷ
3514 705 3765 776 βασιλεῖ’
3800 707 3890 760 εύ-

2295 792 2521 863 νούχους
2563 791 2729 860 λέγω,
2783 790 2908 854 τοὺς
2963 791 3066 861 τὴν
3097 790 3335 844 διάνοιαν
3389 789 3640 855 λευκοὺς,
3675 789 3890 861 μηδένα

2295 877 2521 948 ἐχοντας
2555 876 2728 947 ῥύπον
2763 875 2903 946 μηδέ
2939 875 3151 938 σπῖλον,
3192 876 3434 945 ὑψηλοὺς
3471 877 3535 946 τῇ
3566 874 3796 944 διανοίᾳ,
3830 873 3893 926 τὸ

2295 959 2446 1033 [172]
2477 961 2631 1031 δμμα
2647 960 2857 1032 ἥμερον
2877 962 2975 1031 τῆς
3005 959 3186 1029 ψυχῆς
3216 959 3440 1029 ἔχοντας
3466 954 3891 1028 καὶόξυδερκὲς,

2295 1046 2732 1117 εύπερίστροφον
2769 1045 2865 1098 καὶ
2904 1043 3129 1114 γοργὸν,
3160 1042 3298 1096 ἀλλά
3355 1044 3431 1113 μὴ
3462 1042 3700 1112 ύπνηλὸν
3751 1040 3894 1110 μηδέ

2297 1129 2508 1196 ὕπτιον,
2539 1128 2854 1200 ἐλευθερίας
2875 1128 3048 1197 γέμον
3079 1125 3313 1196 πολλῆς,
3348 1125 3544 1198 πόρρω
3596 1128 3895 1195 ἀναισχυν-

2293 1212 2416 1276 τίας
2443 1229 2506 1280 γε
2529 1213 2635 1284 μὴν
2666 1214 2759 1265 καὶ
2792 1211 3138 1280 ἰταμότητος,
3182 1209 3511 1279 ἐγρηγορὸς,
3539 1209 3715 1277 ύγιές,
3750 1210 3892 1279 μήτε

2299 1296 2528 1364 στυγνὸν
2561 1295 2769 1364 σφόδρα
2808 1295 2900 1348 καὶ
2920 1293 3183 1364 κατηφὲς,
3216 1292 3778 1362 μήτε’διακεχυμένον
3797 1293 3894 1344 καὶ

2297 1381 2483 1452 ὑγρόν.
2518 1380 2718 1432 Τοῦτον
2755 1381 2917 1449 ἡμεῖς
2937 1377 3119 1448 κύριοι
3138 1376 3544 1446 δημιουργῆσαι
3573 1376 3666 1430 τὸν
3687 1374 3894 1444 ὀφθαλ-

2299 1465 2419 1535 μὸν,
2447 1465 2540 1518 καὶ
2568 1463 2832 1535 ὀξυδερκῆ
2857 1463 3083 1533 ποιῆσαι
3105 1461 3201 1514 καὶ
3233 1461 3420 1514 καλόν.
3453 1461 3624 1514 Ὅταν
3655 1460 3765 1532 γάρ
3799 1461 3894 1513 αὐ-

2295 1550 2386 1603 τὸν
2413 1548 2488 1618 μὴ
2507 1547 2642 1619 πρὸς
2668 1548 2760 1600 τὸν
2787 1547 2994 1600 καπνὸν
3019 1546 3267 1616 ἄγωμεν,
3292 1545 3429 1616 μηδέ
3451 1547 3589 1617 πρὸς
3609 1547 3708 1618 τὴν
3729 1549 3883 1600 κόνιν

2300 1631 2550 1706 (τοιαῦτα
2584 1633 2694 1702 γὰρ
2717 1630 2898 1685 πάντα
2922 1632 2990 1682 τὰ
3025 1629 3344 1702 ἀνθρώπινα
3371 1630 3722 1702 πράγματα),
3755 1631 3894 1683 ἀλλὰ

2298 1716 2435 1787 πρὸς
2467 1716 2566 1786 τὴν
2587 1713 2763 1786 αὔραν
2792 1713 2891 1784 τὴν
2915 1713 3141 1783 λεπτὴν,
3182 1715 3320 1785 πρὸς
3353 1714 3444 1767 τὸν
3483 1715 3685 1783 κοῦφον
3723 1714 3890 1783 ἀέρα,

2297 1800 2435 1872 πρὸς
2462 1801 2530 1853 τά
2564 1798 2836 1869 μετέωρα,
2876 1797 2969 1850 καὶ
3007 1796 3209 1868 ὑψηλὰ,
3239 1799 3336 1851 καὶ
3372 1800 3607 1869 ἡσυχίας
3637 1798 3882 1868 γέμοντι

2298 1884 2502 1953 πολλῆς
2532 1885 2624 1936 καὶ
2663 1881 3034 1953 καθαρότητος
3091 1884 3184 1935 καὶ
3234 1883 3437 1954 πολλῆς
3485 1885 3586 1954 τῆς
3614 1884 3882 1953 τέρψεως.

2298 1967 2723 2040 ἀνακτησόμεθα
2770 1965 2981 2036 ταχέως
3037 1966 3222 2031 αὑτὸν,
3255 1967 3351 2021 καὶ
3400 1970 3650 2039 ρώσομεν
3701 1969 3895 2041 ἐντρυ-

2299 2054 2485 2122 φῶντα
2517 2054 2582 2123 τῇ
2616 2050 2840 2122 τοιαύτῃ
2877 2050 2995 2122 θέᾳ.
3031 2049 3187 2114 Εἶδες
3231 2052 3570 2118 πλεονεξίαν,
3603 2054 3696 2107 καὶ
3727 2053 3894 2107 πλοῦ-

2296 2155 2388 2192 τον
2416 2136 2584 2191 πολὺν
2624 2133 2819 2205 έχοντά
2835 2152 2958 2189 τινα
2979 2153 2992 2201 ;
3017 2135 3093 2206 μὴ
3124 2138 3412 2208 ἐπαγάγῃς
3437 2139 3556 2191 ἐκεῖ
3577 2137 3671 2190 τὸν
3687 2135 3896 2207 ὀφθαλ-

2302 2222 2402 2294 μόν
2442 2237 2537 2273 σου
2574 2234 2588 2248 ’
2623 2217 2887 2290 βόρϐορός
2917 2220 3035 2272 ἐστι
3066 2219 3126 2272 τὸ
3158 2223 3420 2291 πρᾶγμα,
3464 2221 3672 2284 καπνός
3720 2223 3893 2284 ἐστιν,

2299 2306 2470 2375 ἀτμὸς
2506 2304 2764 2376 πονηρὸς,
2816 2303 3005 2367 σκότος
3036 2305 3130 2358 καὶ
3180 2305 3516 2376 στενοχωρία
3570 2304 3761 2376 πολλὴ,
3799 2307 3895 2359 καὶ

2300 2390 2604 2462 φροντίδων
2629 2379 2888 2459 πνὶγμὸς.
2912 2383 3067 2452 Εἶδες
3099 2388 3451 2459 δικαιοσύνην
3488 2389 3763 2443 ἀσκοῦντα
3797 2387 3895 2441 άν-

2301 2474 2540 2545 θρωπον,
2571 2471 2914 2545 ἀρκούμενον
2954 2475 3067 2536 τοῖς
3105 2473 3295 2539 αὑτοῦ,
3331 2474 3427 2526 καὶ
3458 2472 3664 2543 πολλὴν
3699 2472 3896 2544 ἔχοντα

2299 2561 2399 2628 τὴν
2447 2558 2797 2630 εὐρυχωρίαν
2849 2558 2948 2628 τῆς
3002 2557 3262 2623 ἀνέσεως,
3309 2559 3464 2611 οὐδὲν
3515 2559 3891 2629 μεριμνῶντα,

2299 2643 2452 2696 οὐδὲν
2472 2642 2830 2714 φροντίζοντα
2875 2641 2986 2694 τῶν
3021 2641 3292 2706 ἐνταῦθα;
3326 2642 3523 2712 στῆσον
3555 2643 3720 2695 αὑτὸν
3747 2644 3888 2704 ἐκεῖ,

2302 2728 2397 2780 καὶ
2434 2725 2764 2797 μετεώρισον
2787 2742 2800 2754 ·
2836 2726 2932 2779 καὶ
2961 2724 3143 2795 πολλῷ
3173 2725 3430 2782 καλλίονα
3463 2726 3628 2779 αὑτὸν
3671 2727 3887 2799 ἐργάσῃ

2305 2813 2396 2864 καὶ
2424 2811 2829 2882 λαμπρότερον,
2877 2810 2935 2862 ού
2971 2813 3087 2872 τοῖς
3117 2809 3218 2880 τῆς
3247 2809 3354 2879 γῆς
3383 2808 3601 2865 ἄνθεσιν
3648 2809 3894 2881 εύωχῶν,

2303 2895 2440 2950 ἀλλά
2469 2899 2584 2959 τοῖς
2617 2897 2716 2966 τῆς
2767 2897 2988 2968 ἀρετῆς,
3033 2896 3382 2970 σωφροσύνῃ,
3443 2896 3756 2967 ἐπιεικείᾳ,
3801 2897 3896 2951 καὶ

2301 2984 2412 3044 τοῖς
2445 2981 2626 3043 ἄλλοις
2657 2979 2882 3034 ἅπασιν.
2907 2981 3073 3034 υύδέν
3088 2982 3197 3053 γάρ
3227 2980 3370 3035 οὕτω
3396 2981 3660 3052 ταράττει
3691 2980 3897 3051 6:90:11—

2303 3066 2425 3135 μὸν,
2457 3063 2531 3127 ώς
2558 3063 2798 3127 συνειδὸς
2838 3064 3074 3134 πονηρόν
3102 3081 3114 3095 ·
3153 3064 3513 3133 Ἐταράχθη,
3546 3065 3734 3134 φησὶν,
3768 3064 3888 3118 ἀπὸ

2301 3146 2492 3217 θυμοῦ
2530 3151 2562 3202 ό
2602 3148 2911 3215 ὀφθαλμός
2951 3165 3067 3216 μου
3089 3165 3103 3179 ο
3135 3149 3289 3202 οὐδὲν
3333 3147 3477 3202 οὕτω
3504 3151 3708 3202 σκοτοῖ.
3744 3148 3892 3203 Ταύ-

2300 3251 2397 3303 της
2420 3233 2582 3286 αὑτὸν
2617 3231 2928 3297 ἀπάλλαξον
2961 3232 3061 3303 τῆς
3088 3233 3376 3305 ἐπηρείας,
3403 3233 3497 3287 καὶ¹
3544 3233 3770 3305 φαιδρὸν
3799 3235 3894 3307 ἐρ-

2300 3317 2445 3388 γάσῃ
2479 3315 2575 3369 καὶ
2603 3315 2843 3388 ἰσχυρὸν,
2881 3317 2966 3368 ἀεὶ
2998 3317 3333 3387 τρεφόμενον
3384 3317 3599 3372 ἐλπίσιν
3638 3317 3892 3387 ἀγαθαῖς.

2301 3401 2515 3453 Γένοιτο
2541 3399 2598 3452 δὲ
2626 3400 2832 3463 πάντας
2856 3403 3028 3470 ἡμᾶς,
3063 3403 3156 3453 καὶ
3175 3400 3470 3455 τοῦτονκαὶ
3495 3403 3594 3466 τὰς
3613 3403 3782 3465 ἄλλας
3793 3403 3896 3475 τῆς

2299 3483 2477 3554 ψυχῆς
2511 3485 2792 3553 ἐνεργείας
2827 3485 3239 3539 κατασκευάσαι
3266 3485 3546 3549 τοιαύτας,
3569 3487 3687 3550 οἵας
3712 3489 3739 3540 ό
3759 3489 3898 3559 Χρι-

2302 3571 2427 3630 στος
2464 3567 2748 3638 βούλεται·
2776 3568 2861 3620 ἵνα
2905 3568 3006 3636 τῆς
3049 3568 3412 3640 ἐπικειμένης
3465 3571 3598 3640 ἡμῖν
3649 3571 3898 3640 κεφαλῆς

2301 3652 2442 3717 ἄξιοι
2495 3652 2802 3722 γενόμενοι,
2839 3651 3166 3723 ἀπέλθωμεν
3209 3652 3338 3705 ἔνθα
3391 3652 3559 3707 θέλει.
3595 3655 3734 3724 Φησὶ
3760 3655 3892 3723 γὰρ’

2305 3734 2469 3787 Θέλω
2497 3735 2596 3799 ἵν’,
2633 3735 2786 3789 ὅπου
2819 3734 2932 3803 ἐγώ
2964 3739 3105 3805 εἶμι,
3136 3735 3403 3790 κάκεῖνοι
3428 3732 3540 3791 ὦσι
3565 3738 3694 3809 μετζ
3719 3738 3894 3807 ἐμοῦ,

2303 3817 2402 3870 ἵνα
2426 3816 2540 3885 τὴν
2571 3817 2761 3882 δόξαν
2789 3819 2907 3886 τὴν
2927 3818 3083 3886 ἐμὴν
3112 3817 3368 3886 ὁρῶσινσ
3401 3815 3470 3891 ἦς
3523 3822 3734 3887 γένοιτο
3757 3823 3896 3874 ἀπο-

2302 3900 2502 3954 λαῦσαι
2549 3903 2758 3965 πάντας
2797 3904 2967 3972 ἡμᾶς,
3005 3905 3064 3955 ἐν
3109 3901 3334 3973 Χριστῷ
3382 3902 3560 3971 Ἰησοῦ
3591 3903 3670 3973 τῷ
3699 3906 3894 3978 Κυρίῳ

2303 3985 2481 4056 ἡμῶν,
2521 3985 2640 4056 μεθ’
2667 3980 2727 4040 οὗ
2755 3985 2831 4055 τῷ
2851 3987 3026 4057 Πατρὶ
3057 3984 3246 4056 καὶτῷ
3274 3985 3415 4056 ἀγίῳ
3438 3986 3720 4056 Πνεῦματι
3742 3989 3894 4055 δόξα,

2302 4069 2527 4139 κράτος,
2554 4069 2709 4138 τιμὴ,
2743 4070 2837 4121 νῦν
2864 4072 2954 4122 καὶ
2984 4073 3091 4133 ἀεὶ,
3135 4073 3226 4121 καὶ
3261 4071 3339 4132 είς
3387 4072 3515 4134 τοὺς
3546 4070 3750 4133 αἰῶνας
3785 4074 3896 4127 τῶν

2302 4151 2534 4207 αἰώνων.
2567 4152 2624 4205 Ἀ
2635 4155 2764 4222 μήν.

1971 4401 2120 4475 [177.]
2179 4405 2420 4459 OMIAIA
2461 4401 2565 4461 ιε’.

625 4492 939 4560 ᾌνώτερον
985 4494 1206 4563 λέγων,
1268 4493 1354 4546 ὅτι
1403 4494 1625 4548 θυσίαν
1680 4493 1776 4546 καὶ
1844 4496 2200 4564 προσφορὰν

685 4565 781 4618 καὶ
857 4564 1320 4631 ὁλοκαυτώματα
1372 4565 1469 4618 καί
1533 4564 1666 4632 περὶ
1731 4567 2017 4634 ἁμαρτίας
2083 4569 2197 4619 οὐκ

684 4635 1012 4705 ἠθέλησας,
1033 4634 1174 4687 οὐδὲ
1194 4635 1552 4701 εὐδόκησας,
1584 4637 1805 4699 αἵτινες
1833 4637 1982 4689 κατὰ
2011 4638 2200 4705 νόμον

682 4703 1143 4772 προσφέρονται·
1166 4709 1297 4758 τότε
1313 4706 1570 4774 εἵρηκενο
1590 4706 1736 4760 Ἰδοὺ
1764 4706 1888 4771 ἥκω
1903 4707 2007 4760 τοῦ
2026 4703 2200 4774 ποιῆο

684 4723 1143 4772 προσφερονται·
1166 4723 1297 4758 τοτε
1313 4723 1570 4828 ειρηκενο
1595 4723 1736 4760 ἰοου
1764 4723 2007 4786 ηκωτου
2026 4723 2200 4784 acup

684 4792 810 4838 σαι,
840 4779 871 4828 ό
898 4776 1061 4839 Θεὸς,
1099 4774 1165 4826 τὸ
1211 4774 1396 4843 θέλημ
1475 4793 1613 4830 σου.
1658 4777 1902 4845 Ἀναιρει
1939 4777 2003 4829 τὸ
2045 4795 2200 4845 πρω-

687 4863 810 4908 τον,
837 4846 936 4898 ἵνα
967 4848 1032 4897 τὸ
1083 4842 1365 4912 δεύτερον
1404 4848 1632 4916 στήσῃ.
1676 4848 1779 4900 Ἐν
1818 4842 1866 4914 ᾧ
1914 4842 2201 4916 θελήματι

688 4915 1039 4985 ἡγιασμένοι
1078 4915 1265 4984 ἐσμὲν
1290 4915 1386 4968 διὰ
1414 4917 1522 4985 τῆς
1557 4917 1917 4986 προσφορᾶς
1952 4915 2200 4971 τοῦσώ-

681 5003 868 5054 ματος
908 4986 1103 5057 Ἰησοῦ
1152 4987 1408 5057 Χριστοῦ
1456 4988 1717 5056 ἐφάπαξ.
1773 4989 1883 5042 Καὶ
1936 4987 2056 5054 πᾶς
2084 4990 2202 5057 μὲν

686 5059 878 5124 ἱερεὺς
904 5056 1120 5128 ἕστηκε
1160 5055 1290 5109 καθ’
1310 5055 1540 5125 ἡμέραν
1555 5057 1944 5128 λειτουργῶν,
1983 5055 2201 5126 καὶτὰς

684 5131 869 5191 αὑτὰς
897 5127 1194 5191 πολλάκις
1211 5129 1570 5196 προσφέρων
1584 5127 1824 5195 θυσίας,
1850 5130 2078 5196 αἵτινες
2098 5133 2200 5183 οὺ-

685 5196 896 5250 δέποτε
929 5197 1216 5251 δύνανται
1237 5199 1542 5268 περιελεῖν
1565 5201 1853 5268 ἁμαρτίας
1881 5216 1892 5228 ·
1925 5196 2105 5266 οὗτος
2134 5200 2202 5253 δὲ

679 5270 828 5337 μίαν
849 5268 993 5335 ὑπὲρ
1005 5266 1303 5335 ἁμαρτιῶν
1321 5266 1734 5336 προσενέγκας
1764 5272 2010 5334 θυσίαν,
2031 5275 2117 5336 εὶς
2133 5271 2200 5324 τὸ

685 5337 950 5403 διηνεκὲς
974 5337 1256 5390 ἐκάθισεν
1281 5339 1349 5391 ἐν
1368 5338 1535 5406 δεξιᾷ
1565 5340 1669 5393 τοῦ
1693 5341 1866 5404 Θεοῦ,
1888 5342 1950 5394 τὸ
1980 5342 2202 5394 λοιπὸν

683 5408 1094 5480 ἐκδεχόμενος,
1122 5409 1233 5480 ἕως
1257 5409 1506 5463 τεθῶσιν
1533 5415 1586 5464 οι
1615 5411 1816 5480 ἐχθροί
1841 5411 2026 5465 αὐτοῦ
2051 5415 2200 5466 ὐπο-

685 5479 899 5533 πόδιον
927 5477 1044 5533 τῶν
1078 5477 1280 5531 ποδῶν
1304 5481 1515 5534 αὑτοῦ.

691 5659 759 5705 α’.
797 5652 883 5704 Ἐν
921 5653 1017 5720 μὲν
1048 5657 1160 5716 τοῖς
1193 5652 1501 5724 ἔμπροσθεν
1523 5655 1721 5720 ἔδειξεν
1765 5657 2061 5724 ἀνωφελεῖς
2106 5659 2202 5722 τάς

624 5737 809 5798 (λυσίας
827 5736 988 5798 οὖσας
1008 5738 1138 5806 πρὸς
1162 5742 1257 5806 τὴν
1286 5739 1500 5790 τελείαν
1529 5739 2009 5810 καθαρότητα,κα“ι
2029 5741 2200 5795 τύπον

618 5820 802 5883 οὐσα-ξ,
838 5823 928 5874 καὶ
966 5821 1094 5873 πολὺ
1139 5823 1490 5894 λειπομένας.
1530 5824 1682 5876 Ἐπεὶ
1720 5822 1812 5878 οὖν
1865 5828 2195 5882 ἀντέπιπτεν

2307 4496 2456 4567 αύτῷ
2481 4496 2666 4561 τοῦτο,
2703 4498 2750 4550 εί
2783 4496 2942 4550 τύποι
2977 4498 3107 4563 είσὶ,
3133 4498 3251 4562 πῶς
3276 4499 3373 4567 τῆς
3397 4499 3660 4571 ἀληθείας
3706 4502 3898 4558 ἐλθού-

2304 4595 2424 4650 σης,
2460 4579 2563 4632 οὐκ
2616 4578 2926 4633 ἐπαύσαντο
2957 4581 3077 4634 οὐδὲ
3107 4581 3497 4654 ὑπεχώρησαν,
3555 4584 3674 4638 ἀλλ’
3708 4587 3894 4641 ἐπιτε-

2303 4662 2558 4730 λοῦνται;
2591 4663 2731 4716 Αύτὸ
2763 4663 2819 4716 δὲ
2860 4662 3019 4717 τοῦτο
3060 4665 3298 4720 ἐνταῦθα
3328 4666 3646 4737 ἐργάζεται,
3676 4668 3897 4734 δεικνὺς

2303 4749 2382 4800 ὅτι
2415 4747 2599 4800 οὐκέτι
2627 4747 2935 4800 τελοῦνται·
2972 4749 3094 4803 ούδέ
3141 4749 3216 4814 ώς
3265 4749 3456 4815 τύπος,
3485 4752 3547 4805 ού
3576 4752 3684 4824 γὰρ
3720 4755 3896 4819 αύτάς

2303 4835 2589 4904 προσίεται
2619 4834 2646 4886 6
2676 4834 2828 4897 Θεός.
2868 4836 2980 4888 Καὶ
3035 4835 3196 4890 τοῦτο
3234 4838 3335 4890 ούκ
3365 4838 3474 4892 ἀπὸ
3519 4840 3620 4909 τῆς
3677 4841 3890 4911 Καινῆς

2303 4919 2487 4983 πάλιν,
2519 4918 2634 4971 ἀλλ’
2686 4919 2794 4971 ἀπὸ
2844 4919 2954 4972 τῶν
3004 4921 3304 4994 προφητῶν
3351 4921 3643 4986 δείκνυσιν,
3683 4924 3898 4979 ἄνωθεν

2303 5003 2402 5073 τὴν
2429 5003 2792 5076 ἰσχυροτάτην
2819 5006 3089 5076 παράγων
3122 5008 3453 5080 μαρτυρίαν,
3488 5009 3571 5062 ὅτι
3611 5008 3774 5078 λὴγει
3806 5015 3902 5065 καὶ

2304 5087 2563 5155 παύεται,
2604 5089 2696 5141 καλ⁵
2725 5087 2850 5156 είκῆ
2883 5089 3064 5144 πάντα
3103 5092 3461 5162 πράττουσιν,
3493 5093 3583 5146 ἀεὶ
3609 5093 3689 5164 τῷ
3723 5095 3902 5150 Πνεύ-

2308 5173 2539 5244 ματιτῷ
2569 5173 2711 5244 ἁγίῳ
2751 5173 3192 5240 ἀντιπίπτοντες.
3236 5177 3346 5230 Καὶ
3397 5176 3674 5232 δείκνυσιν
3698 5179 3764 5232 ἐκ
3800 5197 3900 5232 πε-

2307 5257 2552 5329 ριουσίας
2577 5259 2636 5310 ού
2691 5257 2786 5311 νῦν
2829 5259 3000 5322 αὑτὰς
3035 5262 3414 5331 πεπαυμένας,
3461 5261 3598 5316 ἀλλὰ
3639 5264 3733 5316 καὶ
3766 5266 3899 5336 παρ’

2304 5342 2476 5412 αὐτὴν
2509 5341 2600 5395 τοῦ
2633 5342 2872 5412 Χριστοῦ
2928 5342 3029 5414 τὴν
3076 5346 3407 5416 παρουσίαν,
3443 5347 3644 5417 μᾶλλον
3680 5347 3757 5415 δέ,
3804 5351 3900 5403 καὶ

2305 5426 2412 5496 πρὸ
2442 5426 2540 5497 τῆς
2565 5427 2733 5480 αὑτοῦ
2787 5427 3116 5498 παρουσίας,
3148 5439 3166 5459 ⁸
3203 5431 3297 5482 καὶ
3334 5431 3452 5494 πῶς
3477 5432 3538 5484 ού
3582 5432 3898 5488 τελευταῖον

2305 5510 2496 5563 ἐλυσεν
2539 5510 2710 5574 αύτάς
2739 5513 2767 5564 6
2819 5511 3075 5580 Χριστὸς,
3127 5513 3262 5568 ἀλλά
3295 5515 3563 5586 πρότερον
3594 5516 3894 5588 ἐλύθησαν,

2306 5595 2398 5646 καὶ
2427 5595 2549 5648 τότε
2577 5591 2708 5665 ἦλθε
2735 5611 2746 5622 ·
2781 5598 3048 5669 πρότερον
3079 5599 3423 5670 ἐπαύθησαν,
3458 5603 3553 5655 καὶ
3579 5602 3701 5656 τότε
3731 5604 3896 5667 αὐτὸς

2309 5678 2670 5748 παρεγένετο.
2717 5681 2835 5734 Ἵνα
2863 5683 2970 5754 γάρ
3011 5682 3086 5754 μὴ
3119 5683 3342 5752 λέγωσι,
3374 5687 3469 5740 καὶ
3495 5689 3665 5761 χωρὶς
3690 5689 3894 5757 ταύτης

2368 5773 2384 5848 ζ
2420 5775 2470 5848 Il}
2503 5775 2640 5848 qub.
2663 5776 2867 5848 pomilja
2893 5777 3480 5848 deripmpclayajncipit
3501 5784 3560 5834 ab
3589 5782 3666 5835 his
3712 5783 3894 5844 verbis,

2307 5840 2384 5884 καὶ
2405 5841 2504 5894 πῶς
2527 5839 2580 5885 οὐ
2614 5840 2898 5901 τελευταῖον,
2928 5841 3125 5892 omissis
3156 5839 3420 5906 prioribus:
