  <div class='ocr_page' id='page_1' title='image "/cluster/home/n/w/nwhite01/storage/ocr_20150623/63/pst.000004899563/144.png"; bbox 0 0 4122 6338; ppageno 0'>
   <div class='ocr_carea' id='block_1_1' title="bbox 256 377 353 434">
    <p class='ocr_par' dir='ltr' id='par_1_1' title="bbox 256 377 353 434">
     <span class='ocr_line' id='line_1_1' title="bbox 256 377 353 434; baseline 0.062 -5"><span class='ocrx_word' id='word_1_1' title='bbox 256 377 353 434; x_wconf 74' lang='grc'><strong>155</strong></span> 
     </span>
    </p>
   </div>
   <div class='ocr_carea' id='block_1_2' title="bbox 251 480 1853 557">
    <p class='ocr_par' dir='ltr' id='par_1_2' title="bbox 251 480 1853 557">
     <span class='ocr_line' id='line_1_2' title="bbox 251 480 1853 557; baseline -0.004 -14"><span class='ocrx_word' id='word_1_2' title='bbox 251 507 352 544; x_wconf 85' lang='lat' dir='ltr'><strong>non</strong></span> <span class='ocrx_word' id='word_1_3' title='bbox 375 488 523 545; x_wconf 90' lang='lat' dir='ltr'><strong>enim</strong></span> <span class='ocrx_word' id='word_1_4' title='bbox 546 485 681 542; x_wconf 89' lang='lat' dir='ltr'><strong>dicit</strong></span> <span class='ocrx_word' id='word_1_5' title='bbox 712 485 885 541; x_wconf 77' lang='lat' dir='ltr'><strong>:Nnm</strong></span> <span class='ocrx_word' id='word_1_6' title='bbox 916 485 1036 557; x_wconf 83' lang='lat' dir='ltr'><strong>quis</strong></span> <span class='ocrx_word' id='word_1_7' title='bbox 1075 500 1198 539; x_wconf 90' lang='lat' dir='ltr'><strong>eum</strong></span> <span class='ocrx_word' id='word_1_8' title='bbox 1238 484 1500 540; x_wconf 78' lang='lat' dir='ltr'><strong>accusat?</strong></span> <span class='ocrx_word' id='word_1_9' title='bbox 1553 481 1648 537; x_wconf 91' lang='lat' dir='ltr'><strong>sed</strong></span> <span class='ocrx_word' id='word_1_10' title='bbox 1686 480 1853 553; x_wconf 69' lang='lat' dir='ltr'><strong>quid?</strong></span> 
     </span>
    </p>
   </div>
   <div class='ocr_carea' id='block_1_3' title="bbox 253 576 1849 651">
    <p class='ocr_par' dir='ltr' id='par_1_3' title="bbox 253 576 1849 651">
     <span class='ocr_line' id='line_1_3' title="bbox 253 576 1849 651; baseline -0.004 -14"><span class='ocrx_word' id='word_1_11' title='bbox 253 582 378 637; x_wconf 68' lang='lat' dir='ltr'><strong>Num</strong></span> <span class='ocrx_word' id='word_1_12' title='bbox 403 582 528 651; x_wconf 85' lang='lat' dir='ltr'><strong>quis</strong></span> <span class='ocrx_word' id='word_1_13' title='bbox 553 581 789 651; x_wconf 87' lang='lat' dir='ltr'><strong>seipsum</strong></span> <span class='ocrx_word' id='word_1_14' title='bbox 816 577 1225 635; x_wconf 85' lang='lat' dir='ltr'><strong>accusatham</strong></span> <span class='ocrx_word' id='word_1_15' title='bbox 1244 577 1460 649; x_wconf 85' lang='lat' dir='ltr'><strong>quando</strong></span> <span class='ocrx_word' id='word_1_16' title='bbox 1481 576 1633 643; x_wconf 91' lang='lat' dir='ltr'><strong>dicit,</strong></span> <span class='ocrx_word' id='word_1_17' title='bbox 1654 576 1849 631; x_wconf 84' lang='lat' dir='ltr'><strong>Sancta</strong></span> 
     </span>
    </p>
   </div>
   <div class='ocr_carea' id='block_1_4' title="bbox 254 670 1849 741">
    <p class='ocr_par' dir='ltr' id='par_1_4' title="bbox 254 670 1849 741">
     <span class='ocr_line' id='line_1_4' title="bbox 254 670 1849 741; baseline -0.003 -14"><span class='ocrx_word' id='word_1_18' title='bbox 254 673 466 738; x_wconf 68' lang='grc' dir='ltr'><strong>ιειηοιίς,</strong></span> <span class='ocrx_word' id='word_1_19' title='bbox 499 671 605 728; x_wconf 86' lang='lat' dir='ltr'><strong>hoc</strong></span> <span class='ocrx_word' id='word_1_20' title='bbox 628 672 760 727; x_wconf 88' lang='lat' dir='ltr'><strong>dicit</strong></span> <span class='ocrx_word' id='word_1_21' title='bbox 792 689 804 725; x_wconf 94' lang='lat'>:</span> <span class='ocrx_word' id='word_1_22' title='bbox 846 670 904 727; x_wconf 89' lang='lat' dir='ltr'><strong>Si</strong></span> <span class='ocrx_word' id='word_1_23' title='bbox 934 671 1052 741; x_wconf 85' lang='lat' dir='ltr'><strong>quis</strong></span> <span class='ocrx_word' id='word_1_24' title='bbox 1083 686 1188 725; x_wconf 92' lang='lat' dir='ltr'><strong>non</strong></span> <span class='ocrx_word' id='word_1_25' title='bbox 1219 679 1301 725; x_wconf 92' lang='lat' dir='ltr'><strong>est</strong></span> <span class='ocrx_word' id='word_1_26' title='bbox 1326 677 1568 737; x_wconf 90' lang='lat' dir='ltr'><strong>sanctus,</strong></span> <span class='ocrx_word' id='word_1_27' title='bbox 1601 684 1708 725; x_wconf 92' lang='lat' dir='ltr'><strong>non</strong></span> <span class='ocrx_word' id='word_1_28' title='bbox 1754 683 1849 724; x_wconf 78' lang='lat' dir='ltr'><strong>ac-</strong></span> 
     </span>
    </p>
   </div>
   <div class='ocr_carea' id='block_1_5' title="bbox 252 759 1844 833">
    <p class='ocr_par' dir='ltr' id='par_1_5' title="bbox 252 759 1844 833">
     <span class='ocr_line' id='line_1_5' title="bbox 252 759 1844 833; baseline -0.003 -14"><span class='ocrx_word' id='word_1_29' title='bbox 252 765 417 819; x_wconf 77' lang='lat' dir='ltr'><strong>:etlat.</strong></span> <span class='ocrx_word' id='word_1_30' title='bbox 444 764 566 819; x_wconf 78' lang='lat' dir='ltr'><strong>Non</strong></span> <span class='ocrx_word' id='word_1_31' title='bbox 598 764 772 820; x_wconf 85' lang='lat' dir='ltr'><strong>solum</strong></span> <span class='ocrx_word' id='word_1_32' title='bbox 798 762 997 833; x_wconf 88' lang='lat' dir='ltr'><strong>inquit,</strong></span> <span class='ocrx_word' id='word_1_33' title='bbox 1018 762 1057 816; x_wconf 83' lang='lat' dir='ltr'><strong>A</strong></span> <span class='ocrx_word' id='word_1_34' title='bbox 1078 761 1313 832; x_wconf 89' lang='lat' dir='ltr'><strong>peccatis</strong></span> <span class='ocrx_word' id='word_1_35' title='bbox 1331 775 1519 831; x_wconf 91' lang='lat' dir='ltr'><strong>purus,</strong></span> <span class='ocrx_word' id='word_1_36' title='bbox 1536 760 1636 833; x_wconf 84' lang='lat' dir='ltr'><strong>sed</strong></span> <span class='ocrx_word' id='word_1_37' title='bbox 1658 759 1844 829; x_wconf 89' lang='lat' dir='ltr'><strong>etiam,</strong></span> 
     </span>
    </p>
   </div>
   <div class='ocr_carea' id='block_1_6' title="bbox 247 850 1847 911">
    <p class='ocr_par' dir='ltr' id='par_1_6' title="bbox 247 850 1847 911">
     <span class='ocr_line' id='line_1_6' title="bbox 247 850 1847 911; baseline -0.002 -1"><span class='ocrx_word' id='word_1_38' title='bbox 247 858 477 911; x_wconf 77' lang='lat' dir='ltr'><strong>Sanctus</strong></span> <span class='ocrx_word' id='word_1_39' title='bbox 504 874 518 910; x_wconf 91' lang='lat'><strong>:</strong></span> <span class='ocrx_word' id='word_1_40' title='bbox 545 865 788 910; x_wconf 85' lang='lat' dir='ltr'><strong>sanetum</strong></span> <span class='ocrx_word' id='word_1_41' title='bbox 838 853 983 910; x_wconf 90' lang='lat' dir='ltr'><strong>enim</strong></span> <span class='ocrx_word' id='word_1_42' title='bbox 1025 868 1130 907; x_wconf 93' lang='lat' dir='ltr'><strong>non</strong></span> <span class='ocrx_word' id='word_1_43' title='bbox 1182 851 1313 908; x_wconf 89' lang='lat' dir='ltr'><strong>facit</strong></span> <span class='ocrx_word' id='word_1_44' title='bbox 1336 850 1510 907; x_wconf 90' lang='lat' dir='ltr'><strong>solum</strong></span> <span class='ocrx_word' id='word_1_45' title='bbox 1541 850 1790 907; x_wconf 85' lang='lat' dir='ltr'><strong>liberatio</strong></span> <span class='ocrx_word' id='word_1_46' title='bbox 1815 867 1847 907; x_wconf 90' lang='lat' dir='ltr'><strong>a</strong></span> 
     </span>
    </p>
   </div>
   <div class='ocr_carea' id='block_1_7' title="bbox 246 943 1846 1018">
    <p class='ocr_par' dir='ltr' id='par_1_7' title="bbox 246 943 1846 1018">
     <span class='ocr_line' id='line_1_7' title="bbox 246 943 1846 1018; baseline -0.003 -15"><span class='ocrx_word' id='word_1_47' title='bbox 246 948 510 1018; x_wconf 75' lang='lat' dir='ltr'><strong>peccatis,</strong></span> <span class='ocrx_word' id='word_1_48' title='bbox 541 946 635 1002; x_wconf 90' lang='lat' dir='ltr'><strong>scd</strong></span> <span class='ocrx_word' id='word_1_49' title='bbox 664 946 825 1001; x_wconf 90' lang='lat' dir='ltr'><strong>etiam</strong></span> <span class='ocrx_word' id='word_1_50' title='bbox 859 946 1146 1016; x_wconf 70' lang='lat' dir='ltr'><strong>prmsentia</strong></span> <span class='ocrx_word' id='word_1_51' title='bbox 1177 943 1410 1014; x_wconf 85' lang='lat' dir='ltr'><strong>Spiritus</strong></span> <span class='ocrx_word' id='word_1_52' title='bbox 1431 985 1444 1008; x_wconf 91' lang='lat'><strong>,</strong></span> <span class='ocrx_word' id='word_1_53' title='bbox 1477 952 1531 999; x_wconf 91' lang='lat' dir='ltr'><strong>ct</strong></span> <span class='ocrx_word' id='word_1_54' title='bbox 1579 943 1846 1008; x_wconf 85' lang='lat' dir='ltr'><strong>bonorum</strong></span> 
     </span>
    </p>
   </div>
   <div class='ocr_carea' id='block_1_8' title="bbox 243 1035 1847 1109">
    <p class='ocr_par' dir='ltr' id='par_1_8' title="bbox 243 1035 1847 1109">
     <span class='ocr_line' id='line_1_8' title="bbox 243 1035 1847 1109; baseline -0.002 -16"><span class='ocrx_word' id='word_1_55' title='bbox 243 1054 467 1109; x_wconf 87' lang='lat' dir='ltr'><strong>operum</strong></span> <span class='ocrx_word' id='word_1_56' title='bbox 516 1037 706 1109; x_wconf 60' lang='lat' dir='ltr'><strong>copiae.</strong></span> <span class='ocrx_word' id='word_1_57' title='bbox 738 1035 853 1091; x_wconf 87' lang='lat' dir='ltr'><strong>Non</strong></span> <span class='ocrx_word' id='word_1_58' title='bbox 885 1036 1081 1103; x_wconf 85' lang='lat' dir='ltr'><strong>solum.</strong></span> <span class='ocrx_word' id='word_1_59' title='bbox 1116 1035 1309 1106; x_wconf 92' lang='lat' dir='ltr'><strong>inquit,</strong></span> <span class='ocrx_word' id='word_1_60' title='bbox 1352 1035 1478 1090; x_wconf 71' lang='lat' dir='ltr'><strong>volo</strong></span> <span class='ocrx_word' id='word_1_61' title='bbox 1504 1048 1601 1089; x_wconf 86' lang='lat' dir='ltr'><strong>vos</strong></span> <span class='ocrx_word' id='word_1_62' title='bbox 1630 1049 1660 1089; x_wconf 91' lang='lat' dir='ltr'><strong>a</strong></span> <span class='ocrx_word' id='word_1_63' title='bbox 1687 1049 1847 1091; x_wconf 75' lang='lat' dir='ltr'><strong>emno</strong></span> 
     </span>
    </p>
   </div>
   <div class='ocr_carea' id='block_1_9' title="bbox 242 1124 1844 1197">
    <p class='ocr_par' dir='ltr' id='par_1_9' title="bbox 242 1124 1844 1197">
     <span class='ocr_line' id='line_1_9' title="bbox 242 1124 1844 1197; baseline -0.004 -10"><span class='ocrx_word' id='word_1_64' title='bbox 242 1147 360 1187; x_wconf 86' lang='lat' dir='ltr'><strong>esse</strong></span> <span class='ocrx_word' id='word_1_65' title='bbox 383 1131 663 1197; x_wconf 88' lang='lat' dir='ltr'><strong>liberatos,</strong></span> <span class='ocrx_word' id='word_1_66' title='bbox 692 1128 787 1184; x_wconf 88' lang='lat' dir='ltr'><strong>sed</strong></span> <span class='ocrx_word' id='word_1_67' title='bbox 823 1128 975 1183; x_wconf 90' lang='lat' dir='ltr'><strong>albos</strong></span> <span class='ocrx_word' id='word_1_68' title='bbox 1002 1143 1124 1184; x_wconf 88' lang='lat' dir='ltr'><strong>esse</strong></span> <span class='ocrx_word' id='word_1_69' title='bbox 1163 1136 1219 1184; x_wconf 94' lang='lat' dir='ltr'><strong>et</strong></span> <span class='ocrx_word' id='word_1_70' title='bbox 1268 1126 1566 1197; x_wconf 84' lang='lat' dir='ltr'><strong>speciosus.</strong></span> <span class='ocrx_word' id='word_1_71' title='bbox 1607 1124 1741 1180; x_wconf 87' lang='lat' dir='ltr'><strong>Nam</strong></span> <span class='ocrx_word' id='word_1_72' title='bbox 1796 1124 1844 1181; x_wconf 89' lang='lat' dir='ltr'><strong>si</strong></span> 
     </span>
    </p>
   </div>
   <div class='ocr_carea' id='block_1_10' title="bbox 241 1217 1845 1293">
    <p class='ocr_par' dir='ltr' id='par_1_10' title="bbox 241 1217 1845 1293">
     <span class='ocr_line' id='line_1_10' title="bbox 241 1217 1845 1293; baseline -0.004 -14"><span class='ocrx_word' id='word_1_73' title='bbox 241 1240 337 1279; x_wconf 92' lang='lat' dir='ltr'><strong>rcx</strong></span> <span class='ocrx_word' id='word_1_74' title='bbox 366 1221 695 1293; x_wconf 76' lang='lat' dir='ltr'><strong>Babylonius</strong></span> <span class='ocrx_word' id='word_1_75' title='bbox 718 1219 946 1292; x_wconf 82' lang='lat' dir='ltr'><strong>juvenes</strong></span> <span class='ocrx_word' id='word_1_76' title='bbox 975 1220 1183 1292; x_wconf 87' lang='lat' dir='ltr'><strong>eligens</strong></span> <span class='ocrx_word' id='word_1_77' title='bbox 1207 1234 1272 1275; x_wconf 89' lang='lat' dir='ltr'><strong>ex</strong></span> <span class='ocrx_word' id='word_1_78' title='bbox 1311 1218 1623 1288; x_wconf 78' lang='lat' dir='ltr'><strong>captivitate</strong></span> <span class='ocrx_word' id='word_1_79' title='bbox 1641 1258 1658 1285; x_wconf 96' lang='lat'><strong>,</strong></span> <span class='ocrx_word' id='word_1_80' title='bbox 1682 1217 1845 1288; x_wconf 79' lang='lat' dir='ltr'><strong>elegit</strong></span> 
     </span>
    </p>
   </div>
   <div class='ocr_carea' id='block_1_11' title="bbox 240 1308 1845 1385">
    <p class='ocr_par' dir='ltr' id='par_1_11' title="bbox 240 1308 1845 1385">
     <span class='ocr_line' id='line_1_11' title="bbox 240 1308 1845 1385; baseline -0.001 -19"><span class='ocrx_word' id='word_1_81' title='bbox 240 1312 499 1385; x_wconf 86' lang='lat' dir='ltr'><strong>pulchros</strong></span> <span class='ocrx_word' id='word_1_82' title='bbox 524 1312 705 1383; x_wconf 91' lang='lat' dir='ltr'><strong>specie</strong></span> <span class='ocrx_word' id='word_1_83' title='bbox 729 1321 784 1367; x_wconf 93' lang='lat' dir='ltr'><strong>et</strong></span> <span class='ocrx_word' id='word_1_84' title='bbox 804 1311 953 1366; x_wconf 79' lang='lat' dir='ltr'><strong>vultu</strong></span> <span class='ocrx_word' id='word_1_85' title='bbox 979 1310 1207 1367; x_wconf 92' lang='lat' dir='ltr'><strong>decoros</strong></span> <span class='ocrx_word' id='word_1_86' title='bbox 1234 1310 1253 1379; x_wconf 96' lang='lat'><strong>(</strong></span> <span class='ocrx_word' id='word_1_87' title='bbox 1277 1308 1417 1366; x_wconf 88' lang='lat' dir='ltr'><strong>Dan.</strong></span> <span class='ocrx_word' id='word_1_88' title='bbox 1442 1310 1495 1365; x_wconf 86' lang='grc'><strong>1.</strong></span> <span class='ocrx_word' id='word_1_89' title='bbox 1524 1310 1598 1381; x_wconf 77' lang='grc'><strong>4)</strong></span> <span class='ocrx_word' id='word_1_90' title='bbox 1627 1326 1642 1362; x_wconf 94' lang='lat'><strong>:</strong></span> <span class='ocrx_word' id='word_1_91' title='bbox 1675 1308 1845 1365; x_wconf 88' lang='lat' dir='ltr'><strong>multo</strong></span> 
     </span>
    </p>
   </div>
   <div class='ocr_carea' id='block_1_12' title="bbox 238 1401 1842 1479">
    <p class='ocr_par' dir='ltr' id='par_1_12' title="bbox 238 1401 1842 1479">
     <span class='ocr_line' id='line_1_12' title="bbox 238 1401 1842 1479; baseline -0.004 -15"><span class='ocrx_word' id='word_1_92' title='bbox 238 1409 410 1479; x_wconf 82' lang='lat' dir='ltr'><strong>magis</strong></span> <span class='ocrx_word' id='word_1_93' title='bbox 444 1405 676 1477; x_wconf 11' lang='lat' dir='ltr'><strong>nosequi</strong></span> <span class='ocrx_word' id='word_1_94' title='bbox 721 1405 939 1461; x_wconf 82' lang='lat' dir='ltr'><strong>adstant</strong></span> <span class='ocrx_word' id='word_1_95' title='bbox 968 1419 1172 1460; x_wconf 77' lang='lat' dir='ltr'><strong>mensae</strong></span> <span class='ocrx_word' id='word_1_96' title='bbox 1218 1404 1385 1475; x_wconf 69' lang='lat' dir='ltr'><strong>regia:</strong></span> <span class='ocrx_word' id='word_1_97' title='bbox 1431 1401 1686 1473; x_wconf 91' lang='lat' dir='ltr'><strong>pulchros</strong></span> <span class='ocrx_word' id='word_1_98' title='bbox 1716 1415 1842 1458; x_wconf 84' lang='lat' dir='ltr'><strong>esse</strong></span> 
     </span>
    </p>
   </div>
   <div class='ocr_carea' id='block_1_13' title="bbox 235 1496 1837 1573">
    <p class='ocr_par' dir='ltr' id='par_1_13' title="bbox 235 1496 1837 1573">
     <span class='ocr_line' id='line_1_13' title="bbox 235 1496 1837 1573; baseline -0.003 -18"><span class='ocrx_word' id='word_1_99' title='bbox 235 1508 452 1573; x_wconf 77' lang='lat' dir='ltr'><strong>Oportet</strong></span> <span class='ocrx_word' id='word_1_100' title='bbox 494 1500 674 1571; x_wconf 86' lang='lat' dir='ltr'><strong>specie</strong></span> <span class='ocrx_word' id='word_1_101' title='bbox 715 1500 943 1564; x_wconf 71' lang='lat' dir='ltr'><strong>animm,</strong></span> <span class='ocrx_word' id='word_1_102' title='bbox 974 1497 1234 1553; x_wconf 89' lang='lat' dir='ltr'><strong>mundum</strong></span> <span class='ocrx_word' id='word_1_103' title='bbox 1284 1496 1545 1553; x_wconf 84' lang='lat' dir='ltr'><strong>habentes</strong></span> <span class='ocrx_word' id='word_1_104' title='bbox 1575 1510 1798 1551; x_wconf 87' lang='lat' dir='ltr'><strong>aureum</strong></span> <span class='ocrx_word' id='word_1_105' title='bbox 1820 1537 1837 1563; x_wconf 95' lang='lat'><strong>,</strong></span> 
     </span>
    </p>
   </div>
   <div class='ocr_carea' id='block_1_14' title="bbox 234 1588 1837 1661">
    <p class='ocr_par' dir='ltr' id='par_1_14' title="bbox 234 1588 1837 1661">
     <span class='ocr_line' id='line_1_14' title="bbox 234 1588 1837 1661; baseline -0.004 -13"><span class='ocrx_word' id='word_1_106' title='bbox 234 1592 500 1648; x_wconf 87' lang='lat' dir='ltr'><strong>mundum</strong></span> <span class='ocrx_word' id='word_1_107' title='bbox 541 1591 946 1657; x_wconf 80' lang='lat' dir='ltr'><strong>vestimentum,</strong></span> <span class='ocrx_word' id='word_1_108' title='bbox 1003 1590 1215 1661; x_wconf 84' lang='lat' dir='ltr'><strong>regales</strong></span> <span class='ocrx_word' id='word_1_109' title='bbox 1256 1590 1493 1655; x_wconf 82' lang='lat' dir='ltr'><strong>calceos,</strong></span> <span class='ocrx_word' id='word_1_110' title='bbox 1540 1588 1837 1644; x_wconf 85' lang='lat' dir='ltr'><strong>formosum</strong></span> 
     </span>
    </p>
   </div>
   <div class='ocr_carea' id='block_1_15' title="bbox 234 1680 1838 1753">
    <p class='ocr_par' dir='ltr' id='par_1_15' title="bbox 234 1680 1838 1753">
     <span class='ocr_line' id='line_1_15' title="bbox 234 1680 1838 1753; baseline -0.004 -13"><span class='ocrx_word' id='word_1_111' title='bbox 234 1687 429 1741; x_wconf 70' lang='lat' dir='ltr'><strong>animm</strong></span> <span class='ocrx_word' id='word_1_112' title='bbox 467 1684 699 1750; x_wconf 68' lang='lat' dir='ltr'><strong>vultum,</strong></span> <span class='ocrx_word' id='word_1_113' title='bbox 733 1692 985 1738; x_wconf 88' lang='lat' dir='ltr'><strong>ornatum</strong></span> <span class='ocrx_word' id='word_1_114' title='bbox 1018 1697 1241 1739; x_wconf 89' lang='lat' dir='ltr'><strong>aureum</strong></span> <span class='ocrx_word' id='word_1_115' title='bbox 1263 1723 1279 1749; x_wconf 91' lang='lat'><strong>,</strong></span> <span class='ocrx_word' id='word_1_116' title='bbox 1325 1680 1603 1753; x_wconf 83' lang='lat' dir='ltr'><strong>cingulum</strong></span> <span class='ocrx_word' id='word_1_117' title='bbox 1640 1681 1838 1748; x_wconf 82' lang='lat' dir='ltr'><strong>verita-</strong></span> 
     </span>
    </p>
   </div>
   <div class='ocr_carea' id='block_1_16' title="bbox 235 1769 1835 1844">
    <p class='ocr_par' dir='ltr' id='par_1_16' title="bbox 235 1769 1835 1844">
     <span class='ocr_line' id='line_1_16' title="bbox 235 1769 1835 1844; baseline -0.004 -13"><span class='ocrx_word' id='word_1_118' title='bbox 235 1777 321 1831; x_wconf 77' lang='lat' dir='ltr'><strong>tis.</strong></span> <span class='ocrx_word' id='word_1_119' title='bbox 351 1775 455 1844; x_wconf 85' lang='lat' dir='ltr'><strong>Qui</strong></span> <span class='ocrx_word' id='word_1_120' title='bbox 490 1772 610 1829; x_wconf 88' lang='lat' dir='ltr'><strong>talis</strong></span> <span class='ocrx_word' id='word_1_121' title='bbox 651 1780 757 1840; x_wconf 91' lang='lat' dir='ltr'><strong>est,</strong></span> <span class='ocrx_word' id='word_1_122' title='bbox 788 1773 1031 1840; x_wconf 90' lang='lat' dir='ltr'><strong>accedat,</strong></span> <span class='ocrx_word' id='word_1_123' title='bbox 1060 1781 1117 1829; x_wconf 89' lang='lat' dir='ltr'><strong>et</strong></span> <span class='ocrx_word' id='word_1_124' title='bbox 1146 1771 1337 1843; x_wconf 88' lang='lat' dir='ltr'><strong>pocula</strong></span> <span class='ocrx_word' id='word_1_125' title='bbox 1368 1779 1553 1843; x_wconf 78' lang='lat' dir='ltr'><strong>tangat</strong></span> <span class='ocrx_word' id='word_1_126' title='bbox 1578 1771 1746 1842; x_wconf 83' lang='lat' dir='ltr'><strong>regia.</strong></span> <span class='ocrx_word' id='word_1_127' title='bbox 1776 1769 1835 1827; x_wconf 91' lang='lat' dir='ltr'><strong>Si</strong></span> 
     </span>
    </p>
   </div>
   <div class='ocr_carea' id='block_1_17' title="bbox 233 1861 1838 1938">
    <p class='ocr_par' dir='ltr' id='par_1_17' title="bbox 233 1861 1838 1938">
     <span class='ocr_line' id='line_1_17' title="bbox 233 1861 1838 1938; baseline -0.001 -18"><span class='ocrx_word' id='word_1_128' title='bbox 233 1868 351 1938; x_wconf 85' lang='lat' dir='ltr'><strong>quis</strong></span> <span class='ocrx_word' id='word_1_129' title='bbox 380 1875 561 1921; x_wconf 87' lang='lat' dir='ltr'><strong>autem</strong></span> <span class='ocrx_word' id='word_1_130' title='bbox 591 1865 782 1937; x_wconf 87' lang='lat' dir='ltr'><strong>pannis</strong></span> <span class='ocrx_word' id='word_1_131' title='bbox 806 1864 1034 1931; x_wconf 87' lang='lat' dir='ltr'><strong>obsitus,</strong></span> <span class='ocrx_word' id='word_1_132' title='bbox 1074 1863 1327 1919; x_wconf 79' lang='lat' dir='ltr'><strong>sordidus</strong></span> <span class='ocrx_word' id='word_1_133' title='bbox 1372 1872 1429 1918; x_wconf 87' lang='lat' dir='ltr'><strong>et</strong></span> <span class='ocrx_word' id='word_1_134' title='bbox 1467 1861 1745 1935; x_wconf 86' lang='lat' dir='ltr'><strong>squalidus</strong></span> <span class='ocrx_word' id='word_1_135' title='bbox 1769 1862 1838 1919; x_wconf 89' lang='lat' dir='ltr'><strong>ad</strong></span> 
     </span>
    </p>
   </div>
   <div class='ocr_carea' id='block_1_18' title="bbox 233 1957 1834 2031">
    <p class='ocr_par' dir='ltr' id='par_1_18' title="bbox 233 1957 1834 2031">
     <span class='ocr_line' id='line_1_18' title="bbox 233 1957 1834 2031; baseline -0.004 -14"><span class='ocrx_word' id='word_1_136' title='bbox 233 1975 475 2017; x_wconf 84' lang='lat' dir='ltr'><strong>mensam</strong></span> <span class='ocrx_word' id='word_1_137' title='bbox 506 1960 705 2031; x_wconf 78' lang='lat' dir='ltr'><strong>regiam</strong></span> <span class='ocrx_word' id='word_1_138' title='bbox 728 1959 857 2014; x_wconf 88' lang='lat' dir='ltr'><strong>velit</strong></span> <span class='ocrx_word' id='word_1_139' title='bbox 900 1958 1127 2029; x_wconf 76' lang='lat' dir='ltr'><strong>ingredi,</strong></span> <span class='ocrx_word' id='word_1_140' title='bbox 1182 1957 1303 2014; x_wconf 87' lang='lat' dir='ltr'><strong>vide</strong></span> <span class='ocrx_word' id='word_1_141' title='bbox 1343 1966 1543 2029; x_wconf 91' lang='lat' dir='ltr'><strong>quanta</strong></span> <span class='ocrx_word' id='word_1_142' title='bbox 1578 1957 1834 2027; x_wconf 89' lang='lat' dir='ltr'><strong>patietur,</strong></span> 
     </span>
    </p>
   </div>
   <div class='ocr_carea' id='block_1_19' title="bbox 232 2046 1835 2121">
    <p class='ocr_par' dir='ltr' id='par_1_19' title="bbox 232 2046 1835 2121">
     <span class='ocr_line' id='line_1_19' title="bbox 232 2046 1835 2121; baseline -0.002 -15"><span class='ocrx_word' id='word_1_143' title='bbox 232 2067 351 2106; x_wconf 89' lang='lat' dir='ltr'><strong>cum</strong></span> <span class='ocrx_word' id='word_1_144' title='bbox 372 2067 481 2106; x_wconf 88' lang='lat' dir='ltr'><strong>non</strong></span> <span class='ocrx_word' id='word_1_145' title='bbox 504 2050 776 2106; x_wconf 89' lang='lat' dir='ltr'><strong>sufﬁciant</strong></span> <span class='ocrx_word' id='word_1_146' title='bbox 794 2048 1145 2121; x_wconf 83' lang='lat' dir='ltr'><strong>quadraginta</strong></span> <span class='ocrx_word' id='word_1_147' title='bbox 1176 2048 1292 2105; x_wconf 89' lang='lat' dir='ltr'><strong>dies</strong></span> <span class='ocrx_word' id='word_1_148' title='bbox 1319 2048 1385 2103; x_wconf 92' lang='lat' dir='ltr'><strong>ad</strong></span> <span class='ocrx_word' id='word_1_149' title='bbox 1413 2046 1682 2104; x_wconf 88' lang='lat' dir='ltr'><strong>abluenda</strong></span> <span class='ocrx_word' id='word_1_150' title='bbox 1711 2063 1835 2120; x_wconf 79' lang='lat' dir='ltr'><strong>qua:</strong></span> 
     </span>
    </p>
   </div>
   <div class='ocr_carea' id='block_1_20' title="bbox 231 2141 1834 2212">
    <p class='ocr_par' dir='ltr' id='par_1_20' title="bbox 231 2141 1834 2212">
     <span class='ocr_line' id='line_1_20' title="bbox 231 2141 1834 2212; baseline -0.001 -13"><span class='ocrx_word' id='word_1_151' title='bbox 231 2147 375 2199; x_wconf 82' lang='lat' dir='ltr'><strong>omni</strong></span> <span class='ocrx_word' id='word_1_152' title='bbox 407 2153 647 2212; x_wconf 89' lang='lat' dir='ltr'><strong>tempore</strong></span> <span class='ocrx_word' id='word_1_153' title='bbox 672 2151 797 2198; x_wconf 86' lang='lat' dir='ltr'><strong>sunt</strong></span> <span class='ocrx_word' id='word_1_154' title='bbox 832 2142 1064 2198; x_wconf 88' lang='lat' dir='ltr'><strong>admissa</strong></span> <span class='ocrx_word' id='word_1_155' title='bbox 1098 2141 1319 2199; x_wconf 85' lang='lat' dir='ltr'><strong>delicta.</strong></span> <span class='ocrx_word' id='word_1_156' title='bbox 1346 2141 1481 2198; x_wconf 85' lang='lat' dir='ltr'><strong>Nam</strong></span> <span class='ocrx_word' id='word_1_157' title='bbox 1509 2142 1554 2197; x_wconf 92' lang='lat' dir='ltr'><strong>si</strong></span> <span class='ocrx_word' id='word_1_158' title='bbox 1584 2156 1689 2197; x_wconf 92' lang='lat' dir='ltr'><strong>non</strong></span> <span class='ocrx_word' id='word_1_159' title='bbox 1717 2141 1834 2199; x_wconf 83' lang='lat' dir='ltr'><strong>suf-</strong></span> 
     </span>
    </p>
   </div>
   <div class='ocr_carea' id='block_1_21' title="bbox 234 2233 1834 2307">
    <p class='ocr_par' dir='ltr' id='par_1_21' title="bbox 234 2233 1834 2307">
     <span class='ocr_line' id='line_1_21' title="bbox 234 2233 1834 2307; baseline 0.001 -18"><span class='ocrx_word' id='word_1_160' title='bbox 234 2235 342 2292; x_wconf 89' lang='lat' dir='ltr'><strong>ﬁcit</strong></span> <span class='ocrx_word' id='word_1_161' title='bbox 394 2238 683 2307; x_wconf 79' lang='lat' dir='ltr'><strong>geltenna,</strong></span> <span class='ocrx_word' id='word_1_162' title='bbox 740 2234 865 2290; x_wconf 90' lang='lat' dir='ltr'><strong>licet</strong></span> <span class='ocrx_word' id='word_1_163' title='bbox 902 2234 973 2290; x_wconf 89' lang='lat' dir='ltr'><strong>sit</strong></span> <span class='ocrx_word' id='word_1_164' title='bbox 1023 2245 1223 2290; x_wconf 73' lang='lat' dir='ltr'><strong>acterna</strong></span> <span class='ocrx_word' id='word_1_165' title='bbox 1250 2276 1267 2303; x_wconf 92' lang='lat'><strong>,</strong></span> <span class='ocrx_word' id='word_1_166' title='bbox 1309 2233 1512 2291; x_wconf 89' lang='lat' dir='ltr'><strong>idcirco</strong></span> <span class='ocrx_word' id='word_1_167' title='bbox 1562 2235 1708 2291; x_wconf 91' lang='lat' dir='ltr'><strong>enim</strong></span> <span class='ocrx_word' id='word_1_168' title='bbox 1750 2244 1834 2291; x_wconf 84' lang='lat' dir='ltr'><strong>est</strong></span> 
     </span>
    </p>
   </div>
   <div class='ocr_carea' id='block_1_22' title="bbox 230 2324 1833 2397">
    <p class='ocr_par' dir='ltr' id='par_1_22' title="bbox 230 2324 1833 2397">
     <span class='ocr_line' id='line_1_22' title="bbox 230 2324 1833 2397; baseline 0.001 -17"><span class='ocrx_word' id='word_1_169' title='bbox 230 2337 430 2380; x_wconf 67' lang='lat' dir='ltr'><strong>aeterna</strong></span> <span class='ocrx_word' id='word_1_170' title='bbox 464 2344 477 2381; x_wconf 93' lang='lat'>:</span> <span class='ocrx_word' id='word_1_171' title='bbox 514 2326 684 2381; x_wconf 91' lang='lat' dir='ltr'><strong>multo</strong></span> <span class='ocrx_word' id='word_1_172' title='bbox 723 2326 906 2381; x_wconf 91' lang='lat' dir='ltr'><strong>minus</strong></span> <span class='ocrx_word' id='word_1_173' title='bbox 936 2324 1040 2380; x_wconf 91' lang='lat' dir='ltr'><strong>hoc</strong></span> <span class='ocrx_word' id='word_1_174' title='bbox 1085 2325 1246 2381; x_wconf 77' lang='lat' dir='ltr'><strong>breve</strong></span> <span class='ocrx_word' id='word_1_175' title='bbox 1280 2334 1512 2397; x_wconf 87' lang='lat' dir='ltr'><strong>tempus.</strong></span> <span class='ocrx_word' id='word_1_176' title='bbox 1544 2325 1662 2381; x_wconf 82' lang='lat' dir='ltr'><strong>Non</strong></span> <span class='ocrx_word' id='word_1_177' title='bbox 1690 2327 1833 2382; x_wconf 91' lang='lat' dir='ltr'><strong>enim</strong></span> 
     </span>
    </p>
   </div>
   <div class='ocr_carea' id='block_1_23' title="bbox 229 2418 1830 2491">
    <p class='ocr_par' dir='ltr' id='par_1_23' title="bbox 229 2418 1830 2491">
     <span class='ocr_line' id='line_1_23' title="bbox 229 2418 1830 2491; baseline 0.003 -20"><span class='ocrx_word' id='word_1_178' title='bbox 229 2418 484 2484; x_wconf 60' lang='lat' dir='ltr'><strong>Validam,</strong></span> <span class='ocrx_word' id='word_1_179' title='bbox 530 2419 625 2474; x_wconf 90' lang='lat' dir='ltr'><strong>sed</strong></span> <span class='ocrx_word' id='word_1_180' title='bbox 678 2418 1001 2474; x_wconf 87' lang='lat' dir='ltr'><strong>imbecillam</strong></span> <span class='ocrx_word' id='word_1_181' title='bbox 1045 2418 1389 2475; x_wconf 87' lang='lat' dir='ltr'><strong>exhibuimus</strong></span> <span class='ocrx_word' id='word_1_182' title='bbox 1434 2420 1830 2491; x_wconf 67' lang='lat' dir='ltr'><strong>paenitentiam.</strong></span> 
     </span>
    </p>
   </div>
   <div class='ocr_carea' id='block_1_24' title="bbox 229 2510 1834 2582">
    <p class='ocr_par' dir='ltr' id='par_1_24' title="bbox 229 2510 1834 2582">
     <span class='ocr_line' id='line_1_24' title="bbox 229 2510 1834 2582; baseline 0.002 -16"><span class='ocrx_word' id='word_1_183' title='bbox 229 2511 523 2566; x_wconf 80' lang='lat' dir='ltr'><strong>Eunuchos</strong></span> <span class='ocrx_word' id='word_1_184' title='bbox 567 2511 799 2566; x_wconf 82' lang='lat' dir='ltr'><strong>maxime</strong></span> <span class='ocrx_word' id='word_1_185' title='bbox 850 2518 1060 2581; x_wconf 82' lang='lat' dir='ltr'><strong>oportet</strong></span> <span class='ocrx_word' id='word_1_186' title='bbox 1103 2511 1214 2582; x_wconf 77' lang='lat' dir='ltr'><strong>regi</strong></span> <span class='ocrx_word' id='word_1_187' title='bbox 1264 2510 1523 2568; x_wconf 87' lang='lat' dir='ltr'><strong>adstare:</strong></span> <span class='ocrx_word' id='word_1_188' title='bbox 1555 2512 1834 2570; x_wconf 85' lang='lat' dir='ltr'><strong>eunuchos</strong></span> 
     </span>
    </p>
   </div>
   <div class='ocr_carea' id='block_1_25' title="bbox 228 2587 1835 2673">
    <p class='ocr_par' dir='ltr' id='par_1_25' title="bbox 228 2587 1835 2673">
     <span class='ocr_line' id='line_1_25' title="bbox 228 2587 1835 2673; baseline 0.003 -17"><span class='ocrx_word' id='word_1_189' title='bbox 228 2601 367 2666; x_wconf 85' lang='lat' dir='ltr'><strong>dico,</strong></span> <span class='ocrx_word' id='word_1_190' title='bbox 404 2604 494 2672; x_wconf 87' lang='lat' dir='ltr'><strong>qui</strong></span> <span class='ocrx_word' id='word_1_191' title='bbox 519 2611 698 2657; x_wconf 91' lang='lat' dir='ltr'><strong>mente</strong></span> <span class='ocrx_word' id='word_1_192' title='bbox 713 2611 839 2657; x_wconf 88' lang='lat' dir='ltr'><strong>sunt</strong></span> <span class='ocrx_word' id='word_1_193' title='bbox 862 2601 1110 2667; x_wconf 86' lang='lat' dir='ltr'><strong>candida,</strong></span> <span class='ocrx_word' id='word_1_194' title='bbox 1137 2587 1225 2673; x_wconf 86' lang='lat' dir='ltr'><strong>qui</strong></span> <span class='ocrx_word' id='word_1_195' title='bbox 1258 2602 1461 2657; x_wconf 91' lang='lat' dir='ltr'><strong>nullam</strong></span> <span class='ocrx_word' id='word_1_196' title='bbox 1488 2589 1691 2661; x_wconf 82' lang='lat' dir='ltr'><strong>habent</strong></span> <span class='ocrx_word' id='word_1_197' title='bbox 1716 2620 1835 2661; x_wconf 86' lang='lat' dir='ltr'><strong>sor-</strong></span> 
     </span>
    </p>
   </div>
   <div class='ocr_carea' id='block_1_26' title="bbox 227 2693 1832 2764">
    <p class='ocr_par' dir='ltr' id='par_1_26' title="bbox 227 2693 1832 2764">
     <span class='ocr_line' id='line_1_26' title="bbox 227 2693 1832 2764; baseline 0.004 -17"><span class='ocrx_word' id='word_1_198' title='bbox 227 2693 351 2747; x_wconf 60' lang='lat' dir='ltr'><strong>dem</strong></span> <span class='ocrx_word' id='word_1_199' title='bbox 400 2709 501 2747; x_wconf 88' lang='lat' dir='ltr'><strong>nec</strong></span> <span class='ocrx_word' id='word_1_200' title='bbox 533 2694 821 2759; x_wconf 89' lang='lat' dir='ltr'><strong>maculam,</strong></span> <span class='ocrx_word' id='word_1_201' title='bbox 864 2698 955 2764; x_wconf 87' lang='lat' dir='ltr'><strong>qui</strong></span> <span class='ocrx_word' id='word_1_202' title='bbox 1004 2705 1184 2749; x_wconf 89' lang='lat' dir='ltr'><strong>mente</strong></span> <span class='ocrx_word' id='word_1_203' title='bbox 1213 2704 1341 2750; x_wconf 74' lang='lat' dir='ltr'><strong>Sunt</strong></span> <span class='ocrx_word' id='word_1_204' title='bbox 1371 2696 1615 2764; x_wconf 87' lang='lat' dir='ltr'><strong>excelsa,</strong></span> <span class='ocrx_word' id='word_1_205' title='bbox 1662 2698 1832 2754; x_wconf 91' lang='lat' dir='ltr'><strong>animi</strong></span> 
     </span>
    </p>
   </div>
   <div class='ocr_carea' id='block_1_27' title="bbox 227 2784 1835 2859">
    <p class='ocr_par' dir='ltr' id='par_1_27' title="bbox 227 2784 1835 2859">
     <span class='ocr_line' id='line_1_27' title="bbox 227 2784 1835 2859; baseline 0.007 -22"><span class='ocrx_word' id='word_1_206' title='bbox 227 2785 385 2839; x_wconf 85' lang='lat' dir='ltr'><strong>oculo</strong></span> <span class='ocrx_word' id='word_1_207' title='bbox 420 2784 630 2853; x_wconf 87' lang='lat' dir='ltr'><strong>placido</strong></span> <span class='ocrx_word' id='word_1_208' title='bbox 655 2794 712 2839; x_wconf 90' lang='lat' dir='ltr'><strong>et</strong></span> <span class='ocrx_word' id='word_1_209' title='bbox 759 2794 1059 2851; x_wconf 82' lang='lat' dir='ltr'><strong>mansueto,</strong></span> <span class='ocrx_word' id='word_1_210' title='bbox 1104 2786 1213 2841; x_wconf 93' lang='lat' dir='ltr'><strong>acri</strong></span> <span class='ocrx_word' id='word_1_211' title='bbox 1261 2787 1516 2859; x_wconf 87' lang='lat' dir='ltr'><strong>agilique,</strong></span> <span class='ocrx_word' id='word_1_212' title='bbox 1551 2804 1745 2847; x_wconf 88' lang='lat' dir='ltr'><strong>severo</strong></span> <span class='ocrx_word' id='word_1_213' title='bbox 1770 2806 1835 2847; x_wconf 84' lang='lat' dir='ltr'><strong>ac</strong></span> 
     </span>
    </p>
   </div>
   <div class='ocr_carea' id='block_1_28' title="bbox 226 2876 1832 2950">
    <p class='ocr_par' dir='ltr' id='par_1_28' title="bbox 226 2876 1832 2950">
     <span class='ocr_line' id='line_1_28' title="bbox 226 2876 1832 2950; baseline 0.006 -23"><span class='ocrx_word' id='word_1_214' title='bbox 226 2877 475 2941; x_wconf 76' lang='lat' dir='ltr'><strong>\‘olttltili,</strong></span> <span class='ocrx_word' id='word_1_215' title='bbox 502 2892 608 2931; x_wconf 90' lang='lat' dir='ltr'><strong>non</strong></span> <span class='ocrx_word' id='word_1_216' title='bbox 639 2887 817 2931; x_wconf 92' lang='lat' dir='ltr'><strong>autem</strong></span> <span class='ocrx_word' id='word_1_217' title='bbox 845 2876 1189 2933; x_wconf 87' lang='lat' dir='ltr'><strong>somnolento</strong></span> <span class='ocrx_word' id='word_1_218' title='bbox 1216 2886 1272 2933; x_wconf 86' lang='lat' dir='ltr'><strong>et</strong></span> <span class='ocrx_word' id='word_1_219' title='bbox 1311 2880 1535 2950; x_wconf 87' lang='lat' dir='ltr'><strong>supino,</strong></span> <span class='ocrx_word' id='word_1_220' title='bbox 1564 2882 1731 2937; x_wconf 89' lang='lat' dir='ltr'><strong>multa</strong></span> <span class='ocrx_word' id='word_1_221' title='bbox 1764 2882 1832 2937; x_wconf 91' lang='lat' dir='ltr'><strong>li-</strong></span> 
     </span>
    </p>
   </div>
   <div class='ocr_carea' id='block_1_29' title="bbox 225 2972 1835 3045">
    <p class='ocr_par' dir='ltr' id='par_1_29' title="bbox 225 2972 1835 3045">
     <span class='ocr_line' id='line_1_29' title="bbox 225 2972 1835 3045; baseline 0.002 -15"><span class='ocrx_word' id='word_1_222' title='bbox 225 2975 436 3030; x_wconf 88' lang='lat' dir='ltr'><strong>bertate</strong></span> <span class='ocrx_word' id='word_1_223' title='bbox 468 2972 642 3041; x_wconf 85' lang='lat' dir='ltr'><strong>pleno,</strong></span> <span class='ocrx_word' id='word_1_224' title='bbox 680 2980 890 3026; x_wconf 88' lang='lat' dir='ltr'><strong>remoto</strong></span> <span class='ocrx_word' id='word_1_225' title='bbox 914 2980 1095 3028; x_wconf 89' lang='lat' dir='ltr'><strong>autem</strong></span> <span class='ocrx_word' id='word_1_226' title='bbox 1126 2972 1195 3027; x_wconf 87' lang='lat' dir='ltr'><strong>ah</strong></span> <span class='ocrx_word' id='word_1_227' title='bbox 1224 2972 1371 3028; x_wconf 92' lang='lat' dir='ltr'><strong>omni</strong></span> <span class='ocrx_word' id='word_1_228' title='bbox 1398 2974 1728 3045; x_wconf 89' lang='lat' dir='ltr'><strong>impudentia</strong></span> <span class='ocrx_word' id='word_1_229' title='bbox 1772 2982 1835 3034; x_wconf 81' lang='lat' dir='ltr'><strong>et</strong></span> 
     </span>
    </p>
   </div>
   <div class='ocr_carea' id='block_1_30' title="bbox 224 3064 1831 3134">
    <p class='ocr_par' dir='ltr' id='par_1_30' title="bbox 224 3064 1831 3134">
     <span class='ocr_line' id='line_1_30' title="bbox 224 3064 1831 3134; baseline 0.003 -14"><span class='ocrx_word' id='word_1_230' title='bbox 224 3064 574 3128; x_wconf 88' lang='lat' dir='ltr'><strong>conﬁdentia,</strong></span> <span class='ocrx_word' id='word_1_231' title='bbox 604 3064 865 3134; x_wconf 80' lang='lat' dir='ltr'><strong>vigilanti,</strong></span> <span class='ocrx_word' id='word_1_232' title='bbox 903 3077 1057 3129; x_wconf 91' lang='lat' dir='ltr'><strong>sano,</strong></span> <span class='ocrx_word' id='word_1_233' title='bbox 1087 3078 1189 3119; x_wconf 90' lang='lat' dir='ltr'><strong>nec</strong></span> <span class='ocrx_word' id='word_1_234' title='bbox 1216 3064 1507 3120; x_wconf 90' lang='lat' dir='ltr'><strong>admodum</strong></span> <span class='ocrx_word' id='word_1_235' title='bbox 1542 3077 1739 3124; x_wconf 60' lang='lat' dir='ltr'><strong>maesto</strong></span> <span class='ocrx_word' id='word_1_236' title='bbox 1766 3083 1831 3125; x_wconf 87' lang='lat' dir='ltr'><strong>ac</strong></span> 
     </span>
    </p>
   </div>
   <div class='ocr_carea' id='block_1_31' title="bbox 227 3154 1825 3233">
    <p class='ocr_par' dir='ltr' id='par_1_31' title="bbox 227 3154 1825 3233">
     <span class='ocr_line' id='line_1_31' title="bbox 227 3154 1825 3233; baseline 0.001 -22"><span class='ocrx_word' id='word_1_237' title='bbox 227 3158 387 3222; x_wconf 91' lang='lat' dir='ltr'><strong>tristi,</strong></span> <span class='ocrx_word' id='word_1_238' title='bbox 419 3172 519 3210; x_wconf 80' lang='lat' dir='ltr'><strong>nec</strong></span> <span class='ocrx_word' id='word_1_239' title='bbox 551 3157 723 3210; x_wconf 89' lang='lat' dir='ltr'><strong>minus</strong></span> <span class='ocrx_word' id='word_1_240' title='bbox 750 3154 943 3210; x_wconf 81' lang='lat' dir='ltr'><strong>diﬂ‘nso</strong></span> <span class='ocrx_word' id='word_1_241' title='bbox 972 3164 1027 3211; x_wconf 92' lang='lat' dir='ltr'><strong>et</strong></span> <span class='ocrx_word' id='word_1_242' title='bbox 1066 3154 1243 3211; x_wconf 88' lang='lat' dir='ltr'><strong>hilari.</strong></span> <span class='ocrx_word' id='word_1_243' title='bbox 1275 3156 1429 3212; x_wconf 83' lang='lat' dir='ltr'><strong>llunc</strong></span> <span class='ocrx_word' id='word_1_244' title='bbox 1456 3159 1669 3214; x_wconf 90' lang='lat' dir='ltr'><strong>oculum</strong></span> <span class='ocrx_word' id='word_1_245' title='bbox 1698 3176 1825 3233; x_wconf 83' lang='lat' dir='ltr'><strong>pos-</strong></span> 
     </span>
    </p>
   </div>
   <div class='ocr_carea' id='block_1_32' title="bbox 225 3247 1832 3318">
    <p class='ocr_par' dir='ltr' id='par_1_32' title="bbox 225 3247 1832 3318">
     <span class='ocr_line' id='line_1_32' title="bbox 225 3247 1832 3318; baseline 0.002 -14"><span class='ocrx_word' id='word_1_246' title='bbox 225 3264 414 3305; x_wconf 86' lang='lat' dir='ltr'><strong>sumus</strong></span> <span class='ocrx_word' id='word_1_247' title='bbox 463 3248 619 3303; x_wconf 86' lang='lat' dir='ltr'><strong>nobis</strong></span> <span class='ocrx_word' id='word_1_248' title='bbox 648 3247 987 3303; x_wconf 88' lang='lat' dir='ltr'><strong>architectari</strong></span> <span class='ocrx_word' id='word_1_249' title='bbox 1010 3289 1026 3315; x_wconf 94' lang='lat'><strong>,</strong></span> <span class='ocrx_word' id='word_1_250' title='bbox 1071 3248 1298 3318; x_wconf 79' lang='lat' dir='ltr'><strong>visuque</strong></span> <span class='ocrx_word' id='word_1_251' title='bbox 1322 3263 1502 3305; x_wconf 88' lang='lat' dir='ltr'><strong>acrem</strong></span> <span class='ocrx_word' id='word_1_252' title='bbox 1530 3250 1746 3307; x_wconf 88' lang='lat' dir='ltr'><strong>efﬁcere</strong></span> <span class='ocrx_word' id='word_1_253' title='bbox 1776 3263 1832 3308; x_wconf 94' lang='lat' dir='ltr'><strong>ct</strong></span> 
     </span>
    </p>
   </div>
   <div class='ocr_carea' id='block_1_33' title="bbox 1058 377 2753 451">
    <p class='ocr_par' dir='ltr' id='par_1_33' title="bbox 1058 377 2753 451">
     <span class='ocr_line' id='line_1_33' title="bbox 1058 377 2753 451; baseline -0.009 -1"><span class='ocrx_word' id='word_1_254' title='bbox 1058 392 1123 450; x_wconf 65' lang='lat' dir='ltr'><strong>tu</strong></span> <span class='ocrx_word' id='word_1_255' title='bbox 1163 391 1378 451; x_wconf 83' lang='lat' dir='ltr'><strong>EPIST.</strong></span> <span class='ocrx_word' id='word_1_256' title='bbox 1426 386 1515 443; x_wconf 77' lang='lat' dir='ltr'><strong>AD</strong></span> <span class='ocrx_word' id='word_1_257' title='bbox 1556 379 1922 440; x_wconf 65' lang='lat' dir='ltr'><strong>nmmos.</strong></span> <span class='ocrx_word' id='word_1_258' title='bbox 1964 378 2120 437; x_wconf 80' lang='lat' dir='ltr'><strong>CAP.</strong></span> <span class='ocrx_word' id='word_1_259' title='bbox 2164 379 2233 435; x_wconf 84' lang='lat' dir='ltr'><strong>x.</strong></span> <span class='ocrx_word' id='word_1_260' title='bbox 2277 379 2513 438; x_wconf 76' lang='lat' dir='ltr'><strong>HOMIL.</strong></span> <span class='ocrx_word' id='word_1_261' title='bbox 2560 377 2753 438; x_wconf 81' lang='lat' dir='ltr'><strong>xvnt.</strong></span> 
     </span>
    </p>
   </div>
   <div class='ocr_carea' id='block_1_34' title="bbox 3449 360 3553 421">
    <p class='ocr_par' dir='ltr' id='par_1_34' title="bbox 3449 360 3553 421">
     <span class='ocr_line' id='line_1_34' title="bbox 3449 360 3553 421; baseline -0.038 -1"><span class='ocrx_word' id='word_1_262' title='bbox 3449 360 3553 421; x_wconf 68' lang='grc'><strong>131</strong></span> 
     </span>
    </p>
   </div>
   <div class='ocr_carea' id='block_1_35' title="bbox 1947 467 3556 547">
    <p class='ocr_par' dir='ltr' id='par_1_35' title="bbox 1947 467 3556 547">
     <span class='ocr_line' id='line_1_35' title="bbox 1947 467 3556 547; baseline -0.002 -16"><span class='ocrx_word' id='word_1_263' title='bbox 1947 474 2254 547; x_wconf 89' lang='lat' dir='ltr'><strong>pulchrum.</strong></span> <span class='ocrx_word' id='word_1_264' title='bbox 2294 470 2522 541; x_wconf 82' lang='lat' dir='ltr'><strong>Quando</strong></span> <span class='ocrx_word' id='word_1_265' title='bbox 2565 471 2711 526; x_wconf 87' lang='lat' dir='ltr'><strong>enim</strong></span> <span class='ocrx_word' id='word_1_266' title='bbox 2745 483 2852 523; x_wconf 90' lang='lat' dir='ltr'><strong>non</strong></span> <span class='ocrx_word' id='word_1_267' title='bbox 2894 468 2961 525; x_wconf 86' lang='lat' dir='ltr'><strong>ad</strong></span> <span class='ocrx_word' id='word_1_268' title='bbox 2991 467 3219 536; x_wconf 86' lang='lat' dir='ltr'><strong>fumum,</strong></span> <span class='ocrx_word' id='word_1_269' title='bbox 3273 484 3449 543; x_wconf 90' lang='lat' dir='ltr'><strong>neque</strong></span> <span class='ocrx_word' id='word_1_270' title='bbox 3490 473 3556 527; x_wconf 84' lang='lat' dir='ltr'><strong>ad</strong></span> 
     </span>
    </p>
   </div>
   <div class='ocr_carea' id='block_1_36' title="bbox 1945 562 3557 633">
    <p class='ocr_par' dir='ltr' id='par_1_36' title="bbox 1945 562 3557 633">
     <span class='ocr_line' id='line_1_36' title="bbox 1945 562 3557 633; baseline -0.004 -9"><span class='ocrx_word' id='word_1_271' title='bbox 1945 569 2183 625; x_wconf 86' lang='lat' dir='ltr'><strong>cinerem</strong></span> <span class='ocrx_word' id='word_1_272' title='bbox 2212 563 2534 621; x_wconf 87' lang='lat' dir='ltr'><strong>deduximus</strong></span> <span class='ocrx_word' id='word_1_273' title='bbox 2556 564 2575 631; x_wconf 91' lang='lat'><strong>(</strong></span> <span class='ocrx_word' id='word_1_274' title='bbox 2596 562 2731 619; x_wconf 82' lang='lat' dir='ltr'><strong>tales</strong></span> <span class='ocrx_word' id='word_1_275' title='bbox 2757 562 2958 633; x_wconf 90' lang='lat' dir='ltr'><strong>quippe</strong></span> <span class='ocrx_word' id='word_1_276' title='bbox 2984 572 3112 617; x_wconf 89' lang='lat' dir='ltr'><strong>sunt</strong></span> <span class='ocrx_word' id='word_1_277' title='bbox 3131 577 3322 619; x_wconf 86' lang='lat' dir='ltr'><strong>omnes</strong></span> <span class='ocrx_word' id='word_1_278' title='bbox 3343 579 3430 620; x_wconf 85' lang='lat' dir='ltr'><strong>res</strong></span> <span class='ocrx_word' id='word_1_279' title='bbox 3453 564 3557 619; x_wconf 86' lang='lat' dir='ltr'><strong>hn-</strong></span> 
     </span>
    </p>
   </div>
   <div class='ocr_carea' id='block_1_37' title="bbox 1944 654 3558 729">
    <p class='ocr_par' dir='ltr' id='par_1_37' title="bbox 1944 654 3558 729">
     <span class='ocr_line' id='line_1_37' title="bbox 1944 654 3558 729; baseline -0.002 -13"><span class='ocrx_word' id='word_1_280' title='bbox 1944 674 2119 716; x_wconf 76' lang='lat' dir='ltr'><strong>manae</strong></span> <span class='ocrx_word' id='word_1_281' title='bbox 2142 660 2184 729; x_wconf 96' lang='lat'><strong>),</strong></span> <span class='ocrx_word' id='word_1_282' title='bbox 2210 658 2306 713; x_wconf 87' lang='lat' dir='ltr'><strong>sed</strong></span> <span class='ocrx_word' id='word_1_283' title='bbox 2337 655 2403 711; x_wconf 90' lang='lat' dir='ltr'><strong>ad</strong></span> <span class='ocrx_word' id='word_1_284' title='bbox 2428 670 2615 710; x_wconf 87' lang='lat' dir='ltr'><strong>auram</strong></span> <span class='ocrx_word' id='word_1_285' title='bbox 2649 654 2904 710; x_wconf 74' lang='lat' dir='ltr'><strong>subtilem</strong></span> <span class='ocrx_word' id='word_1_286' title='bbox 2935 664 2990 709; x_wconf 94' lang='lat' dir='ltr'><strong>et</strong></span> <span class='ocrx_word' id='word_1_287' title='bbox 3011 669 3194 711; x_wconf 89' lang='lat' dir='ltr'><strong>aerem</strong></span> <span class='ocrx_word' id='word_1_288' title='bbox 3220 664 3459 724; x_wconf 91' lang='lat' dir='ltr'><strong>tenuem,</strong></span> <span class='ocrx_word' id='word_1_289' title='bbox 3489 658 3558 713; x_wconf 82' lang='lat' dir='ltr'><strong>ad</strong></span> 
     </span>
    </p>
   </div>
   <div class='ocr_carea' id='block_1_38' title="bbox 1944 746 3561 824">
    <p class='ocr_par' dir='ltr' id='par_1_38' title="bbox 1944 746 3561 824">
     <span class='ocr_line' id='line_1_38' title="bbox 1944 746 3561 824; baseline -0.002 -13"><span class='ocrx_word' id='word_1_290' title='bbox 1944 769 2006 811; x_wconf 82' lang='lat' dir='ltr'><strong>ea</strong></span> <span class='ocrx_word' id='word_1_291' title='bbox 2046 767 2167 824; x_wconf 73' lang='lat' dir='ltr'><strong>qua:</strong></span> <span class='ocrx_word' id='word_1_292' title='bbox 2220 757 2349 808; x_wconf 86' lang='lat' dir='ltr'><strong>sunt</strong></span> <span class='ocrx_word' id='word_1_293' title='bbox 2385 748 2598 805; x_wconf 87' lang='lat' dir='ltr'><strong>excelsa</strong></span> <span class='ocrx_word' id='word_1_294' title='bbox 2647 757 2702 803; x_wconf 94' lang='lat' dir='ltr'><strong>et</strong></span> <span class='ocrx_word' id='word_1_295' title='bbox 2742 746 2993 803; x_wconf 88' lang='lat' dir='ltr'><strong>sublimia</strong></span> <span class='ocrx_word' id='word_1_296' title='bbox 3021 790 3041 821; x_wconf 55' lang='grc' dir='ltr'>ι</span> <span class='ocrx_word' id='word_1_297' title='bbox 3092 756 3148 803; x_wconf 88' lang='lat' dir='ltr'><strong>et</strong></span> <span class='ocrx_word' id='word_1_298' title='bbox 3177 749 3345 804; x_wconf 90' lang='lat' dir='ltr'><strong>multa</strong></span> <span class='ocrx_word' id='word_1_299' title='bbox 3377 751 3561 821; x_wconf 91' lang='lat' dir='ltr'><strong>quiete</strong></span> 
     </span>
    </p>
   </div>
   <div class='ocr_carea' id='block_1_39' title="bbox 1943 841 3561 921">
    <p class='ocr_par' dir='ltr' id='par_1_39' title="bbox 1943 841 3561 921">
     <span class='ocr_line' id='line_1_39' title="bbox 1943 841 3561 921; baseline -0.004 -18"><span class='ocrx_word' id='word_1_300' title='bbox 1943 848 2102 921; x_wconf 88' lang='lat' dir='ltr'><strong>plena</strong></span> <span class='ocrx_word' id='word_1_301' title='bbox 2128 853 2184 901; x_wconf 89' lang='lat' dir='ltr'><strong>et</strong></span> <span class='ocrx_word' id='word_1_302' title='bbox 2205 846 2439 916; x_wconf 85' lang='lat' dir='ltr'><strong>puritate</strong></span> <span class='ocrx_word' id='word_1_303' title='bbox 2460 851 2515 898; x_wconf 92' lang='lat' dir='ltr'><strong>et</strong></span> <span class='ocrx_word' id='word_1_304' title='bbox 2534 842 2915 907; x_wconf 88' lang='lat' dir='ltr'><strong>delectatione,</strong></span> <span class='ocrx_word' id='word_1_305' title='bbox 2939 841 3116 912; x_wconf 89' lang='lat' dir='ltr'><strong>ipsum</strong></span> <span class='ocrx_word' id='word_1_306' title='bbox 3139 845 3322 898; x_wconf 89' lang='lat' dir='ltr'><strong>statim</strong></span> <span class='ocrx_word' id='word_1_307' title='bbox 3344 859 3561 901; x_wconf 85' lang='lat' dir='ltr'><strong>recrea-</strong></span> 
     </span>
    </p>
   </div>
   <div class='ocr_carea' id='block_1_40' title="bbox 1942 934 3556 1017">
    <p class='ocr_par' dir='ltr' id='par_1_40' title="bbox 1942 934 3556 1017">
     <span class='ocr_line' id='line_1_40' title="bbox 1942 934 3556 1017; baseline -0.002 -22"><span class='ocrx_word' id='word_1_308' title='bbox 1942 941 2123 995; x_wconf 89' lang='lat' dir='ltr'><strong>bimus</strong></span> <span class='ocrx_word' id='word_1_309' title='bbox 2143 948 2197 995; x_wconf 90' lang='lat' dir='ltr'><strong>et</strong></span> <span class='ocrx_word' id='word_1_310' title='bbox 2212 936 2657 1017; x_wconf 84' lang='lat' dir='ltr'><strong>confirmabimus</strong></span> <span class='ocrx_word' id='word_1_311' title='bbox 2680 936 2810 990; x_wconf 91' lang='lat' dir='ltr'><strong>tanti</strong></span> <span class='ocrx_word' id='word_1_312' title='bbox 2829 934 3122 1007; x_wconf 83' lang='lat' dir='ltr'><strong>spectaculi</strong></span> <span class='ocrx_word' id='word_1_313' title='bbox 3140 936 3413 1007; x_wconf 88' lang='lat' dir='ltr'><strong>voluptate</strong></span> <span class='ocrx_word' id='word_1_314' title='bbox 3431 953 3556 1007; x_wconf 84' lang='lat' dir='ltr'><strong>per-</strong></span> 
     </span>
    </p>
   </div>
   <div class='ocr_carea' id='block_1_41' title="bbox 1941 1028 3560 1099">
    <p class='ocr_par' dir='ltr' id='par_1_41' title="bbox 1941 1028 3560 1099">
     <span class='ocr_line' id='line_1_41' title="bbox 1941 1028 3560 1099; baseline 0.001 -12"><span class='ocrx_word' id='word_1_315' title='bbox 1941 1031 2143 1087; x_wconf 88' lang='lat' dir='ltr'><strong>fusum.</strong></span> <span class='ocrx_word' id='word_1_316' title='bbox 2201 1029 2388 1085; x_wconf 68' lang='lat' dir='ltr'><strong>Vidisti</strong></span> <span class='ocrx_word' id='word_1_317' title='bbox 2428 1028 2570 1084; x_wconf 89' lang='lat' dir='ltr'><strong>male</strong></span> <span class='ocrx_word' id='word_1_318' title='bbox 2621 1034 2807 1099; x_wconf 88' lang='lat' dir='ltr'><strong>partas</strong></span> <span class='ocrx_word' id='word_1_319' title='bbox 2856 1036 2915 1084; x_wconf 88' lang='lat' dir='ltr'><strong>et</strong></span> <span class='ocrx_word' id='word_1_320' title='bbox 2969 1028 3168 1085; x_wconf 87' lang='lat' dir='ltr'><strong>multas</strong></span> <span class='ocrx_word' id='word_1_321' title='bbox 3210 1028 3460 1087; x_wconf 73' lang='lat' dir='ltr'><strong>divitias?</strong></span> <span class='ocrx_word' id='word_1_322' title='bbox 3489 1048 3560 1089; x_wconf 89' lang='lat' dir='ltr'><strong>ne</strong></span> 
     </span>
    </p>
   </div>
   <div class='ocr_carea' id='block_1_42' title="bbox 1944 1121 3559 1183">
    <p class='ocr_par' dir='ltr' id='par_1_42' title="bbox 1944 1121 3559 1183">
     <span class='ocr_line' id='line_1_42' title="bbox 1944 1121 3559 1183; baseline 0.001 -3"><span class='ocrx_word' id='word_1_323' title='bbox 1944 1129 2093 1180; x_wconf 84' lang='lat' dir='ltr'><strong>tuum</strong></span> <span class='ocrx_word' id='word_1_324' title='bbox 2120 1124 2339 1180; x_wconf 91' lang='lat' dir='ltr'><strong>oculum</strong></span> <span class='ocrx_word' id='word_1_325' title='bbox 2364 1137 2433 1178; x_wconf 91' lang='lat' dir='ltr'><strong>eo</strong></span> <span class='ocrx_word' id='word_1_326' title='bbox 2466 1121 2722 1178; x_wconf 90' lang='lat' dir='ltr'><strong>snstollas</strong></span> <span class='ocrx_word' id='word_1_327' title='bbox 2748 1138 2761 1175; x_wconf 90' lang='lat'><strong>:</strong></span> <span class='ocrx_word' id='word_1_328' title='bbox 2790 1135 2851 1177; x_wconf 87' lang='lat' dir='ltr'><strong>ea</strong></span> <span class='ocrx_word' id='word_1_329' title='bbox 2902 1136 2991 1178; x_wconf 89' lang='lat' dir='ltr'><strong>res</strong></span> <span class='ocrx_word' id='word_1_330' title='bbox 3010 1131 3096 1178; x_wconf 87' lang='lat' dir='ltr'><strong>est</strong></span> <span class='ocrx_word' id='word_1_331' title='bbox 3120 1137 3339 1179; x_wconf 75' lang='lat' dir='ltr'><strong>ccenum</strong></span> <span class='ocrx_word' id='word_1_332' title='bbox 3389 1136 3444 1181; x_wconf 93' lang='lat' dir='ltr'><strong>et</strong></span> <span class='ocrx_word' id='word_1_333' title='bbox 3473 1128 3559 1183; x_wconf 79' lang='lat' dir='ltr'><strong>fn-</strong></span> 
     </span>
    </p>
   </div>
   <div class='ocr_carea' id='block_1_43' title="bbox 1941 1214 3560 1289">
    <p class='ocr_par' dir='ltr' id='par_1_43' title="bbox 1941 1214 3560 1289">
     <span class='ocr_line' id='line_1_43' title="bbox 1941 1214 3560 1289; baseline 0.001 -15"><span class='ocrx_word' id='word_1_334' title='bbox 1941 1234 2064 1274; x_wconf 90' lang='lat' dir='ltr'><strong>mus</strong></span> <span class='ocrx_word' id='word_1_335' title='bbox 2092 1226 2147 1274; x_wconf 91' lang='lat' dir='ltr'><strong>et</strong></span> <span class='ocrx_word' id='word_1_336' title='bbox 2176 1216 2351 1272; x_wconf 88' lang='lat' dir='ltr'><strong>malus</strong></span> <span class='ocrx_word' id='word_1_337' title='bbox 2381 1230 2569 1286; x_wconf 86' lang='lat' dir='ltr'><strong>vapor,</strong></span> <span class='ocrx_word' id='word_1_338' title='bbox 2603 1214 2864 1280; x_wconf 67' lang='lat' dir='ltr'><strong>tenebrte,</strong></span> <span class='ocrx_word' id='word_1_339' title='bbox 2902 1223 2959 1271; x_wconf 90' lang='lat' dir='ltr'><strong>et</strong></span> <span class='ocrx_word' id='word_1_340' title='bbox 3006 1216 3173 1272; x_wconf 89' lang='lat' dir='ltr'><strong>multa</strong></span> <span class='ocrx_word' id='word_1_341' title='bbox 3206 1220 3476 1289; x_wconf 85' lang='lat' dir='ltr'><strong>angustia,</strong></span> <span class='ocrx_word' id='word_1_342' title='bbox 3500 1229 3560 1276; x_wconf 89' lang='lat' dir='ltr'><strong>et</strong></span> 
     </span>
    </p>
   </div>
   <div class='ocr_carea' id='block_1_44' title="bbox 1939 1307 3559 1384">
    <p class='ocr_par' dir='ltr' id='par_1_44' title="bbox 1939 1307 3559 1384">
     <span class='ocr_line' id='line_1_44' title="bbox 1939 1307 3559 1384; baseline 0 -16"><span class='ocrx_word' id='word_1_343' title='bbox 1939 1326 2193 1369; x_wconf 89' lang='lat' dir='ltr'><strong>curarum</strong></span> <span class='ocrx_word' id='word_1_344' title='bbox 2236 1308 2542 1365; x_wconf 85' lang='lat' dir='ltr'><strong>suf&#39;focatio.</strong></span> <span class='ocrx_word' id='word_1_345' title='bbox 2576 1307 2769 1363; x_wconf 82' lang='lat' dir='ltr'><strong>Vidisti</strong></span> <span class='ocrx_word' id='word_1_346' title='bbox 2799 1310 3073 1363; x_wconf 87' lang='lat' dir='ltr'><strong>hominem</strong></span> <span class='ocrx_word' id='word_1_347' title='bbox 3101 1322 3447 1368; x_wconf 87' lang='lat' dir='ltr'><strong>exercentem</strong></span> <span class='ocrx_word' id='word_1_348' title='bbox 3464 1313 3559 1384; x_wconf 79' lang='lat' dir='ltr'><strong>ju-</strong></span> 
     </span>
    </p>
   </div>
   <div class='ocr_carea' id='block_1_45' title="bbox 1940 1400 3560 1473">
    <p class='ocr_par' dir='ltr' id='par_1_45' title="bbox 1940 1400 3560 1473">
     <span class='ocr_line' id='line_1_45' title="bbox 1940 1400 3560 1473; baseline 0.002 -14"><span class='ocrx_word' id='word_1_349' title='bbox 1940 1404 2168 1471; x_wconf 89' lang='lat' dir='ltr'><strong>stitiam,</strong></span> <span class='ocrx_word' id='word_1_350' title='bbox 2223 1402 2338 1457; x_wconf 89' lang='lat' dir='ltr'><strong>suis</strong></span> <span class='ocrx_word' id='word_1_351' title='bbox 2365 1408 2707 1467; x_wconf 91' lang='lat' dir='ltr'><strong>contentum,</strong></span> <span class='ocrx_word' id='word_1_352' title='bbox 2735 1409 2791 1455; x_wconf 90' lang='lat' dir='ltr'><strong>et</strong></span> <span class='ocrx_word' id='word_1_353' title='bbox 2843 1400 2929 1455; x_wconf 92' lang='lat' dir='ltr'><strong>cui</strong></span> <span class='ocrx_word' id='word_1_354' title='bbox 2971 1408 3058 1456; x_wconf 92' lang='lat' dir='ltr'><strong>est</strong></span> <span class='ocrx_word' id='word_1_355' title='bbox 3105 1417 3297 1473; x_wconf 78' lang='lat' dir='ltr'><strong>magna</strong></span> <span class='ocrx_word' id='word_1_356' title='bbox 3330 1404 3560 1469; x_wconf 88' lang='lat' dir='ltr'><strong>latitudo</strong></span> 
     </span>
    </p>
   </div>
   <div class='ocr_carea' id='block_1_46' title="bbox 1941 1491 3558 1568">
    <p class='ocr_par' dir='ltr' id='par_1_46' title="bbox 1941 1491 3558 1568">
     <span class='ocr_line' id='line_1_46' title="bbox 1941 1491 3558 1568; baseline 0.002 -18"><span class='ocrx_word' id='word_1_357' title='bbox 1941 1493 2300 1561; x_wconf 89' lang='lat' dir='ltr'><strong>remissionis,</strong></span> <span class='ocrx_word' id='word_1_358' title='bbox 2330 1494 2421 1565; x_wconf 89' lang='lat' dir='ltr'><strong>qui</strong></span> <span class='ocrx_word' id='word_1_359' title='bbox 2453 1491 2521 1549; x_wconf 89' lang='lat' dir='ltr'><strong>de</strong></span> <span class='ocrx_word' id='word_1_360' title='bbox 2545 1492 2609 1547; x_wconf 89' lang='lat' dir='ltr'><strong>iis</strong></span> <span class='ocrx_word' id='word_1_361' title='bbox 2636 1508 2758 1563; x_wconf 61' lang='lat' dir='ltr'><strong>quae</strong></span> <span class='ocrx_word' id='word_1_362' title='bbox 2790 1493 2879 1548; x_wconf 91' lang='lat' dir='ltr'><strong>hic</strong></span> <span class='ocrx_word' id='word_1_363' title='bbox 2910 1504 3036 1549; x_wconf 90' lang='lat' dir='ltr'><strong>sunt</strong></span> <span class='ocrx_word' id='word_1_364' title='bbox 3061 1494 3261 1550; x_wconf 88' lang='lat' dir='ltr'><strong>nullam</strong></span> <span class='ocrx_word' id='word_1_365' title='bbox 3291 1498 3430 1568; x_wconf 90' lang='lat' dir='ltr'><strong>gerit</strong></span> <span class='ocrx_word' id='word_1_366' title='bbox 3457 1514 3558 1554; x_wconf 87' lang='lat' dir='ltr'><strong>cu-</strong></span> 
     </span>
    </p>
   </div>
   <div class='ocr_carea' id='block_1_47' title="bbox 1941 1584 3561 1658">
    <p class='ocr_par' dir='ltr' id='par_1_47' title="bbox 1941 1584 3561 1658">
     <span class='ocr_line' id='line_1_47' title="bbox 1941 1584 3561 1658; baseline 0.004 -16"><span class='ocrx_word' id='word_1_367' title='bbox 1941 1602 2056 1642; x_wconf 91' lang='lat' dir='ltr'><strong>ram</strong></span> <span class='ocrx_word' id='word_1_368' title='bbox 2103 1601 2206 1643; x_wconf 91' lang='lat' dir='ltr'><strong>nec</strong></span> <span class='ocrx_word' id='word_1_369' title='bbox 2254 1595 2338 1642; x_wconf 91' lang='lat' dir='ltr'><strong>cst</strong></span> <span class='ocrx_word' id='word_1_370' title='bbox 2382 1584 2692 1641; x_wconf 85' lang='lat' dir='ltr'><strong>sollicitus?</strong></span> <span class='ocrx_word' id='word_1_371' title='bbox 2722 1585 2832 1641; x_wconf 91' lang='lat' dir='ltr'><strong>illic</strong></span> <span class='ocrx_word' id='word_1_372' title='bbox 2859 1600 2983 1640; x_wconf 85' lang='lat' dir='ltr'><strong>eum</strong></span> <span class='ocrx_word' id='word_1_373' title='bbox 3018 1586 3120 1658; x_wconf 86' lang='lat' dir='ltr'><strong>ﬁge</strong></span> <span class='ocrx_word' id='word_1_374' title='bbox 3148 1597 3205 1642; x_wconf 90' lang='lat' dir='ltr'><strong>et</strong></span> <span class='ocrx_word' id='word_1_375' title='bbox 3229 1589 3453 1658; x_wconf 86' lang='lat' dir='ltr'><strong>extolle,</strong></span> <span class='ocrx_word' id='word_1_376' title='bbox 3502 1601 3561 1648; x_wconf 91' lang='lat' dir='ltr'><strong>et</strong></span> 
     </span>
    </p>
   </div>
   <div class='ocr_carea' id='block_1_48' title="bbox 1940 1677 3559 1750">
    <p class='ocr_par' dir='ltr' id='par_1_48' title="bbox 1940 1677 3559 1750">
     <span class='ocr_line' id='line_1_48' title="bbox 1940 1677 3559 1750; baseline 0.006 -17"><span class='ocrx_word' id='word_1_377' title='bbox 1940 1679 2147 1736; x_wconf 84' lang='lat' dir='ltr'><strong>efﬁcies</strong></span> <span class='ocrx_word' id='word_1_378' title='bbox 2171 1693 2296 1734; x_wconf 90' lang='lat' dir='ltr'><strong>cum</strong></span> <span class='ocrx_word' id='word_1_379' title='bbox 2320 1677 2491 1734; x_wconf 91' lang='lat' dir='ltr'><strong>multo</strong></span> <span class='ocrx_word' id='word_1_380' title='bbox 2514 1677 2879 1749; x_wconf 87' lang='lat' dir='ltr'><strong>pulchriorem</strong></span> <span class='ocrx_word' id='word_1_381' title='bbox 2903 1689 2957 1734; x_wconf 91' lang='lat' dir='ltr'><strong>ct</strong></span> <span class='ocrx_word' id='word_1_382' title='bbox 2977 1679 3425 1750; x_wconf 85' lang='lat' dir='ltr'><strong>splendidiorem,</strong></span> <span class='ocrx_word' id='word_1_383' title='bbox 3448 1700 3559 1742; x_wconf 84' lang='lat' dir='ltr'><strong>non</strong></span> 
     </span>
    </p>
   </div>
   <div class='ocr_carea' id='block_1_49' title="bbox 1943 1768 3555 1846">
    <p class='ocr_par' dir='ltr' id='par_1_49' title="bbox 1943 1768 3555 1846">
     <span class='ocr_line' id='line_1_49' title="bbox 1943 1768 3555 1846; baseline 0.003 -20"><span class='ocrx_word' id='word_1_384' title='bbox 1943 1779 2101 1826; x_wconf 75' lang='lat' dir='ltr'><strong>terra:</strong></span> <span class='ocrx_word' id='word_1_385' title='bbox 2131 1768 2355 1825; x_wconf 87' lang='lat' dir='ltr'><strong>floribus</strong></span> <span class='ocrx_word' id='word_1_386' title='bbox 2383 1785 2507 1826; x_wconf 90' lang='lat' dir='ltr'><strong>cum</strong></span> <span class='ocrx_word' id='word_1_387' title='bbox 2537 1784 2788 1841; x_wconf 87' lang='lat' dir='ltr'><strong>pascens,</strong></span> <span class='ocrx_word' id='word_1_388' title='bbox 2809 1770 2904 1827; x_wconf 89' lang='lat' dir='ltr'><strong>sed</strong></span> <span class='ocrx_word' id='word_1_389' title='bbox 2928 1772 3149 1840; x_wconf 89' lang='lat' dir='ltr'><strong>virtute,</strong></span> <span class='ocrx_word' id='word_1_390' title='bbox 3175 1778 3555 1846; x_wconf 87' lang='lat' dir='ltr'><strong>temperantia,</strong></span> 
     </span>
    </p>
   </div>
   <div class='ocr_carea' id='block_1_50' title="bbox 1942 1861 3561 1933">
    <p class='ocr_par' dir='ltr' id='par_1_50' title="bbox 1942 1861 3561 1933">
     <span class='ocr_line' id='line_1_50' title="bbox 1942 1861 3561 1933; baseline 0.006 -16"><span class='ocrx_word' id='word_1_391' title='bbox 1942 1861 2316 1919; x_wconf 89' lang='lat' dir='ltr'><strong>moderatione</strong></span> <span class='ocrx_word' id='word_1_392' title='bbox 2349 1870 2407 1918; x_wconf 89' lang='lat' dir='ltr'><strong>et</strong></span> <span class='ocrx_word' id='word_1_393' title='bbox 2433 1862 2712 1933; x_wconf 66' lang='lat' dir='ltr'><strong>aequitate,</strong></span> <span class='ocrx_word' id='word_1_394' title='bbox 2754 1871 2809 1918; x_wconf 91' lang='lat' dir='ltr'><strong>et</strong></span> <span class='ocrx_word' id='word_1_395' title='bbox 2854 1865 3066 1921; x_wconf 63' lang='lat' dir='ltr'><strong>caeteris</strong></span> <span class='ocrx_word' id='word_1_396' title='bbox 3109 1868 3383 1923; x_wconf 91' lang='lat' dir='ltr'><strong>omnibus.</strong></span> <span class='ocrx_word' id='word_1_397' title='bbox 3411 1868 3561 1926; x_wconf 87' lang='lat' dir='ltr'><strong>Nihil</strong></span> 
     </span>
    </p>
   </div>
   <div class='ocr_carea' id='block_1_51' title="bbox 1942 1952 3548 2025">
    <p class='ocr_par' dir='ltr' id='par_1_51' title="bbox 1942 1952 3548 2025">
     <span class='ocr_line' id='line_1_51' title="bbox 1942 1952 3548 2025; baseline 0.005 -17"><span class='ocrx_word' id='word_1_398' title='bbox 1942 1954 2088 2009; x_wconf 91' lang='lat' dir='ltr'><strong>enim</strong></span> <span class='ocrx_word' id='word_1_399' title='bbox 2128 1968 2285 2025; x_wconf 76' lang='lat' dir='ltr'><strong>teque</strong></span> <span class='ocrx_word' id='word_1_400' title='bbox 2332 1953 2513 2009; x_wconf 89' lang='lat' dir='ltr'><strong>turbat</strong></span> <span class='ocrx_word' id='word_1_401' title='bbox 2542 1952 2786 2021; x_wconf 89' lang='lat' dir='ltr'><strong>oculum,</strong></span> <span class='ocrx_word' id='word_1_402' title='bbox 2816 1962 2978 2025; x_wconf 90' lang='lat' dir='ltr'><strong>atque</strong></span> <span class='ocrx_word' id='word_1_403' title='bbox 3004 1956 3145 2011; x_wconf 90' lang='lat' dir='ltr'><strong>mala</strong></span> <span class='ocrx_word' id='word_1_404' title='bbox 3168 1959 3497 2018; x_wconf 88' lang='lat' dir='ltr'><strong>conscientia</strong></span> <span class='ocrx_word' id='word_1_405' title='bbox 3531 1981 3548 2016; x_wconf 89' lang='lat'><strong>:</strong></span> 
     </span>
    </p>
   </div>
   <div class='ocr_carea' id='block_1_52' title="bbox 1941 2044 3555 2127">
    <p class='ocr_par' dir='ltr' id='par_1_52' title="bbox 1941 2044 3555 2127">
     <span class='ocr_line' id='line_1_52' title="bbox 1941 2044 3555 2127; baseline 0.004 -27"><span class='ocrx_word' id='word_1_406' title='bbox 1941 2044 2200 2101; x_wconf 74' lang='lat' dir='ltr'><strong>Turbatus</strong></span> <span class='ocrx_word' id='word_1_407' title='bbox 2225 2054 2320 2114; x_wconf 81' lang='lat' dir='ltr'><strong>est,</strong></span> <span class='ocrx_word' id='word_1_408' title='bbox 2344 2045 2539 2117; x_wconf 88' lang='lat' dir='ltr'><strong>inquit,</strong></span> <span class='ocrx_word' id='word_1_409' title='bbox 2562 2046 2627 2100; x_wconf 87' lang='lat' dir='ltr'><strong>ab</strong></span> <span class='ocrx_word' id='word_1_410' title='bbox 2651 2045 2732 2100; x_wconf 87' lang='lat' dir='ltr'><strong>ira</strong></span> <span class='ocrx_word' id='word_1_411' title='bbox 2757 2048 2941 2101; x_wconf 79' lang='lat' dir='ltr'><strong>oculus</strong></span> <span class='ocrx_word' id='word_1_412' title='bbox 2970 2064 3113 2105; x_wconf 83' lang='lat' dir='ltr'><strong>meus</strong></span> <span class='ocrx_word' id='word_1_413' title='bbox 3141 2048 3331 2123; x_wconf 84' lang='lat' dir='ltr'><strong>(Psal.</strong></span> <span class='ocrx_word' id='word_1_414' title='bbox 3357 2054 3411 2109; x_wconf 87' lang='lat'><strong>6.</strong></span> <span class='ocrx_word' id='word_1_415' title='bbox 3443 2054 3515 2127; x_wconf 90' lang='lat'><strong>8)</strong></span> <span class='ocrx_word' id='word_1_416' title='bbox 3541 2071 3555 2107; x_wconf 89' lang='lat'><strong>:</strong></span> 
     </span>
    </p>
   </div>
   <div class='ocr_carea' id='block_1_53' title="bbox 1941 2135 3562 2209">
    <p class='ocr_par' dir='ltr' id='par_1_53' title="bbox 1941 2135 3562 2209">
     <span class='ocr_line' id='line_1_53' title="bbox 1941 2135 3562 2209; baseline 0.007 -17"><span class='ocrx_word' id='word_1_417' title='bbox 1941 2136 2077 2192; x_wconf 92' lang='lat' dir='ltr'><strong>nihil</strong></span> <span class='ocrx_word' id='word_1_418' title='bbox 2116 2152 2269 2209; x_wconf 61' lang='lat' dir='ltr'><strong>atque</strong></span> <span class='ocrx_word' id='word_1_419' title='bbox 2307 2135 2539 2193; x_wconf 73' lang='lat' dir='ltr'><strong>offundit</strong></span> <span class='ocrx_word' id='word_1_420' title='bbox 2592 2136 2869 2194; x_wconf 85' lang='lat' dir='ltr'><strong>tenebras.</strong></span> <span class='ocrx_word' id='word_1_421' title='bbox 2921 2139 3059 2195; x_wconf 89' lang='lat' dir='ltr'><strong>Eum</strong></span> <span class='ocrx_word' id='word_1_422' title='bbox 3120 2141 3288 2199; x_wconf 87' lang='lat' dir='ltr'><strong>libera</strong></span> <span class='ocrx_word' id='word_1_423' title='bbox 3333 2145 3403 2201; x_wconf 93' lang='lat' dir='ltr'><strong>ab</strong></span> <span class='ocrx_word' id='word_1_424' title='bbox 3456 2146 3562 2204; x_wconf 91' lang='lat' dir='ltr'><strong>hac</strong></span> 
     </span>
    </p>
   </div>
   <div class='ocr_carea' id='block_1_54' title="bbox 1942 2230 3561 2308">
    <p class='ocr_par' dir='ltr' id='par_1_54' title="bbox 1942 2230 3561 2308">
     <span class='ocr_line' id='line_1_54' title="bbox 1942 2230 3561 2308; baseline 0.007 -22"><span class='ocrx_word' id='word_1_425' title='bbox 1942 2231 2265 2298; x_wconf 82' lang='lat' dir='ltr'><strong>offensione,</strong></span> <span class='ocrx_word' id='word_1_426' title='bbox 2298 2238 2354 2287; x_wconf 92' lang='lat' dir='ltr'><strong>et</strong></span> <span class='ocrx_word' id='word_1_427' title='bbox 2393 2230 2593 2287; x_wconf 87' lang='lat' dir='ltr'><strong>reddes</strong></span> <span class='ocrx_word' id='word_1_428' title='bbox 2624 2231 2828 2299; x_wconf 59' lang='lat' dir='ltr'><strong>latum,</strong></span> <span class='ocrx_word' id='word_1_429' title='bbox 2862 2232 3100 2290; x_wconf 90' lang='lat' dir='ltr'><strong>alacrem</strong></span> <span class='ocrx_word' id='word_1_430' title='bbox 3129 2243 3186 2292; x_wconf 89' lang='lat' dir='ltr'><strong>et</strong></span> <span class='ocrx_word' id='word_1_431' title='bbox 3231 2236 3453 2308; x_wconf 87' lang='lat' dir='ltr'><strong>fortem,</strong></span> <span class='ocrx_word' id='word_1_432' title='bbox 3506 2253 3561 2298; x_wconf 78' lang='lat' dir='ltr'><strong>et</strong></span> 
     </span>
    </p>
   </div>
   <div class='ocr_carea' id='block_1_55' title="bbox 1942 2324 3562 2395">
    <p class='ocr_par' dir='ltr' id='par_1_55' title="bbox 1942 2324 3562 2395">
     <span class='ocr_line' id='line_1_55' title="bbox 1942 2324 3562 2395; baseline 0.006 -15"><span class='ocrx_word' id='word_1_433' title='bbox 1942 2324 2032 2394; x_wconf 86' lang='lat' dir='ltr'><strong>qui</strong></span> <span class='ocrx_word' id='word_1_434' title='bbox 2083 2324 2222 2380; x_wconf 90' lang='lat' dir='ltr'><strong>bona</strong></span> <span class='ocrx_word' id='word_1_435' title='bbox 2272 2338 2371 2394; x_wconf 91' lang='lat' dir='ltr'><strong>spe</strong></span> <span class='ocrx_word' id='word_1_436' title='bbox 2419 2337 2641 2395; x_wconf 86' lang='lat' dir='ltr'><strong>semper</strong></span> <span class='ocrx_word' id='word_1_437' title='bbox 2666 2325 2953 2394; x_wconf 80' lang='lat' dir='ltr'><strong>nutrietur.</strong></span> <span class='ocrx_word' id='word_1_438' title='bbox 2988 2327 3156 2384; x_wconf 83' lang='lat' dir='ltr'><strong>Detur</strong></span> <span class='ocrx_word' id='word_1_439' title='bbox 3193 2340 3372 2387; x_wconf 86' lang='lat' dir='ltr'><strong>autem</strong></span> <span class='ocrx_word' id='word_1_440' title='bbox 3405 2334 3562 2391; x_wconf 88' lang='lat' dir='ltr'><strong>nobis</strong></span> 
     </span>
    </p>
   </div>
   <div class='ocr_carea' id='block_1_56' title="bbox 1944 2416 3562 2499">
    <p class='ocr_par' dir='ltr' id='par_1_56' title="bbox 1944 2416 3562 2499">
     <span class='ocr_line' id='line_1_56' title="bbox 1944 2416 3562 2499; baseline 0.006 -26"><span class='ocrx_word' id='word_1_441' title='bbox 1944 2416 2215 2483; x_wconf 87' lang='lat' dir='ltr'><strong>omnibus,</strong></span> <span class='ocrx_word' id='word_1_442' title='bbox 2245 2425 2304 2472; x_wconf 91' lang='lat' dir='ltr'><strong>ut</strong></span> <span class='ocrx_word' id='word_1_443' title='bbox 2327 2425 2382 2473; x_wconf 91' lang='lat' dir='ltr'><strong>et</strong></span> <span class='ocrx_word' id='word_1_444' title='bbox 2406 2430 2553 2484; x_wconf 91' lang='lat' dir='ltr'><strong>eum,</strong></span> <span class='ocrx_word' id='word_1_445' title='bbox 2578 2427 2635 2474; x_wconf 91' lang='lat' dir='ltr'><strong>et</strong></span> <span class='ocrx_word' id='word_1_446' title='bbox 2677 2418 2811 2475; x_wconf 89' lang='lat' dir='ltr'><strong>alias</strong></span> <span class='ocrx_word' id='word_1_447' title='bbox 2840 2421 3109 2491; x_wconf 85' lang='lat' dir='ltr'><strong>ejusmodi</strong></span> <span class='ocrx_word' id='word_1_448' title='bbox 3144 2424 3338 2481; x_wconf 68' lang='lat' dir='ltr'><strong>animm</strong></span> <span class='ocrx_word' id='word_1_449' title='bbox 3363 2441 3562 2499; x_wconf 85' lang='lat' dir='ltr'><strong>opera-</strong></span> 
     </span>
    </p>
   </div>
   <div class='ocr_carea' id='block_1_57' title="bbox 1947 2510 3562 2587">
    <p class='ocr_par' dir='ltr' id='par_1_57' title="bbox 1947 2510 3562 2587">
     <span class='ocr_line' id='line_1_57' title="bbox 1947 2510 3562 2587; baseline 0.007 -23"><span class='ocrx_word' id='word_1_450' title='bbox 1947 2511 2123 2587; x_wconf 88' lang='lat' dir='ltr'><strong>tiones</strong></span> <span class='ocrx_word' id='word_1_451' title='bbox 2148 2523 2551 2578; x_wconf 88' lang='lat' dir='ltr'><strong>comparemus,</strong></span> <span class='ocrx_word' id='word_1_452' title='bbox 2582 2510 2885 2580; x_wconf 73' lang='lat' dir='ltr'><strong>cuiusmodi</strong></span> <span class='ocrx_word' id='word_1_453' title='bbox 2909 2512 3023 2568; x_wconf 91' lang='lat' dir='ltr'><strong>vult</strong></span> <span class='ocrx_word' id='word_1_454' title='bbox 3050 2513 3324 2584; x_wconf 87' lang='lat' dir='ltr'><strong>Christus,</strong></span> <span class='ocrx_word' id='word_1_455' title='bbox 3354 2528 3413 2574; x_wconf 94' lang='lat' dir='ltr'><strong>ut</strong></span> <span class='ocrx_word' id='word_1_456' title='bbox 3458 2533 3562 2576; x_wconf 84' lang='lat' dir='ltr'><strong>no-</strong></span> 
     </span>
    </p>
   </div>
   <div class='ocr_carea' id='block_1_58' title="bbox 1943 2601 3561 2677">
    <p class='ocr_par' dir='ltr' id='par_1_58' title="bbox 1943 2601 3561 2677">
     <span class='ocr_line' id='line_1_58' title="bbox 1943 2601 3561 2677; baseline 0.009 -22"><span class='ocrx_word' id='word_1_457' title='bbox 1943 2601 2030 2657; x_wconf 88' lang='lat' dir='ltr'><strong>bis</strong></span> <span class='ocrx_word' id='word_1_458' title='bbox 2058 2601 2313 2672; x_wconf 89' lang='lat' dir='ltr'><strong>imposito</strong></span> <span class='ocrx_word' id='word_1_459' title='bbox 2334 2602 2511 2673; x_wconf 89' lang='lat' dir='ltr'><strong>capite</strong></span> <span class='ocrx_word' id='word_1_460' title='bbox 2534 2602 2682 2673; x_wconf 80' lang='lat' dir='ltr'><strong>digni</strong></span> <span class='ocrx_word' id='word_1_461' title='bbox 2702 2602 2900 2673; x_wconf 77' lang='lat' dir='ltr'><strong>effecti,</strong></span> <span class='ocrx_word' id='word_1_462' title='bbox 2924 2619 2998 2661; x_wconf 91' lang='lat' dir='ltr'><strong>eo</strong></span> <span class='ocrx_word' id='word_1_463' title='bbox 3011 2621 3123 2677; x_wconf 53' lang='lat' dir='ltr'><strong>quo.</strong></span> <span class='ocrx_word' id='word_1_464' title='bbox 3140 2608 3255 2664; x_wconf 89' lang='lat' dir='ltr'><strong>vult</strong></span> <span class='ocrx_word' id='word_1_465' title='bbox 3273 2610 3561 2671; x_wconf 87' lang='lat' dir='ltr'><strong>abeamus.</strong></span> 
     </span>
    </p>
   </div>
   <div class='ocr_carea' id='block_1_59' title="bbox 1948 2693 3566 2772">
    <p class='ocr_par' dir='ltr' id='par_1_59' title="bbox 1948 2693 3566 2772">
     <span class='ocr_line' id='line_1_59' title="bbox 1948 2693 3566 2772; baseline 0.008 -23"><span class='ocrx_word' id='word_1_466' title='bbox 1948 2694 2085 2749; x_wconf 88' lang='lat' dir='ltr'><strong>Dicit</strong></span> <span class='ocrx_word' id='word_1_467' title='bbox 2107 2695 2275 2762; x_wconf 90' lang='lat' dir='ltr'><strong>enim,</strong></span> <span class='ocrx_word' id='word_1_468' title='bbox 2314 2693 2444 2750; x_wconf 86' lang='lat' dir='ltr'><strong>Volo</strong></span> <span class='ocrx_word' id='word_1_469' title='bbox 2480 2704 2557 2762; x_wconf 89' lang='lat' dir='ltr'><strong>ut,</strong></span> <span class='ocrx_word' id='word_1_470' title='bbox 2588 2696 2673 2751; x_wconf 88' lang='lat' dir='ltr'><strong>ubi</strong></span> <span class='ocrx_word' id='word_1_471' title='bbox 2703 2713 2803 2768; x_wconf 88' lang='lat' dir='ltr'><strong>ego</strong></span> <span class='ocrx_word' id='word_1_472' title='bbox 2829 2715 2964 2766; x_wconf 88' lang='lat' dir='ltr'><strong>sum,</strong></span> <span class='ocrx_word' id='word_1_473' title='bbox 2992 2700 3073 2755; x_wconf 88' lang='lat' dir='ltr'><strong>illi</strong></span> <span class='ocrx_word' id='word_1_474' title='bbox 3097 2718 3296 2772; x_wconf 80' lang='lat' dir='ltr'><strong>quoque</strong></span> <span class='ocrx_word' id='word_1_475' title='bbox 3318 2706 3418 2760; x_wconf 85' lang='lat' dir='ltr'><strong>sint</strong></span> <span class='ocrx_word' id='word_1_476' title='bbox 3453 2724 3566 2762; x_wconf 82' lang='lat' dir='ltr'><strong>me-</strong></span> 
     </span>
    </p>
   </div>
   <div class='ocr_carea' id='block_1_60' title="bbox 1936 2794 3559 2869">
    <p class='ocr_par' dir='ltr' id='par_1_60' title="bbox 1936 2794 3559 2869">
     <span class='ocr_line' id='line_1_60' title="bbox 1936 2794 3559 2869; baseline 0.006 -24"><span class='ocrx_word' id='word_1_477' title='bbox 1936 2809 2074 2863; x_wconf 77' lang='lat' dir='ltr'><strong>eum,</strong></span> <span class='ocrx_word' id='word_1_478' title='bbox 2102 2802 2157 2848; x_wconf 86' lang='lat' dir='ltr'><strong>ut</strong></span> <span class='ocrx_word' id='word_1_479' title='bbox 2181 2810 2345 2848; x_wconf 88' lang='lat' dir='ltr'><strong>meam</strong></span> <span class='ocrx_word' id='word_1_480' title='bbox 2373 2794 2593 2865; x_wconf 80' lang='lat' dir='ltr'><strong>gloriam</strong></span> <span class='ocrx_word' id='word_1_481' title='bbox 2629 2795 2837 2850; x_wconf 78' lang='lat' dir='ltr'><strong>videant</strong></span> <span class='ocrx_word' id='word_1_482' title='bbox 2878 2795 3063 2866; x_wconf 81' lang='lat' dir='ltr'><strong>(Joan</strong></span> <span class='ocrx_word' id='word_1_483' title='bbox 3098 2796 3186 2851; x_wconf 85' lang='grc'><strong>17.</strong></span> <span class='ocrx_word' id='word_1_484' title='bbox 3214 2795 3320 2859; x_wconf 63' lang='grc'><strong>21)</strong></span> <span class='ocrx_word' id='word_1_485' title='bbox 3352 2814 3367 2850; x_wconf 93' lang='lat'><strong>:</strong></span> <span class='ocrx_word' id='word_1_486' title='bbox 3396 2813 3559 2869; x_wconf 89' lang='lat' dir='ltr'><strong>quam</strong></span> 
     </span>
    </p>
   </div>
   <div class='ocr_carea' id='block_1_61' title="bbox 1936 2884 3560 2959">
    <p class='ocr_par' dir='ltr' id='par_1_61' title="bbox 1936 2884 3560 2959">
     <span class='ocr_line' id='line_1_61' title="bbox 1936 2884 3560 2959; baseline 0.004 -19"><span class='ocrx_word' id='word_1_487' title='bbox 1936 2884 2097 2941; x_wconf 89' lang='lat' dir='ltr'><strong>detur</strong></span> <span class='ocrx_word' id='word_1_488' title='bbox 2124 2887 2282 2942; x_wconf 88' lang='lat' dir='ltr'><strong>nobis</strong></span> <span class='ocrx_word' id='word_1_489' title='bbox 2305 2888 2559 2943; x_wconf 89' lang='lat' dir='ltr'><strong>omnibus</strong></span> <span class='ocrx_word' id='word_1_490' title='bbox 2577 2889 2837 2959; x_wconf 90' lang='lat' dir='ltr'><strong>consequi</strong></span> <span class='ocrx_word' id='word_1_491' title='bbox 2858 2889 2913 2943; x_wconf 91' lang='lat' dir='ltr'><strong>in</strong></span> <span class='ocrx_word' id='word_1_492' title='bbox 2937 2888 3158 2945; x_wconf 90' lang='lat' dir='ltr'><strong>Christo</strong></span> <span class='ocrx_word' id='word_1_493' title='bbox 3174 2889 3301 2946; x_wconf 82' lang='lat' dir='ltr'><strong>Jesu</strong></span> <span class='ocrx_word' id='word_1_494' title='bbox 3329 2892 3560 2948; x_wconf 92' lang='lat' dir='ltr'><strong>Domino</strong></span> 
     </span>
    </p>
   </div>
   <div class='ocr_carea' id='block_1_62' title="bbox 1938 2979 3553 3053">
    <p class='ocr_par' dir='ltr' id='par_1_62' title="bbox 1938 2979 3553 3053">
     <span class='ocr_line' id='line_1_62' title="bbox 1938 2979 3553 3053; baseline 0.003 -20"><span class='ocrx_word' id='word_1_495' title='bbox 1938 2990 2145 3045; x_wconf 86' lang='lat' dir='ltr'><strong>nostro,</strong></span> <span class='ocrx_word' id='word_1_496' title='bbox 2176 2994 2298 3034; x_wconf 91' lang='lat' dir='ltr'><strong>cum</strong></span> <span class='ocrx_word' id='word_1_497' title='bbox 2322 2995 2428 3050; x_wconf 88' lang='lat' dir='ltr'><strong>quo</strong></span> <span class='ocrx_word' id='word_1_498' title='bbox 2459 2989 2546 3036; x_wconf 92' lang='lat' dir='ltr'><strong>est</strong></span> <span class='ocrx_word' id='word_1_499' title='bbox 2574 2980 2718 3034; x_wconf 83' lang='lat' dir='ltr'><strong>Patri</strong></span> <span class='ocrx_word' id='word_1_500' title='bbox 2760 2989 2815 3036; x_wconf 94' lang='lat' dir='ltr'><strong>et</strong></span> <span class='ocrx_word' id='word_1_501' title='bbox 2852 2979 3074 3051; x_wconf 89' lang='lat' dir='ltr'><strong>Spiritui</strong></span> <span class='ocrx_word' id='word_1_502' title='bbox 3118 2992 3307 3037; x_wconf 86' lang='lat' dir='ltr'><strong>sancto</strong></span> <span class='ocrx_word' id='word_1_503' title='bbox 3346 2983 3516 3053; x_wconf 85' lang='lat' dir='ltr'><strong>gloria</strong></span> <span class='ocrx_word' id='word_1_504' title='bbox 3537 3026 3553 3049; x_wconf 94' lang='lat'><strong>,</strong></span> 
     </span>
    </p>
   </div>
   <div class='ocr_carea' id='block_1_63' title="bbox 1945 3080 3558 3157">
    <p class='ocr_par' dir='ltr' id='par_1_63' title="bbox 1945 3080 3558 3157">
     <span class='ocr_line' id='line_1_63' title="bbox 1945 3080 3558 3157; baseline -0.004 -16"><span class='ocrx_word' id='word_1_505' title='bbox 1945 3088 2232 3157; x_wconf 87' lang='lat' dir='ltr'><strong>imperium</strong></span> <span class='ocrx_word' id='word_1_506' title='bbox 2252 3126 2265 3148; x_wconf 91' lang='lat'><strong>,</strong></span> <span class='ocrx_word' id='word_1_507' title='bbox 2306 3083 2513 3149; x_wconf 89' lang='lat' dir='ltr'><strong>honor,</strong></span> <span class='ocrx_word' id='word_1_508' title='bbox 2547 3096 2692 3136; x_wconf 90' lang='lat' dir='ltr'><strong>nunc</strong></span> <span class='ocrx_word' id='word_1_509' title='bbox 2712 3089 2767 3135; x_wconf 91' lang='lat' dir='ltr'><strong>et</strong></span> <span class='ocrx_word' id='word_1_510' title='bbox 2792 3093 3029 3151; x_wconf 87' lang='lat' dir='ltr'><strong>semper,</strong></span> <span class='ocrx_word' id='word_1_511' title='bbox 3061 3087 3114 3134; x_wconf 88' lang='lat' dir='ltr'><strong>et</strong></span> <span class='ocrx_word' id='word_1_512' title='bbox 3142 3080 3197 3133; x_wconf 90' lang='lat' dir='ltr'><strong>in</strong></span> <span class='ocrx_word' id='word_1_513' title='bbox 3228 3087 3425 3135; x_wconf 68' lang='lat' dir='ltr'><strong>sarcula</strong></span> <span class='ocrx_word' id='word_1_514' title='bbox 3453 3094 3558 3135; x_wconf 74' lang='lat' dir='ltr'><strong>sa:-</strong></span> 
     </span>
    </p>
   </div>
   <div class='ocr_carea' id='block_1_64' title="bbox 1943 3178 2433 3237">
    <p class='ocr_par' dir='ltr' id='par_1_64' title="bbox 1943 3178 2433 3237">
     <span class='ocr_line' id='line_1_64' title="bbox 1943 3178 2433 3237; baseline -0.01 -1"><span class='ocrx_word' id='word_1_515' title='bbox 1943 3182 2207 3237; x_wconf 90' lang='lat' dir='ltr'><strong>eulorum.</strong></span> <span class='ocrx_word' id='word_1_516' title='bbox 2240 3178 2433 3233; x_wconf 76' lang='lat' dir='ltr'><strong>Amen.</strong></span> 
     </span>
    </p>
   </div>
   <div class='ocr_carea' id='block_1_65' title="bbox 238 3360 3557 3386">
    <p class='ocr_par' dir='ltr' id='par_1_65' title="bbox 238 3360 3557 3386">
     <span class='ocr_line' id='line_1_65' title="bbox 238 3360 3557 3386; baseline 0.002 -9"><span class='ocrx_word' id='word_1_517' title='bbox 238 3360 3557 3386; x_wconf 61' lang='lat' dir='ltr'><strong>——————t—c————————-—-—-——————————-—————————————-————u—.</strong></span> 
     </span>
    </p>
   </div>
   <div class='ocr_carea' id='block_1_66' title="bbox 1636 3414 2260 3480">
    <p class='ocr_par' dir='ltr' id='par_1_66' title="bbox 1636 3414 2260 3480">
     <span class='ocr_line' id='line_1_66' title="bbox 1636 3414 2260 3480; baseline -0.003 -2"><span class='ocrx_word' id='word_1_518' title='bbox 1636 3416 1985 3478; x_wconf 79' lang='lat' dir='ltr'><strong>HOMILIA</strong></span> <span class='ocrx_word' id='word_1_519' title='bbox 2026 3414 2260 3480; x_wconf 83' lang='lat' dir='ltr'><strong>XVIII.</strong></span> 
     </span>
    </p>
   </div>
   <div class='ocr_carea' id='block_1_67' title="bbox 232 3541 1842 3617">
    <p class='ocr_par' dir='ltr' id='par_1_67' title="bbox 232 3541 1842 3617">
     <span class='ocr_line' id='line_1_67' title="bbox 232 3541 1842 3617; baseline -0.006 -14"><span class='ocrx_word' id='word_1_520' title='bbox 232 3546 361 3604; x_wconf 62' lang='lat' dir='ltr'><strong>Cir.</strong></span> <span class='ocrx_word' id='word_1_521' title='bbox 395 3548 485 3605; x_wconf 87' lang='grc'><strong>10.</strong></span> <span class='ocrx_word' id='word_1_522' title='bbox 516 3564 571 3600; x_wconf 85' lang='lat' dir='ltr'><strong>v.</strong></span> <span class='ocrx_word' id='word_1_523' title='bbox 604 3548 658 3603; x_wconf 85' lang='lat'><strong>8.</strong></span> <span class='ocrx_word' id='word_1_524' title='bbox 693 3546 948 3617; x_wconf 73' lang='lat' dir='ltr'><strong>Superius</strong></span> <span class='ocrx_word' id='word_1_525' title='bbox 982 3544 1156 3600; x_wconf 87' lang='lat' dir='ltr'><strong>dicens</strong></span> <span class='ocrx_word' id='word_1_526' title='bbox 1185 3561 1204 3599; x_wconf 91' lang='lat'><strong><em>:</em></strong></span> <span class='ocrx_word' id='word_1_527' title='bbox 1235 3543 1447 3600; x_wconf 84' lang='lat' dir='ltr'><strong>Hostias</strong></span> <span class='ocrx_word' id='word_1_528' title='bbox 1479 3552 1525 3598; x_wconf 91' lang='lat' dir='ltr'><strong>et</strong></span> <span class='ocrx_word' id='word_1_529' title='bbox 1556 3541 1842 3597; x_wconf 80' lang='lat' dir='ltr'><strong>oblationes</strong></span> 
     </span>
    </p>
   </div>
   <div class='ocr_carea' id='block_1_68' title="bbox 306 3638 1837 3711">
    <p class='ocr_par' dir='ltr' id='par_1_68' title="bbox 306 3638 1837 3711">
     <span class='ocr_line' id='line_1_68' title="bbox 306 3638 1837 3711; baseline -0.005 -15"><span class='ocrx_word' id='word_1_530' title='bbox 306 3652 354 3696; x_wconf 89' lang='lat' dir='ltr'><strong>et</strong></span> <span class='ocrx_word' id='word_1_531' title='bbox 402 3641 709 3696; x_wconf 79' lang='lat' dir='ltr'><strong>holocausta</strong></span> <span class='ocrx_word' id='word_1_532' title='bbox 739 3655 835 3707; x_wconf 87' lang='lat' dir='ltr'><strong>pro</strong></span> <span class='ocrx_word' id='word_1_533' title='bbox 876 3647 1084 3711; x_wconf 85' lang='lat' dir='ltr'><strong>peccato</strong></span> <span class='ocrx_word' id='word_1_534' title='bbox 1114 3639 1346 3704; x_wconf 82' lang='lat' dir='ltr'><strong>noluisti,</strong></span> <span class='ocrx_word' id='word_1_535' title='bbox 1387 3653 1479 3691; x_wconf 85' lang='lat' dir='ltr'><strong>nec</strong></span> <span class='ocrx_word' id='word_1_536' title='bbox 1504 3638 1694 3707; x_wconf 83' lang='lat' dir='ltr'><strong>placita</strong></span> <span class='ocrx_word' id='word_1_537' title='bbox 1719 3643 1837 3689; x_wconf 88' lang='lat' dir='ltr'><strong>sunt</strong></span> 
     </span>
    </p>
   </div>
   <div class='ocr_carea' id='block_1_69' title="bbox 304 3727 1837 3803">
    <p class='ocr_par' dir='ltr' id='par_1_69' title="bbox 304 3727 1837 3803">
     <span class='ocr_line' id='line_1_69' title="bbox 304 3727 1837 3803; baseline -0.004 -17"><span class='ocrx_word' id='word_1_538' title='bbox 304 3734 394 3787; x_wconf 82' lang='lat' dir='ltr'><strong>tibi</strong></span> <span class='ocrx_word' id='word_1_539' title='bbox 423 3748 540 3802; x_wconf 83' lang='lat' dir='ltr'><strong>qua:</strong></span> <span class='ocrx_word' id='word_1_540' title='bbox 577 3730 860 3786; x_wconf 88' lang='lat' dir='ltr'><strong>secundum</strong></span> <span class='ocrx_word' id='word_1_541' title='bbox 891 3731 1052 3803; x_wconf 87' lang='lat' dir='ltr'><strong>legem</strong></span> <span class='ocrx_word' id='word_1_542' title='bbox 1081 3729 1370 3797; x_wconf 75' lang='lat' dir='ltr'><strong>oﬂ&#39;eruntur</strong></span> <span class='ocrx_word' id='word_1_543' title='bbox 1397 3746 1416 3783; x_wconf 92' lang='lat'><strong><em>:</em></strong></span> <span class='ocrx_word' id='word_1_544' title='bbox 1444 3728 1498 3784; x_wconf 88' lang='lat'><strong>9.</strong></span> <span class='ocrx_word' id='word_1_545' title='bbox 1531 3738 1650 3782; x_wconf 88' lang='lat' dir='ltr'><strong>tunc</strong></span> <span class='ocrx_word' id='word_1_546' title='bbox 1680 3727 1790 3782; x_wconf 74' lang='lat' dir='ltr'><strong>dixi</strong></span> <span class='ocrx_word' id='word_1_547' title='bbox 1818 3744 1837 3780; x_wconf 89' lang='lat'><strong><em>:</em></strong></span> 
     </span>
    </p>
   </div>
   <div class='ocr_carea' id='block_1_70' title="bbox 304 3820 1839 3894">
    <p class='ocr_par' dir='ltr' id='par_1_70' title="bbox 304 3820 1839 3894">
     <span class='ocr_line' id='line_1_70' title="bbox 304 3820 1839 3894; baseline -0.002 -17"><span class='ocrx_word' id='word_1_548' title='bbox 304 3823 443 3877; x_wconf 83' lang='lat' dir='ltr'><strong>Ecce</strong></span> <span class='ocrx_word' id='word_1_549' title='bbox 468 3823 611 3877; x_wconf 82' lang='lat' dir='ltr'><strong>uenio</strong></span> <span class='ocrx_word' id='word_1_550' title='bbox 634 3832 687 3877; x_wconf 88' lang='lat' dir='ltr'><strong>ut</strong></span> <span class='ocrx_word' id='word_1_551' title='bbox 716 3822 929 3894; x_wconf 80' lang='lat' dir='ltr'><strong>faciam,</strong></span> <span class='ocrx_word' id='word_1_552' title='bbox 952 3820 1113 3889; x_wconf 82' lang='lat' dir='ltr'><strong>Deus,</strong></span> <span class='ocrx_word' id='word_1_553' title='bbox 1136 3822 1448 3876; x_wconf 82' lang='lat' dir='ltr'><strong>voluntatem</strong></span> <span class='ocrx_word' id='word_1_554' title='bbox 1472 3829 1632 3875; x_wconf 85' lang='lat' dir='ltr'><strong>tuam.</strong></span> <span class='ocrx_word' id='word_1_555' title='bbox 1661 3822 1839 3891; x_wconf 79' lang='lat' dir='ltr'><strong>Aufert</strong></span> 
     </span>
    </p>
   </div>
   <div class='ocr_carea' id='block_1_71' title="bbox 306 3911 1841 3987">
    <p class='ocr_par' dir='ltr' id='par_1_71' title="bbox 306 3911 1841 3987">
     <span class='ocr_line' id='line_1_71' title="bbox 306 3911 1841 3987; baseline -0.001 -19"><span class='ocrx_word' id='word_1_556' title='bbox 306 3916 551 3985; x_wconf 79' lang='lat' dir='ltr'><strong>primunt,</strong></span> <span class='ocrx_word' id='word_1_557' title='bbox 594 3924 650 3967; x_wconf 84' lang='lat' dir='ltr'><strong>ut</strong></span> <span class='ocrx_word' id='word_1_558' title='bbox 692 3929 905 3987; x_wconf 83' lang='lat' dir='ltr'><strong>sequens</strong></span> <span class='ocrx_word' id='word_1_559' title='bbox 948 3922 1162 3968; x_wconf 81' lang='lat' dir='ltr'><strong>statuat.</strong></span> <span class='ocrx_word' id='word_1_560' title='bbox 1208 3912 1297 3969; x_wconf 69' lang='grc' dir='ltr'><strong>ιο.</strong></span> <span class='ocrx_word' id='word_1_561' title='bbox 1341 3912 1409 3966; x_wconf 85' lang='grc' dir='ltr'><strong>1η</strong></span> <span class='ocrx_word' id='word_1_562' title='bbox 1450 3928 1552 3979; x_wconf 90' lang='lat' dir='ltr'><strong>qua</strong></span> <span class='ocrx_word' id='word_1_563' title='bbox 1581 3911 1841 3967; x_wconf 81' lang='lat' dir='ltr'><strong>uoluntate</strong></span> 
     </span>
    </p>
   </div>
   <div class='ocr_carea' id='block_1_72' title="bbox 304 4004 1839 4079">
    <p class='ocr_par' dir='ltr' id='par_1_72' title="bbox 304 4004 1839 4079">
     <span class='ocr_line' id='line_1_72' title="bbox 304 4004 1839 4079; baseline -0.002 -17"><span class='ocrx_word' id='word_1_564' title='bbox 304 4007 616 4077; x_wconf 83' lang='lat' dir='ltr'><strong>sanctiﬁcati</strong></span> <span class='ocrx_word' id='word_1_565' title='bbox 684 4024 858 4063; x_wconf 86' lang='lat' dir='ltr'><strong>sumus</strong></span> <span class='ocrx_word' id='word_1_566' title='bbox 928 4024 1017 4079; x_wconf 80' lang='lat' dir='ltr'><strong>per</strong></span> <span class='ocrx_word' id='word_1_567' title='bbox 1076 4007 1382 4062; x_wconf 82' lang='lat' dir='ltr'><strong>oblationem</strong></span> <span class='ocrx_word' id='word_1_568' title='bbox 1429 4006 1657 4078; x_wconf 89' lang='lat' dir='ltr'><strong>corporis</strong></span> <span class='ocrx_word' id='word_1_569' title='bbox 1711 4004 1839 4059; x_wconf 75' lang='lat' dir='ltr'><strong>Iesu</strong></span> 
     </span>
    </p>
   </div>
   <div class='ocr_carea' id='block_1_73' title="bbox 301 4100 1837 4172">
    <p class='ocr_par' dir='ltr' id='par_1_73' title="bbox 301 4100 1837 4172">
     <span class='ocr_line' id='line_1_73' title="bbox 301 4100 1837 4172; baseline -0.003 -15"><span class='ocrx_word' id='word_1_570' title='bbox 301 4102 495 4157; x_wconf 78' lang='lat' dir='ltr'><strong>Christi</strong></span> <span class='ocrx_word' id='word_1_571' title='bbox 526 4101 699 4156; x_wconf 88' lang='lat' dir='ltr'><strong>seutel.</strong></span> <span class='ocrx_word' id='word_1_572' title='bbox 740 4101 830 4156; x_wconf 89' lang='grc'><strong>11.</strong></span> <span class='ocrx_word' id='word_1_573' title='bbox 860 4100 929 4155; x_wconf 88' lang='lat' dir='ltr'><strong>Et</strong></span> <span class='ocrx_word' id='word_1_574' title='bbox 959 4101 1124 4156; x_wconf 88' lang='lat' dir='ltr'><strong>omnis</strong></span> <span class='ocrx_word' id='word_1_575' title='bbox 1151 4102 1352 4172; x_wconf 81' lang='lat' dir='ltr'><strong>quidem</strong></span> <span class='ocrx_word' id='word_1_576' title='bbox 1380 4100 1620 4156; x_wconf 87' lang='lat' dir='ltr'><strong>sacerdos</strong></span> <span class='ocrx_word' id='word_1_577' title='bbox 1648 4110 1837 4171; x_wconf 77' lang='lat' dir='ltr'><strong>prwsto</strong></span> 
     </span>
    </p>
   </div>
   <div class='ocr_carea' id='block_1_74' title="bbox 299 4192 1839 4265">
    <p class='ocr_par' dir='ltr' id='par_1_74' title="bbox 299 4192 1839 4265">
     <span class='ocr_line' id='line_1_74' title="bbox 299 4192 1839 4265; baseline -0.003 -15"><span class='ocrx_word' id='word_1_578' title='bbox 299 4206 374 4250; x_wconf 88' lang='lat' dir='ltr'><strong>est</strong></span> <span class='ocrx_word' id='word_1_579' title='bbox 419 4194 644 4265; x_wconf 85' lang='lat' dir='ltr'><strong>quotidie</strong></span> <span class='ocrx_word' id='word_1_580' title='bbox 669 4194 986 4258; x_wconf 87' lang='lat' dir='ltr'><strong>ministrans,</strong></span> <span class='ocrx_word' id='word_1_581' title='bbox 1013 4203 1063 4255; x_wconf 75' lang='lat' dir='ltr'><strong>et</strong></span> <span class='ocrx_word' id='word_1_582' title='bbox 1092 4193 1291 4249; x_wconf 87' lang='lat' dir='ltr'><strong>easdem</strong></span> <span class='ocrx_word' id='word_1_583' title='bbox 1320 4209 1457 4262; x_wconf 66' lang='lat' dir='ltr'><strong>stupe</strong></span> <span class='ocrx_word' id='word_1_584' title='bbox 1495 4192 1713 4259; x_wconf 76' lang='lat' dir='ltr'><strong>oﬂ&#39;erens</strong></span> <span class='ocrx_word' id='word_1_585' title='bbox 1745 4193 1839 4245; x_wconf 77' lang='lat' dir='ltr'><strong>lto-</strong></span> 
     </span>
    </p>
   </div>
   <div class='ocr_carea' id='block_1_75' title="bbox 300 4284 1836 4357">
    <p class='ocr_par' dir='ltr' id='par_1_75' title="bbox 300 4284 1836 4357">
     <span class='ocr_line' id='line_1_75' title="bbox 300 4284 1836 4357; baseline -0.003 -16"><span class='ocrx_word' id='word_1_586' title='bbox 300 4288 448 4351; x_wconf 87' lang='lat' dir='ltr'><strong>stias,</strong></span> <span class='ocrx_word' id='word_1_587' title='bbox 473 4303 586 4357; x_wconf 76' lang='lat' dir='ltr'><strong>qua:</strong></span> <span class='ocrx_word' id='word_1_588' title='bbox 610 4303 710 4340; x_wconf 88' lang='lat' dir='ltr'><strong>non</strong></span> <span class='ocrx_word' id='word_1_589' title='bbox 732 4295 943 4355; x_wconf 83' lang='lat' dir='ltr'><strong>possunt</strong></span> <span class='ocrx_word' id='word_1_590' title='bbox 966 4286 1171 4355; x_wconf 77' lang='lat' dir='ltr'><strong>auferre</strong></span> <span class='ocrx_word' id='word_1_591' title='bbox 1198 4294 1434 4355; x_wconf 86' lang='lat' dir='ltr'><strong>peccata:</strong></span> <span class='ocrx_word' id='word_1_592' title='bbox 1453 4284 1537 4339; x_wconf 73' lang='lat'><strong>12.</strong></span> <span class='ocrx_word' id='word_1_593' title='bbox 1565 4285 1645 4338; x_wconf 83' lang='lat' dir='ltr'><strong>hic</strong></span> <span class='ocrx_word' id='word_1_594' title='bbox 1666 4295 1836 4338; x_wconf 87' lang='lat' dir='ltr'><strong>autem</strong></span> 
     </span>
    </p>
   </div>
   <div class='ocr_carea' id='block_1_76' title="bbox 299 4378 1835 4450">
    <p class='ocr_par' dir='ltr' id='par_1_76' title="bbox 299 4378 1835 4450">
     <span class='ocr_line' id='line_1_76' title="bbox 299 4378 1835 4450; baseline 0 -17"><span class='ocrx_word' id='word_1_595' title='bbox 299 4397 458 4433; x_wconf 88' lang='lat' dir='ltr'><strong>unam</strong></span> <span class='ocrx_word' id='word_1_596' title='bbox 487 4396 579 4449; x_wconf 84' lang='lat' dir='ltr'><strong>pro</strong></span> <span class='ocrx_word' id='word_1_597' title='bbox 607 4382 825 4450; x_wconf 85' lang='lat' dir='ltr'><strong>peccatis</strong></span> <span class='ocrx_word' id='word_1_598' title='bbox 855 4378 1076 4446; x_wconf 73' lang='lat' dir='ltr'><strong>offerens</strong></span> <span class='ocrx_word' id='word_1_599' title='bbox 1101 4379 1355 4445; x_wconf 79' lang='lat' dir='ltr'><strong>hostiam,</strong></span> <span class='ocrx_word' id='word_1_600' title='bbox 1385 4381 1439 4433; x_wconf 87' lang='lat' dir='ltr'><strong>in</strong></span> <span class='ocrx_word' id='word_1_601' title='bbox 1471 4380 1835 4450; x_wconf 86' lang='lat' dir='ltr'><strong>sempiternum</strong></span> 
     </span>
    </p>
   </div>
   <div class='ocr_carea' id='block_1_77' title="bbox 298 4470 1831 4541">
    <p class='ocr_par' dir='ltr' id='par_1_77' title="bbox 298 4470 1831 4541">
     <span class='ocr_line' id='line_1_77' title="bbox 298 4470 1831 4541; baseline 0.001 -17"><span class='ocrx_word' id='word_1_602' title='bbox 298 4473 439 4524; x_wconf 88' lang='lat' dir='ltr'><strong>sedet</strong></span> <span class='ocrx_word' id='word_1_603' title='bbox 495 4472 547 4525; x_wconf 90' lang='lat' dir='ltr'><strong>in</strong></span> <span class='ocrx_word' id='word_1_604' title='bbox 599 4472 806 4525; x_wconf 72' lang='lat' dir='ltr'><strong>dextera</strong></span> <span class='ocrx_word' id='word_1_605' title='bbox 857 4470 991 4535; x_wconf 88' lang='lat' dir='ltr'><strong>Dei,</strong></span> <span class='ocrx_word' id='word_1_606' title='bbox 1044 4472 1133 4527; x_wconf 77' lang='grc'><strong>15.</strong></span> <span class='ocrx_word' id='word_1_607' title='bbox 1166 4470 1230 4525; x_wconf 87' lang='lat' dir='ltr'><strong>de</strong></span> <span class='ocrx_word' id='word_1_608' title='bbox 1268 4481 1449 4525; x_wconf 70' lang='lat' dir='ltr'><strong>caatero</strong></span> <span class='ocrx_word' id='word_1_609' title='bbox 1500 4482 1831 4541; x_wconf 74' lang='lat' dir='ltr'><strong>exspectans,</strong></span> 
     </span>
    </p>
   </div>
   <div class='ocr_carea' id='block_1_78' title="bbox 298 4562 1828 4634">
    <p class='ocr_par' dir='ltr' id='par_1_78' title="bbox 298 4562 1828 4634">
     <span class='ocr_line' id='line_1_78' title="bbox 298 4562 1828 4634; baseline 0.002 -18"><span class='ocrx_word' id='word_1_610' title='bbox 298 4563 462 4617; x_wconf 80' lang='lat' dir='ltr'><strong>donec</strong></span> <span class='ocrx_word' id='word_1_611' title='bbox 492 4573 753 4633; x_wconf 85' lang='lat' dir='ltr'><strong>ponantur</strong></span> <span class='ocrx_word' id='word_1_612' title='bbox 779 4562 975 4616; x_wconf 86' lang='lat' dir='ltr'><strong>inimici</strong></span> <span class='ocrx_word' id='word_1_613' title='bbox 1015 4562 1128 4632; x_wconf 86' lang='lat' dir='ltr'><strong>ejus</strong></span> <span class='ocrx_word' id='word_1_614' title='bbox 1156 4562 1436 4617; x_wconf 83' lang='lat' dir='ltr'><strong>scabellum</strong></span> <span class='ocrx_word' id='word_1_615' title='bbox 1476 4563 1662 4633; x_wconf 87' lang='lat' dir='ltr'><strong>pedum</strong></span> <span class='ocrx_word' id='word_1_616' title='bbox 1693 4568 1828 4634; x_wconf 86' lang='lat' dir='ltr'><strong>ejus.</strong></span> 
     </span>
    </p>
   </div>
   <div class='ocr_carea' id='block_1_79' title="bbox 298 4654 1832 4725">
    <p class='ocr_par' dir='ltr' id='par_1_79' title="bbox 298 4654 1832 4725">
     <span class='ocr_line' id='line_1_79' title="bbox 298 4654 1832 4725; baseline 0.001 -13"><span class='ocrx_word' id='word_1_617' title='bbox 298 4657 351 4712; x_wconf 92' lang='grc'><strong>1.</strong></span> <span class='ocrx_word' id='word_1_618' title='bbox 395 4655 455 4711; x_wconf 90' lang='lat' dir='ltr'><strong>ln</strong></span> <span class='ocrx_word' id='word_1_619' title='bbox 484 4655 550 4711; x_wconf 91' lang='lat' dir='ltr'><strong>iis</strong></span> <span class='ocrx_word' id='word_1_620' title='bbox 571 4670 693 4725; x_wconf 69' lang='lat' dir='ltr'><strong>quae</strong></span> <span class='ocrx_word' id='word_1_621' title='bbox 724 4654 1039 4724; x_wconf 69' lang='lat' dir='ltr'><strong>prmeedunt</strong></span> <span class='ocrx_word' id='word_1_622' title='bbox 1075 4656 1313 4711; x_wconf 90' lang='lat' dir='ltr'><strong>ostendit</strong></span> <span class='ocrx_word' id='word_1_623' title='bbox 1348 4656 1555 4710; x_wconf 90' lang='lat' dir='ltr'><strong>inutilia</strong></span> <span class='ocrx_word' id='word_1_624' title='bbox 1593 4672 1714 4713; x_wconf 90' lang='lat' dir='ltr'><strong>esse</strong></span> <span class='ocrx_word' id='word_1_625' title='bbox 1741 4672 1832 4713; x_wconf 85' lang='lat' dir='ltr'><strong>sa-</strong></span> 
     </span>
    </p>
   </div>
   <div class='ocr_carea' id='block_1_80' title="bbox 221 4747 1834 4819">
    <p class='ocr_par' dir='ltr' id='par_1_80' title="bbox 221 4747 1834 4819">
     <span class='ocr_line' id='line_1_80' title="bbox 221 4747 1834 4819; baseline 0 -16"><span class='ocrx_word' id='word_1_626' title='bbox 221 4748 425 4804; x_wconf 88' lang='lat' dir='ltr'><strong>criﬁcia</strong></span> <span class='ocrx_word' id='word_1_627' title='bbox 453 4747 518 4801; x_wconf 92' lang='lat' dir='ltr'><strong>ad</strong></span> <span class='ocrx_word' id='word_1_628' title='bbox 550 4748 839 4816; x_wconf 89' lang='lat' dir='ltr'><strong>perfectam</strong></span> <span class='ocrx_word' id='word_1_629' title='bbox 871 4748 1183 4817; x_wconf 88' lang='lat' dir='ltr'><strong>puritatem,</strong></span> <span class='ocrx_word' id='word_1_630' title='bbox 1209 4756 1263 4803; x_wconf 90' lang='lat' dir='ltr'><strong>et</strong></span> <span class='ocrx_word' id='word_1_631' title='bbox 1291 4762 1412 4803; x_wconf 91' lang='lat' dir='ltr'><strong>esse</strong></span> <span class='ocrx_word' id='word_1_632' title='bbox 1440 4757 1595 4818; x_wconf 87' lang='lat' dir='ltr'><strong>typos</strong></span> <span class='ocrx_word' id='word_1_633' title='bbox 1616 4764 1679 4803; x_wconf 89' lang='lat' dir='ltr'><strong>ac</strong></span> <span class='ocrx_word' id='word_1_634' title='bbox 1702 4748 1834 4819; x_wconf 90' lang='lat' dir='ltr'><strong>ﬁgu-</strong></span> 
     </span>
    </p>
   </div>
   <div class='ocr_carea' id='block_1_81' title="bbox 220 4836 1835 4909">
    <p class='ocr_par' dir='ltr' id='par_1_81' title="bbox 220 4836 1835 4909">
     <span class='ocr_line' id='line_1_81' title="bbox 220 4836 1835 4909; baseline 0.001 -16"><span class='ocrx_word' id='word_1_635' title='bbox 220 4855 332 4902; x_wconf 89' lang='lat' dir='ltr'><strong>ras,</strong></span> <span class='ocrx_word' id='word_1_636' title='bbox 366 4848 419 4893; x_wconf 89' lang='lat' dir='ltr'><strong>et</strong></span> <span class='ocrx_word' id='word_1_637' title='bbox 452 4838 676 4891; x_wconf 91' lang='lat' dir='ltr'><strong>multum</strong></span> <span class='ocrx_word' id='word_1_638' title='bbox 708 4836 960 4892; x_wconf 87' lang='lat' dir='ltr'><strong>deﬁcere.</strong></span> <span class='ocrx_word' id='word_1_639' title='bbox 991 4838 1255 4905; x_wconf 87' lang='lat' dir='ltr'><strong>Quoniam</strong></span> <span class='ocrx_word' id='word_1_640' title='bbox 1286 4854 1415 4909; x_wconf 91' lang='lat' dir='ltr'><strong>ergo</strong></span> <span class='ocrx_word' id='word_1_641' title='bbox 1443 4838 1547 4895; x_wconf 90' lang='lat' dir='ltr'><strong>hoc</strong></span> <span class='ocrx_word' id='word_1_642' title='bbox 1572 4840 1619 4895; x_wconf 93' lang='lat' dir='ltr'><strong>ei</strong></span> <span class='ocrx_word' id='word_1_643' title='bbox 1645 4856 1835 4897; x_wconf 88' lang='lat' dir='ltr'><strong>occur-</strong></span> 
     </span>
    </p>
   </div>
   <div class='ocr_carea' id='block_1_82' title="bbox 220 4927 1834 5000">
    <p class='ocr_par' dir='ltr' id='par_1_82' title="bbox 220 4927 1834 5000">
     <span class='ocr_line' id='line_1_82' title="bbox 220 4927 1834 5000; baseline 0.002 -17"><span class='ocrx_word' id='word_1_644' title='bbox 220 4932 376 4985; x_wconf 87' lang='lat' dir='ltr'><strong>rebat</strong></span> <span class='ocrx_word' id='word_1_645' title='bbox 402 4947 415 4982; x_wconf 88' lang='lat'><strong>:</strong></span> <span class='ocrx_word' id='word_1_646' title='bbox 443 4927 497 4985; x_wconf 87' lang='lat' dir='ltr'><strong>Si</strong></span> <span class='ocrx_word' id='word_1_647' title='bbox 522 4938 649 4983; x_wconf 89' lang='lat' dir='ltr'><strong>sunt</strong></span> <span class='ocrx_word' id='word_1_648' title='bbox 674 4927 783 5000; x_wconf 86' lang='lat' dir='ltr'><strong>typi</strong></span> <span class='ocrx_word' id='word_1_649' title='bbox 813 4942 876 4983; x_wconf 90' lang='lat' dir='ltr'><strong>ac</strong></span> <span class='ocrx_word' id='word_1_650' title='bbox 904 4929 1107 4999; x_wconf 84' lang='lat' dir='ltr'><strong>figurae,</strong></span> <span class='ocrx_word' id='word_1_651' title='bbox 1132 4930 1402 4999; x_wconf 86' lang='lat' dir='ltr'><strong>quomodo</strong></span> <span class='ocrx_word' id='word_1_652' title='bbox 1422 4945 1528 4985; x_wconf 93' lang='lat' dir='ltr'><strong>non</strong></span> <span class='ocrx_word' id='word_1_653' title='bbox 1550 4942 1834 4987; x_wconf 91' lang='lat' dir='ltr'><strong>cessarunt</strong></span> 
     </span>
    </p>
   </div>
   <div class='ocr_carea' id='block_1_83' title="bbox 220 5019 1832 5095">
    <p class='ocr_par' dir='ltr' id='par_1_83' title="bbox 220 5019 1832 5095">
     <span class='ocr_line' id='line_1_83' title="bbox 220 5019 1832 5095; baseline 0.002 -21"><span class='ocrx_word' id='word_1_654' title='bbox 220 5035 347 5075; x_wconf 93' lang='lat' dir='ltr'><strong>cum</strong></span> <span class='ocrx_word' id='word_1_655' title='bbox 382 5019 670 5074; x_wconf 86' lang='lat' dir='ltr'><strong>advenerit</strong></span> <span class='ocrx_word' id='word_1_656' title='bbox 712 5020 934 5085; x_wconf 87' lang='lat' dir='ltr'><strong>veritas,</strong></span> <span class='ocrx_word' id='word_1_657' title='bbox 968 5034 1071 5075; x_wconf 87' lang='lat' dir='ltr'><strong>nec</strong></span> <span class='ocrx_word' id='word_1_658' title='bbox 1101 5029 1403 5087; x_wconf 88' lang='lat' dir='ltr'><strong>cesserunt,</strong></span> <span class='ocrx_word' id='word_1_659' title='bbox 1435 5020 1530 5076; x_wconf 89' lang='lat' dir='ltr'><strong>sed</strong></span> <span class='ocrx_word' id='word_1_660' title='bbox 1565 5038 1832 5095; x_wconf 85' lang='lat' dir='ltr'><strong>peragun—</strong></span> 
     </span>
    </p>
   </div>
   <div class='ocr_carea' id='block_1_84' title="bbox 220 5112 1828 5188">
    <p class='ocr_par' dir='ltr' id='par_1_84' title="bbox 220 5112 1828 5188">
     <span class='ocr_line' id='line_1_84' title="bbox 220 5112 1828 5188; baseline 0.003 -20"><span class='ocrx_word' id='word_1_661' title='bbox 220 5115 348 5169; x_wconf 82' lang='lat' dir='ltr'><strong>tur?</strong></span> <span class='ocrx_word' id='word_1_662' title='bbox 407 5114 460 5171; x_wconf 90' lang='lat' dir='ltr'><strong>in</strong></span> <span class='ocrx_word' id='word_1_663' title='bbox 516 5112 623 5167; x_wconf 90' lang='lat' dir='ltr'><strong>hoc</strong></span> <span class='ocrx_word' id='word_1_664' title='bbox 672 5127 803 5183; x_wconf 86' lang='lat' dir='ltr'><strong>ergo</strong></span> <span class='ocrx_word' id='word_1_665' title='bbox 857 5128 999 5168; x_wconf 92' lang='lat' dir='ltr'><strong>nunc</strong></span> <span class='ocrx_word' id='word_1_666' title='bbox 1056 5113 1142 5168; x_wconf 91' lang='lat' dir='ltr'><strong>hic</strong></span> <span class='ocrx_word' id='word_1_667' title='bbox 1178 5114 1288 5183; x_wconf 89' lang='lat' dir='ltr'><strong>agit</strong></span> <span class='ocrx_word' id='word_1_668' title='bbox 1336 5116 1635 5171; x_wconf 86' lang='lat' dir='ltr'><strong>ostendens</strong></span> <span class='ocrx_word' id='word_1_669' title='bbox 1688 5119 1828 5188; x_wconf 91' lang='lat' dir='ltr'><strong>quod</strong></span> 
     </span>
    </p>
   </div>
   <div class='ocr_carea' id='block_1_85' title="bbox 221 5206 1827 5280">
    <p class='ocr_par' dir='ltr' id='par_1_85' title="bbox 221 5206 1827 5280">
     <span class='ocr_line' id='line_1_85' title="bbox 221 5206 1827 5280; baseline 0.003 -18"><span class='ocrx_word' id='word_1_670' title='bbox 221 5206 598 5275; x_wconf 77' lang='lat' dir='ltr'><strong>nonamplius</strong></span> <span class='ocrx_word' id='word_1_671' title='bbox 627 5215 980 5278; x_wconf 87' lang='lat' dir='ltr'><strong>peraguntur,</strong></span> <span class='ocrx_word' id='word_1_672' title='bbox 1024 5223 1127 5263; x_wconf 89' lang='lat' dir='ltr'><strong>nec</strong></span> <span class='ocrx_word' id='word_1_673' title='bbox 1172 5216 1232 5262; x_wconf 92' lang='lat' dir='ltr'><strong>ut</strong></span> <span class='ocrx_word' id='word_1_674' title='bbox 1271 5208 1434 5278; x_wconf 81' lang='lat' dir='ltr'><strong>ﬁgura</strong></span> <span class='ocrx_word' id='word_1_675' title='bbox 1467 5211 1685 5280; x_wconf 89' lang='lat' dir='ltr'><strong>quidem</strong></span> <span class='ocrx_word' id='word_1_676' title='bbox 1720 5230 1733 5264; x_wconf 92' lang='lat'>:</span> <span class='ocrx_word' id='word_1_677' title='bbox 1767 5228 1827 5267; x_wconf 89' lang='lat' dir='ltr'><strong>ea</strong></span> 
     </span>
    </p>
   </div>
   <div class='ocr_carea' id='block_1_86' title="bbox 216 5296 1830 5369">
    <p class='ocr_par' dir='ltr' id='par_1_86' title="bbox 216 5296 1830 5369">
     <span class='ocr_line' id='line_1_86' title="bbox 216 5296 1830 5369; baseline 0.002 -15"><span class='ocrx_word' id='word_1_678' title='bbox 216 5302 364 5355; x_wconf 85' lang='lat' dir='ltr'><strong>enim</strong></span> <span class='ocrx_word' id='word_1_679' title='bbox 404 5298 549 5351; x_wconf 87' lang='lat' dir='ltr'><strong>Deus</strong></span> <span class='ocrx_word' id='word_1_680' title='bbox 589 5312 695 5352; x_wconf 88' lang='lat' dir='ltr'><strong>non</strong></span> <span class='ocrx_word' id='word_1_681' title='bbox 737 5296 994 5352; x_wconf 88' lang='lat' dir='ltr'><strong>admittit.</strong></span> <span class='ocrx_word' id='word_1_682' title='bbox 1032 5298 1195 5369; x_wconf 85' lang='lat' dir='ltr'><strong>quue</strong></span> <span class='ocrx_word' id='word_1_683' title='bbox 1223 5315 1413 5354; x_wconf 88' lang='lat' dir='ltr'><strong>rursus</strong></span> <span class='ocrx_word' id='word_1_684' title='bbox 1445 5316 1553 5355; x_wconf 93' lang='lat' dir='ltr'><strong>non</strong></span> <span class='ocrx_word' id='word_1_685' title='bbox 1584 5318 1647 5357; x_wconf 76' lang='lat' dir='ltr'><strong>es</strong></span> <span class='ocrx_word' id='word_1_686' title='bbox 1680 5303 1830 5359; x_wconf 85' lang='lat' dir='ltr'><strong>Novo</strong></span> 
     </span>
    </p>
   </div>
   <div class='ocr_carea' id='block_1_87' title="bbox 218 5387 1829 5465">
    <p class='ocr_par' dir='ltr' id='par_1_87' title="bbox 218 5387 1829 5465">
     <span class='ocr_line' id='line_1_87' title="bbox 218 5387 1829 5465; baseline 0.002 -20"><span class='ocrx_word' id='word_1_687' title='bbox 218 5388 457 5445; x_wconf 75' lang='lat' dir='ltr'><strong>ostendit</strong></span> <span class='ocrx_word' id='word_1_688' title='bbox 487 5387 580 5442; x_wconf 90' lang='lat' dir='ltr'><strong>sed</strong></span> <span class='ocrx_word' id='word_1_689' title='bbox 615 5404 679 5441; x_wconf 88' lang='lat' dir='ltr'><strong>ex</strong></span> <span class='ocrx_word' id='word_1_690' title='bbox 714 5388 1014 5458; x_wconf 85' lang='lat' dir='ltr'><strong>prophetis,</strong></span> <span class='ocrx_word' id='word_1_691' title='bbox 1047 5388 1417 5445; x_wconf 89' lang='lat' dir='ltr'><strong>ﬁrmissimum</strong></span> <span class='ocrx_word' id='word_1_692' title='bbox 1450 5392 1518 5447; x_wconf 89' lang='lat' dir='ltr'><strong>ab</strong></span> <span class='ocrx_word' id='word_1_693' title='bbox 1547 5392 1656 5447; x_wconf 86' lang='lat' dir='ltr'><strong>alto</strong></span> <span class='ocrx_word' id='word_1_694' title='bbox 1688 5395 1829 5465; x_wconf 89' lang='lat' dir='ltr'><strong>peti-</strong></span> 
     </span>
    </p>
   </div>
   <div class='ocr_carea' id='block_1_88' title="bbox 218 5479 1827 5552">
    <p class='ocr_par' dir='ltr' id='par_1_88' title="bbox 218 5479 1827 5552">
     <span class='ocr_line' id='line_1_88' title="bbox 218 5479 1827 5552; baseline 0.004 -18"><span class='ocrx_word' id='word_1_695' title='bbox 218 5492 329 5534; x_wconf 91' lang='lat' dir='ltr'><strong>tnm</strong></span> <span class='ocrx_word' id='word_1_696' title='bbox 378 5479 657 5533; x_wconf 85' lang='lat' dir='ltr'><strong>adducens</strong></span> <span class='ocrx_word' id='word_1_697' title='bbox 703 5480 1107 5547; x_wconf 90' lang='lat' dir='ltr'><strong>testimonium,</strong></span> <span class='ocrx_word' id='word_1_698' title='bbox 1147 5482 1291 5552; x_wconf 91' lang='lat' dir='ltr'><strong>quod</strong></span> <span class='ocrx_word' id='word_1_699' title='bbox 1336 5494 1555 5539; x_wconf 84' lang='lat' dir='ltr'><strong>cessent</strong></span> <span class='ocrx_word' id='word_1_700' title='bbox 1592 5494 1646 5540; x_wconf 91' lang='lat' dir='ltr'><strong>et</strong></span> <span class='ocrx_word' id='word_1_701' title='bbox 1682 5488 1827 5541; x_wconf 88' lang='lat' dir='ltr'><strong>desi-</strong></span> 
     </span>
    </p>
   </div>
   <div class='ocr_carea' id='block_1_89' title="bbox 224 5577 1829 5653">
    <p class='ocr_par' dir='ltr' id='par_1_89' title="bbox 224 5577 1829 5653">
     <span class='ocr_line' id='line_1_89' title="bbox 224 5577 1829 5653; baseline 0.006 -24"><span class='ocrx_word' id='word_1_702' title='bbox 224 5587 371 5639; x_wconf 83' lang='lat' dir='ltr'><strong>nant,</strong></span> <span class='ocrx_word' id='word_1_703' title='bbox 405 5584 461 5629; x_wconf 91' lang='lat' dir='ltr'><strong>et</strong></span> <span class='ocrx_word' id='word_1_704' title='bbox 490 5582 695 5628; x_wconf 85' lang='lat' dir='ltr'><strong>temere</strong></span> <span class='ocrx_word' id='word_1_705' title='bbox 724 5577 904 5629; x_wconf 90' lang='lat' dir='ltr'><strong>omnia</strong></span> <span class='ocrx_word' id='word_1_706' title='bbox 934 5586 1118 5646; x_wconf 86' lang='lat' dir='ltr'><strong>agant,</strong></span> <span class='ocrx_word' id='word_1_707' title='bbox 1147 5593 1362 5648; x_wconf 87' lang='lat' dir='ltr'><strong>semper</strong></span> <span class='ocrx_word' id='word_1_708' title='bbox 1392 5592 1580 5636; x_wconf 85' lang='lat' dir='ltr'><strong>sancto</strong></span> <span class='ocrx_word' id='word_1_709' title='bbox 1610 5582 1829 5653; x_wconf 89' lang='lat' dir='ltr'><strong>Spiritui</strong></span> 
     </span>
    </p>
   </div>
   <div class='ocr_carea' id='block_1_90' title="bbox 224 5664 1832 5734">
    <p class='ocr_par' dir='ltr' id='par_1_90' title="bbox 224 5664 1832 5734">
     <span class='ocr_line' id='line_1_90' title="bbox 224 5664 1832 5734; baseline 0.006 -12"><span class='ocrx_word' id='word_1_710' title='bbox 224 5667 569 5723; x_wconf 80' lang='lat' dir='ltr'><strong>resistentes.</strong></span> <span class='ocrx_word' id='word_1_711' title='bbox 604 5664 955 5734; x_wconf 81' lang='lat' dir='ltr'><strong>OStenditque</strong></span> <span class='ocrx_word' id='word_1_712' title='bbox 992 5683 1056 5721; x_wconf 83' lang='lat' dir='ltr'><strong>ex</strong></span> <span class='ocrx_word' id='word_1_713' title='bbox 1097 5669 1388 5724; x_wconf 84' lang='lat' dir='ltr'><strong>abundanti</strong></span> <span class='ocrx_word' id='word_1_714' title='bbox 1427 5687 1488 5726; x_wconf 78' lang='lat' dir='ltr'><strong>ea</strong></span> <span class='ocrx_word' id='word_1_715' title='bbox 1529 5689 1636 5727; x_wconf 92' lang='lat' dir='ltr'><strong>non</strong></span> <span class='ocrx_word' id='word_1_716' title='bbox 1686 5692 1832 5731; x_wconf 86' lang='lat' dir='ltr'><strong>nunc</strong></span> 
     </span>
    </p>
   </div>
   <div class='ocr_carea' id='block_1_91' title="bbox 223 5757 1829 5828">
    <p class='ocr_par' dir='ltr' id='par_1_91' title="bbox 223 5757 1829 5828">
     <span class='ocr_line' id='line_1_91' title="bbox 223 5757 1829 5828; baseline 0.004 -13"><span class='ocrx_word' id='word_1_717' title='bbox 223 5774 490 5822; x_wconf 81' lang='lat' dir='ltr'><strong>cessasse,</strong></span> <span class='ocrx_word' id='word_1_718' title='bbox 516 5758 611 5811; x_wconf 89' lang='lat' dir='ltr'><strong>sed</strong></span> <span class='ocrx_word' id='word_1_719' title='bbox 639 5758 817 5810; x_wconf 85' lang='lat' dir='ltr'><strong>statim</strong></span> <span class='ocrx_word' id='word_1_720' title='bbox 848 5757 899 5809; x_wconf 91' lang='lat' dir='ltr'><strong>in</strong></span> <span class='ocrx_word' id='word_1_721' title='bbox 928 5758 1047 5828; x_wconf 90' lang='lat' dir='ltr'><strong>ipso</strong></span> <span class='ocrx_word' id='word_1_722' title='bbox 1067 5759 1266 5815; x_wconf 89' lang='lat' dir='ltr'><strong>Christi</strong></span> <span class='ocrx_word' id='word_1_723' title='bbox 1291 5769 1546 5826; x_wconf 78' lang='lat' dir='ltr'><strong>adventu.</strong></span> <span class='ocrx_word' id='word_1_724' title='bbox 1573 5767 1682 5820; x_wconf 89' lang='lat' dir='ltr'><strong>imo</strong></span> <span class='ocrx_word' id='word_1_725' title='bbox 1702 5778 1829 5823; x_wconf 91' lang='lat' dir='ltr'><strong>ante</strong></span> 
     </span>
    </p>
   </div>
   <div class='ocr_carea' id='block_1_92' title="bbox 225 5849 1827 5922">
    <p class='ocr_par' dir='ltr' id='par_1_92' title="bbox 225 5849 1827 5922">
     <span class='ocr_line' id='line_1_92' title="bbox 225 5849 1827 5922; baseline 0.003 -14"><span class='ocrx_word' id='word_1_726' title='bbox 225 5854 338 5922; x_wconf 73' lang='lat' dir='ltr'><strong>ejus</strong></span> <span class='ocrx_word' id='word_1_727' title='bbox 384 5850 717 5910; x_wconf 70' lang='lat' dir='ltr'><strong>adventum;</strong></span> <span class='ocrx_word' id='word_1_728' title='bbox 809 5857 862 5901; x_wconf 89' lang='lat' dir='ltr'><strong>et</strong></span> <span class='ocrx_word' id='word_1_729' title='bbox 901 5849 1041 5918; x_wconf 86' lang='lat' dir='ltr'><strong>quod</strong></span> <span class='ocrx_word' id='word_1_730' title='bbox 1081 5866 1143 5904; x_wconf 82' lang='lat' dir='ltr'><strong>ca</strong></span> <span class='ocrx_word' id='word_1_731' title='bbox 1193 5868 1300 5906; x_wconf 85' lang='lat' dir='ltr'><strong>non</strong></span> <span class='ocrx_word' id='word_1_732' title='bbox 1348 5855 1566 5910; x_wconf 77' lang='lat' dir='ltr'><strong>solverit</strong></span> <span class='ocrx_word' id='word_1_733' title='bbox 1610 5858 1827 5912; x_wconf 83' lang='lat' dir='ltr'><strong>demum</strong></span> 
     </span>
    </p>
   </div>
   <div class='ocr_carea' id='block_1_93' title="bbox 543 5958 1261 6023">
    <p class='ocr_par' dir='ltr' id='par_1_93' title="bbox 543 5958 1261 6023">
     <span class='ocr_line' id='line_1_93' title="bbox 543 5958 1261 6023; baseline 0.008 -6"><span class='ocrx_word' id='word_1_734' title='bbox 543 5958 818 6017; x_wconf 64' lang='lat' dir='ltr'><strong>Parnm.</strong></span> <span class='ocrx_word' id='word_1_735' title='bbox 870 5960 986 6019; x_wconf 82' lang='lat' dir='ltr'><strong>Gn.</strong></span> <span class='ocrx_word' id='word_1_736' title='bbox 1042 5961 1261 6023; x_wconf 73' lang='lat' dir='ltr'><strong>[.Xill.</strong></span> 
     </span>
    </p>
   </div>
   <div class='ocr_carea' id='block_1_94' title="bbox 1958 3537 3579 3636">
    <p class='ocr_par' dir='ltr' id='par_1_94' title="bbox 1958 3537 3579 3636">
     <span class='ocr_line' id='line_1_94' title="bbox 1958 3537 3579 3636; baseline 0.015 -40"><span class='ocrx_word' id='word_1_737' title='bbox 1958 3537 2230 3636; x_wconf 77' lang='lat' dir='ltr'><strong>Christus,</strong></span> <span class='ocrx_word' id='word_1_738' title='bbox 2264 3548 2359 3602; x_wconf 89' lang='lat' dir='ltr'><strong>sed</strong></span> <span class='ocrx_word' id='word_1_739' title='bbox 2392 3549 2543 3617; x_wconf 86' lang='lat' dir='ltr'><strong>prius</strong></span> <span class='ocrx_word' id='word_1_740' title='bbox 2575 3550 2776 3607; x_wconf 90' lang='lat' dir='ltr'><strong>fuerint</strong></span> <span class='ocrx_word' id='word_1_741' title='bbox 2800 3554 2999 3626; x_wconf 89' lang='lat' dir='ltr'><strong>soluta,</strong></span> <span class='ocrx_word' id='word_1_742' title='bbox 3028 3569 3084 3615; x_wconf 92' lang='lat' dir='ltr'><strong>et</strong></span> <span class='ocrx_word' id='word_1_743' title='bbox 3114 3570 3241 3619; x_wconf 92' lang='lat' dir='ltr'><strong>tunc</strong></span> <span class='ocrx_word' id='word_1_744' title='bbox 3271 3565 3389 3636; x_wconf 92' lang='lat' dir='ltr'><strong>ipse</strong></span> <span class='ocrx_word' id='word_1_745' title='bbox 3408 3567 3579 3627; x_wconf 73' lang='lat' dir='ltr'><strong>adre-</strong></span> 
     </span>
    </p>
   </div>
   <div class='ocr_carea' id='block_1_95' title="bbox 1957 3634 3572 3722">
    <p class='ocr_par' dir='ltr' id='par_1_95' title="bbox 1957 3634 3572 3722">
     <span class='ocr_line' id='line_1_95' title="bbox 1957 3634 3572 3722; baseline 0.02 -35"><span class='ocrx_word' id='word_1_746' title='bbox 1957 3635 2120 3689; x_wconf 92' lang='lat' dir='ltr'><strong>nerit.</strong></span> <span class='ocrx_word' id='word_1_747' title='bbox 2162 3634 2295 3691; x_wconf 92' lang='lat' dir='ltr'><strong>Nam</strong></span> <span class='ocrx_word' id='word_1_748' title='bbox 2337 3653 2406 3694; x_wconf 91' lang='lat' dir='ltr'><strong>ne</strong></span> <span class='ocrx_word' id='word_1_749' title='bbox 2439 3639 2646 3710; x_wconf 87' lang='lat' dir='ltr'><strong>dicant,</strong></span> <span class='ocrx_word' id='word_1_750' title='bbox 2692 3644 2869 3702; x_wconf 86' lang='lat' dir='ltr'><strong>Etiam</strong></span> <span class='ocrx_word' id='word_1_751' title='bbox 2912 3649 3119 3722; x_wconf 86' lang='lat' dir='ltr'><strong>absque</strong></span> <span class='ocrx_word' id='word_1_752' title='bbox 3159 3654 3263 3713; x_wconf 88' lang='lat' dir='ltr'><strong>hoc</strong></span> <span class='ocrx_word' id='word_1_753' title='bbox 3294 3634 3572 3719; x_wconf 79' lang='lat' dir='ltr'><strong>sacriﬁcio</strong></span> 
     </span>
    </p>
   </div>
   <div class='ocr_carea' id='block_1_96' title="bbox 1955 3728 3565 3822">
    <p class='ocr_par' dir='ltr' id='par_1_96' title="bbox 1955 3728 3565 3822">
     <span class='ocr_line' id='line_1_96' title="bbox 1955 3728 3565 3822; baseline 0.021 -44"><span class='ocrx_word' id='word_1_754' title='bbox 1955 3728 2233 3822; x_wconf 86' lang='lat' dir='ltr'><strong>potuimus</strong></span> <span class='ocrx_word' id='word_1_755' title='bbox 2260 3729 2477 3800; x_wconf 91' lang='lat' dir='ltr'><strong>placere</strong></span> <span class='ocrx_word' id='word_1_756' title='bbox 2502 3733 2636 3803; x_wconf 90' lang='lat' dir='ltr'><strong>Deo,</strong></span> <span class='ocrx_word' id='word_1_757' title='bbox 2666 3742 3004 3810; x_wconf 85' lang='lat' dir='ltr'><strong>exspectavit</strong></span> <span class='ocrx_word' id='word_1_758' title='bbox 3034 3754 3092 3800; x_wconf 92' lang='lat' dir='ltr'><strong>ut</strong></span> <span class='ocrx_word' id='word_1_759' title='bbox 3120 3747 3284 3805; x_wconf 90' lang='lat' dir='ltr'><strong>etiam</strong></span> <span class='ocrx_word' id='word_1_760' title='bbox 3318 3768 3415 3822; x_wconf 91' lang='lat' dir='ltr'><strong>per</strong></span> <span class='ocrx_word' id='word_1_761' title='bbox 3444 3733 3565 3812; x_wconf 73' lang='lat' dir='ltr'><strong>illos</strong></span> 
     </span>
    </p>
   </div>
   <div class='ocr_carea' id='block_1_97' title="bbox 1954 3817 3553 3920">
    <p class='ocr_par' dir='ltr' id='par_1_97' title="bbox 1954 3817 3553 3920">
     <span class='ocr_line' id='line_1_97' title="bbox 1954 3817 3553 3920; baseline 0.02 -47"><span class='ocrx_word' id='word_1_762' title='bbox 1954 3817 2072 3920; x_wconf 83' lang='lat' dir='ltr'><strong>ipsa</strong></span> <span class='ocrx_word' id='word_1_763' title='bbox 2115 3822 2601 3920; x_wconf 82' lang='lat' dir='ltr'><strong>redarguercntur,</strong></span> <span class='ocrx_word' id='word_1_764' title='bbox 2632 3840 2687 3885; x_wconf 89' lang='lat' dir='ltr'><strong>et</strong></span> <span class='ocrx_word' id='word_1_765' title='bbox 2724 3841 2852 3889; x_wconf 91' lang='lat' dir='ltr'><strong>tunc</strong></span> <span class='ocrx_word' id='word_1_766' title='bbox 2892 3835 3008 3906; x_wconf 90' lang='lat' dir='ltr'><strong>ipse</strong></span> <span class='ocrx_word' id='word_1_767' title='bbox 3050 3840 3273 3899; x_wconf 89' lang='lat' dir='ltr'><strong>advenit</strong></span> <span class='ocrx_word' id='word_1_768' title='bbox 3300 3817 3553 3920; x_wconf 44' lang='lat' dir='ltr'><strong>{Sacriﬁ-</strong></span> 
     </span>
    </p>
   </div>
   <div class='ocr_carea' id='block_1_98' title="bbox 1949 3910 3562 3999">
    <p class='ocr_par' dir='ltr' id='par_1_98' title="bbox 1949 3910 3562 3999">
     <span class='ocr_line' id='line_1_98' title="bbox 1949 3910 3562 3999; baseline 0.023 -36"><span class='ocrx_word' id='word_1_769' title='bbox 1949 3910 2085 3965; x_wconf 87' lang='lat' dir='ltr'><strong>cium</strong></span> <span class='ocrx_word' id='word_1_770' title='bbox 2130 3914 2298 3982; x_wconf 91' lang='lat' dir='ltr'><strong>enim,</strong></span> <span class='ocrx_word' id='word_1_771' title='bbox 2356 3918 2566 3990; x_wconf 87' lang='lat' dir='ltr'><strong>inquit,</strong></span> <span class='ocrx_word' id='word_1_772' title='bbox 2625 3932 2675 3977; x_wconf 89' lang='lat' dir='ltr'><strong>et</strong></span> <span class='ocrx_word' id='word_1_773' title='bbox 2719 3924 3032 3983; x_wconf 83' lang='lat' dir='ltr'><strong>oblationem</strong></span> <span class='ocrx_word' id='word_1_774' title='bbox 3085 3935 3317 3993; x_wconf 81' lang='lat' dir='ltr'><strong>uoluisti.</strong></span> <span class='ocrx_word' id='word_1_775' title='bbox 3369 3910 3562 3999; x_wconf 72' lang='lat' dir='ltr'><strong>Omnia</strong></span> 
     </span>
    </p>
   </div>
   <div class='ocr_carea' id='block_1_99' title="bbox 1947 4001 3560 4093">
    <p class='ocr_par' dir='ltr' id='par_1_99' title="bbox 1947 4001 3560 4093">
     <span class='ocr_line' id='line_1_99' title="bbox 1947 4001 3560 4093; baseline 0.024 -38"><span class='ocrx_word' id='word_1_776' title='bbox 1947 4015 2047 4071; x_wconf 90' lang='lat' dir='ltr'><strong>per</strong></span> <span class='ocrx_word' id='word_1_777' title='bbox 2090 4001 2207 4061; x_wconf 65' lang='lat' dir='ltr'><strong>haec</strong></span> <span class='ocrx_word' id='word_1_778' title='bbox 2255 4009 2472 4064; x_wconf 89' lang='lat' dir='ltr'><strong>sustulit</strong></span> <span class='ocrx_word' id='word_1_779' title='bbox 2505 4030 2518 4066; x_wconf 92' lang='lat'><strong>:</strong></span> <span class='ocrx_word' id='word_1_780' title='bbox 2549 4021 2606 4067; x_wconf 91' lang='lat' dir='ltr'><strong>ut</strong></span> <span class='ocrx_word' id='word_1_781' title='bbox 2647 4015 2738 4085; x_wconf 90' lang='lat' dir='ltr'><strong>qui</strong></span> <span class='ocrx_word' id='word_1_782' title='bbox 2783 4016 2836 4072; x_wconf 91' lang='lat' dir='ltr'><strong>in</strong></span> <span class='ocrx_word' id='word_1_783' title='bbox 2883 4034 3085 4090; x_wconf 86' lang='lat' dir='ltr'><strong>genere</strong></span> <span class='ocrx_word' id='word_1_784' title='bbox 3132 4025 3334 4084; x_wconf 90' lang='lat' dir='ltr'><strong>dixerit</strong></span> <span class='ocrx_word' id='word_1_785' title='bbox 3389 4044 3447 4088; x_wconf 91' lang='lat' dir='ltr'><strong>et</strong></span> <span class='ocrx_word' id='word_1_786' title='bbox 3500 4035 3560 4093; x_wconf 90' lang='lat' dir='ltr'><strong>iu</strong></span> 
     </span>
    </p>
   </div>
   <div class='ocr_carea' id='block_1_100' title="bbox 1946 4096 3559 4192">
    <p class='ocr_par' dir='ltr' id='par_1_100' title="bbox 1946 4096 3559 4192">
     <span class='ocr_line' id='line_1_100' title="bbox 1946 4096 3559 4192; baseline 0.024 -45"><span class='ocrx_word' id='word_1_787' title='bbox 1946 4096 2129 4192; x_wconf 63' lang='lat' dir='ltr'><strong>specie</strong></span> <span class='ocrx_word' id='word_1_788' title='bbox 2162 4115 2175 4151; x_wconf 85' lang='lat'><strong>:</strong></span> <span class='ocrx_word' id='word_1_789' title='bbox 2211 4098 2530 4158; x_wconf 82' lang='lat' dir='ltr'><strong>Holocausta</strong></span> <span class='ocrx_word' id='word_1_790' title='bbox 2566 4123 2659 4176; x_wconf 85' lang='lat' dir='ltr'><strong>pro</strong></span> <span class='ocrx_word' id='word_1_791' title='bbox 2688 4123 2895 4178; x_wconf 84' lang='lat' dir='ltr'><strong>peccato</strong></span> <span class='ocrx_word' id='word_1_792' title='bbox 2942 4131 3044 4171; x_wconf 88' lang='lat' dir='ltr'><strong>non</strong></span> <span class='ocrx_word' id='word_1_793' title='bbox 3093 4119 3183 4173; x_wconf 86' lang='lat' dir='ltr'><strong>tibi</strong></span> <span class='ocrx_word' id='word_1_794' title='bbox 3231 4124 3559 4192; x_wconf 83' lang='lat' dir='ltr'><strong>placuerunt.</strong></span> 
     </span>
    </p>
   </div>
   <div class='ocr_carea' id='block_1_101' title="bbox 1944 4184 3557 4278">
    <p class='ocr_par' dir='ltr' id='par_1_101' title="bbox 1944 4184 3557 4278">
     <span class='ocr_line' id='line_1_101' title="bbox 1944 4184 3557 4278; baseline 0.024 -38"><span class='ocrx_word' id='word_1_795' title='bbox 1944 4184 2155 4244; x_wconf 87' lang='lat' dir='ltr'><strong>Oblatio</strong></span> <span class='ocrx_word' id='word_1_796' title='bbox 2183 4202 2362 4248; x_wconf 89' lang='lat' dir='ltr'><strong>autem</strong></span> <span class='ocrx_word' id='word_1_797' title='bbox 2408 4206 2525 4251; x_wconf 90' lang='lat' dir='ltr'><strong>erat</strong></span> <span class='ocrx_word' id='word_1_798' title='bbox 2554 4198 2813 4272; x_wconf 87' lang='lat' dir='ltr'><strong>quidquid</strong></span> <span class='ocrx_word' id='word_1_799' title='bbox 2858 4215 3009 4262; x_wconf 84' lang='lat' dir='ltr'><strong>extra</strong></span> <span class='ocrx_word' id='word_1_800' title='bbox 3055 4184 3386 4273; x_wconf 84' lang='lat' dir='ltr'><strong>sacriﬁcium</strong></span> <span class='ocrx_word' id='word_1_801' title='bbox 3417 4184 3557 4278; x_wconf 46' lang='lat' dir='ltr'><strong>ofl&#39;e;</strong></span> 
     </span>
    </p>
   </div>
   <div class='ocr_carea' id='block_1_102' title="bbox 1942 4278 3561 4371">
    <p class='ocr_par' dir='ltr' id='par_1_102' title="bbox 1942 4278 3561 4371">
     <span class='ocr_line' id='line_1_102' title="bbox 1942 4278 3561 4371; baseline 0.023 -39"><span class='ocrx_word' id='word_1_802' title='bbox 1942 4278 2183 4336; x_wconf 87' lang='lat' dir='ltr'><strong>rebatur.</strong></span> <span class='ocrx_word' id='word_1_803' title='bbox 2221 4282 2362 4338; x_wconf 85' lang='lat' dir='ltr'><strong>Tunc</strong></span> <span class='ocrx_word' id='word_1_804' title='bbox 2393 4287 2544 4354; x_wconf 80' lang='lat' dir='ltr'><strong>dixit,</strong></span> <span class='ocrx_word' id='word_1_805' title='bbox 2583 4290 2714 4346; x_wconf 79' lang='lat' dir='ltr'><strong>Ecce</strong></span> <span class='ocrx_word' id='word_1_806' title='bbox 2740 4296 2903 4351; x_wconf 82' lang='lat' dir='ltr'><strong>venio.</strong></span> <span class='ocrx_word' id='word_1_807' title='bbox 2940 4298 3018 4355; x_wconf 93' lang='lat' dir='ltr'><strong>De</strong></span> <span class='ocrx_word' id='word_1_808' title='bbox 3046 4317 3279 4371; x_wconf 89' lang='lat' dir='ltr'><strong>quonam</strong></span> <span class='ocrx_word' id='word_1_809' title='bbox 3332 4308 3436 4365; x_wconf 90' lang='lat' dir='ltr'><strong>hoc</strong></span> <span class='ocrx_word' id='word_1_810' title='bbox 3476 4313 3561 4368; x_wconf 83' lang='lat' dir='ltr'><strong>di-</strong></span> 
     </span>
    </p>
   </div>
   <div class='ocr_carea' id='block_1_103' title="bbox 1942 4376 3555 4461">
    <p class='ocr_par' dir='ltr' id='par_1_103' title="bbox 1942 4376 3555 4461">
     <span class='ocr_line' id='line_1_103' title="bbox 1942 4376 3555 4461; baseline 0.022 -36"><span class='ocrx_word' id='word_1_811' title='bbox 1942 4379 2087 4427; x_wconf 91' lang='lat' dir='ltr'><strong>ctum</strong></span> <span class='ocrx_word' id='word_1_812' title='bbox 2111 4376 2232 4430; x_wconf 87' lang='lat' dir='ltr'><strong>est?</strong></span> <span class='ocrx_word' id='word_1_813' title='bbox 2266 4377 2342 4433; x_wconf 90' lang='lat' dir='ltr'><strong>De</strong></span> <span class='ocrx_word' id='word_1_814' title='bbox 2372 4381 2520 4437; x_wconf 90' lang='lat' dir='ltr'><strong>nullo</strong></span> <span class='ocrx_word' id='word_1_815' title='bbox 2539 4383 2646 4439; x_wconf 89' lang='lat' dir='ltr'><strong>alio</strong></span> <span class='ocrx_word' id='word_1_816' title='bbox 2676 4402 2834 4455; x_wconf 88' lang='lat' dir='ltr'><strong>quam</strong></span> <span class='ocrx_word' id='word_1_817' title='bbox 2866 4390 2932 4446; x_wconf 89' lang='lat' dir='ltr'><strong>de</strong></span> <span class='ocrx_word' id='word_1_818' title='bbox 2958 4392 3195 4451; x_wconf 87' lang='lat' dir='ltr'><strong>Christo.</strong></span> <span class='ocrx_word' id='word_1_819' title='bbox 3226 4399 3324 4455; x_wconf 85' lang='lat' dir='ltr'><strong>Hic</strong></span> <span class='ocrx_word' id='word_1_820' title='bbox 3352 4405 3555 4461; x_wconf 88' lang='lat' dir='ltr'><strong>nullam</strong></span> 
     </span>
    </p>
   </div>
   <div class='ocr_carea' id='block_1_104' title="bbox 1940 4464 3558 4557">
    <p class='ocr_par' dir='ltr' id='par_1_104' title="bbox 1940 4464 3558 4557">
     <span class='ocr_line' id='line_1_104' title="bbox 1940 4464 3558 4557; baseline 0.024 -40"><span class='ocrx_word' id='word_1_821' title='bbox 1940 4464 2157 4522; x_wconf 88' lang='lat' dir='ltr'><strong>confert</strong></span> <span class='ocrx_word' id='word_1_822' title='bbox 2199 4469 2414 4540; x_wconf 86' lang='lat' dir='ltr'><strong>culpam</strong></span> <span class='ocrx_word' id='word_1_823' title='bbox 2457 4474 2511 4528; x_wconf 94' lang='lat' dir='ltr'><strong>in</strong></span> <span class='ocrx_word' id='word_1_824' title='bbox 2556 4491 2653 4532; x_wconf 93' lang='lat' dir='ltr'><strong>eos</strong></span> <span class='ocrx_word' id='word_1_825' title='bbox 2689 4480 2778 4549; x_wconf 92' lang='lat' dir='ltr'><strong>qui</strong></span> <span class='ocrx_word' id='word_1_826' title='bbox 2809 4482 3135 4557; x_wconf 77' lang='lat' dir='ltr'><strong>oﬁ‘erebant,</strong></span> <span class='ocrx_word' id='word_1_827' title='bbox 3169 4494 3467 4553; x_wconf 87' lang='lat' dir='ltr'><strong>ostendens</strong></span> <span class='ocrx_word' id='word_1_828' title='bbox 3496 4514 3558 4555; x_wconf 87' lang='lat' dir='ltr'><strong>se</strong></span> 
     </span>
    </p>
   </div>
   <div class='ocr_carea' id='block_1_105' title="bbox 1938 4570 3556 4658">
    <p class='ocr_par' dir='ltr' id='par_1_105' title="bbox 1938 4570 3556 4658">
     <span class='ocr_line' id='line_1_105' title="bbox 1938 4570 3556 4658; baseline 0.023 -48"><span class='ocrx_word' id='word_1_829' title='bbox 2071 4570 2292 4658; x_wconf 73' lang='lat' dir='ltr'><strong>propter</strong></span> <span class='ocrx_word' id='word_1_830' title='bbox 2317 4580 2508 4658; x_wconf 87' lang='lat' dir='ltr'><strong>eorum</strong></span> <span class='ocrx_word' id='word_1_831' title='bbox 2531 4570 2660 4625; x_wconf 90' lang='lat' dir='ltr'><strong>vitia</strong></span> <span class='ocrx_word' id='word_1_832' title='bbox 2684 4588 2791 4628; x_wconf 94' lang='lat' dir='ltr'><strong>non</strong></span> <span class='ocrx_word' id='word_1_833' title='bbox 2820 4574 3020 4635; x_wconf 89' lang='lat' dir='ltr'><strong>habere</strong></span> <span class='ocrx_word' id='word_1_834' title='bbox 3044 4597 3105 4637; x_wconf 90' lang='lat' dir='ltr'><strong>ea</strong></span> <span class='ocrx_word' id='word_1_835' title='bbox 3134 4597 3382 4658; x_wconf 88' lang='lat' dir='ltr'><strong>accepta,</strong></span> <span class='ocrx_word' id='word_1_836' title='bbox 3412 4592 3556 4648; x_wconf 85' lang='lat' dir='ltr'><strong>sicut</strong></span> 
     </span>
    </p>
   </div>
   <div class='ocr_carea' id='block_1_106' title="bbox 1936 4649 3554 4754">
    <p class='ocr_par' dir='ltr' id='par_1_106' title="bbox 1936 4649 3554 4754">
     <span class='ocr_line' id='line_1_106' title="bbox 1936 4649 3554 4754; baseline 0.023 -51"><span class='ocrx_word' id='word_1_837' title='bbox 1936 4649 2070 4754; x_wconf 75' lang='lat' dir='ltr'><strong>dicit</strong></span> <span class='ocrx_word' id='word_1_838' title='bbox 2088 4653 2239 4721; x_wconf 88' lang='lat' dir='ltr'><strong>alibi,</strong></span> <span class='ocrx_word' id='word_1_839' title='bbox 2271 4657 2364 4712; x_wconf 91' lang='lat' dir='ltr'><strong>sed</strong></span> <span class='ocrx_word' id='word_1_840' title='bbox 2385 4661 2527 4729; x_wconf 90' lang='lat' dir='ltr'><strong>quod</strong></span> <span class='ocrx_word' id='word_1_841' title='bbox 2549 4663 2616 4719; x_wconf 91' lang='lat' dir='ltr'><strong>de</strong></span> <span class='ocrx_word' id='word_1_842' title='bbox 2638 4675 2838 4724; x_wconf 70' lang='lat' dir='ltr'><strong>czctero</strong></span> <span class='ocrx_word' id='word_1_843' title='bbox 2859 4671 2929 4726; x_wconf 86' lang='lat' dir='ltr'><strong>sit</strong></span> <span class='ocrx_word' id='word_1_844' title='bbox 2952 4649 3343 4746; x_wconf 47' lang='lat' dir='ltr'><strong>probatum-ct</strong></span> <span class='ocrx_word' id='word_1_845' title='bbox 3358 4649 3554 4754; x_wconf 84' lang='lat' dir='ltr'><strong>depre-</strong></span> 
     </span>
    </p>
   </div>
   <div class='ocr_carea' id='block_1_107' title="bbox 1936 4740 3551 4848">
    <p class='ocr_par' dir='ltr' id='par_1_107' title="bbox 1936 4740 3551 4848">
     <span class='ocr_line' id='line_1_107' title="bbox 1936 4740 3551 4848; baseline 0.023 -53"><span class='ocrx_word' id='word_1_846' title='bbox 1936 4740 2163 4799; x_wconf 88' lang='lat' dir='ltr'><strong>hensum</strong></span> <span class='ocrx_word' id='word_1_847' title='bbox 2187 4762 2305 4803; x_wconf 90' lang='lat' dir='ltr'><strong>eam</strong></span> <span class='ocrx_word' id='word_1_848' title='bbox 2335 4766 2447 4806; x_wconf 91' lang='lat' dir='ltr'><strong>rem</strong></span> <span class='ocrx_word' id='word_1_849' title='bbox 2479 4754 2609 4809; x_wconf 92' lang='lat' dir='ltr'><strong>nihil</strong></span> <span class='ocrx_word' id='word_1_850' title='bbox 2639 4757 2843 4817; x_wconf 89' lang='lat' dir='ltr'><strong>habere</strong></span> <span class='ocrx_word' id='word_1_851' title='bbox 2870 4763 3063 4819; x_wconf 89' lang='lat' dir='ltr'><strong>virium</strong></span> <span class='ocrx_word' id='word_1_852' title='bbox 3089 4809 3104 4832; x_wconf 93' lang='lat'><strong>,</strong></span> <span class='ocrx_word' id='word_1_853' title='bbox 3136 4785 3310 4841; x_wconf 88' lang='lat' dir='ltr'><strong>neque</strong></span> <span class='ocrx_word' id='word_1_854' title='bbox 3334 4740 3551 4848; x_wconf 71' lang='lat' dir='ltr'><strong>tempus</strong></span> 
     </span>
    </p>
   </div>
   <div class='ocr_carea' id='block_1_108' title="bbox 1932 4839 3549 4940">
    <p class='ocr_par' dir='ltr' id='par_1_108' title="bbox 1932 4839 3549 4940">
     <span class='ocr_line' id='line_1_108' title="bbox 1932 4839 3549 4940; baseline 0.023 -51"><span class='ocrx_word' id='word_1_855' title='bbox 1932 4839 2286 4940; x_wconf 72' lang='lat' dir='ltr'><strong>conveniens.</strong></span> <span class='ocrx_word' id='word_1_856' title='bbox 2322 4843 2460 4912; x_wconf 88' lang='lat' dir='ltr'><strong>Quid</strong></span> <span class='ocrx_word' id='word_1_857' title='bbox 2511 4848 2614 4905; x_wconf 90' lang='lat' dir='ltr'><strong>hoc</strong></span> <span class='ocrx_word' id='word_1_858' title='bbox 2654 4861 2833 4909; x_wconf 88' lang='lat' dir='ltr'><strong>autem</strong></span> <span class='ocrx_word' id='word_1_859' title='bbox 2884 4857 2949 4913; x_wconf 90' lang='lat' dir='ltr'><strong>ad</strong></span> <span class='ocrx_word' id='word_1_860' title='bbox 2992 4859 3156 4927; x_wconf 88' lang='lat' dir='ltr'><strong>illud,</strong></span> <span class='ocrx_word' id='word_1_861' title='bbox 3200 4839 3344 4936; x_wconf 85' lang='lat' dir='ltr'><strong>quod</strong></span> <span class='ocrx_word' id='word_1_862' title='bbox 3397 4839 3549 4940; x_wconf 47' lang='grc' dir='ltr'><strong>δοῖ-[νη</strong></span> 
     </span>
    </p>
   </div>
   <div class='ocr_carea' id='block_1_109' title="bbox 1932 4928 3547 5035">
    <p class='ocr_par' dir='ltr' id='par_1_109' title="bbox 1932 4928 3547 5035">
     <span class='ocr_line' id='line_1_109' title="bbox 1932 4928 3547 5035; baseline 0.025 -54"><span class='ocrx_word' id='word_1_863' title='bbox 1932 4928 2261 5035; x_wconf 51' lang='lat' dir='ltr'><strong>offerrentur</strong></span> <span class='ocrx_word' id='word_1_864' title='bbox 2306 4940 2607 4997; x_wconf 84' lang='lat' dir='ltr'><strong>sacrificia?</strong></span> <span class='ocrx_word' id='word_1_865' title='bbox 2656 4945 2771 4999; x_wconf 86' lang='lat' dir='ltr'><strong>Non</strong></span> <span class='ocrx_word' id='word_1_866' title='bbox 2817 4966 2881 5005; x_wconf 88' lang='lat' dir='ltr'><strong>ex</strong></span> <span class='ocrx_word' id='word_1_867' title='bbox 2918 4968 2983 5007; x_wconf 90' lang='lat' dir='ltr'><strong>eo</strong></span> <span class='ocrx_word' id='word_1_868' title='bbox 3021 4957 3195 5012; x_wconf 90' lang='lat' dir='ltr'><strong>solum</strong></span> <span class='ocrx_word' id='word_1_869' title='bbox 3219 4928 3367 5030; x_wconf 75' lang='lat' dir='ltr'><strong>quod</strong></span> <span class='ocrx_word' id='word_1_870' title='bbox 3401 4928 3547 5035; x_wconf 68' lang='lat' dir='ltr'><strong>srrpc</strong></span> 
     </span>
    </p>
   </div>
   <div class='ocr_carea' id='block_1_110' title="bbox 1930 5022 3543 5118">
    <p class='ocr_par' dir='ltr' id='par_1_110' title="bbox 1930 5022 3543 5118">
     <span class='ocr_line' id='line_1_110' title="bbox 1930 5022 3543 5118; baseline 0.024 -44"><span class='ocrx_word' id='word_1_871' title='bbox 1930 5022 2255 5081; x_wconf 72' lang='lat' dir='ltr'><strong>offerrentur</strong></span> <span class='ocrx_word' id='word_1_872' title='bbox 2276 5070 2290 5094; x_wconf 92' lang='lat'><strong>,</strong></span> <span class='ocrx_word' id='word_1_873' title='bbox 2323 5030 2456 5086; x_wconf 89' lang='lat' dir='ltr'><strong>dicit</strong></span> <span class='ocrx_word' id='word_1_874' title='bbox 2494 5050 2615 5091; x_wconf 89' lang='lat' dir='ltr'><strong>esse</strong></span> <span class='ocrx_word' id='word_1_875' title='bbox 2648 5043 2993 5110; x_wconf 79' lang='lat' dir='ltr'><strong>perspicuum</strong></span> <span class='ocrx_word' id='word_1_876' title='bbox 3047 5050 3192 5118; x_wconf 86' lang='lat' dir='ltr'><strong>quod</strong></span> <span class='ocrx_word' id='word_1_877' title='bbox 3225 5022 3407 5111; x_wconf 73' lang='lat' dir='ltr'><strong>essent</strong></span> <span class='ocrx_word' id='word_1_878' title='bbox 3438 5022 3543 5112; x_wconf 73' lang='lat' dir='ltr'><strong>int-</strong></span> 
     </span>
    </p>
   </div>
   <div class='ocr_carea' id='block_1_111' title="bbox 1936 5120 3541 5219">
    <p class='ocr_par' dir='ltr' id='par_1_111' title="bbox 1936 5120 3541 5219">
     <span class='ocr_line' id='line_1_111' title="bbox 1936 5120 3541 5219; baseline 0.019 -42"><span class='ocrx_word' id='word_1_879' title='bbox 1936 5120 2216 5219; x_wconf 31' lang='lat' dir='ltr'><strong>beeilla-et</strong></span> <span class='ocrx_word' id='word_1_880' title='bbox 2246 5128 2377 5185; x_wconf 85' lang='lat' dir='ltr'><strong>nihil</strong></span> <span class='ocrx_word' id='word_1_881' title='bbox 2413 5132 2760 5204; x_wconf 88' lang='lat' dir='ltr'><strong>prodessent,</strong></span> <span class='ocrx_word' id='word_1_882' title='bbox 2801 5141 2893 5197; x_wconf 87' lang='lat' dir='ltr'><strong>sed</strong></span> <span class='ocrx_word' id='word_1_883' title='bbox 2932 5144 3094 5200; x_wconf 91' lang='lat' dir='ltr'><strong>etiam</strong></span> <span class='ocrx_word' id='word_1_884' title='bbox 3126 5148 3269 5219; x_wconf 85' lang='lat' dir='ltr'><strong>quod</strong></span> <span class='ocrx_word' id='word_1_885' title='bbox 3305 5150 3449 5208; x_wconf 88' lang='lat' dir='ltr'><strong>Deus</strong></span> <span class='ocrx_word' id='word_1_886' title='bbox 3478 5168 3541 5207; x_wconf 86' lang='lat' dir='ltr'><strong>ea</strong></span> 
     </span>
    </p>
   </div>
   <div class='ocr_carea' id='block_1_112' title="bbox 1939 5215 3536 5298">
    <p class='ocr_par' dir='ltr' id='par_1_112' title="bbox 1939 5215 3536 5298">
     <span class='ocr_line' id='line_1_112' title="bbox 1939 5215 3536 5298; baseline 0.02 -33"><span class='ocrx_word' id='word_1_887' title='bbox 1939 5228 2045 5268; x_wconf 94' lang='lat' dir='ltr'><strong>non</strong></span> <span class='ocrx_word' id='word_1_888' title='bbox 2096 5215 2429 5287; x_wconf 84' lang='lat' dir='ltr'><strong>admitteret,</strong></span> <span class='ocrx_word' id='word_1_889' title='bbox 2481 5233 2755 5296; x_wconf 87' lang='lat' dir='ltr'><strong>tamquam</strong></span> <span class='ocrx_word' id='word_1_890' title='bbox 2812 5232 3018 5289; x_wconf 88' lang='lat' dir='ltr'><strong>inutilia</strong></span> <span class='ocrx_word' id='word_1_891' title='bbox 3074 5215 3536 5298; x_wconf 29' lang='lat' dir='ltr'><strong>et‘infrucluosa.</strong></span> 
     </span>
    </p>
   </div>
   <div class='ocr_carea' id='block_1_113' title="bbox 1939 5304 3538 5402">
    <p class='ocr_par' dir='ltr' id='par_1_113' title="bbox 1939 5304 3538 5402">
     <span class='ocr_line' id='line_1_113' title="bbox 1939 5304 3538 5402; baseline 0.021 -46"><span class='ocrx_word' id='word_1_892' title='bbox 1939 5304 2172 5402; x_wconf 79' lang='lat' dir='ltr'><strong>ldipsum</strong></span> <span class='ocrx_word' id='word_1_893' title='bbox 2221 5311 2351 5366; x_wconf 89' lang='lat' dir='ltr'><strong>dicit</strong></span> <span class='ocrx_word' id='word_1_894' title='bbox 2386 5317 2548 5372; x_wconf 78' lang='lat' dir='ltr'><strong>etiam</strong></span> <span class='ocrx_word' id='word_1_895' title='bbox 2596 5320 2723 5375; x_wconf 86' lang='lat' dir='ltr'><strong>alibi</strong></span> <span class='ocrx_word' id='word_1_896' title='bbox 2758 5342 2770 5377; x_wconf 88' lang='lat'>:</span> <span class='ocrx_word' id='word_1_897' title='bbox 2802 5324 2864 5379; x_wconf 86' lang='lat' dir='ltr'><strong>Si</strong></span> <span class='ocrx_word' id='word_1_898' title='bbox 2901 5329 3143 5384; x_wconf 77' lang='lat' dir='ltr'><strong>voluisses</strong></span> <span class='ocrx_word' id='word_1_899' title='bbox 3187 5334 3497 5402; x_wconf 78' lang='lat' dir='ltr'><strong>sacri/icium</strong></span> <span class='ocrx_word' id='word_1_900' title='bbox 3522 5379 3538 5401; x_wconf 90' lang='lat'><strong>,</strong></span> 
     </span>
    </p>
   </div>
   <div class='ocr_carea' id='block_1_114' title="bbox 1938 5398 3544 5496">
    <p class='ocr_par' dir='ltr' id='par_1_114' title="bbox 1938 5398 3544 5496">
     <span class='ocr_line' id='line_1_114' title="bbox 1938 5398 3544 5496; baseline 0.021 -48"><span class='ocrx_word' id='word_1_901' title='bbox 1938 5398 2184 5496; x_wconf 56' lang='lat' dir='ltr'><strong>dedissent</strong></span> <span class='ocrx_word' id='word_1_902' title='bbox 2216 5402 2386 5496; x_wconf 68' lang='lat' dir='ltr'><strong>(l’sal.</strong></span> <span class='ocrx_word' id='word_1_903' title='bbox 2414 5409 2482 5463; x_wconf 62' lang='lat'><strong>.50</strong></span> <span class='ocrx_word' id='word_1_904' title='bbox 2538 5411 2648 5482; x_wconf 75' lang='lat'><strong>18}.</strong></span> <span class='ocrx_word' id='word_1_905' title='bbox 2675 5414 2778 5469; x_wconf 79' lang='lat' dir='ltr'><strong>Pcr</strong></span> <span class='ocrx_word' id='word_1_906' title='bbox 2805 5415 2909 5471; x_wconf 84' lang='lat' dir='ltr'><strong>hoc</strong></span> <span class='ocrx_word' id='word_1_907' title='bbox 2935 5435 3064 5490; x_wconf 80' lang='lat' dir='ltr'><strong>ergo</strong></span> <span class='ocrx_word' id='word_1_908' title='bbox 3085 5422 3245 5476; x_wconf 81' lang='lat' dir='ltr'><strong>etiam</strong></span> <span class='ocrx_word' id='word_1_909' title='bbox 3277 5398 3544 5496; x_wconf 73' lang='lat' dir='ltr'><strong>signifiCat</strong></span> 
     </span>
    </p>
   </div>
   <div class='ocr_carea' id='block_1_115' title="bbox 1937 5491 3542 5582">
    <p class='ocr_par' dir='ltr' id='par_1_115' title="bbox 1937 5491 3542 5582">
     <span class='ocr_line' id='line_1_115' title="bbox 1937 5491 3542 5582; baseline 0.022 -42"><span class='ocrx_word' id='word_1_910' title='bbox 1937 5503 1993 5542; x_wconf 75' lang='lat' dir='ltr'><strong>se</strong></span> <span class='ocrx_word' id='word_1_911' title='bbox 2037 5491 2201 5546; x_wconf 88' lang='lat' dir='ltr'><strong>nolle.</strong></span> <span class='ocrx_word' id='word_1_912' title='bbox 2249 5494 2363 5550; x_wconf 84' lang='lat' dir='ltr'><strong>Non</strong></span> <span class='ocrx_word' id='word_1_913' title='bbox 2412 5512 2539 5555; x_wconf 91' lang='lat' dir='ltr'><strong>sunt</strong></span> <span class='ocrx_word' id='word_1_914' title='bbox 2592 5518 2723 5573; x_wconf 86' lang='lat' dir='ltr'><strong>ergo</strong></span> <span class='ocrx_word' id='word_1_915' title='bbox 2780 5510 3043 5565; x_wconf 71' lang='lat' dir='ltr'><strong>sacriﬁcia</strong></span> <span class='ocrx_word' id='word_1_916' title='bbox 3105 5491 3356 5573; x_wconf 74' lang='lat' dir='ltr'><strong>voluntas</strong></span> <span class='ocrx_word' id='word_1_917' title='bbox 3412 5518 3542 5582; x_wconf 83' lang='lat' dir='ltr'><strong>Dei,</strong></span> 
     </span>
    </p>
   </div>
   <div class='ocr_carea' id='block_1_116' title="bbox 1938 5581 3543 5673">
    <p class='ocr_par' dir='ltr' id='par_1_116' title="bbox 1938 5581 3543 5673">
     <span class='ocr_line' id='line_1_116' title="bbox 1938 5581 3543 5673; baseline 0.021 -42"><span class='ocrx_word' id='word_1_918' title='bbox 1938 5581 2029 5635; x_wconf 79' lang='lat' dir='ltr'><strong>sed</strong></span> <span class='ocrx_word' id='word_1_919' title='bbox 2078 5584 2467 5645; x_wconf 88' lang='lat' dir='ltr'><strong>sacriﬁciorum</strong></span> <span class='ocrx_word' id='word_1_920' title='bbox 2514 5593 2735 5651; x_wconf 90' lang='lat' dir='ltr'><strong>abolitio</strong></span> <span class='ocrx_word' id='word_1_921' title='bbox 2778 5615 2793 5652; x_wconf 90' lang='lat'>:</span> <span class='ocrx_word' id='word_1_922' title='bbox 2836 5601 2995 5671; x_wconf 88' lang='lat' dir='ltr'><strong>igitur</strong></span> <span class='ocrx_word' id='word_1_923' title='bbox 3044 5616 3243 5673; x_wconf 63' lang='lat' dir='ltr'><strong>praeter</strong></span> <span class='ocrx_word' id='word_1_924' title='bbox 3295 5581 3543 5665; x_wconf 46' lang='lat' dir='ltr'><strong>volunta§</strong></span> 
     </span>
    </p>
   </div>
   <div class='ocr_carea' id='block_1_117' title="bbox 1940 5678 3545 5763">
    <p class='ocr_par' dir='ltr' id='par_1_117' title="bbox 1940 5678 3545 5763">
     <span class='ocr_line' id='line_1_117' title="bbox 1940 5678 3545 5763; baseline 0.021 -39"><span class='ocrx_word' id='word_1_925' title='bbox 1940 5682 2043 5726; x_wconf 84' lang='lat' dir='ltr'><strong>tem</strong></span> <span class='ocrx_word' id='word_1_926' title='bbox 2100 5678 2426 5737; x_wconf 85' lang='lat' dir='ltr'><strong>sacrificant.</strong></span> <span class='ocrx_word' id='word_1_927' title='bbox 2498 5684 2638 5753; x_wconf 89' lang='lat' dir='ltr'><strong>Quid</strong></span> <span class='ocrx_word' id='word_1_928' title='bbox 2689 5698 2810 5759; x_wconf 85' lang='lat' dir='ltr'><strong>est,</strong></span> <span class='ocrx_word' id='word_1_929' title='bbox 2871 5692 2940 5748; x_wconf 89' lang='lat' dir='ltr'><strong>Ut</strong></span> <span class='ocrx_word' id='word_1_930' title='bbox 2987 5695 3178 5763; x_wconf 81' lang='lat' dir='ltr'><strong>faciam</strong></span> <span class='ocrx_word' id='word_1_931' title='bbox 3232 5700 3545 5761; x_wconf 76' lang='lat' dir='ltr'><strong>voluntatem</strong></span> 
     </span>
    </p>
   </div>
   <div class='ocr_carea' id='block_1_118' title="bbox 1937 5768 3544 5852">
    <p class='ocr_par' dir='ltr' id='par_1_118' title="bbox 1937 5768 3544 5852">
     <span class='ocr_line' id='line_1_118' title="bbox 1937 5768 3544 5852; baseline 0.024 -40"><span class='ocrx_word' id='word_1_932' title='bbox 1937 5769 2117 5821; x_wconf 82' lang='lat' dir='ltr'><strong>luant?</strong></span> <span class='ocrx_word' id='word_1_933' title='bbox 2158 5768 2230 5825; x_wconf 85' lang='lat' dir='ltr'><strong>Ut</strong></span> <span class='ocrx_word' id='word_1_934' title='bbox 2265 5775 2554 5845; x_wconf 88' lang='lat' dir='ltr'><strong>meipsum,</strong></span> <span class='ocrx_word' id='word_1_935' title='bbox 2613 5780 2823 5852; x_wconf 85' lang='lat' dir='ltr'><strong>inquit,</strong></span> <span class='ocrx_word' id='word_1_936' title='bbox 2873 5787 3262 5847; x_wconf 77' lang='lat' dir='ltr'><strong>tradam:ha:c</strong></span> <span class='ocrx_word' id='word_1_937' title='bbox 3316 5804 3399 5849; x_wconf 92' lang='lat' dir='ltr'><strong>est</strong></span> <span class='ocrx_word' id='word_1_938' title='bbox 3448 5796 3544 5851; x_wconf 83' lang='lat' dir='ltr'><strong>Dei</strong></span> 
     </span>
    </p>
   </div>
   <div class='ocr_carea' id='block_1_119' title="bbox 1939 5858 3545 5948">
    <p class='ocr_par' dir='ltr' id='par_1_119' title="bbox 1939 5858 3545 5948">
     <span class='ocr_line' id='line_1_119' title="bbox 1939 5858 3545 5948; baseline 0.022 -40"><span class='ocrx_word' id='word_1_939' title='bbox 1939 5858 2203 5915; x_wconf 73' lang='lat' dir='ltr'><strong>Voluntas.</strong></span> <span class='ocrx_word' id='word_1_940' title='bbox 2238 5864 2299 5917; x_wconf 88' lang='lat' dir='ltr'><strong>In</strong></span> <span class='ocrx_word' id='word_1_941' title='bbox 2328 5884 2427 5936; x_wconf 84' lang='lat' dir='ltr'><strong>qua</strong></span> <span class='ocrx_word' id='word_1_942' title='bbox 2458 5871 2718 5928; x_wconf 79' lang='lat' dir='ltr'><strong>voluntate</strong></span> <span class='ocrx_word' id='word_1_943' title='bbox 2748 5879 3055 5948; x_wconf 69' lang='lat' dir='ltr'><strong>sancti/irati</strong></span> <span class='ocrx_word' id='word_1_944' title='bbox 3080 5898 3279 5937; x_wconf 84' lang='lat' dir='ltr'><strong>sumus.</strong></span> <span class='ocrx_word' id='word_1_945' title='bbox 3316 5886 3412 5939; x_wconf 68' lang='lat' dir='ltr'><strong>Per</strong></span> <span class='ocrx_word' id='word_1_946' title='bbox 3442 5887 3545 5943; x_wconf 82' lang='lat' dir='ltr'><strong>hoc</strong></span> 
     </span>
    </p>
   </div>
   <div class='ocr_carea' id='block_1_120' title="bbox 3177 5990 3214 6049">
    <p class='ocr_par' dir='ltr' id='par_1_120' title="bbox 3177 5990 3214 6049">
     <span class='ocr_line' id='line_1_120' title="bbox 3177 5990 3214 6049; baseline 0 0"><span class='ocrx_word' id='word_1_947' title='bbox 3177 5990 3214 6049; x_wconf 81' lang='lat'><strong>9</strong></span> 
     </span>
    </p>
   </div>
  </div>
