  <div class='ocr_page' id='page_1' title='image "/cluster/home/n/w/nwhite01/storage/ocr_20150623/63/pst.000004899563/145.png"; bbox 0 0 4122 6338; ppageno 0'>
   <div class='ocr_carea' id='block_1_1' title="bbox 586 398 685 453">
    <p class='ocr_par' dir='ltr' id='par_1_1' title="bbox 586 398 685 453">
     <span class='ocr_line' id='line_1_1' title="bbox 586 398 685 453; baseline -0.04 0"><span class='ocrx_word' id='word_1_1' title='bbox 586 398 685 453; x_wconf 77' lang='grc'><strong>155</strong></span> 
     </span>
    </p>
   </div>
   <div class='ocr_carea' id='block_1_2' title="bbox 570 483 2142 563">
    <p class='ocr_par' dir='ltr' id='par_1_2' title="bbox 570 483 2142 563">
     <span class='ocr_line' id='line_1_2' title="bbox 570 483 2142 563; baseline -0.004 -18"><span class='ocrx_word' id='word_1_2' title='bbox 570 506 779 563; x_wconf 79' lang='lat' dir='ltr'><strong>quoqth</strong></span> <span class='ocrx_word' id='word_1_3' title='bbox 819 492 922 546; x_wconf 88' lang='lat' dir='ltr'><strong>alio</strong></span> <span class='ocrx_word' id='word_1_4' title='bbox 962 492 1123 546; x_wconf 88' lang='lat' dir='ltr'><strong>modo</strong></span> <span class='ocrx_word' id='word_1_5' title='bbox 1154 488 1435 561; x_wconf 85' lang='lat' dir='ltr'><strong>signiﬁcat,</strong></span> <span class='ocrx_word' id='word_1_6' title='bbox 1467 501 1571 543; x_wconf 87' lang='lat' dir='ltr'><strong>non</strong></span> <span class='ocrx_word' id='word_1_7' title='bbox 1602 485 1887 554; x_wconf 77' lang='lat' dir='ltr'><strong>sacrificia,</strong></span> <span class='ocrx_word' id='word_1_8' title='bbox 1915 484 2008 541; x_wconf 87' lang='lat' dir='ltr'><strong>sed</strong></span> <span class='ocrx_word' id='word_1_9' title='bbox 2050 483 2142 540; x_wconf 88' lang='lat' dir='ltr'><strong>Dei</strong></span> 
     </span>
    </p>
   </div>
   <div class='ocr_carea' id='block_1_3' title="bbox 572 580 2145 655">
    <p class='ocr_par' dir='ltr' id='par_1_3' title="bbox 572 580 2145 655">
     <span class='ocr_line' id='line_1_3' title="bbox 572 580 2145 655; baseline -0.003 -16"><span class='ocrx_word' id='word_1_10' title='bbox 572 587 894 640; x_wconf 76' lang='lat' dir='ltr'><strong>voluntatem</strong></span> <span class='ocrx_word' id='word_1_11' title='bbox 918 584 1163 639; x_wconf 84' lang='lat' dir='ltr'><strong>homines</strong></span> <span class='ocrx_word' id='word_1_12' title='bbox 1178 597 1422 655; x_wconf 87' lang='lat' dir='ltr'><strong>purgare.</strong></span> <span class='ocrx_word' id='word_1_13' title='bbox 1442 580 1587 653; x_wconf 83' lang='lat' dir='ltr'><strong>Ergo</strong></span> <span class='ocrx_word' id='word_1_14' title='bbox 1608 580 1869 636; x_wconf 87' lang='lat' dir='ltr'><strong>sacriﬁcia</strong></span> <span class='ocrx_word' id='word_1_15' title='bbox 1888 594 2145 651; x_wconf 87' lang='lat' dir='ltr'><strong>peragere</strong></span> 
     </span>
    </p>
   </div>
   <div class='ocr_carea' id='block_1_4' title="bbox 571 674 2148 747">
    <p class='ocr_par' dir='ltr' id='par_1_4' title="bbox 571 674 2148 747">
     <span class='ocr_line' id='line_1_4' title="bbox 571 674 2148 747; baseline -0.006 -12"><span class='ocrx_word' id='word_1_16' title='bbox 571 695 675 735; x_wconf 84' lang='lat' dir='ltr'><strong>non</strong></span> <span class='ocrx_word' id='word_1_17' title='bbox 704 692 769 733; x_wconf 87' lang='lat' dir='ltr'><strong>ex</strong></span> <span class='ocrx_word' id='word_1_18' title='bbox 801 678 890 734; x_wconf 89' lang='lat' dir='ltr'><strong>Dei</strong></span> <span class='ocrx_word' id='word_1_19' title='bbox 922 678 1193 735; x_wconf 89' lang='lat' dir='ltr'><strong>voluntate</strong></span> <span class='ocrx_word' id='word_1_20' title='bbox 1218 686 1319 732; x_wconf 90' lang='lat' dir='ltr'><strong>est.</strong></span> <span class='ocrx_word' id='word_1_21' title='bbox 1358 675 1425 732; x_wconf 88' lang='lat' dir='ltr'><strong>Et</strong></span> <span class='ocrx_word' id='word_1_22' title='bbox 1457 676 1585 747; x_wconf 93' lang='lat' dir='ltr'><strong>quid</strong></span> <span class='ocrx_word' id='word_1_23' title='bbox 1612 675 1845 742; x_wconf 84' lang='lat' dir='ltr'><strong>miraris,</strong></span> <span class='ocrx_word' id='word_1_24' title='bbox 1873 675 1917 727; x_wconf 91' lang='lat' dir='ltr'><strong>si</strong></span> <span class='ocrx_word' id='word_1_25' title='bbox 1946 687 2052 728; x_wconf 90' lang='lat' dir='ltr'><strong>non</strong></span> <span class='ocrx_word' id='word_1_26' title='bbox 2078 674 2148 727; x_wconf 91' lang='lat' dir='ltr'><strong>sit</strong></span> 
     </span>
    </p>
   </div>
   <div class='ocr_carea' id='block_1_5' title="bbox 573 765 2147 839">
    <p class='ocr_par' dir='ltr' id='par_1_5' title="bbox 573 765 2147 839">
     <span class='ocr_line' id='line_1_5' title="bbox 573 765 2147 839; baseline -0.002 -16"><span class='ocrx_word' id='word_1_27' title='bbox 573 786 715 825; x_wconf 90' lang='lat' dir='ltr'><strong>nunc</strong></span> <span class='ocrx_word' id='word_1_28' title='bbox 765 770 857 826; x_wconf 87' lang='lat' dir='ltr'><strong>Dei</strong></span> <span class='ocrx_word' id='word_1_29' title='bbox 899 770 1175 835; x_wconf 87' lang='lat' dir='ltr'><strong>voluntas,</strong></span> <span class='ocrx_word' id='word_1_30' title='bbox 1211 783 1331 825; x_wconf 92' lang='lat' dir='ltr'><strong>cum</strong></span> <span class='ocrx_word' id='word_1_31' title='bbox 1366 783 1466 825; x_wconf 89' lang='lat' dir='ltr'><strong>nec</strong></span> <span class='ocrx_word' id='word_1_32' title='bbox 1495 768 1609 839; x_wconf 86' lang='lat' dir='ltr'><strong>ejus</strong></span> <span class='ocrx_word' id='word_1_33' title='bbox 1638 777 1781 823; x_wconf 80' lang='lat' dir='ltr'><strong>esset</strong></span> <span class='ocrx_word' id='word_1_34' title='bbox 1808 767 2053 822; x_wconf 79' lang='lat' dir='ltr'><strong>voluntas</strong></span> <span class='ocrx_word' id='word_1_35' title='bbox 2079 765 2147 820; x_wconf 87' lang='lat' dir='ltr'><strong>ab</strong></span> 
     </span>
    </p>
   </div>
   <div class='ocr_carea' id='block_1_6' title="bbox 572 858 2149 932">
    <p class='ocr_par' dir='ltr' id='par_1_6' title="bbox 572 858 2149 932">
     <span class='ocr_line' id='line_1_6' title="bbox 572 858 2149 932; baseline -0.004 -15"><span class='ocrx_word' id='word_1_36' title='bbox 572 863 760 918; x_wconf 85' lang='lat' dir='ltr'><strong>initio?</strong></span> <span class='ocrx_word' id='word_1_37' title='bbox 789 863 911 929; x_wconf 87' lang='lat' dir='ltr'><strong>Quis</strong></span> <span class='ocrx_word' id='word_1_38' title='bbox 941 862 1070 915; x_wconf 82' lang='lat' dir='ltr'><strong>enim</strong></span> <span class='ocrx_word' id='word_1_39' title='bbox 1111 862 1218 915; x_wconf 78' lang='lat' dir='ltr'><strong>lucc</strong></span> <span class='ocrx_word' id='word_1_40' title='bbox 1239 903 1253 926; x_wconf 96' lang='lat'><strong>,</strong></span> <span class='ocrx_word' id='word_1_41' title='bbox 1289 862 1487 932; x_wconf 89' lang='lat' dir='ltr'><strong>inquit,</strong></span> <span class='ocrx_word' id='word_1_42' title='bbox 1516 860 1770 929; x_wconf 74' lang='lat' dir='ltr'><strong>requisivit</strong></span> <span class='ocrx_word' id='word_1_43' title='bbox 1809 874 1873 913; x_wconf 80' lang='lat' dir='ltr'><strong>ea:</strong></span> <span class='ocrx_word' id='word_1_44' title='bbox 1915 858 2149 911; x_wconf 89' lang='lat' dir='ltr'><strong>manibus</strong></span> 
     </span>
    </p>
   </div>
   <div class='ocr_carea' id='block_1_7' title="bbox 574 947 2150 1024">
    <p class='ocr_par' dir='ltr' id='par_1_7' title="bbox 574 947 2150 1024">
     <span class='ocr_line' id='line_1_7' title="bbox 574 947 2150 1024; baseline -0.004 -17"><span class='ocrx_word' id='word_1_45' title='bbox 574 954 747 1009; x_wconf 72' lang='lat' dir='ltr'><strong>vestris</strong></span> <span class='ocrx_word' id='word_1_46' title='bbox 774 952 924 1023; x_wconf 84' lang='lat' dir='ltr'><strong>(lsai.</strong></span> <span class='ocrx_word' id='word_1_47' title='bbox 945 953 997 1008; x_wconf 80' lang='lat' dir='ltr'><strong>l.</strong></span> <span class='ocrx_word' id='word_1_48' title='bbox 1031 952 1161 1024; x_wconf 70' lang='lat'><strong>12)?</strong></span> <span class='ocrx_word' id='word_1_49' title='bbox 1190 951 1470 1019; x_wconf 85' lang='lat' dir='ltr'><strong>Quomodo</strong></span> <span class='ocrx_word' id='word_1_50' title='bbox 1487 966 1614 1021; x_wconf 88' lang='lat' dir='ltr'><strong>ergo</strong></span> <span class='ocrx_word' id='word_1_51' title='bbox 1625 949 1954 1020; x_wconf 87' lang='lat' dir='ltr'><strong>jussitipse?</strong></span> <span class='ocrx_word' id='word_1_52' title='bbox 1984 948 2054 1004; x_wconf 87' lang='lat' dir='ltr'><strong>Sc</strong></span> <span class='ocrx_word' id='word_1_53' title='bbox 2083 947 2150 1002; x_wconf 91' lang='lat' dir='ltr'><strong>ad</strong></span> 
     </span>
    </p>
   </div>
   <div class='ocr_carea' id='block_1_8' title="bbox 575 1036 2151 1115">
    <p class='ocr_par' dir='ltr' id='par_1_8' title="bbox 575 1036 2151 1115">
     <span class='ocr_line' id='line_1_8' title="bbox 575 1036 2151 1115; baseline -0.006 -14"><span class='ocrx_word' id='word_1_54' title='bbox 575 1061 756 1101; x_wconf 86' lang='lat' dir='ltr'><strong>eorum</strong></span> <span class='ocrx_word' id='word_1_55' title='bbox 786 1054 998 1115; x_wconf 89' lang='lat' dir='ltr'><strong>captum</strong></span> <span class='ocrx_word' id='word_1_56' title='bbox 1030 1043 1318 1100; x_wconf 90' lang='lat' dir='ltr'><strong>demittcns</strong></span> <span class='ocrx_word' id='word_1_57' title='bbox 1351 1061 1363 1097; x_wconf 90' lang='lat'><strong>:</strong></span> <span class='ocrx_word' id='word_1_58' title='bbox 1395 1044 1531 1098; x_wconf 91' lang='lat' dir='ltr'><strong>sicut</strong></span> <span class='ocrx_word' id='word_1_59' title='bbox 1580 1042 1711 1096; x_wconf 91' lang='lat' dir='ltr'><strong>dicit</strong></span> <span class='ocrx_word' id='word_1_60' title='bbox 1740 1041 1938 1097; x_wconf 82' lang='lat' dir='ltr'><strong>Paulus</strong></span> <span class='ocrx_word' id='word_1_61' title='bbox 1969 1062 1984 1096; x_wconf 69' lang='grc' dir='ltr'><strong>ς</strong></span> <span class='ocrx_word' id='word_1_62' title='bbox 2022 1036 2151 1092; x_wconf 83' lang='lat' dir='ltr'><strong>Volo</strong></span> 
     </span>
    </p>
   </div>
   <div class='ocr_carea' id='block_1_9' title="bbox 574 1130 2151 1206">
    <p class='ocr_par' dir='ltr' id='par_1_9' title="bbox 574 1130 2151 1206">
     <span class='ocr_line' id='line_1_9' title="bbox 574 1130 2151 1206; baseline -0.004 -18"><span class='ocrx_word' id='word_1_63' title='bbox 574 1152 743 1191; x_wconf 80' lang='lat' dir='ltr'><strong>ontnes</strong></span> <span class='ocrx_word' id='word_1_64' title='bbox 774 1136 1017 1191; x_wconf 85' lang='lat' dir='ltr'><strong>homines</strong></span> <span class='ocrx_word' id='word_1_65' title='bbox 1064 1136 1192 1190; x_wconf 89' lang='lat' dir='ltr'><strong>sicut</strong></span> <span class='ocrx_word' id='word_1_66' title='bbox 1219 1135 1464 1206; x_wconf 87' lang='lat' dir='ltr'><strong>meipsum</strong></span> <span class='ocrx_word' id='word_1_67' title='bbox 1501 1149 1607 1188; x_wconf 84' lang='lat' dir='ltr'><strong>esse</strong></span> <span class='ocrx_word' id='word_1_68' title='bbox 1634 1133 1711 1206; x_wconf 77' lang='grc' dir='ltr'><strong>(ί.</strong></span> <span class='ocrx_word' id='word_1_69' title='bbox 1744 1133 1864 1187; x_wconf 80' lang='lat' dir='ltr'><strong>Cor.</strong></span> <span class='ocrx_word' id='word_1_70' title='bbox 1898 1131 1951 1185; x_wconf 92' lang='lat'><strong>7.</strong></span> <span class='ocrx_word' id='word_1_71' title='bbox 1989 1130 2045 1201; x_wconf 86' lang='lat'><strong>7)</strong></span> <span class='ocrx_word' id='word_1_72' title='bbox 2098 1130 2151 1182; x_wconf 92' lang='lat' dir='ltr'><strong>iu</strong></span> 
     </span>
    </p>
   </div>
   <div class='ocr_carea' id='block_1_10' title="bbox 576 1222 2150 1295">
    <p class='ocr_par' dir='ltr' id='par_1_10' title="bbox 576 1222 2150 1295">
     <span class='ocr_line' id='line_1_10' title="bbox 576 1222 2150 1295; baseline -0.007 -9"><span class='ocrx_word' id='word_1_73' title='bbox 576 1231 937 1295; x_wconf 92' lang='lat' dir='ltr'><strong>continentia;</strong></span> <span class='ocrx_word' id='word_1_74' title='bbox 968 1239 1021 1284; x_wconf 92' lang='lat' dir='ltr'><strong>ct</strong></span> <span class='ocrx_word' id='word_1_75' title='bbox 1069 1243 1255 1283; x_wconf 87' lang='lat' dir='ltr'><strong>rursus</strong></span> <span class='ocrx_word' id='word_1_76' title='bbox 1298 1226 1424 1282; x_wconf 82' lang='lat' dir='ltr'><strong>alibi</strong></span> <span class='ocrx_word' id='word_1_77' title='bbox 1472 1227 1717 1291; x_wconf 87' lang='lat' dir='ltr'><strong>hortans,</strong></span> <span class='ocrx_word' id='word_1_78' title='bbox 1758 1222 1909 1291; x_wconf 87' lang='lat' dir='ltr'><strong>Volo,</strong></span> <span class='ocrx_word' id='word_1_79' title='bbox 1942 1223 2150 1293; x_wconf 86' lang='lat' dir='ltr'><strong>inqult,</strong></span> 
     </span>
    </p>
   </div>
   <div class='ocr_carea' id='block_1_11' title="bbox 578 1314 2156 1391">
    <p class='ocr_par' dir='ltr' id='par_1_11' title="bbox 578 1314 2156 1391">
     <span class='ocr_line' id='line_1_11' title="bbox 578 1314 2156 1391; baseline -0.007 -14"><span class='ocrx_word' id='word_1_80' title='bbox 578 1324 802 1389; x_wconf 78' lang='lat' dir='ltr'><strong>iuniores</strong></span> <span class='ocrx_word' id='word_1_81' title='bbox 828 1322 1029 1387; x_wconf 86' lang='lat' dir='ltr'><strong>nubere,</strong></span> <span class='ocrx_word' id='word_1_82' title='bbox 1059 1322 1192 1387; x_wconf 82' lang='lat' dir='ltr'><strong>ﬁlios</strong></span> <span class='ocrx_word' id='word_1_83' title='bbox 1224 1336 1490 1391; x_wconf 83' lang='lat' dir='ltr'><strong>procreare</strong></span> <span class='ocrx_word' id='word_1_84' title='bbox 1518 1320 1592 1388; x_wconf 81' lang='lat' dir='ltr'><strong>(l.</strong></span> <span class='ocrx_word' id='word_1_85' title='bbox 1621 1316 1753 1371; x_wconf 89' lang='lat' dir='ltr'><strong>Tim.</strong></span> <span class='ocrx_word' id='word_1_86' title='bbox 1787 1316 1838 1371; x_wconf 85' lang='lat'><strong>5.</strong></span> <span class='ocrx_word' id='word_1_87' title='bbox 1871 1316 1982 1385; x_wconf 75' lang='lat' dir='ltr'><strong>H).</strong></span> <span class='ocrx_word' id='word_1_88' title='bbox 2016 1314 2156 1369; x_wconf 86' lang='lat' dir='ltr'><strong>Duas</strong></span> 
     </span>
    </p>
   </div>
   <div class='ocr_carea' id='block_1_12' title="bbox 578 1405 2155 1487">
    <p class='ocr_par' dir='ltr' id='par_1_12' title="bbox 578 1405 2155 1487">
     <span class='ocr_line' id='line_1_12' title="bbox 578 1405 2155 1487; baseline -0.008 -17"><span class='ocrx_word' id='word_1_89' title='bbox 578 1417 729 1487; x_wconf 85' lang='lat' dir='ltr'><strong>ponit</strong></span> <span class='ocrx_word' id='word_1_90' title='bbox 758 1415 1095 1479; x_wconf 73' lang='lat' dir='ltr'><strong>voluntates,</strong></span> <span class='ocrx_word' id='word_1_91' title='bbox 1128 1411 1222 1466; x_wconf 90' lang='lat' dir='ltr'><strong>sed</strong></span> <span class='ocrx_word' id='word_1_92' title='bbox 1263 1426 1367 1467; x_wconf 90' lang='lat' dir='ltr'><strong>non</strong></span> <span class='ocrx_word' id='word_1_93' title='bbox 1406 1412 1576 1465; x_wconf 73' lang='lat' dir='ltr'><strong>amba:</strong></span> <span class='ocrx_word' id='word_1_94' title='bbox 1606 1417 1730 1464; x_wconf 89' lang='lat' dir='ltr'><strong>sunt</strong></span> <span class='ocrx_word' id='word_1_95' title='bbox 1766 1407 1901 1478; x_wconf 83' lang='lat' dir='ltr'><strong>ejus,</strong></span> <span class='ocrx_word' id='word_1_96' title='bbox 1945 1405 2155 1462; x_wconf 87' lang='lat' dir='ltr'><strong>etiamsi</strong></span> 
     </span>
    </p>
   </div>
   <div class='ocr_carea' id='block_1_13' title="bbox 578 1499 2155 1577">
    <p class='ocr_par' dir='ltr' id='par_1_13' title="bbox 578 1499 2155 1577">
     <span class='ocr_line' id='line_1_13' title="bbox 578 1499 2155 1577; baseline -0.006 -18"><span class='ocrx_word' id='word_1_97' title='bbox 578 1507 797 1577; x_wconf 86' lang='lat' dir='ltr'><strong>jubeat;</strong></span> <span class='ocrx_word' id='word_1_98' title='bbox 824 1504 918 1559; x_wconf 89' lang='lat' dir='ltr'><strong>scd</strong></span> <span class='ocrx_word' id='word_1_99' title='bbox 948 1503 1061 1558; x_wconf 88' lang='lat' dir='ltr'><strong>haec</strong></span> <span class='ocrx_word' id='word_1_100' title='bbox 1091 1502 1306 1573; x_wconf 91' lang='lat' dir='ltr'><strong>quidem</strong></span> <span class='ocrx_word' id='word_1_101' title='bbox 1334 1510 1416 1557; x_wconf 91' lang='lat' dir='ltr'><strong>est</strong></span> <span class='ocrx_word' id='word_1_102' title='bbox 1455 1501 1641 1570; x_wconf 88' lang='lat' dir='ltr'><strong>ipsius,</strong></span> <span class='ocrx_word' id='word_1_103' title='bbox 1669 1510 1723 1555; x_wconf 93' lang='lat' dir='ltr'><strong>et</strong></span> <span class='ocrx_word' id='word_1_104' title='bbox 1752 1499 1871 1554; x_wconf 91' lang='lat' dir='ltr'><strong>ideo</strong></span> <span class='ocrx_word' id='word_1_105' title='bbox 1908 1512 2027 1552; x_wconf 90' lang='lat' dir='ltr'><strong>eam</strong></span> <span class='ocrx_word' id='word_1_106' title='bbox 2055 1511 2155 1567; x_wconf 88' lang='lat' dir='ltr'><strong>po-</strong></span> 
     </span>
    </p>
   </div>
   <div class='ocr_carea' id='block_1_14' title="bbox 582 1589 2156 1659">
    <p class='ocr_par' dir='ltr' id='par_1_14' title="bbox 582 1589 2156 1659">
     <span class='ocr_line' id='line_1_14' title="bbox 582 1589 2156 1659; baseline -0.008 -6"><span class='ocrx_word' id='word_1_107' title='bbox 582 1597 660 1653; x_wconf 89' lang='lat' dir='ltr'><strong>nit</strong></span> <span class='ocrx_word' id='word_1_108' title='bbox 709 1612 811 1651; x_wconf 88' lang='lat' dir='ltr'><strong>non</strong></span> <span class='ocrx_word' id='word_1_109' title='bbox 856 1596 1013 1650; x_wconf 87' lang='lat' dir='ltr'><strong>allata</strong></span> <span class='ocrx_word' id='word_1_110' title='bbox 1063 1608 1260 1659; x_wconf 85' lang='lat' dir='ltr'><strong>causa;</strong></span> <span class='ocrx_word' id='word_1_111' title='bbox 1322 1594 1409 1648; x_wconf 88' lang='lat' dir='ltr'><strong>illa</strong></span> <span class='ocrx_word' id='word_1_112' title='bbox 1454 1601 1631 1647; x_wconf 88' lang='lat' dir='ltr'><strong>autem</strong></span> <span class='ocrx_word' id='word_1_113' title='bbox 1678 1605 1783 1646; x_wconf 92' lang='lat' dir='ltr'><strong>non</strong></span> <span class='ocrx_word' id='word_1_114' title='bbox 1836 1598 1920 1645; x_wconf 89' lang='lat' dir='ltr'><strong>est</strong></span> <span class='ocrx_word' id='word_1_115' title='bbox 1965 1589 2156 1659; x_wconf 87' lang='lat' dir='ltr'><strong>ipsius,</strong></span> 
     </span>
    </p>
   </div>
   <div class='ocr_carea' id='block_1_15' title="bbox 582 1680 2157 1755">
    <p class='ocr_par' dir='ltr' id='par_1_15' title="bbox 582 1680 2157 1755">
     <span class='ocr_line' id='line_1_15' title="bbox 582 1680 2157 1755; baseline -0.005 -12"><span class='ocrx_word' id='word_1_116' title='bbox 582 1688 790 1743; x_wconf 87' lang='lat' dir='ltr'><strong>etiamsi</strong></span> <span class='ocrx_word' id='word_1_117' title='bbox 835 1688 979 1754; x_wconf 88' lang='lat' dir='ltr'><strong>velit,</strong></span> <span class='ocrx_word' id='word_1_118' title='bbox 1022 1697 1076 1743; x_wconf 88' lang='lat' dir='ltr'><strong>et</strong></span> <span class='ocrx_word' id='word_1_119' title='bbox 1126 1687 1244 1741; x_wconf 91' lang='lat' dir='ltr'><strong>ideo</strong></span> <span class='ocrx_word' id='word_1_120' title='bbox 1290 1685 1495 1755; x_wconf 88' lang='lat' dir='ltr'><strong>adjecta</strong></span> <span class='ocrx_word' id='word_1_121' title='bbox 1541 1693 1622 1739; x_wconf 86' lang='lat' dir='ltr'><strong>est</strong></span> <span class='ocrx_word' id='word_1_122' title='bbox 1647 1698 1765 1737; x_wconf 88' lang='lat' dir='ltr'><strong>cmn</strong></span> <span class='ocrx_word' id='word_1_123' title='bbox 1807 1696 1987 1737; x_wconf 88' lang='lat' dir='ltr'><strong>causa.</strong></span> <span class='ocrx_word' id='word_1_124' title='bbox 2023 1680 2157 1736; x_wconf 84' lang='lat' dir='ltr'><strong>Nam</strong></span> 
     </span>
    </p>
   </div>
   <div class='ocr_carea' id='block_1_16' title="bbox 584 1772 2163 1848">
    <p class='ocr_par' dir='ltr' id='par_1_16' title="bbox 584 1772 2163 1848">
     <span class='ocr_line' id='line_1_16' title="bbox 584 1772 2163 1848; baseline -0.004 -16"><span class='ocrx_word' id='word_1_125' title='bbox 584 1795 704 1833; x_wconf 89' lang='lat' dir='ltr'><strong>cum</strong></span> <span class='ocrx_word' id='word_1_126' title='bbox 734 1778 879 1848; x_wconf 86' lang='lat' dir='ltr'><strong>prius</strong></span> <span class='ocrx_word' id='word_1_127' title='bbox 907 1793 999 1833; x_wconf 87' lang='lat' dir='ltr'><strong>eas</strong></span> <span class='ocrx_word' id='word_1_128' title='bbox 1028 1785 1353 1843; x_wconf 84' lang='lat' dir='ltr'><strong>accusasset,</strong></span> <span class='ocrx_word' id='word_1_129' title='bbox 1386 1774 1527 1846; x_wconf 92' lang='lat' dir='ltr'><strong>quod</strong></span> <span class='ocrx_word' id='word_1_130' title='bbox 1558 1782 1745 1829; x_wconf 90' lang='lat' dir='ltr'><strong>contra</strong></span> <span class='ocrx_word' id='word_1_131' title='bbox 1775 1772 2045 1828; x_wconf 79' lang='lat' dir='ltr'><strong>Christum</strong></span> <span class='ocrx_word' id='word_1_132' title='bbox 2077 1786 2163 1827; x_wconf 90' lang='lat' dir='ltr'><strong>es-</strong></span> 
     </span>
    </p>
   </div>
   <div class='ocr_carea' id='block_1_17' title="bbox 587 1863 2163 1938">
    <p class='ocr_par' dir='ltr' id='par_1_17' title="bbox 587 1863 2163 1938">
     <span class='ocr_line' id='line_1_17' title="bbox 587 1863 2163 1938; baseline -0.006 -13"><span class='ocrx_word' id='word_1_133' title='bbox 587 1870 1025 1936; x_wconf 61' lang='lat' dir='ltr'><strong>sentluxuriata‘,</strong></span> <span class='ocrx_word' id='word_1_134' title='bbox 1052 1880 1175 1924; x_wconf 90' lang='lat' dir='ltr'><strong>tunc</strong></span> <span class='ocrx_word' id='word_1_135' title='bbox 1197 1868 1329 1923; x_wconf 92' lang='lat' dir='ltr'><strong>dixit</strong></span> <span class='ocrx_word' id='word_1_136' title='bbox 1356 1886 1367 1919; x_wconf 91' lang='lat'><strong>:</strong></span> <span class='ocrx_word' id='word_1_137' title='bbox 1402 1866 1526 1921; x_wconf 85' lang='lat' dir='ltr'><strong>Volo</strong></span> <span class='ocrx_word' id='word_1_138' title='bbox 1544 1867 1775 1938; x_wconf 80' lang='lat' dir='ltr'><strong>juniores</strong></span> <span class='ocrx_word' id='word_1_139' title='bbox 1802 1866 2003 1929; x_wconf 81' lang='lat' dir='ltr'><strong>nubere,</strong></span> <span class='ocrx_word' id='word_1_140' title='bbox 2028 1863 2163 1932; x_wconf 72' lang='lat' dir='ltr'><strong>filios</strong></span> 
     </span>
    </p>
   </div>
   <div class='ocr_carea' id='block_1_18' title="bbox 587 1954 2168 2033">
    <p class='ocr_par' dir='ltr' id='par_1_18' title="bbox 587 1954 2168 2033">
     <span class='ocr_line' id='line_1_18' title="bbox 587 1954 2168 2033; baseline -0.006 -16"><span class='ocrx_word' id='word_1_141' title='bbox 587 1980 873 2033; x_wconf 81' lang='lat' dir='ltr'><strong>procreare.</strong></span> <span class='ocrx_word' id='word_1_142' title='bbox 910 1962 982 2016; x_wconf 90' lang='lat' dir='ltr'><strong>lta</strong></span> <span class='ocrx_word' id='word_1_143' title='bbox 1000 1961 1094 2015; x_wconf 89' lang='lat' dir='ltr'><strong>hic</strong></span> <span class='ocrx_word' id='word_1_144' title='bbox 1114 1974 1325 2031; x_wconf 73' lang='lat' dir='ltr'><strong>quoque</strong></span> <span class='ocrx_word' id='word_1_145' title='bbox 1350 1972 1467 2013; x_wconf 91' lang='lat' dir='ltr'><strong>sese</strong></span> <span class='ocrx_word' id='word_1_146' title='bbox 1490 1955 1905 2013; x_wconf 83' lang='lat' dir='ltr'><strong>accommodans</strong></span> <span class='ocrx_word' id='word_1_147' title='bbox 1928 1969 2042 2010; x_wconf 89' lang='lat' dir='ltr'><strong>rem</strong></span> <span class='ocrx_word' id='word_1_148' title='bbox 2065 1954 2168 2009; x_wconf 91' lang='lat' dir='ltr'><strong>dis-</strong></span> 
     </span>
    </p>
   </div>
   <div class='ocr_carea' id='block_1_19' title="bbox 593 2046 2169 2125">
    <p class='ocr_par' dir='ltr' id='par_1_19' title="bbox 593 2046 2169 2125">
     <span class='ocr_line' id='line_1_19' title="bbox 593 2046 2169 2125; baseline -0.003 -18"><span class='ocrx_word' id='word_1_149' title='bbox 593 2064 780 2125; x_wconf 86' lang='lat' dir='ltr'><strong>pensat</strong></span> <span class='ocrx_word' id='word_1_150' title='bbox 807 2072 819 2107; x_wconf 90' lang='lat'><strong>:</strong></span> <span class='ocrx_word' id='word_1_151' title='bbox 849 2070 953 2107; x_wconf 91' lang='lat' dir='ltr'><strong>non</strong></span> <span class='ocrx_word' id='word_1_152' title='bbox 1002 2062 1123 2107; x_wconf 91' lang='lat' dir='ltr'><strong>erat</strong></span> <span class='ocrx_word' id='word_1_153' title='bbox 1167 2052 1285 2121; x_wconf 86' lang='lat' dir='ltr'><strong>ejus</strong></span> <span class='ocrx_word' id='word_1_154' title='bbox 1316 2051 1567 2121; x_wconf 85' lang='lat' dir='ltr'><strong>princeps</strong></span> <span class='ocrx_word' id='word_1_155' title='bbox 1612 2049 1862 2104; x_wconf 90' lang='lat' dir='ltr'><strong>voluntas</strong></span> <span class='ocrx_word' id='word_1_156' title='bbox 1890 2056 1949 2102; x_wconf 90' lang='lat' dir='ltr'><strong>ut</strong></span> <span class='ocrx_word' id='word_1_157' title='bbox 1976 2046 2169 2103; x_wconf 83' lang='lat' dir='ltr'><strong>ﬁerent</strong></span> 
     </span>
    </p>
   </div>
   <div class='ocr_carea' id='block_1_20' title="bbox 591 2141 2169 2200">
    <p class='ocr_par' dir='ltr' id='par_1_20' title="bbox 591 2141 2169 2200">
     <span class='ocr_line' id='line_1_20' title="bbox 591 2141 2169 2200; baseline -0.004 0"><span class='ocrx_word' id='word_1_158' title='bbox 591 2144 872 2200; x_wconf 85' lang='lat' dir='ltr'><strong>sacriﬁcia.</strong></span> <span class='ocrx_word' id='word_1_159' title='bbox 918 2144 995 2199; x_wconf 87' lang='lat' dir='ltr'><strong>Ita</strong></span> <span class='ocrx_word' id='word_1_160' title='bbox 1045 2144 1205 2199; x_wconf 91' lang='lat' dir='ltr'><strong>etiam</strong></span> <span class='ocrx_word' id='word_1_161' title='bbox 1256 2158 1378 2197; x_wconf 90' lang='lat' dir='ltr'><strong>cum</strong></span> <span class='ocrx_word' id='word_1_162' title='bbox 1423 2141 1627 2197; x_wconf 89' lang='lat' dir='ltr'><strong>diceret</strong></span> <span class='ocrx_word' id='word_1_163' title='bbox 1666 2156 1725 2197; x_wconf 89' lang='lat' dir='ltr'><strong>se</strong></span> <span class='ocrx_word' id='word_1_164' title='bbox 1766 2141 1910 2196; x_wconf 88' lang='lat' dir='ltr'><strong>nolle</strong></span> <span class='ocrx_word' id='word_1_165' title='bbox 1941 2149 2169 2195; x_wconf 87' lang='lat' dir='ltr'><strong>mortem</strong></span> 
     </span>
    </p>
   </div>
   <div class='ocr_carea' id='block_1_21' title="bbox 598 2232 2166 2309">
    <p class='ocr_par' dir='ltr' id='par_1_21' title="bbox 598 2232 2166 2309">
     <span class='ocr_line' id='line_1_21' title="bbox 598 2232 2166 2309; baseline -0.004 -16"><span class='ocrx_word' id='word_1_166' title='bbox 598 2239 915 2309; x_wconf 72' lang='lat' dir='ltr'><strong>peccatoris,</strong></span> <span class='ocrx_word' id='word_1_167' title='bbox 947 2237 1039 2293; x_wconf 87' lang='lat' dir='ltr'><strong>sed</strong></span> <span class='ocrx_word' id='word_1_168' title='bbox 1082 2245 1140 2291; x_wconf 92' lang='lat' dir='ltr'><strong>ut</strong></span> <span class='ocrx_word' id='word_1_169' title='bbox 1183 2237 1297 2306; x_wconf 88' lang='lat' dir='ltr'><strong>ipse</strong></span> <span class='ocrx_word' id='word_1_170' title='bbox 1324 2244 1667 2291; x_wconf 85' lang='lat' dir='ltr'><strong>convertatur</strong></span> <span class='ocrx_word' id='word_1_171' title='bbox 1703 2242 1758 2290; x_wconf 90' lang='lat' dir='ltr'><strong>et</strong></span> <span class='ocrx_word' id='word_1_172' title='bbox 1782 2234 1926 2288; x_wconf 86' lang='lat' dir='ltr'><strong>vivat</strong></span> <span class='ocrx_word' id='word_1_173' title='bbox 1952 2232 2166 2303; x_wconf 72' lang='lat' dir='ltr'><strong>(Ezech.</strong></span> 
     </span>
    </p>
   </div>
   <div class='ocr_carea' id='block_1_22' title="bbox 595 2325 2170 2400">
    <p class='ocr_par' dir='ltr' id='par_1_22' title="bbox 595 2325 2170 2400">
     <span class='ocr_line' id='line_1_22' title="bbox 595 2325 2170 2400; baseline -0.005 -12"><span class='ocrx_word' id='word_1_174' title='bbox 595 2332 682 2388; x_wconf 71' lang='lat' dir='ltr'><strong>i8.</strong></span> <span class='ocrx_word' id='word_1_175' title='bbox 716 2329 849 2400; x_wconf 69' lang='lat'><strong>25):</strong></span> <span class='ocrx_word' id='word_1_176' title='bbox 888 2328 1014 2385; x_wconf 90' lang='lat' dir='ltr'><strong>dicit</strong></span> <span class='ocrx_word' id='word_1_177' title='bbox 1061 2337 1235 2383; x_wconf 83' lang='lat' dir='ltr'><strong>autem</strong></span> <span class='ocrx_word' id='word_1_178' title='bbox 1263 2328 1385 2382; x_wconf 89' lang='lat' dir='ltr'><strong>alibi</strong></span> <span class='ocrx_word' id='word_1_179' title='bbox 1426 2342 1529 2381; x_wconf 93' lang='lat' dir='ltr'><strong>non</strong></span> <span class='ocrx_word' id='word_1_180' title='bbox 1571 2326 1741 2381; x_wconf 89' lang='lat' dir='ltr'><strong>solum</strong></span> <span class='ocrx_word' id='word_1_181' title='bbox 1780 2325 2031 2393; x_wconf 88' lang='lat' dir='ltr'><strong>voluisse,</strong></span> <span class='ocrx_word' id='word_1_182' title='bbox 2077 2326 2170 2381; x_wconf 89' lang='lat' dir='ltr'><strong>sed</strong></span> 
     </span>
    </p>
   </div>
   <div class='ocr_carea' id='block_1_23' title="bbox 596 2417 2174 2484">
    <p class='ocr_par' dir='ltr' id='par_1_23' title="bbox 596 2417 2174 2484">
     <span class='ocr_line' id='line_1_23' title="bbox 596 2417 2174 2484; baseline -0.003 -7"><span class='ocrx_word' id='word_1_183' title='bbox 596 2425 754 2477; x_wconf 89' lang='lat' dir='ltr'><strong>etiam</strong></span> <span class='ocrx_word' id='word_1_184' title='bbox 809 2422 1143 2477; x_wconf 86' lang='lat' dir='ltr'><strong>desiderasse</strong></span> <span class='ocrx_word' id='word_1_185' title='bbox 1175 2439 1187 2475; x_wconf 91' lang='lat'><strong>:</strong></span> <span class='ocrx_word' id='word_1_186' title='bbox 1218 2419 1321 2475; x_wconf 89' lang='lat' dir='ltr'><strong>etsi</strong></span> <span class='ocrx_word' id='word_1_187' title='bbox 1376 2418 1492 2473; x_wconf 73' lang='lat' dir='ltr'><strong>lucc</strong></span> <span class='ocrx_word' id='word_1_188' title='bbox 1545 2427 1671 2472; x_wconf 92' lang='lat' dir='ltr'><strong>sunt</strong></span> <span class='ocrx_word' id='word_1_189' title='bbox 1724 2418 2024 2484; x_wconf 86' lang='lat' dir='ltr'><strong>contraria;</strong></span> <span class='ocrx_word' id='word_1_190' title='bbox 2078 2417 2174 2473; x_wconf 85' lang='lat' dir='ltr'><strong>de-</strong></span> 
     </span>
    </p>
   </div>
   <div class='ocr_carea' id='block_1_24' title="bbox 598 2508 2172 2580">
    <p class='ocr_par' dir='ltr' id='par_1_24' title="bbox 598 2508 2172 2580">
     <span class='ocr_line' id='line_1_24' title="bbox 598 2508 2172 2580; baseline -0.002 -13"><span class='ocrx_word' id='word_1_191' title='bbox 598 2514 850 2569; x_wconf 78' lang='lat' dir='ltr'><strong>siderium</strong></span> <span class='ocrx_word' id='word_1_192' title='bbox 882 2513 1026 2568; x_wconf 84' lang='lat' dir='ltr'><strong>enim</strong></span> <span class='ocrx_word' id='word_1_193' title='bbox 1064 2522 1150 2567; x_wconf 92' lang='lat' dir='ltr'><strong>est</strong></span> <span class='ocrx_word' id='word_1_194' title='bbox 1186 2512 1389 2565; x_wconf 86' lang='lat' dir='ltr'><strong>intonsa</strong></span> <span class='ocrx_word' id='word_1_195' title='bbox 1432 2509 1696 2564; x_wconf 89' lang='lat' dir='ltr'><strong>voluntas.</strong></span> <span class='ocrx_word' id='word_1_196' title='bbox 1726 2508 2004 2575; x_wconf 86' lang='lat' dir='ltr'><strong>Quomodo</strong></span> <span class='ocrx_word' id='word_1_197' title='bbox 2043 2524 2172 2580; x_wconf 83' lang='lat' dir='ltr'><strong>ergo</strong></span> 
     </span>
    </p>
   </div>
   <div class='ocr_carea' id='block_1_25' title="bbox 598 2600 2175 2673">
    <p class='ocr_par' dir='ltr' id='par_1_25' title="bbox 598 2600 2175 2673">
     <span class='ocr_line' id='line_1_25' title="bbox 598 2600 2175 2673; baseline -0.002 -13"><span class='ocrx_word' id='word_1_198' title='bbox 598 2619 704 2660; x_wconf 93' lang='lat' dir='ltr'><strong>non</strong></span> <span class='ocrx_word' id='word_1_199' title='bbox 736 2605 938 2669; x_wconf 84' lang='lat' dir='ltr'><strong>volens,</strong></span> <span class='ocrx_word' id='word_1_200' title='bbox 971 2603 1093 2658; x_wconf 87' lang='lat' dir='ltr'><strong>alibi</strong></span> <span class='ocrx_word' id='word_1_201' title='bbox 1122 2602 1415 2667; x_wconf 91' lang='lat' dir='ltr'><strong>desideras,</strong></span> <span class='ocrx_word' id='word_1_202' title='bbox 1449 2600 1589 2673; x_wconf 90' lang='lat' dir='ltr'><strong>quod</strong></span> <span class='ocrx_word' id='word_1_203' title='bbox 1617 2600 1833 2673; x_wconf 88' lang='lat' dir='ltr'><strong>quidem</strong></span> <span class='ocrx_word' id='word_1_204' title='bbox 1858 2601 2065 2672; x_wconf 85' lang='lat' dir='ltr'><strong>signum</strong></span> <span class='ocrx_word' id='word_1_205' title='bbox 2090 2613 2175 2659; x_wconf 90' lang='lat' dir='ltr'><strong>est</strong></span> 
     </span>
    </p>
   </div>
   <div class='ocr_carea' id='block_1_26' title="bbox 604 2692 2171 2766">
    <p class='ocr_par' dir='ltr' id='par_1_26' title="bbox 604 2692 2171 2766">
     <span class='ocr_line' id='line_1_26' title="bbox 604 2692 2171 2766; baseline -0.001 -18"><span class='ocrx_word' id='word_1_206' title='bbox 604 2695 738 2766; x_wconf 85' lang='lat' dir='ltr'><strong>quod</strong></span> <span class='ocrx_word' id='word_1_207' title='bbox 788 2694 942 2749; x_wconf 84' lang='lat' dir='ltr'><strong>valde</strong></span> <span class='ocrx_word' id='word_1_208' title='bbox 999 2694 1170 2749; x_wconf 84' lang='lat' dir='ltr'><strong>velis?</strong></span> <span class='ocrx_word' id='word_1_209' title='bbox 1223 2694 1295 2749; x_wconf 92' lang='lat' dir='ltr'><strong>Ita</strong></span> <span class='ocrx_word' id='word_1_210' title='bbox 1328 2694 1414 2749; x_wconf 91' lang='lat' dir='ltr'><strong>hic</strong></span> <span class='ocrx_word' id='word_1_211' title='bbox 1454 2708 1684 2764; x_wconf 88' lang='lat' dir='ltr'><strong>quoque.</strong></span> <span class='ocrx_word' id='word_1_212' title='bbox 1729 2692 1794 2748; x_wconf 89' lang='lat' dir='ltr'><strong>In</strong></span> <span class='ocrx_word' id='word_1_213' title='bbox 1848 2710 1948 2765; x_wconf 86' lang='lat' dir='ltr'><strong>qua</strong></span> <span class='ocrx_word' id='word_1_214' title='bbox 1988 2694 2171 2747; x_wconf 77' lang='lat' dir='ltr'><strong>volun-</strong></span> 
     </span>
    </p>
   </div>
   <div class='ocr_carea' id='block_1_27' title="bbox 601 2786 2228 2861">
    <p class='ocr_par' dir='ltr' id='par_1_27' title="bbox 601 2786 2228 2861">
     <span class='ocr_line' id='line_1_27' title="bbox 601 2786 2228 2861; baseline -0.004 -15"><span class='ocrx_word' id='word_1_215' title='bbox 601 2804 700 2847; x_wconf 85' lang='lat' dir='ltr'><strong>tate</strong></span> <span class='ocrx_word' id='word_1_216' title='bbox 752 2792 1053 2861; x_wconf 79' lang='lat' dir='ltr'><strong>sanctiﬁcati</strong></span> <span class='ocrx_word' id='word_1_217' title='bbox 1102 2805 1314 2857; x_wconf 87' lang='lat' dir='ltr'><strong>sumus,</strong></span> <span class='ocrx_word' id='word_1_218' title='bbox 1367 2789 1557 2859; x_wconf 88' lang='lat' dir='ltr'><strong>inquit.</strong></span> <span class='ocrx_word' id='word_1_219' title='bbox 1609 2788 1891 2859; x_wconf 87' lang='lat' dir='ltr'><strong>Quomodo</strong></span> <span class='ocrx_word' id='word_1_220' title='bbox 1935 2786 2172 2842; x_wconf 83' lang='lat' dir='ltr'><strong>sanctili-</strong></span> <span class='ocrx_word' id='word_1_221' title='bbox 2220 2819 2228 2823; x_wconf 63' lang='grc' dir='ltr'>ε</span> 
     </span>
    </p>
   </div>
   <div class='ocr_carea' id='block_1_28' title="bbox 597 2876 2175 2954">
    <p class='ocr_par' dir='ltr' id='par_1_28' title="bbox 597 2876 2175 2954">
     <span class='ocr_line' id='line_1_28' title="bbox 597 2876 2175 2954; baseline -0.007 -14"><span class='ocrx_word' id='word_1_222' title='bbox 597 2887 720 2949; x_wconf 87' lang='lat' dir='ltr'><strong>cati,</strong></span> <span class='ocrx_word' id='word_1_223' title='bbox 753 2885 864 2954; x_wconf 89' lang='lat' dir='ltr'><strong>ipse</strong></span> <span class='ocrx_word' id='word_1_224' title='bbox 906 2883 1133 2952; x_wconf 76' lang='lat' dir='ltr'><strong>explicat</strong></span> <span class='ocrx_word' id='word_1_225' title='bbox 1175 2881 1502 2951; x_wconf 83' lang='lat' dir='ltr'><strong>subjungens</strong></span> <span class='ocrx_word' id='word_1_226' title='bbox 1531 2898 1542 2934; x_wconf 91' lang='lat'><strong>:</strong></span> <span class='ocrx_word' id='word_1_227' title='bbox 1577 2880 1680 2935; x_wconf 85' lang='lat' dir='ltr'><strong>Per</strong></span> <span class='ocrx_word' id='word_1_228' title='bbox 1720 2880 2020 2934; x_wconf 82' lang='lat' dir='ltr'><strong>oblationem</strong></span> <span class='ocrx_word' id='word_1_229' title='bbox 2052 2876 2175 2931; x_wconf 80' lang='lat' dir='ltr'><strong>Cor-</strong></span> 
     </span>
    </p>
   </div>
   <div class='ocr_carea' id='block_1_29' title="bbox 596 2970 2176 3047">
    <p class='ocr_par' dir='ltr' id='par_1_29' title="bbox 596 2970 2176 3047">
     <span class='ocr_line' id='line_1_29' title="bbox 596 2970 2176 3047; baseline -0.004 -17"><span class='ocrx_word' id='word_1_230' title='bbox 596 2976 735 3047; x_wconf 81' lang='lat' dir='ltr'><strong>poris</strong></span> <span class='ocrx_word' id='word_1_231' title='bbox 776 2974 901 3029; x_wconf 81' lang='lat' dir='ltr'><strong>Jesu</strong></span> <span class='ocrx_word' id='word_1_232' title='bbox 940 2972 1128 3028; x_wconf 83' lang='lat' dir='ltr'><strong>Christi</strong></span> <span class='ocrx_word' id='word_1_233' title='bbox 1153 2970 1326 3027; x_wconf 84' lang='lat' dir='ltr'><strong>semel.</strong></span> <span class='ocrx_word' id='word_1_234' title='bbox 1384 2972 1451 3025; x_wconf 78' lang='lat' dir='ltr'><strong>Et</strong></span> <span class='ocrx_word' id='word_1_235' title='bbox 1492 2972 1653 3026; x_wconf 85' lang='lat' dir='ltr'><strong>omnis</strong></span> <span class='ocrx_word' id='word_1_236' title='bbox 1696 2970 1896 3036; x_wconf 82' lang='lat' dir='ltr'><strong>quidem</strong></span> <span class='ocrx_word' id='word_1_237' title='bbox 1941 2970 2176 3024; x_wconf 83' lang='lat' dir='ltr'><strong>sacerdos</strong></span> 
     </span>
    </p>
   </div>
   <div class='ocr_carea' id='block_1_30' title="bbox 602 3060 2174 3138">
    <p class='ocr_par' dir='ltr' id='par_1_30' title="bbox 602 3060 2174 3138">
     <span class='ocr_line' id='line_1_30' title="bbox 602 3060 2174 3138; baseline -0.004 -18"><span class='ocrx_word' id='word_1_238' title='bbox 602 3077 785 3137; x_wconf 71' lang='lat' dir='ltr'><strong>prcsto</strong></span> <span class='ocrx_word' id='word_1_239' title='bbox 807 3075 877 3122; x_wconf 86' lang='lat' dir='ltr'><strong>est</strong></span> <span class='ocrx_word' id='word_1_240' title='bbox 903 3066 1126 3138; x_wconf 78' lang='lat' dir='ltr'><strong>quotidie</strong></span> <span class='ocrx_word' id='word_1_241' title='bbox 1147 3066 1439 3119; x_wconf 81' lang='lat' dir='ltr'><strong>ministram</strong></span> <span class='ocrx_word' id='word_1_242' title='bbox 1459 3104 1474 3130; x_wconf 91' lang='lat'><strong>,</strong></span> <span class='ocrx_word' id='word_1_243' title='bbox 1504 3075 1549 3117; x_wconf 89' lang='lat' dir='ltr'><strong>et</strong></span> <span class='ocrx_word' id='word_1_244' title='bbox 1577 3064 1776 3118; x_wconf 85' lang='lat' dir='ltr'><strong>easdem</strong></span> <span class='ocrx_word' id='word_1_245' title='bbox 1804 3078 1936 3133; x_wconf 65' lang='lat' dir='ltr'><strong>saepe</strong></span> <span class='ocrx_word' id='word_1_246' title='bbox 1961 3060 2174 3131; x_wconf 74' lang='lat' dir='ltr'><strong>offerens</strong></span> 
     </span>
    </p>
   </div>
   <div class='ocr_carea' id='block_1_31' title="bbox 603 3152 2179 3225">
    <p class='ocr_par' dir='ltr' id='par_1_31' title="bbox 603 3152 2179 3225">
     <span class='ocr_line' id='line_1_31' title="bbox 603 3152 2179 3225; baseline -0.005 -12"><span class='ocrx_word' id='word_1_247' title='bbox 603 3160 812 3213; x_wconf 79' lang='lat' dir='ltr'><strong>hostias.</strong></span> <span class='ocrx_word' id='word_1_248' title='bbox 854 3156 1008 3213; x_wconf 87' lang='lat' dir='ltr'><strong>Stare</strong></span> <span class='ocrx_word' id='word_1_249' title='bbox 1048 3172 1175 3225; x_wconf 84' lang='lat' dir='ltr'><strong>ergo</strong></span> <span class='ocrx_word' id='word_1_250' title='bbox 1217 3156 1425 3225; x_wconf 83' lang='lat' dir='ltr'><strong>signum</strong></span> <span class='ocrx_word' id='word_1_251' title='bbox 1457 3165 1538 3209; x_wconf 91' lang='lat' dir='ltr'><strong>est</strong></span> <span class='ocrx_word' id='word_1_252' title='bbox 1580 3152 1949 3218; x_wconf 88' lang='lat' dir='ltr'><strong>ministraudi;</strong></span> <span class='ocrx_word' id='word_1_253' title='bbox 1991 3152 2179 3207; x_wconf 90' lang='lat' dir='ltr'><strong>sedere</strong></span> 
     </span>
    </p>
   </div>
   <div class='ocr_carea' id='block_1_32' title="bbox 603 3245 2180 3320">
    <p class='ocr_par' dir='ltr' id='par_1_32' title="bbox 603 3245 2180 3320">
     <span class='ocr_line' id='line_1_32' title="bbox 603 3245 2180 3320; baseline -0.005 -16"><span class='ocrx_word' id='word_1_254' title='bbox 603 3265 735 3306; x_wconf 89' lang='lat' dir='ltr'><strong>vero</strong></span> <span class='ocrx_word' id='word_1_255' title='bbox 764 3250 973 3320; x_wconf 81' lang='lat' dir='ltr'><strong>signum</strong></span> <span class='ocrx_word' id='word_1_256' title='bbox 1002 3260 1083 3303; x_wconf 91' lang='lat' dir='ltr'><strong>est</strong></span> <span class='ocrx_word' id='word_1_257' title='bbox 1119 3247 1262 3318; x_wconf 90' lang='lat' dir='ltr'><strong>quod</strong></span> <span class='ocrx_word' id='word_1_258' title='bbox 1311 3248 1659 3301; x_wconf 88' lang='lat' dir='ltr'><strong>ministretur.</strong></span> <span class='ocrx_word' id='word_1_259' title='bbox 1708 3245 1807 3298; x_wconf 83' lang='lat' dir='ltr'><strong>Hic</strong></span> <span class='ocrx_word' id='word_1_260' title='bbox 1833 3254 1997 3298; x_wconf 81' lang='lat' dir='ltr'><strong>autem</strong></span> <span class='ocrx_word' id='word_1_261' title='bbox 2027 3259 2180 3297; x_wconf 88' lang='lat' dir='ltr'><strong>unam</strong></span> 
     </span>
    </p>
   </div>
   <div class='ocr_carea' id='block_1_33' title="bbox 608 3337 2185 3412">
    <p class='ocr_par' dir='ltr' id='par_1_33' title="bbox 608 3337 2185 3412">
     <span class='ocr_line' id='line_1_33' title="bbox 608 3337 2185 3412; baseline -0.003 -16"><span class='ocrx_word' id='word_1_262' title='bbox 608 3358 702 3412; x_wconf 88' lang='lat' dir='ltr'><strong>pro</strong></span> <span class='ocrx_word' id='word_1_263' title='bbox 744 3342 959 3412; x_wconf 83' lang='lat' dir='ltr'><strong>peccatis</strong></span> <span class='ocrx_word' id='word_1_264' title='bbox 1003 3339 1219 3408; x_wconf 74' lang='lat' dir='ltr'><strong>o/fercns</strong></span> <span class='ocrx_word' id='word_1_265' title='bbox 1259 3340 1496 3405; x_wconf 83' lang='lat' dir='ltr'><strong>hostiam,</strong></span> <span class='ocrx_word' id='word_1_266' title='bbox 1544 3338 1599 3392; x_wconf 87' lang='lat' dir='ltr'><strong>in</strong></span> <span class='ocrx_word' id='word_1_267' title='bbox 1640 3339 2001 3407; x_wconf 88' lang='lat' dir='ltr'><strong>sempiternum</strong></span> <span class='ocrx_word' id='word_1_268' title='bbox 2048 3337 2185 3391; x_wconf 84' lang='lat' dir='ltr'><strong>sedet</strong></span> 
     </span>
    </p>
   </div>
   <div class='ocr_carea' id='block_1_34' title="bbox 606 3432 2185 3499">
    <p class='ocr_par' dir='ltr' id='par_1_34' title="bbox 606 3432 2185 3499">
     <span class='ocr_line' id='line_1_34' title="bbox 606 3432 2185 3499; baseline -0.004 -12"><span class='ocrx_word' id='word_1_269' title='bbox 606 3436 659 3488; x_wconf 86' lang='lat' dir='ltr'><strong>in</strong></span> <span class='ocrx_word' id='word_1_270' title='bbox 709 3436 912 3489; x_wconf 76' lang='lat' dir='ltr'><strong>dextera</strong></span> <span class='ocrx_word' id='word_1_271' title='bbox 948 3432 1060 3497; x_wconf 85' lang='lat' dir='ltr'><strong>Dei,</strong></span> <span class='ocrx_word' id='word_1_272' title='bbox 1099 3433 1163 3486; x_wconf 88' lang='lat' dir='ltr'><strong>de</strong></span> <span class='ocrx_word' id='word_1_273' title='bbox 1213 3443 1391 3487; x_wconf 65' lang='lat' dir='ltr'><strong>caetero</strong></span> <span class='ocrx_word' id='word_1_274' title='bbox 1427 3440 1723 3499; x_wconf 76' lang='lat' dir='ltr'><strong>exspectans</strong></span> <span class='ocrx_word' id='word_1_275' title='bbox 1765 3432 1923 3483; x_wconf 90' lang='lat' dir='ltr'><strong>donec</strong></span> <span class='ocrx_word' id='word_1_276' title='bbox 1985 3445 2185 3499; x_wconf 80' lang='lat' dir='ltr'><strong>ponan-</strong></span> 
     </span>
    </p>
   </div>
   <div class='ocr_carea' id='block_1_35' title="bbox 610 3520 2187 3595">
    <p class='ocr_par' dir='ltr' id='par_1_35' title="bbox 610 3520 2187 3595">
     <span class='ocr_line' id='line_1_35' title="bbox 610 3520 2187 3595; baseline -0.003 -15"><span class='ocrx_word' id='word_1_277' title='bbox 610 3538 691 3580; x_wconf 87' lang='lat' dir='ltr'><strong>tur</strong></span> <span class='ocrx_word' id='word_1_278' title='bbox 724 3527 916 3580; x_wconf 88' lang='lat' dir='ltr'><strong>inimici</strong></span> <span class='ocrx_word' id='word_1_279' title='bbox 950 3526 1059 3592; x_wconf 78' lang='lat' dir='ltr'><strong>eius</strong></span> <span class='ocrx_word' id='word_1_280' title='bbox 1083 3525 1357 3580; x_wconf 88' lang='lat' dir='ltr'><strong>scabellum</strong></span> <span class='ocrx_word' id='word_1_281' title='bbox 1387 3524 1572 3595; x_wconf 86' lang='lat' dir='ltr'><strong>pedum</strong></span> <span class='ocrx_word' id='word_1_282' title='bbox 1601 3524 1729 3594; x_wconf 84' lang='lat' dir='ltr'><strong>ejus.</strong></span> <span class='ocrx_word' id='word_1_283' title='bbox 1764 3524 1851 3578; x_wconf 73' lang='lat' dir='ltr'><strong>M.</strong></span> <span class='ocrx_word' id='word_1_284' title='bbox 1901 3520 2016 3577; x_wconf 86' lang='lat' dir='ltr'><strong>Una</strong></span> <span class='ocrx_word' id='word_1_285' title='bbox 2054 3521 2187 3575; x_wconf 86' lang='lat' dir='ltr'><strong>enim</strong></span> 
     </span>
    </p>
   </div>
   <div class='ocr_carea' id='block_1_36' title="bbox 613 3613 2183 3683">
    <p class='ocr_par' dir='ltr' id='par_1_36' title="bbox 613 3613 2183 3683">
     <span class='ocr_line' id='line_1_36' title="bbox 613 3613 2183 3683; baseline -0.005 -11"><span class='ocrx_word' id='word_1_286' title='bbox 613 3619 863 3672; x_wconf 89' lang='lat' dir='ltr'><strong>oblatione</strong></span> <span class='ocrx_word' id='word_1_287' title='bbox 900 3619 1262 3673; x_wconf 81' lang='lat' dir='ltr'><strong>consummavit</strong></span> <span class='ocrx_word' id='word_1_288' title='bbox 1308 3618 1359 3670; x_wconf 87' lang='lat' dir='ltr'><strong>in</strong></span> <span class='ocrx_word' id='word_1_289' title='bbox 1400 3626 1644 3670; x_wconf 73' lang='lat' dir='ltr'><strong>mternuut</strong></span> <span class='ocrx_word' id='word_1_290' title='bbox 1690 3615 2047 3683; x_wconf 71' lang='lat' dir='ltr'><strong>sancti/iratos.</strong></span> <span class='ocrx_word' id='word_1_291' title='bbox 2099 3613 2183 3669; x_wconf 77' lang='lat' dir='ltr'><strong>l5.</strong></span> 
     </span>
    </p>
   </div>
   <div class='ocr_carea' id='block_1_37' title="bbox 615 3702 2189 3775">
    <p class='ocr_par' dir='ltr' id='par_1_37' title="bbox 615 3702 2189 3775">
     <span class='ocr_line' id='line_1_37' title="bbox 615 3702 2189 3775; baseline -0.006 -10"><span class='ocrx_word' id='word_1_292' title='bbox 615 3710 937 3765; x_wconf 72' lang='lat' dir='ltr'><strong>Contestatur</strong></span> <span class='ocrx_word' id='word_1_293' title='bbox 978 3721 1144 3762; x_wconf 88' lang='lat' dir='ltr'><strong>autem</strong></span> <span class='ocrx_word' id='word_1_294' title='bbox 1188 3724 1277 3761; x_wconf 87' lang='lat' dir='ltr'><strong>nos</strong></span> <span class='ocrx_word' id='word_1_295' title='bbox 1310 3718 1353 3761; x_wconf 88' lang='lat' dir='ltr'><strong>et</strong></span> <span class='ocrx_word' id='word_1_296' title='bbox 1384 3706 1608 3775; x_wconf 80' lang='lat' dir='ltr'><strong>Spiritus</strong></span> <span class='ocrx_word' id='word_1_297' title='bbox 1637 3714 1859 3759; x_wconf 84' lang='lat' dir='ltr'><strong>sanctus.</strong></span> <span class='ocrx_word' id='word_1_298' title='bbox 1906 3704 2045 3758; x_wconf 74' lang='lat' dir='ltr'><strong>Dixit</strong></span> <span class='ocrx_word' id='word_1_299' title='bbox 2074 3702 2189 3757; x_wconf 83' lang='lat' dir='ltr'><strong>illas</strong></span> 
     </span>
    </p>
   </div>
   <div class='ocr_carea' id='block_1_38' title="bbox 618 3793 2189 3867">
    <p class='ocr_par' dir='ltr' id='par_1_38' title="bbox 618 3793 2189 3867">
     <span class='ocr_line' id='line_1_38' title="bbox 618 3793 2189 3867; baseline -0.005 -13"><span class='ocrx_word' id='word_1_300' title='bbox 618 3816 725 3854; x_wconf 91' lang='lat' dir='ltr'><strong>non</strong></span> <span class='ocrx_word' id='word_1_301' title='bbox 772 3799 972 3863; x_wconf 81' lang='lat' dir='ltr'><strong>olIcrri,</strong></span> <span class='ocrx_word' id='word_1_302' title='bbox 1004 3810 1056 3852; x_wconf 88' lang='lat' dir='ltr'><strong>et</strong></span> <span class='ocrx_word' id='word_1_303' title='bbox 1094 3798 1310 3867; x_wconf 88' lang='lat' dir='ltr'><strong>collegit</strong></span> <span class='ocrx_word' id='word_1_304' title='bbox 1340 3812 1404 3851; x_wconf 86' lang='lat' dir='ltr'><strong>ex</strong></span> <span class='ocrx_word' id='word_1_305' title='bbox 1448 3797 1664 3866; x_wconf 87' lang='lat' dir='ltr'><strong>scriptis</strong></span> <span class='ocrx_word' id='word_1_306' title='bbox 1694 3806 1747 3851; x_wconf 90' lang='lat' dir='ltr'><strong>et</strong></span> <span class='ocrx_word' id='word_1_307' title='bbox 1794 3810 1900 3850; x_wconf 90' lang='lat' dir='ltr'><strong>non</strong></span> <span class='ocrx_word' id='word_1_308' title='bbox 1929 3793 2142 3864; x_wconf 74' lang='lat' dir='ltr'><strong>scriptis</strong></span> <span class='ocrx_word' id='word_1_309' title='bbox 2173 3810 2189 3846; x_wconf 71' lang='grc' dir='ltr'>ι</span> 
     </span>
    </p>
   </div>
   <div class='ocr_carea' id='block_1_39' title="bbox 618 3886 2192 3964">
    <p class='ocr_par' dir='ltr' id='par_1_39' title="bbox 618 3886 2192 3964">
     <span class='ocr_line' id='line_1_39' title="bbox 618 3886 2192 3964; baseline -0.006 -16"><span class='ocrx_word' id='word_1_310' title='bbox 618 3903 874 3964; x_wconf 74' lang='lat' dir='ltr'><strong>prmterea</strong></span> <span class='ocrx_word' id='word_1_311' title='bbox 928 3902 1105 3946; x_wconf 90' lang='lat' dir='ltr'><strong>autem</strong></span> <span class='ocrx_word' id='word_1_312' title='bbox 1151 3892 1352 3946; x_wconf 91' lang='lat' dir='ltr'><strong>dictum</strong></span> <span class='ocrx_word' id='word_1_313' title='bbox 1402 3904 1612 3960; x_wconf 89' lang='lat' dir='ltr'><strong>quoque</strong></span> <span class='ocrx_word' id='word_1_314' title='bbox 1657 3887 1882 3943; x_wconf 91' lang='lat' dir='ltr'><strong>adduxit</strong></span> <span class='ocrx_word' id='word_1_315' title='bbox 1918 3886 2192 3957; x_wconf 83' lang='lat' dir='ltr'><strong>prepheti-</strong></span> 
     </span>
    </p>
   </div>
   <div class='ocr_carea' id='block_1_40' title="bbox 617 3979 2193 4052">
    <p class='ocr_par' dir='ltr' id='par_1_40' title="bbox 617 3979 2193 4052">
     <span class='ocr_line' id='line_1_40' title="bbox 617 3979 2193 4052; baseline -0.004 -13"><span class='ocrx_word' id='word_1_316' title='bbox 617 4002 738 4039; x_wconf 88' lang='lat' dir='ltr'><strong>cum</strong></span> <span class='ocrx_word' id='word_1_317' title='bbox 766 3986 949 4041; x_wconf 88' lang='lat' dir='ltr'><strong>dicens</strong></span> <span class='ocrx_word' id='word_1_318' title='bbox 982 4002 993 4038; x_wconf 95' lang='lat'><strong>:</strong></span> <span class='ocrx_word' id='word_1_319' title='bbox 1023 3983 1344 4052; x_wconf 76' lang='lat' dir='ltr'><strong>Sacriﬁcium</strong></span> <span class='ocrx_word' id='word_1_320' title='bbox 1372 3992 1425 4051; x_wconf 50' lang='lat' dir='ltr'><strong>et,</strong></span> <span class='ocrx_word' id='word_1_321' title='bbox 1438 3983 1743 4036; x_wconf 90' lang='lat' dir='ltr'><strong>oblationem</strong></span> <span class='ocrx_word' id='word_1_322' title='bbox 1773 3981 2000 4034; x_wconf 85' lang='lat' dir='ltr'><strong>noluisti.</strong></span> <span class='ocrx_word' id='word_1_323' title='bbox 2032 3979 2193 4045; x_wconf 80' lang='lat' dir='ltr'><strong>Dixit,</strong></span> 
     </span>
    </p>
   </div>
   <div class='ocr_carea' id='block_1_41' title="bbox 618 4072 2197 4147">
    <p class='ocr_par' dir='ltr' id='par_1_41' title="bbox 618 4072 2197 4147">
     <span class='ocr_line' id='line_1_41' title="bbox 618 4072 2197 4147; baseline -0.005 -14"><span class='ocrx_word' id='word_1_324' title='bbox 618 4080 759 4147; x_wconf 87' lang='lat' dir='ltr'><strong>quod</strong></span> <span class='ocrx_word' id='word_1_325' title='bbox 802 4088 1012 4147; x_wconf 83' lang='lat' dir='ltr'><strong>peccata</strong></span> <span class='ocrx_word' id='word_1_326' title='bbox 1046 4076 1330 4131; x_wconf 89' lang='lat' dir='ltr'><strong>remiserit.</strong></span> <span class='ocrx_word' id='word_1_327' title='bbox 1377 4075 1582 4131; x_wconf 77' lang='lat' dir='ltr'><strong>Rursus</strong></span> <span class='ocrx_word' id='word_1_328' title='bbox 1612 4075 1715 4129; x_wconf 91' lang='lat' dir='ltr'><strong>hoc</strong></span> <span class='ocrx_word' id='word_1_329' title='bbox 1763 4088 1975 4144; x_wconf 91' lang='lat' dir='ltr'><strong>quoque</strong></span> <span class='ocrx_word' id='word_1_330' title='bbox 2006 4072 2197 4142; x_wconf 81' lang='lat' dir='ltr'><strong>probat</strong></span> 
     </span>
    </p>
   </div>
   <div class='ocr_carea' id='block_1_42' title="bbox 623 4165 2195 4238">
    <p class='ocr_par' dir='ltr' id='par_1_42' title="bbox 623 4165 2195 4238">
     <span class='ocr_line' id='line_1_42' title="bbox 623 4165 2195 4238; baseline -0.005 -13"><span class='ocrx_word' id='word_1_331' title='bbox 623 4187 688 4224; x_wconf 86' lang='lat' dir='ltr'><strong>ex</strong></span> <span class='ocrx_word' id='word_1_332' title='bbox 728 4170 928 4238; x_wconf 84' lang='lat' dir='ltr'><strong>scripto</strong></span> <span class='ocrx_word' id='word_1_333' title='bbox 975 4168 1320 4223; x_wconf 85' lang='lat' dir='ltr'><strong>testimonio:</strong></span> <span class='ocrx_word' id='word_1_334' title='bbox 1351 4166 1672 4222; x_wconf 84' lang='lat' dir='ltr'><strong>Contestatur</strong></span> <span class='ocrx_word' id='word_1_335' title='bbox 1715 4176 1885 4219; x_wconf 87' lang='lat' dir='ltr'><strong>autem</strong></span> <span class='ocrx_word' id='word_1_336' title='bbox 1931 4181 2059 4231; x_wconf 88' lang='lat' dir='ltr'><strong>nos,</strong></span> <span class='ocrx_word' id='word_1_337' title='bbox 2112 4165 2195 4217; x_wconf 84' lang='lat' dir='ltr'><strong>in-</strong></span> 
     </span>
    </p>
   </div>
   <div class='ocr_carea' id='block_1_43' title="bbox 624 4256 2196 4333">
    <p class='ocr_par' dir='ltr' id='par_1_43' title="bbox 624 4256 2196 4333">
     <span class='ocr_line' id='line_1_43' title="bbox 624 4256 2196 4333; baseline -0.004 -16"><span class='ocrx_word' id='word_1_338' title='bbox 624 4265 774 4332; x_wconf 82' lang='lat' dir='ltr'><strong>quit,</strong></span> <span class='ocrx_word' id='word_1_339' title='bbox 807 4274 850 4316; x_wconf 86' lang='lat' dir='ltr'><strong>et</strong></span> <span class='ocrx_word' id='word_1_340' title='bbox 882 4264 1105 4333; x_wconf 84' lang='lat' dir='ltr'><strong>Spiritus</strong></span> <span class='ocrx_word' id='word_1_341' title='bbox 1135 4272 1353 4315; x_wconf 86' lang='lat' dir='ltr'><strong>sanctus.</strong></span> <span class='ocrx_word' id='word_1_342' title='bbox 1399 4260 1685 4329; x_wconf 84' lang='lat' dir='ltr'><strong>Postquam</strong></span> <span class='ocrx_word' id='word_1_343' title='bbox 1735 4258 1876 4312; x_wconf 93' lang='lat' dir='ltr'><strong>enim</strong></span> <span class='ocrx_word' id='word_1_344' title='bbox 1905 4258 2036 4312; x_wconf 83' lang='lat' dir='ltr'><strong>dixit</strong></span> <span class='ocrx_word' id='word_1_345' title='bbox 2064 4277 2076 4311; x_wconf 93' lang='lat'><strong>:</strong></span> <span class='ocrx_word' id='word_1_346' title='bbox 2108 4256 2196 4312; x_wconf 80' lang='lat' dir='ltr'><strong>lli.</strong></span> 
     </span>
    </p>
   </div>
   <div class='ocr_carea' id='block_1_44' title="bbox 628 4348 2205 4420">
    <p class='ocr_par' dir='ltr' id='par_1_44' title="bbox 628 4348 2205 4420">
     <span class='ocr_line' id='line_1_44' title="bbox 628 4348 2205 4420; baseline -0.004 -13"><span class='ocrx_word' id='word_1_347' title='bbox 628 4353 741 4407; x_wconf 80' lang='lat' dir='ltr'><strong>lloi:</strong></span> <span class='ocrx_word' id='word_1_348' title='bbox 785 4363 952 4405; x_wconf 80' lang='lat' dir='ltr'><strong>autem</strong></span> <span class='ocrx_word' id='word_1_349' title='bbox 998 4359 1346 4405; x_wconf 84' lang='lat' dir='ltr'><strong>testamentum</strong></span> <span class='ocrx_word' id='word_1_350' title='bbox 1396 4351 1530 4420; x_wconf 85' lang='lat' dir='ltr'><strong>quod</strong></span> <span class='ocrx_word' id='word_1_351' title='bbox 1572 4349 1788 4404; x_wconf 85' lang='lat' dir='ltr'><strong>testabor</strong></span> <span class='ocrx_word' id='word_1_352' title='bbox 1816 4348 1883 4401; x_wconf 87' lang='lat' dir='ltr'><strong>ad</strong></span> <span class='ocrx_word' id='word_1_353' title='bbox 1929 4348 2044 4401; x_wconf 90' lang='lat' dir='ltr'><strong>illos</strong></span> <span class='ocrx_word' id='word_1_354' title='bbox 2092 4357 2205 4417; x_wconf 86' lang='lat' dir='ltr'><strong>post</strong></span> 
     </span>
    </p>
   </div>
   <div class='ocr_carea' id='block_1_45' title="bbox 627 4441 2205 4511">
    <p class='ocr_par' dir='ltr' id='par_1_45' title="bbox 627 4441 2205 4511">
     <span class='ocr_line' id='line_1_45' title="bbox 627 4441 2205 4511; baseline -0.004 -12"><span class='ocrx_word' id='word_1_355' title='bbox 627 4449 733 4499; x_wconf 86' lang='lat' dir='ltr'><strong>dies</strong></span> <span class='ocrx_word' id='word_1_356' title='bbox 763 4446 898 4511; x_wconf 89' lang='lat' dir='ltr'><strong>illos,</strong></span> <span class='ocrx_word' id='word_1_357' title='bbox 941 4445 1062 4498; x_wconf 82' lang='lat' dir='ltr'><strong>dicit</strong></span> <span class='ocrx_word' id='word_1_358' title='bbox 1103 4443 1356 4497; x_wconf 88' lang='lat' dir='ltr'><strong>Dominus</strong></span> <span class='ocrx_word' id='word_1_359' title='bbox 1378 4485 1391 4507; x_wconf 94' lang='lat'><strong>,</strong></span> <span class='ocrx_word' id='word_1_360' title='bbox 1424 4443 1593 4496; x_wconf 90' lang='lat' dir='ltr'><strong>dando</strong></span> <span class='ocrx_word' id='word_1_361' title='bbox 1624 4441 1757 4511; x_wconf 87' lang='lat' dir='ltr'><strong>leges</strong></span> <span class='ocrx_word' id='word_1_362' title='bbox 1785 4458 1919 4495; x_wconf 88' lang='lat' dir='ltr'><strong>meas</strong></span> <span class='ocrx_word' id='word_1_363' title='bbox 1949 4442 2001 4495; x_wconf 88' lang='lat' dir='ltr'><strong>in</strong></span> <span class='ocrx_word' id='word_1_364' title='bbox 2039 4441 2205 4494; x_wconf 87' lang='lat' dir='ltr'><strong>cordi-</strong></span> 
     </span>
    </p>
   </div>
   <div class='ocr_carea' id='block_1_46' title="bbox 630 4534 2202 4604">
    <p class='ocr_par' dir='ltr' id='par_1_46' title="bbox 630 4534 2202 4604">
     <span class='ocr_line' id='line_1_46' title="bbox 630 4534 2202 4604; baseline -0.004 -12"><span class='ocrx_word' id='word_1_365' title='bbox 630 4543 720 4593; x_wconf 85' lang='lat' dir='ltr'><strong>bus</strong></span> <span class='ocrx_word' id='word_1_366' title='bbox 747 4556 941 4603; x_wconf 87' lang='lat' dir='ltr'><strong>eorum,</strong></span> <span class='ocrx_word' id='word_1_367' title='bbox 966 4548 1011 4591; x_wconf 92' lang='lat' dir='ltr'><strong>et</strong></span> <span class='ocrx_word' id='word_1_368' title='bbox 1036 4539 1086 4591; x_wconf 90' lang='lat' dir='ltr'><strong>in</strong></span> <span class='ocrx_word' id='word_1_369' title='bbox 1114 4537 1362 4590; x_wconf 84' lang='lat' dir='ltr'><strong>mentibus</strong></span> <span class='ocrx_word' id='word_1_370' title='bbox 1387 4552 1561 4589; x_wconf 89' lang='lat' dir='ltr'><strong>eorum</strong></span> <span class='ocrx_word' id='word_1_371' title='bbox 1588 4536 1954 4604; x_wconf 83' lang='lat' dir='ltr'><strong>superscribam</strong></span> <span class='ocrx_word' id='word_1_372' title='bbox 1981 4550 2083 4597; x_wconf 89' lang='lat' dir='ltr'><strong>eas,</strong></span> <span class='ocrx_word' id='word_1_373' title='bbox 2115 4534 2202 4587; x_wconf 76' lang='lat' dir='ltr'><strong>l7.</strong></span> 
     </span>
    </p>
   </div>
   <div class='ocr_carea' id='block_1_47' title="bbox 632 4626 2215 4698">
    <p class='ocr_par' dir='ltr' id='par_1_47' title="bbox 632 4626 2215 4698">
     <span class='ocr_line' id='line_1_47' title="bbox 632 4626 2215 4698; baseline -0.003 -16"><span class='ocrx_word' id='word_1_374' title='bbox 632 4644 677 4682; x_wconf 73' lang='lat' dir='ltr'><strong>et</strong></span> <span class='ocrx_word' id='word_1_375' title='bbox 708 4639 1024 4697; x_wconf 83' lang='lat' dir='ltr'><strong>peccatorum</strong></span> <span class='ocrx_word' id='word_1_376' title='bbox 1060 4640 1104 4682; x_wconf 91' lang='lat' dir='ltr'><strong>et</strong></span> <span class='ocrx_word' id='word_1_377' title='bbox 1134 4628 1459 4698; x_wconf 85' lang='lat' dir='ltr'><strong>iniquitatum</strong></span> <span class='ocrx_word' id='word_1_378' title='bbox 1498 4642 1670 4679; x_wconf 85' lang='lat' dir='ltr'><strong>eorum</strong></span> <span class='ocrx_word' id='word_1_379' title='bbox 1689 4627 1803 4695; x_wconf 87' lang='lat' dir='ltr'><strong>jam</strong></span> <span class='ocrx_word' id='word_1_380' title='bbox 1832 4641 1930 4679; x_wconf 86' lang='lat' dir='ltr'><strong>non</strong></span> <span class='ocrx_word' id='word_1_381' title='bbox 1972 4626 2215 4678; x_wconf 62' lang='lat' dir='ltr'><strong>recordan</strong></span> 
     </span>
    </p>
   </div>
   <div class='ocr_carea' id='block_1_48' title="bbox 634 4718 2209 4789">
    <p class='ocr_par' dir='ltr' id='par_1_48' title="bbox 634 4718 2209 4789">
     <span class='ocr_line' id='line_1_48' title="bbox 634 4718 2209 4789; baseline -0.004 -12"><span class='ocrx_word' id='word_1_382' title='bbox 634 4725 722 4777; x_wconf 86' lang='lat' dir='ltr'><strong>bur</strong></span> <span class='ocrx_word' id='word_1_383' title='bbox 749 4721 988 4789; x_wconf 84' lang='lat' dir='ltr'><strong>amplius.</strong></span> <span class='ocrx_word' id='word_1_384' title='bbox 1037 4720 1121 4774; x_wconf 79' lang='lat' dir='ltr'><strong>i8.</strong></span> <span class='ocrx_word' id='word_1_385' title='bbox 1160 4719 1257 4774; x_wconf 89' lang='lat' dir='ltr'><strong>Ubi</strong></span> <span class='ocrx_word' id='word_1_386' title='bbox 1284 4728 1453 4771; x_wconf 87' lang='lat' dir='ltr'><strong>autem</strong></span> <span class='ocrx_word' id='word_1_387' title='bbox 1482 4718 1660 4770; x_wconf 90' lang='lat' dir='ltr'><strong>horum</strong></span> <span class='ocrx_word' id='word_1_388' title='bbox 1690 4718 1937 4782; x_wconf 86' lang='lat' dir='ltr'><strong>remissio,</strong></span> <span class='ocrx_word' id='word_1_389' title='bbox 1967 4718 2078 4787; x_wconf 88' lang='lat' dir='ltr'><strong>jam</strong></span> <span class='ocrx_word' id='word_1_390' title='bbox 2108 4732 2209 4770; x_wconf 85' lang='lat' dir='ltr'><strong>non</strong></span> 
     </span>
    </p>
   </div>
   <div class='ocr_carea' id='block_1_49' title="bbox 635 4806 2210 4879">
    <p class='ocr_par' dir='ltr' id='par_1_49' title="bbox 635 4806 2210 4879">
     <span class='ocr_line' id='line_1_49' title="bbox 635 4806 2210 4879; baseline -0.004 -13"><span class='ocrx_word' id='word_1_391' title='bbox 635 4822 705 4866; x_wconf 78' lang='lat' dir='ltr'><strong>est</strong></span> <span class='ocrx_word' id='word_1_392' title='bbox 732 4810 918 4865; x_wconf 86' lang='lat' dir='ltr'><strong>oblatio</strong></span> <span class='ocrx_word' id='word_1_393' title='bbox 945 4825 1037 4879; x_wconf 86' lang='lat' dir='ltr'><strong>pro</strong></span> <span class='ocrx_word' id='word_1_394' title='bbox 1066 4816 1291 4877; x_wconf 81' lang='lat' dir='ltr'><strong>peccato.</strong></span> <span class='ocrx_word' id='word_1_395' title='bbox 1324 4806 1548 4861; x_wconf 84' lang='lat' dir='ltr'><strong>llemisit</strong></span> <span class='ocrx_word' id='word_1_396' title='bbox 1580 4820 1705 4875; x_wconf 84' lang='lat' dir='ltr'><strong>ergo</strong></span> <span class='ocrx_word' id='word_1_397' title='bbox 1733 4816 1969 4874; x_wconf 83' lang='lat' dir='ltr'><strong>peccata,</strong></span> <span class='ocrx_word' id='word_1_398' title='bbox 1998 4807 2210 4875; x_wconf 91' lang='lat' dir='ltr'><strong>quando</strong></span> 
     </span>
    </p>
   </div>
   <div class='ocr_carea' id='block_1_50' title="bbox 636 4896 2213 4966">
    <p class='ocr_par' dir='ltr' id='par_1_50' title="bbox 636 4896 2213 4966">
     <span class='ocr_line' id='line_1_50' title="bbox 636 4896 2213 4966; baseline 0 -13"><span class='ocrx_word' id='word_1_399' title='bbox 636 4902 782 4955; x_wconf 80' lang='lat' dir='ltr'><strong>dedit</strong></span> <span class='ocrx_word' id='word_1_400' title='bbox 810 4908 1185 4955; x_wconf 89' lang='lat' dir='ltr'><strong>testamentum</strong></span> <span class='ocrx_word' id='word_1_401' title='bbox 1210 4916 1222 4951; x_wconf 89' lang='lat'><strong>:</strong></span> <span class='ocrx_word' id='word_1_402' title='bbox 1252 4906 1626 4953; x_wconf 87' lang='lat' dir='ltr'><strong>testamentum</strong></span> <span class='ocrx_word' id='word_1_403' title='bbox 1647 4905 1825 4950; x_wconf 88' lang='lat' dir='ltr'><strong>autem</strong></span> <span class='ocrx_word' id='word_1_404' title='bbox 1842 4896 1987 4951; x_wconf 90' lang='lat' dir='ltr'><strong>dedit</strong></span> <span class='ocrx_word' id='word_1_405' title='bbox 2007 4912 2099 4966; x_wconf 91' lang='lat' dir='ltr'><strong>per</strong></span> <span class='ocrx_word' id='word_1_406' title='bbox 2125 4912 2213 4953; x_wconf 89' lang='lat' dir='ltr'><strong>sa-</strong></span> 
     </span>
    </p>
   </div>
   <div class='ocr_carea' id='block_1_51' title="bbox 636 4990 2212 5060">
    <p class='ocr_par' dir='ltr' id='par_1_51' title="bbox 636 4990 2212 5060">
     <span class='ocr_line' id='line_1_51' title="bbox 636 4990 2212 5060; baseline -0.003 -14"><span class='ocrx_word' id='word_1_407' title='bbox 636 4992 918 5046; x_wconf 78' lang='lat' dir='ltr'><strong>crificium.</strong></span> <span class='ocrx_word' id='word_1_408' title='bbox 951 4991 1007 5045; x_wconf 88' lang='lat' dir='ltr'><strong>Si</strong></span> <span class='ocrx_word' id='word_1_409' title='bbox 1036 5006 1163 5060; x_wconf 82' lang='lat' dir='ltr'><strong>ergo</strong></span> <span class='ocrx_word' id='word_1_410' title='bbox 1189 4990 1392 5044; x_wconf 89' lang='lat' dir='ltr'><strong>remisit</strong></span> <span class='ocrx_word' id='word_1_411' title='bbox 1422 4998 1637 5058; x_wconf 86' lang='lat' dir='ltr'><strong>peccata</strong></span> <span class='ocrx_word' id='word_1_412' title='bbox 1687 5004 1782 5057; x_wconf 85' lang='lat' dir='ltr'><strong>per</strong></span> <span class='ocrx_word' id='word_1_413' title='bbox 1815 5004 1974 5043; x_wconf 91' lang='lat' dir='ltr'><strong>unum</strong></span> <span class='ocrx_word' id='word_1_414' title='bbox 2006 4990 2212 5044; x_wconf 86' lang='lat' dir='ltr'><strong>sacriﬁ-</strong></span> 
     </span>
    </p>
   </div>
   <div class='ocr_carea' id='block_1_52' title="bbox 638 5080 2215 5151">
    <p class='ocr_par' dir='ltr' id='par_1_52' title="bbox 638 5080 2215 5151">
     <span class='ocr_line' id='line_1_52' title="bbox 638 5080 2215 5151; baseline -0.003 -13"><span class='ocrx_word' id='word_1_415' title='bbox 638 5087 799 5146; x_wconf 88' lang='lat' dir='ltr'><strong>cium,</strong></span> <span class='ocrx_word' id='word_1_416' title='bbox 826 5098 929 5136; x_wconf 92' lang='lat' dir='ltr'><strong>non</strong></span> <span class='ocrx_word' id='word_1_417' title='bbox 955 5092 1037 5135; x_wconf 89' lang='lat' dir='ltr'><strong>est</strong></span> <span class='ocrx_word' id='word_1_418' title='bbox 1062 5082 1289 5151; x_wconf 83' lang='lat' dir='ltr'><strong>amplius</strong></span> <span class='ocrx_word' id='word_1_419' title='bbox 1309 5095 1444 5150; x_wconf 90' lang='lat' dir='ltr'><strong>opus</strong></span> <span class='ocrx_word' id='word_1_420' title='bbox 1474 5080 1728 5135; x_wconf 88' lang='lat' dir='ltr'><strong>secundo.</strong></span> <span class='ocrx_word' id='word_1_421' title='bbox 1755 5080 1899 5134; x_wconf 84' lang='lat' dir='ltr'><strong>Sedit</strong></span> <span class='ocrx_word' id='word_1_422' title='bbox 1931 5081 1983 5134; x_wconf 90' lang='lat' dir='ltr'><strong>in</strong></span> <span class='ocrx_word' id='word_1_423' title='bbox 2010 5080 2215 5135; x_wconf 69' lang='lat' dir='ltr'><strong>dextera</strong></span> 
     </span>
    </p>
   </div>
   <div class='ocr_carea' id='block_1_53' title="bbox 642 5170 2217 5240">
    <p class='ocr_par' dir='ltr' id='par_1_53' title="bbox 642 5170 2217 5240">
     <span class='ocr_line' id='line_1_53' title="bbox 642 5170 2217 5240; baseline -0.001 -15"><span class='ocrx_word' id='word_1_424' title='bbox 642 5174 736 5227; x_wconf 81' lang='lat' dir='ltr'><strong>Dei</strong></span> <span class='ocrx_word' id='word_1_425' title='bbox 745 5217 757 5240; x_wconf 91' lang='lat'><strong>,</strong></span> <span class='ocrx_word' id='word_1_426' title='bbox 780 5175 839 5225; x_wconf 88' lang='lat' dir='ltr'><strong>de</strong></span> <span class='ocrx_word' id='word_1_427' title='bbox 861 5182 1037 5226; x_wconf 73' lang='lat' dir='ltr'><strong>cratere</strong></span> <span class='ocrx_word' id='word_1_428' title='bbox 1057 5182 1369 5240; x_wconf 72' lang='lat' dir='ltr'><strong>exspectans.</strong></span> <span class='ocrx_word' id='word_1_429' title='bbox 1387 5170 1624 5236; x_wconf 87' lang='lat' dir='ltr'><strong>Quanam</strong></span> <span class='ocrx_word' id='word_1_430' title='bbox 1645 5171 1710 5223; x_wconf 88' lang='lat' dir='ltr'><strong>de</strong></span> <span class='ocrx_word' id='word_1_431' title='bbox 1728 5185 1883 5224; x_wconf 87' lang='lat' dir='ltr'><strong>causa</strong></span> <span class='ocrx_word' id='word_1_432' title='bbox 1904 5181 1985 5224; x_wconf 88' lang='lat' dir='ltr'><strong>est</strong></span> <span class='ocrx_word' id='word_1_433' title='bbox 2006 5170 2217 5224; x_wconf 82' lang='lat' dir='ltr'><strong>dilatio?</strong></span> 
     </span>
    </p>
   </div>
   <div class='ocr_carea' id='block_1_54' title="bbox 646 5262 2216 5336">
    <p class='ocr_par' dir='ltr' id='par_1_54' title="bbox 646 5262 2216 5336">
     <span class='ocr_line' id='line_1_54' title="bbox 646 5262 2216 5336; baseline -0.003 -15"><span class='ocrx_word' id='word_1_434' title='bbox 646 5267 715 5321; x_wconf 84' lang='lat' dir='ltr'><strong>Ut</strong></span> <span class='ocrx_word' id='word_1_435' title='bbox 738 5276 1001 5336; x_wconf 85' lang='lat' dir='ltr'><strong>ponantur</strong></span> <span class='ocrx_word' id='word_1_436' title='bbox 1029 5264 1229 5318; x_wconf 89' lang='lat' dir='ltr'><strong>inimici</strong></span> <span class='ocrx_word' id='word_1_437' title='bbox 1256 5264 1371 5332; x_wconf 80' lang='lat' dir='ltr'><strong>ejus</strong></span> <span class='ocrx_word' id='word_1_438' title='bbox 1397 5264 1494 5316; x_wconf 87' lang='lat' dir='ltr'><strong>sub</strong></span> <span class='ocrx_word' id='word_1_439' title='bbox 1523 5263 1745 5331; x_wconf 88' lang='lat' dir='ltr'><strong>pedibus</strong></span> <span class='ocrx_word' id='word_1_440' title='bbox 1770 5262 1907 5332; x_wconf 91' lang='lat' dir='ltr'><strong>ejus.</strong></span> <span class='ocrx_word' id='word_1_441' title='bbox 1944 5262 2059 5317; x_wconf 89' lang='lat' dir='ltr'><strong>Una</strong></span> <span class='ocrx_word' id='word_1_442' title='bbox 2086 5266 2216 5316; x_wconf 82' lang='lat' dir='ltr'><strong>enim</strong></span> 
     </span>
    </p>
   </div>
   <div class='ocr_carea' id='block_1_55' title="bbox 643 5354 2217 5423">
    <p class='ocr_par' dir='ltr' id='par_1_55' title="bbox 643 5354 2217 5423">
     <span class='ocr_line' id='line_1_55' title="bbox 643 5354 2217 5423; baseline -0.002 -13"><span class='ocrx_word' id='word_1_443' title='bbox 643 5357 913 5417; x_wconf 86' lang='lat' dir='ltr'><strong>oblatione,</strong></span> <span class='ocrx_word' id='word_1_444' title='bbox 950 5356 1143 5423; x_wconf 87' lang='lat' dir='ltr'><strong>inquit,</strong></span> <span class='ocrx_word' id='word_1_445' title='bbox 1172 5354 1536 5408; x_wconf 86' lang='lat' dir='ltr'><strong>consummauit</strong></span> <span class='ocrx_word' id='word_1_446' title='bbox 1566 5354 1618 5406; x_wconf 86' lang='lat' dir='ltr'><strong>in</strong></span> <span class='ocrx_word' id='word_1_447' title='bbox 1643 5356 2001 5422; x_wconf 88' lang='lat' dir='ltr'><strong>sempiternum</strong></span> <span class='ocrx_word' id='word_1_448' title='bbox 2028 5356 2217 5409; x_wconf 80' lang='lat' dir='ltr'><strong>sancti-</strong></span> 
     </span>
    </p>
   </div>
   <div class='ocr_carea' id='block_1_56' title="bbox 648 5444 2217 5515">
    <p class='ocr_par' dir='ltr' id='par_1_56' title="bbox 648 5444 2217 5515">
     <span class='ocr_line' id='line_1_56' title="bbox 648 5444 2217 5515; baseline -0.001 -16"><span class='ocrx_word' id='word_1_449' title='bbox 648 5450 840 5515; x_wconf 63' lang='grc' dir='ltr'><strong>βίαιος.</strong></span> <span class='ocrx_word' id='word_1_450' title='bbox 875 5446 980 5500; x_wconf 87' lang='lat' dir='ltr'><strong>Sed</strong></span> <span class='ocrx_word' id='word_1_451' title='bbox 1012 5445 1205 5499; x_wconf 72' lang='lat' dir='ltr'><strong>dixerit</strong></span> <span class='ocrx_word' id='word_1_452' title='bbox 1234 5445 1461 5499; x_wconf 78' lang='lat' dir='ltr'><strong>fortasse</strong></span> <span class='ocrx_word' id='word_1_453' title='bbox 1490 5445 1755 5515; x_wconf 88' lang='lat' dir='ltr'><strong>quispiam</strong></span> <span class='ocrx_word' id='word_1_454' title='bbox 1786 5462 1797 5495; x_wconf 91' lang='lat'><strong>:</strong></span> <span class='ocrx_word' id='word_1_455' title='bbox 1829 5444 1935 5498; x_wconf 90' lang='lat' dir='ltr'><strong>Cur</strong></span> <span class='ocrx_word' id='word_1_456' title='bbox 1966 5460 2069 5500; x_wconf 92' lang='lat' dir='ltr'><strong>non</strong></span> <span class='ocrx_word' id='word_1_457' title='bbox 2108 5457 2217 5499; x_wconf 88' lang='lat' dir='ltr'><strong>sta-</strong></span> 
     </span>
    </p>
   </div>
   <div class='ocr_carea' id='block_1_57' title="bbox 651 5536 2212 5609">
    <p class='ocr_par' dir='ltr' id='par_1_57' title="bbox 651 5536 2212 5609">
     <span class='ocr_line' id='line_1_57' title="bbox 651 5536 2212 5609; baseline 0.003 -20"><span class='ocrx_word' id='word_1_458' title='bbox 651 5540 740 5591; x_wconf 89' lang='lat' dir='ltr'><strong>tim</strong></span> <span class='ocrx_word' id='word_1_459' title='bbox 769 5538 981 5607; x_wconf 85' lang='lat' dir='ltr'><strong>posuit?</strong></span> <span class='ocrx_word' id='word_1_460' title='bbox 1014 5537 1239 5605; x_wconf 83' lang='lat' dir='ltr'><strong>Propter</strong></span> <span class='ocrx_word' id='word_1_461' title='bbox 1267 5536 1449 5591; x_wconf 92' lang='lat' dir='ltr'><strong>ﬁdeles</strong></span> <span class='ocrx_word' id='word_1_462' title='bbox 1473 5537 1562 5607; x_wconf 90' lang='lat' dir='ltr'><strong>qui</strong></span> <span class='ocrx_word' id='word_1_463' title='bbox 1593 5547 1746 5591; x_wconf 89' lang='lat' dir='ltr'><strong>erant</strong></span> <span class='ocrx_word' id='word_1_464' title='bbox 1776 5539 2026 5591; x_wconf 76' lang='lat' dir='ltr'><strong>nascituri</strong></span> <span class='ocrx_word' id='word_1_465' title='bbox 2053 5546 2105 5592; x_wconf 89' lang='lat' dir='ltr'><strong>ct</strong></span> <span class='ocrx_word' id='word_1_466' title='bbox 2127 5554 2212 5609; x_wconf 86' lang='lat' dir='ltr'><strong>ge-</strong></span> 
     </span>
    </p>
   </div>
   <div class='ocr_carea' id='block_1_58' title="bbox 652 5628 2221 5698">
    <p class='ocr_par' dir='ltr' id='par_1_58' title="bbox 652 5628 2221 5698">
     <span class='ocr_line' id='line_1_58' title="bbox 652 5628 2221 5698; baseline 0.001 -17"><span class='ocrx_word' id='word_1_467' title='bbox 652 5630 889 5683; x_wconf 88' lang='lat' dir='ltr'><strong>nerandi.</strong></span> <span class='ocrx_word' id='word_1_468' title='bbox 937 5628 1208 5684; x_wconf 83' lang='lat' dir='ltr'><strong>L&#39;ndenam</strong></span> <span class='ocrx_word' id='word_1_469' title='bbox 1247 5638 1421 5682; x_wconf 89' lang='lat' dir='ltr'><strong>autem</strong></span> <span class='ocrx_word' id='word_1_470' title='bbox 1463 5628 1725 5683; x_wconf 88' lang='lat' dir='ltr'><strong>constabit</strong></span> <span class='ocrx_word' id='word_1_471' title='bbox 1756 5628 1895 5698; x_wconf 92' lang='lat' dir='ltr'><strong>quod</strong></span> <span class='ocrx_word' id='word_1_472' title='bbox 1926 5631 2221 5697; x_wconf 79' lang='lat' dir='ltr'><strong>ponentur?</strong></span> 
     </span>
    </p>
   </div>
   <div class='ocr_carea' id='block_1_59' title="bbox 651 5720 2222 5792">
    <p class='ocr_par' dir='ltr' id='par_1_59' title="bbox 651 5720 2222 5792">
     <span class='ocr_line' id='line_1_59' title="bbox 651 5720 2222 5792; baseline -0.001 -14"><span class='ocrx_word' id='word_1_473' title='bbox 651 5724 753 5778; x_wconf 90' lang='lat' dir='ltr'><strong>Per</strong></span> <span class='ocrx_word' id='word_1_474' title='bbox 772 5724 880 5777; x_wconf 76' lang='lat' dir='ltr'><strong>hoc</strong></span> <span class='ocrx_word' id='word_1_475' title='bbox 907 5722 1043 5792; x_wconf 88' lang='lat' dir='ltr'><strong>quod</strong></span> <span class='ocrx_word' id='word_1_476' title='bbox 1073 5722 1205 5776; x_wconf 76' lang='lat' dir='ltr'><strong>dixit</strong></span> <span class='ocrx_word' id='word_1_477' title='bbox 1237 5737 1355 5777; x_wconf 89' lang='lat' dir='ltr'><strong>eum</strong></span> <span class='ocrx_word' id='word_1_478' title='bbox 1384 5722 1607 5777; x_wconf 89' lang='lat' dir='ltr'><strong>sedisse.</strong></span> <span class='ocrx_word' id='word_1_479' title='bbox 1643 5720 1847 5775; x_wconf 82' lang='lat' dir='ltr'><strong>Rursus</strong></span> <span class='ocrx_word' id='word_1_480' title='bbox 1878 5724 2145 5777; x_wconf 86' lang='lat' dir='ltr'><strong>revocavit</strong></span> <span class='ocrx_word' id='word_1_481' title='bbox 2172 5724 2222 5776; x_wconf 88' lang='lat' dir='ltr'><strong>in</strong></span> 
     </span>
    </p>
   </div>
   <div class='ocr_carea' id='block_1_60' title="bbox 656 5812 2226 5883">
    <p class='ocr_par' dir='ltr' id='par_1_60' title="bbox 656 5812 2226 5883">
     <span class='ocr_line' id='line_1_60' title="bbox 656 5812 2226 5883; baseline 0.001 -17"><span class='ocrx_word' id='word_1_482' title='bbox 656 5817 961 5869; x_wconf 77' lang='lat' dir='ltr'><strong>memoriam</strong></span> <span class='ocrx_word' id='word_1_483' title='bbox 994 5813 1507 5869; x_wconf 47' lang='lat' dir='ltr'><strong>tcstimoniumdllud</strong></span> <span class='ocrx_word' id='word_1_484' title='bbox 1545 5813 1683 5883; x_wconf 88' lang='lat' dir='ltr'><strong>quod</strong></span> <span class='ocrx_word' id='word_1_485' title='bbox 1722 5813 1892 5869; x_wconf 84' lang='lat' dir='ltr'><strong>dicit:</strong></span> <span class='ocrx_word' id='word_1_486' title='bbox 1931 5812 2097 5867; x_wconf 88' lang='lat' dir='ltr'><strong>Donec</strong></span> <span class='ocrx_word' id='word_1_487' title='bbox 2137 5831 2226 5883; x_wconf 84' lang='lat' dir='ltr'><strong>po-</strong></span> 
     </span>
    </p>
   </div>
   <div class='ocr_carea' id='block_1_61' title="bbox 1279 360 3079 443">
    <p class='ocr_par' dir='ltr' id='par_1_61' title="bbox 1279 360 3079 443">
     <span class='ocr_line' id='line_1_61' title="bbox 1279 360 3079 443; baseline -0.014 0"><span class='ocrx_word' id='word_1_488' title='bbox 1279 387 1333 443; x_wconf 88' lang='lat' dir='ltr'><strong>S.</strong></span> <span class='ocrx_word' id='word_1_489' title='bbox 1373 381 1648 443; x_wconf 69' lang='lat' dir='ltr'><strong>JOANNIS</strong></span> <span class='ocrx_word' id='word_1_490' title='bbox 1682 360 2505 435; x_wconf 62' lang='lat' dir='ltr'><strong>CllliYSOSTOill-ARCHIEP.</strong></span> <span class='ocrx_word' id='word_1_491' title='bbox 2547 364 3079 423; x_wconf 70' lang='lat' dir='ltr'><strong>CONSTANTINOP.</strong></span> 
     </span>
    </p>
   </div>
   <div class='ocr_carea' id='block_1_62' title="bbox 3721 316 3822 375">
    <p class='ocr_par' dir='ltr' id='par_1_62' title="bbox 3721 316 3822 375">
     <span class='ocr_line' id='line_1_62' title="bbox 3721 316 3822 375; baseline 0.05 -4"><span class='ocrx_word' id='word_1_492' title='bbox 3721 316 3822 375; x_wconf 77' lang='lat' dir='ltr'><strong>l36</strong></span> 
     </span>
    </p>
   </div>
   <div class='ocr_carea' id='block_1_63' title="bbox 2260 449 3845 533">
    <p class='ocr_par' dir='ltr' id='par_1_63' title="bbox 2260 449 3845 533">
     <span class='ocr_line' id='line_1_63' title="bbox 2260 449 3845 533; baseline -0.02 -2"><span class='ocrx_word' id='word_1_493' title='bbox 2260 485 2347 531; x_wconf 85' lang='lat' dir='ltr'><strong>nat</strong></span> <span class='ocrx_word' id='word_1_494' title='bbox 2376 470 2607 528; x_wconf 84' lang='lat' dir='ltr'><strong>inimicos</strong></span> <span class='ocrx_word' id='word_1_495' title='bbox 2631 465 2721 521; x_wconf 87' lang='lat' dir='ltr'><strong>sub</strong></span> <span class='ocrx_word' id='word_1_496' title='bbox 2745 462 2955 533; x_wconf 82' lang='lat' dir='ltr'><strong>pedibus</strong></span> <span class='ocrx_word' id='word_1_497' title='bbox 2980 462 3109 532; x_wconf 67' lang='lat' dir='ltr'><strong>ejus.</strong></span> <span class='ocrx_word' id='word_1_498' title='bbox 3141 455 3345 513; x_wconf 82' lang='lat' dir='ltr'><strong>inimici</strong></span> <span class='ocrx_word' id='word_1_499' title='bbox 3371 462 3549 508; x_wconf 88' lang='lat' dir='ltr'><strong>autem</strong></span> <span class='ocrx_word' id='word_1_500' title='bbox 3578 449 3695 520; x_wconf 88' lang='lat' dir='ltr'><strong>ejus</strong></span> <span class='ocrx_word' id='word_1_501' title='bbox 3718 455 3845 503; x_wconf 82' lang='lat' dir='ltr'><strong>sunt</strong></span> 
     </span>
    </p>
   </div>
   <div class='ocr_carea' id='block_1_64' title="bbox 2261 538 3846 628">
    <p class='ocr_par' dir='ltr' id='par_1_64' title="bbox 2261 538 3846 628">
     <span class='ocr_line' id='line_1_64' title="bbox 2261 538 3846 628; baseline -0.023 -2"><span class='ocrx_word' id='word_1_502' title='bbox 2261 566 2452 626; x_wconf 68' lang='lat' dir='ltr'><strong>ludasi.</strong></span> <span class='ocrx_word' id='word_1_503' title='bbox 2498 560 2701 617; x_wconf 81' lang='lat' dir='ltr'><strong>Deinde</strong></span> <span class='ocrx_word' id='word_1_504' title='bbox 2729 555 2983 628; x_wconf 88' lang='lat' dir='ltr'><strong>quoniam</strong></span> <span class='ocrx_word' id='word_1_505' title='bbox 3027 551 3178 615; x_wconf 87' lang='lat' dir='ltr'><strong>dicit.</strong></span> <span class='ocrx_word' id='word_1_506' title='bbox 3219 548 3393 605; x_wconf 85' lang='lat' dir='ltr'><strong>Donec</strong></span> <span class='ocrx_word' id='word_1_507' title='bbox 3438 550 3699 615; x_wconf 84' lang='lat' dir='ltr'><strong>ponantur</strong></span> 
     </span>
    </p>
   </div>
   <div class='ocr_carea' id='block_1_65' title="bbox 2265 627 3849 724">
    <p class='ocr_par' dir='ltr' id='par_1_65' title="bbox 2265 627 3849 724">
     <span class='ocr_line' id='line_1_65' title="bbox 2265 627 3849 724; baseline -0.02 -11"><span class='ocrx_word' id='word_1_508' title='bbox 2265 656 2381 713; x_wconf 88' lang='lat' dir='ltr'><strong>mici</strong></span> <span class='ocrx_word' id='word_1_509' title='bbox 2406 653 2496 711; x_wconf 84' lang='lat' dir='ltr'><strong>sub</strong></span> <span class='ocrx_word' id='word_1_510' title='bbox 2524 648 2903 724; x_wconf 82' lang='lat' dir='ltr'><strong>pedibusejus,</strong></span> <span class='ocrx_word' id='word_1_511' title='bbox 2933 642 3089 697; x_wconf 87' lang='lat' dir='ltr'><strong>valde</strong></span> <span class='ocrx_word' id='word_1_512' title='bbox 3132 650 3311 695; x_wconf 86' lang='lat' dir='ltr'><strong>autem</strong></span> <span class='ocrx_word' id='word_1_513' title='bbox 3351 634 3609 706; x_wconf 74' lang='lat' dir='ltr'><strong>urgebant</strong></span> <span class='ocrx_word' id='word_1_514' title='bbox 3642 648 3655 686; x_wconf 93' lang='lat'><strong>:</strong></span> <span class='ocrx_word' id='word_1_515' title='bbox 3690 627 3849 724; x_wconf 76' lang='lat' dir='ltr'><strong>cado</strong></span> 
     </span>
    </p>
   </div>
   <div class='ocr_carea' id='block_1_66' title="bbox 2261 721 3852 817">
    <p class='ocr_par' dir='ltr' id='par_1_66' title="bbox 2261 721 3852 817">
     <span class='ocr_line' id='line_1_66' title="bbox 2261 721 3852 817; baseline -0.019 -12"><span class='ocrx_word' id='word_1_516' title='bbox 2261 764 2423 805; x_wconf 89' lang='lat' dir='ltr'><strong>causa</strong></span> <span class='ocrx_word' id='word_1_517' title='bbox 2452 721 2601 817; x_wconf 84' lang='lat' dir='ltr'><strong>ponit</strong></span> <span class='ocrx_word' id='word_1_518' title='bbox 2630 740 2808 797; x_wconf 91' lang='lat' dir='ltr'><strong>omnia</strong></span> <span class='ocrx_word' id='word_1_519' title='bbox 2839 753 2958 806; x_wconf 88' lang='lat' dir='ltr'><strong>quae</strong></span> <span class='ocrx_word' id='word_1_520' title='bbox 2988 742 3305 806; x_wconf 89' lang='lat' dir='ltr'><strong>sequuntur,</strong></span> <span class='ocrx_word' id='word_1_521' title='bbox 3340 739 3691 801; x_wconf 63' lang='lat' dir='ltr'><strong>quascumque</strong></span> <span class='ocrx_word' id='word_1_522' title='bbox 3721 721 3852 777; x_wconf 86' lang='lat' dir='ltr'><strong>dicit</strong></span> 
     </span>
    </p>
   </div>
   <div class='ocr_carea' id='block_1_67' title="bbox 2266 814 3851 903">
    <p class='ocr_par' dir='ltr' id='par_1_67' title="bbox 2266 814 3851 903">
     <span class='ocr_line' id='line_1_67' title="bbox 2266 814 3851 903; baseline -0.019 -6"><span class='ocrx_word' id='word_1_523' title='bbox 2266 842 2334 896; x_wconf 87' lang='lat' dir='ltr'><strong>de</strong></span> <span class='ocrx_word' id='word_1_524' title='bbox 2373 814 2494 895; x_wconf 77' lang='lat' dir='ltr'><strong>ﬁde.</strong></span> <span class='ocrx_word' id='word_1_525' title='bbox 2527 836 2757 903; x_wconf 87' lang='lat' dir='ltr'><strong>Quinam</strong></span> <span class='ocrx_word' id='word_1_526' title='bbox 2805 838 2983 885; x_wconf 89' lang='lat' dir='ltr'><strong>autem</strong></span> <span class='ocrx_word' id='word_1_527' title='bbox 3026 834 3152 881; x_wconf 85' lang='lat' dir='ltr'><strong>sunt</strong></span> <span class='ocrx_word' id='word_1_528' title='bbox 3194 822 3413 886; x_wconf 86' lang='lat' dir='ltr'><strong>inimici,</strong></span> <span class='ocrx_word' id='word_1_529' title='bbox 3460 817 3562 874; x_wconf 89' lang='lat' dir='ltr'><strong>nisi</strong></span> <span class='ocrx_word' id='word_1_530' title='bbox 3603 814 3851 870; x_wconf 79' lang='lat' dir='ltr'><strong>inﬁdeles</strong></span> 
     </span>
    </p>
   </div>
   <div class='ocr_carea' id='block_1_68' title="bbox 2265 912 3852 993">
    <p class='ocr_par' dir='ltr' id='par_1_68' title="bbox 2265 912 3852 993">
     <span class='ocr_line' id='line_1_68' title="bbox 2265 912 3852 993; baseline -0.017 -8"><span class='ocrx_word' id='word_1_531' title='bbox 2265 912 2473 993; x_wconf 84' lang='lat' dir='ltr'><strong>omnes,</strong></span> <span class='ocrx_word' id='word_1_532' title='bbox 2500 926 2794 987; x_wconf 70' lang='lat' dir='ltr'><strong>daemones,</strong></span> <span class='ocrx_word' id='word_1_533' title='bbox 2825 935 2925 976; x_wconf 87' lang='lat' dir='ltr'><strong>nec</strong></span> <span class='ocrx_word' id='word_1_534' title='bbox 2963 918 3134 974; x_wconf 90' lang='lat' dir='ltr'><strong>solum</strong></span> <span class='ocrx_word' id='word_1_535' title='bbox 3163 913 3372 969; x_wconf 73' lang='lat' dir='ltr'><strong>Judaei?</strong></span> <span class='ocrx_word' id='word_1_536' title='bbox 3402 912 3642 981; x_wconf 78' lang='lat' dir='ltr'><strong>Magnam</strong></span> <span class='ocrx_word' id='word_1_537' title='bbox 3670 914 3852 961; x_wconf 85' lang='lat' dir='ltr'><strong>autem</strong></span> 
     </span>
    </p>
   </div>
   <div class='ocr_carea' id='block_1_69' title="bbox 2266 999 3855 1091">
    <p class='ocr_par' dir='ltr' id='par_1_69' title="bbox 2266 999 3855 1091">
     <span class='ocr_line' id='line_1_69' title="bbox 2266 999 3855 1091; baseline -0.017 -14"><span class='ocrx_word' id='word_1_538' title='bbox 2266 1020 2658 1091; x_wconf 87' lang='lat' dir='ltr'><strong>subjectionem</strong></span> <span class='ocrx_word' id='word_1_539' title='bbox 2688 1015 2847 1069; x_wconf 90' lang='lat' dir='ltr'><strong>tacite</strong></span> <span class='ocrx_word' id='word_1_540' title='bbox 2874 1008 3203 1080; x_wconf 83' lang='lat' dir='ltr'><strong>signiﬁcans,</strong></span> <span class='ocrx_word' id='word_1_541' title='bbox 3233 1020 3337 1059; x_wconf 91' lang='lat' dir='ltr'><strong>non</strong></span> <span class='ocrx_word' id='word_1_542' title='bbox 3363 1003 3523 1068; x_wconf 89' lang='lat' dir='ltr'><strong>dixit,</strong></span> <span class='ocrx_word' id='word_1_543' title='bbox 3550 999 3855 1069; x_wconf 84' lang='lat' dir='ltr'><strong>Subjician-</strong></span> 
     </span>
    </p>
   </div>
   <div class='ocr_carea' id='block_1_70' title="bbox 2270 1095 3854 1181">
    <p class='ocr_par' dir='ltr' id='par_1_70' title="bbox 2270 1095 3854 1181">
     <span class='ocr_line' id='line_1_70' title="bbox 2270 1095 3854 1181; baseline -0.018 -10"><span class='ocrx_word' id='word_1_544' title='bbox 2270 1129 2372 1181; x_wconf 88' lang='lat' dir='ltr'><strong>tur,</strong></span> <span class='ocrx_word' id='word_1_545' title='bbox 2405 1113 2521 1178; x_wconf 90' lang='lat' dir='ltr'><strong>sed,</strong></span> <span class='ocrx_word' id='word_1_546' title='bbox 2558 1110 2826 1165; x_wconf 82' lang='lat' dir='ltr'><strong>Ponuntur</strong></span> <span class='ocrx_word' id='word_1_547' title='bbox 2869 1104 2961 1160; x_wconf 89' lang='lat' dir='ltr'><strong>sub</strong></span> <span class='ocrx_word' id='word_1_548' title='bbox 2989 1100 3200 1173; x_wconf 87' lang='lat' dir='ltr'><strong>pedibus</strong></span> <span class='ocrx_word' id='word_1_549' title='bbox 3225 1100 3356 1169; x_wconf 87' lang='lat' dir='ltr'><strong>ejus.</strong></span> <span class='ocrx_word' id='word_1_550' title='bbox 3400 1095 3479 1151; x_wconf 85' lang='lat' dir='ltr'><strong>Ne</strong></span> <span class='ocrx_word' id='word_1_551' title='bbox 3522 1096 3689 1149; x_wconf 89' lang='lat' dir='ltr'><strong>simus</strong></span> <span class='ocrx_word' id='word_1_552' title='bbox 3725 1104 3854 1161; x_wconf 85' lang='lat' dir='ltr'><strong>ergo</strong></span> 
     </span>
    </p>
   </div>
   <div class='ocr_carea' id='block_1_71' title="bbox 2268 1183 3854 1265">
    <p class='ocr_par' dir='ltr' id='par_1_71' title="bbox 2268 1183 3854 1265">
     <span class='ocr_line' id='line_1_71' title="bbox 2268 1183 3854 1265; baseline -0.017 -2"><span class='ocrx_word' id='word_1_553' title='bbox 2268 1227 2333 1265; x_wconf 78' lang='lat' dir='ltr'><strong>ex</strong></span> <span class='ocrx_word' id='word_1_554' title='bbox 2366 1206 2591 1263; x_wconf 90' lang='lat' dir='ltr'><strong>inimicis</strong></span> <span class='ocrx_word' id='word_1_555' title='bbox 2622 1220 2637 1258; x_wconf 89' lang='lat'><strong>:</strong></span> <span class='ocrx_word' id='word_1_556' title='bbox 2669 1217 2775 1256; x_wconf 91' lang='lat' dir='ltr'><strong>non</strong></span> <span class='ocrx_word' id='word_1_557' title='bbox 2822 1197 2994 1253; x_wconf 89' lang='lat' dir='ltr'><strong>solum</strong></span> <span class='ocrx_word' id='word_1_558' title='bbox 3026 1194 3170 1251; x_wconf 89' lang='lat' dir='ltr'><strong>enim</strong></span> <span class='ocrx_word' id='word_1_559' title='bbox 3210 1189 3415 1246; x_wconf 88' lang='lat' dir='ltr'><strong>inimici</strong></span> <span class='ocrx_word' id='word_1_560' title='bbox 3446 1196 3572 1243; x_wconf 90' lang='lat' dir='ltr'><strong>sunt</strong></span> <span class='ocrx_word' id='word_1_561' title='bbox 3610 1186 3686 1241; x_wconf 89' lang='lat' dir='ltr'><strong>illi</strong></span> <span class='ocrx_word' id='word_1_562' title='bbox 3730 1183 3854 1238; x_wconf 85' lang='lat' dir='ltr'><strong>inﬁ-</strong></span> 
     </span>
    </p>
   </div>
   <div class='ocr_carea' id='block_1_72' title="bbox 2269 1277 3857 1358">
    <p class='ocr_par' dir='ltr' id='par_1_72' title="bbox 2269 1277 3857 1358">
     <span class='ocr_line' id='line_1_72' title="bbox 2269 1277 3857 1358; baseline -0.016 -5"><span class='ocrx_word' id='word_1_563' title='bbox 2269 1300 2418 1354; x_wconf 85' lang='lat' dir='ltr'><strong>deles</strong></span> <span class='ocrx_word' id='word_1_564' title='bbox 2463 1305 2515 1351; x_wconf 93' lang='lat' dir='ltr'><strong>ct</strong></span> <span class='ocrx_word' id='word_1_565' title='bbox 2557 1291 2750 1358; x_wconf 67' lang='lat' dir='ltr'><strong>Iudici,</strong></span> <span class='ocrx_word' id='word_1_566' title='bbox 2800 1288 2894 1345; x_wconf 92' lang='lat' dir='ltr'><strong>sed</strong></span> <span class='ocrx_word' id='word_1_567' title='bbox 2942 1286 3105 1343; x_wconf 88' lang='lat' dir='ltr'><strong>etiam</strong></span> <span class='ocrx_word' id='word_1_568' title='bbox 3145 1283 3234 1354; x_wconf 92' lang='lat' dir='ltr'><strong>qui</strong></span> <span class='ocrx_word' id='word_1_569' title='bbox 3268 1278 3541 1335; x_wconf 88' lang='lat' dir='ltr'><strong>immunda</strong></span> <span class='ocrx_word' id='word_1_570' title='bbox 3580 1277 3685 1331; x_wconf 91' lang='lat' dir='ltr'><strong>vita</strong></span> <span class='ocrx_word' id='word_1_571' title='bbox 3729 1283 3857 1330; x_wconf 89' lang='lat' dir='ltr'><strong>sunt</strong></span> 
     </span>
    </p>
   </div>
   <div class='ocr_carea' id='block_1_73' title="bbox 2272 1365 3857 1463">
    <p class='ocr_par' dir='ltr' id='par_1_73' title="bbox 2272 1365 3857 1463">
     <span class='ocr_line' id='line_1_73' title="bbox 2272 1365 3857 1463; baseline -0.017 -17"><span class='ocrx_word' id='word_1_572' title='bbox 2272 1389 2414 1463; x_wconf 84' lang='lat' dir='ltr'><strong>pleni</strong></span> <span class='ocrx_word' id='word_1_573' title='bbox 2441 1408 2452 1443; x_wconf 95' lang='lat'><strong>:</strong></span> <span class='ocrx_word' id='word_1_574' title='bbox 2478 1385 2761 1441; x_wconf 84' lang='lat' dir='ltr'><strong>Prudentia</strong></span> <span class='ocrx_word' id='word_1_575' title='bbox 2782 1382 2913 1437; x_wconf 86' lang='lat' dir='ltr'><strong>enim</strong></span> <span class='ocrx_word' id='word_1_576' title='bbox 2939 1379 3106 1433; x_wconf 88' lang='lat' dir='ltr'><strong>carnis</strong></span> <span class='ocrx_word' id='word_1_577' title='bbox 3132 1384 3205 1431; x_wconf 84' lang='lat' dir='ltr'><strong>est</strong></span> <span class='ocrx_word' id='word_1_578' title='bbox 3228 1368 3336 1428; x_wconf 89' lang='lat' dir='ltr'><strong>Deo</strong></span> <span class='ocrx_word' id='word_1_579' title='bbox 3356 1372 3563 1426; x_wconf 89' lang='lat' dir='ltr'><strong>inimica</strong></span> <span class='ocrx_word' id='word_1_580' title='bbox 3590 1385 3610 1424; x_wconf 86' lang='lat'><strong>.&#39;</strong></span> <span class='ocrx_word' id='word_1_581' title='bbox 3639 1369 3736 1439; x_wconf 86' lang='lat' dir='ltr'><strong>legi</strong></span> <span class='ocrx_word' id='word_1_582' title='bbox 3762 1365 3857 1420; x_wconf 87' lang='lat' dir='ltr'><strong>Dei</strong></span> 
     </span>
    </p>
   </div>
   <div class='ocr_carea' id='block_1_74' title="bbox 2273 1462 3855 1549">
    <p class='ocr_par' dir='ltr' id='par_1_74' title="bbox 2273 1462 3855 1549">
     <span class='ocr_line' id='line_1_74' title="bbox 2273 1462 3855 1549; baseline -0.018 -11"><span class='ocrx_word' id='word_1_583' title='bbox 2273 1462 2373 1538; x_wconf 87' lang='lat' dir='ltr'><strong>non</strong></span> <span class='ocrx_word' id='word_1_584' title='bbox 2403 1491 2475 1537; x_wconf 84' lang='lat' dir='ltr'><strong>est</strong></span> <span class='ocrx_word' id='word_1_585' title='bbox 2494 1480 2715 1549; x_wconf 84' lang='lat' dir='ltr'><strong>subjecta</strong></span> <span class='ocrx_word' id='word_1_586' title='bbox 2736 1517 2751 1543; x_wconf 93' lang='lat'><strong>,</strong></span> <span class='ocrx_word' id='word_1_587' title='bbox 2778 1490 2934 1544; x_wconf 86' lang='lat' dir='ltr'><strong>neque</strong></span> <span class='ocrx_word' id='word_1_588' title='bbox 2955 1480 3115 1544; x_wconf 87' lang='lat' dir='ltr'><strong>potest</strong></span> <span class='ocrx_word' id='word_1_589' title='bbox 3142 1468 3318 1541; x_wconf 85' lang='lat' dir='ltr'><strong>(Rom.</strong></span> <span class='ocrx_word' id='word_1_590' title='bbox 3350 1465 3404 1522; x_wconf 92' lang='lat'><strong>8.</strong></span> <span class='ocrx_word' id='word_1_591' title='bbox 3436 1463 3510 1537; x_wconf 88' lang='lat'><strong>7).</strong></span> <span class='ocrx_word' id='word_1_592' title='bbox 3545 1462 3679 1532; x_wconf 85' lang='lat' dir='ltr'><strong>Quid</strong></span> <span class='ocrx_word' id='word_1_593' title='bbox 3704 1475 3855 1531; x_wconf 80' lang='lat' dir='ltr'><strong>ergo,</strong></span> 
     </span>
    </p>
   </div>
   <div class='ocr_carea' id='block_1_75' title="bbox 2275 1558 3861 1647">
    <p class='ocr_par' dir='ltr' id='par_1_75' title="bbox 2275 1558 3861 1647">
     <span class='ocr_line' id='line_1_75' title="bbox 2275 1558 3861 1647; baseline -0.016 -15"><span class='ocrx_word' id='word_1_594' title='bbox 2275 1575 2480 1647; x_wconf 88' lang='lat' dir='ltr'><strong>inquit?</strong></span> <span class='ocrx_word' id='word_1_595' title='bbox 2510 1588 2612 1629; x_wconf 94' lang='lat' dir='ltr'><strong>non</strong></span> <span class='ocrx_word' id='word_1_596' title='bbox 2639 1579 2723 1628; x_wconf 91' lang='lat' dir='ltr'><strong>est</strong></span> <span class='ocrx_word' id='word_1_597' title='bbox 2768 1569 2871 1624; x_wconf 88' lang='lat' dir='ltr'><strong>hoc</strong></span> <span class='ocrx_word' id='word_1_598' title='bbox 2910 1565 3146 1623; x_wconf 80' lang='lat' dir='ltr'><strong>crimen?</strong></span> <span class='ocrx_word' id='word_1_599' title='bbox 3171 1563 3241 1618; x_wconf 87' lang='lat' dir='ltr'><strong>Et</strong></span> <span class='ocrx_word' id='word_1_600' title='bbox 3284 1561 3517 1617; x_wconf 78' lang='lat' dir='ltr'><strong>maxime</strong></span> <span class='ocrx_word' id='word_1_601' title='bbox 3540 1558 3753 1630; x_wconf 85' lang='lat' dir='ltr'><strong>quidem</strong></span> <span class='ocrx_word' id='word_1_602' title='bbox 3778 1562 3861 1609; x_wconf 89' lang='lat' dir='ltr'><strong>est</strong></span> 
     </span>
    </p>
   </div>
   <div class='ocr_carea' id='block_1_76' title="bbox 2276 1652 3862 1729">
    <p class='ocr_par' dir='ltr' id='par_1_76' title="bbox 2276 1652 3862 1729">
     <span class='ocr_line' id='line_1_76' title="bbox 2276 1652 3862 1729; baseline -0.014 -6"><span class='ocrx_word' id='word_1_603' title='bbox 2276 1671 2478 1723; x_wconf 87' lang='lat' dir='ltr'><strong>crimen</strong></span> <span class='ocrx_word' id='word_1_604' title='bbox 2513 1686 2525 1721; x_wconf 87' lang='lat'><strong>:</strong></span> <span class='ocrx_word' id='word_1_605' title='bbox 2560 1663 2732 1719; x_wconf 89' lang='lat' dir='ltr'><strong>malus</strong></span> <span class='ocrx_word' id='word_1_606' title='bbox 2757 1660 2899 1717; x_wconf 90' lang='lat' dir='ltr'><strong>enim</strong></span> <span class='ocrx_word' id='word_1_607' title='bbox 2926 1655 3180 1729; x_wconf 89' lang='lat' dir='ltr'><strong>quamdiu</strong></span> <span class='ocrx_word' id='word_1_608' title='bbox 3208 1663 3293 1711; x_wconf 90' lang='lat' dir='ltr'><strong>est</strong></span> <span class='ocrx_word' id='word_1_609' title='bbox 3320 1652 3515 1717; x_wconf 90' lang='lat' dir='ltr'><strong>malus,</strong></span> <span class='ocrx_word' id='word_1_610' title='bbox 3550 1666 3655 1706; x_wconf 91' lang='lat' dir='ltr'><strong>non</strong></span> <span class='ocrx_word' id='word_1_611' title='bbox 3686 1656 3862 1719; x_wconf 84' lang='lat' dir='ltr'><strong>potest</strong></span> 
     </span>
    </p>
   </div>
   <div class='ocr_carea' id='block_1_77' title="bbox 2276 1742 3591 1828">
    <p class='ocr_par' dir='ltr' id='par_1_77' title="bbox 2276 1742 3591 1828">
     <span class='ocr_line' id='line_1_77' title="bbox 2276 1742 3591 1828; baseline -0.012 -15"><span class='ocrx_word' id='word_1_612' title='bbox 2276 1757 2500 1828; x_wconf 71' lang='lat' dir='ltr'><strong>subjici;</strong></span> <span class='ocrx_word' id='word_1_613' title='bbox 2532 1752 2728 1810; x_wconf 88' lang='lat' dir='ltr'><strong>mutari</strong></span> <span class='ocrx_word' id='word_1_614' title='bbox 2758 1760 2936 1806; x_wconf 86' lang='lat' dir='ltr'><strong>autem</strong></span> <span class='ocrx_word' id='word_1_615' title='bbox 2966 1756 3142 1821; x_wconf 87' lang='lat' dir='ltr'><strong>potest</strong></span> <span class='ocrx_word' id='word_1_616' title='bbox 3169 1756 3224 1802; x_wconf 90' lang='lat' dir='ltr'><strong>et</strong></span> <span class='ocrx_word' id='word_1_617' title='bbox 3252 1746 3424 1800; x_wconf 82' lang='lat' dir='ltr'><strong>bonus</strong></span> <span class='ocrx_word' id='word_1_618' title='bbox 3452 1742 3591 1798; x_wconf 85' lang='lat' dir='ltr'><strong>fieri.</strong></span> 
     </span>
    </p>
   </div>
   <div class='ocr_carea' id='block_1_78' title="bbox 2348 1830 3860 1916">
    <p class='ocr_par' dir='ltr' id='par_1_78' title="bbox 2348 1830 3860 1916">
     <span class='ocr_line' id='line_1_78' title="bbox 2348 1830 3860 1916; baseline -0.013 -13"><span class='ocrx_word' id='word_1_619' title='bbox 2348 1848 2403 1903; x_wconf 72' lang='lat'><strong>2.</strong></span> <span class='ocrx_word' id='word_1_620' title='bbox 2447 1848 2733 1916; x_wconf 84' lang='lat' dir='ltr'><strong>Paupertas</strong></span> <span class='ocrx_word' id='word_1_621' title='bbox 2767 1841 3039 1906; x_wconf 83' lang='lat' dir='ltr'><strong>laudatur;</strong></span> <span class='ocrx_word' id='word_1_622' title='bbox 3074 1838 3449 1909; x_wconf 83' lang='lat' dir='ltr'><strong>redarguuntur</strong></span> <span class='ocrx_word' id='word_1_623' title='bbox 3472 1834 3679 1887; x_wconf 74' lang='lat' dir='ltr'><strong>divitiae.</strong></span> <span class='ocrx_word' id='word_1_624' title='bbox 3714 1830 3860 1885; x_wconf 82' lang='lat' dir='ltr'><strong>Pau-</strong></span> 
     </span>
    </p>
   </div>
   <div class='ocr_carea' id='block_1_79' title="bbox 2282 1925 3865 2012">
    <p class='ocr_par' dir='ltr' id='par_1_79' title="bbox 2282 1925 3865 2012">
     <span class='ocr_line' id='line_1_79' title="bbox 2282 1925 3865 2012; baseline -0.013 -15"><span class='ocrx_word' id='word_1_625' title='bbox 2282 1941 2486 2012; x_wconf 84' lang='lat' dir='ltr'><strong>pertatis</strong></span> <span class='ocrx_word' id='word_1_626' title='bbox 2529 1940 2696 2003; x_wconf 87' lang='lat' dir='ltr'><strong>bona,</strong></span> <span class='ocrx_word' id='word_1_627' title='bbox 2738 1935 3026 1990; x_wconf 78' lang='lat' dir='ltr'><strong>divitiarum</strong></span> <span class='ocrx_word' id='word_1_628' title='bbox 3070 1931 3225 1985; x_wconf 87' lang='lat' dir='ltr'><strong>mala.</strong></span> <span class='ocrx_word' id='word_1_629' title='bbox 3265 1958 3336 1969; x_wconf 90' lang='lat'><strong>——</strong></span> <span class='ocrx_word' id='word_1_630' title='bbox 3373 1926 3663 1997; x_wconf 84' lang='lat' dir='ltr'><strong>Ejiciamus</strong></span> <span class='ocrx_word' id='word_1_631' title='bbox 3708 1925 3865 1993; x_wconf 83' lang='lat' dir='ltr'><strong>igitur</strong></span> 
     </span>
    </p>
   </div>
   <div class='ocr_carea' id='block_1_80' title="bbox 2280 2019 3865 2101">
    <p class='ocr_par' dir='ltr' id='par_1_80' title="bbox 2280 2019 3865 2101">
     <span class='ocr_line' id='line_1_80' title="bbox 2280 2019 3865 2101; baseline -0.013 -13"><span class='ocrx_word' id='word_1_632' title='bbox 2280 2033 2626 2101; x_wconf 79' lang='lat' dir='ltr'><strong>cogitationes</strong></span> <span class='ocrx_word' id='word_1_633' title='bbox 2650 2038 2704 2084; x_wconf 92' lang='lat' dir='ltr'><strong>et</strong></span> <span class='ocrx_word' id='word_1_634' title='bbox 2730 2039 2917 2081; x_wconf 90' lang='lat' dir='ltr'><strong>sensus</strong></span> <span class='ocrx_word' id='word_1_635' title='bbox 2941 2022 3207 2079; x_wconf 90' lang='lat' dir='ltr'><strong>carnales.</strong></span> <span class='ocrx_word' id='word_1_636' title='bbox 3236 2019 3366 2088; x_wconf 81' lang='lat' dir='ltr'><strong>Qua:</strong></span> <span class='ocrx_word' id='word_1_637' title='bbox 3391 2027 3517 2073; x_wconf 88' lang='lat' dir='ltr'><strong>sunt</strong></span> <span class='ocrx_word' id='word_1_638' title='bbox 3543 2026 3719 2071; x_wconf 88' lang='lat' dir='ltr'><strong>autem</strong></span> <span class='ocrx_word' id='word_1_639' title='bbox 3746 2029 3865 2069; x_wconf 86' lang='lat' dir='ltr'><strong>car—</strong></span> 
     </span>
    </p>
   </div>
   <div class='ocr_carea' id='block_1_81' title="bbox 2282 2106 3867 2191">
    <p class='ocr_par' dir='ltr' id='par_1_81' title="bbox 2282 2106 3867 2191">
     <span class='ocr_line' id='line_1_81' title="bbox 2282 2106 3867 2191; baseline -0.015 -11"><span class='ocrx_word' id='word_1_640' title='bbox 2282 2123 2460 2180; x_wconf 83' lang='lat' dir='ltr'><strong>nalia?</strong></span> <span class='ocrx_word' id='word_1_641' title='bbox 2505 2132 2852 2191; x_wconf 68' lang='lat' dir='ltr'><strong>qumcumque</strong></span> <span class='ocrx_word' id='word_1_642' title='bbox 2880 2115 3079 2170; x_wconf 89' lang='lat' dir='ltr'><strong>faciunt</strong></span> <span class='ocrx_word' id='word_1_643' title='bbox 3121 2122 3179 2167; x_wconf 90' lang='lat' dir='ltr'><strong>ut</strong></span> <span class='ocrx_word' id='word_1_644' title='bbox 3207 2125 3402 2180; x_wconf 90' lang='lat' dir='ltr'><strong>corpus</strong></span> <span class='ocrx_word' id='word_1_645' title='bbox 3432 2109 3620 2163; x_wconf 80' lang='lat' dir='ltr'><strong>floreat</strong></span> <span class='ocrx_word' id='word_1_646' title='bbox 3648 2117 3701 2162; x_wconf 91' lang='lat' dir='ltr'><strong>et</strong></span> <span class='ocrx_word' id='word_1_647' title='bbox 3730 2106 3867 2160; x_wconf 84' lang='lat' dir='ltr'><strong>bene</strong></span> 
     </span>
    </p>
   </div>
   <div class='ocr_carea' id='block_1_82' title="bbox 2282 2200 3867 2279">
    <p class='ocr_par' dir='ltr' id='par_1_82' title="bbox 2282 2200 3867 2279">
     <span class='ocr_line' id='line_1_82' title="bbox 2282 2200 3867 2279; baseline -0.013 -9"><span class='ocrx_word' id='word_1_648' title='bbox 2282 2221 2348 2271; x_wconf 87' lang='lat' dir='ltr'><strong>sit</strong></span> <span class='ocrx_word' id='word_1_649' title='bbox 2376 2214 2643 2279; x_wconf 78' lang='lat' dir='ltr'><strong>allectum,</strong></span> <span class='ocrx_word' id='word_1_650' title='bbox 2673 2210 2903 2264; x_wconf 89' lang='lat' dir='ltr'><strong>animam</strong></span> <span class='ocrx_word' id='word_1_651' title='bbox 2929 2216 3107 2261; x_wconf 88' lang='lat' dir='ltr'><strong>autem</strong></span> <span class='ocrx_word' id='word_1_652' title='bbox 3134 2204 3273 2258; x_wconf 89' lang='lat' dir='ltr'><strong>male</strong></span> <span class='ocrx_word' id='word_1_653' title='bbox 3302 2200 3538 2255; x_wconf 89' lang='lat' dir='ltr'><strong>afﬁciunt</strong></span> <span class='ocrx_word' id='word_1_654' title='bbox 3565 2218 3576 2254; x_wconf 93' lang='lat'><strong>:</strong></span> <span class='ocrx_word' id='word_1_655' title='bbox 3605 2208 3661 2252; x_wconf 90' lang='lat' dir='ltr'><strong>ut</strong></span> <span class='ocrx_word' id='word_1_656' title='bbox 3686 2211 3867 2253; x_wconf 83' lang='lat' dir='ltr'><strong>exem-</strong></span> 
     </span>
    </p>
   </div>
   <div class='ocr_carea' id='block_1_83' title="bbox 2286 2290 3869 2377">
    <p class='ocr_par' dir='ltr' id='par_1_83' title="bbox 2286 2290 3869 2377">
     <span class='ocr_line' id='line_1_83' title="bbox 2286 2290 3869 2377; baseline -0.013 -16"><span class='ocrx_word' id='word_1_657' title='bbox 2286 2308 2356 2377; x_wconf 88' lang='lat' dir='ltr'><strong>pli</strong></span> <span class='ocrx_word' id='word_1_658' title='bbox 2387 2319 2543 2361; x_wconf 90' lang='lat' dir='ltr'><strong>causa</strong></span> <span class='ocrx_word' id='word_1_659' title='bbox 2569 2344 2584 2371; x_wconf 90' lang='lat'><strong>,</strong></span> <span class='ocrx_word' id='word_1_660' title='bbox 2615 2301 2811 2356; x_wconf 82' lang='lat' dir='ltr'><strong>divitia:</strong></span> <span class='ocrx_word' id='word_1_661' title='bbox 2836 2343 2851 2367; x_wconf 93' lang='lat'><strong>,</strong></span> <span class='ocrx_word' id='word_1_662' title='bbox 2879 2298 3085 2354; x_wconf 80' lang='lat' dir='ltr'><strong>delicia:</strong></span> <span class='ocrx_word' id='word_1_663' title='bbox 3110 2338 3125 2364; x_wconf 96' lang='lat'><strong>,</strong></span> <span class='ocrx_word' id='word_1_664' title='bbox 3153 2294 3319 2366; x_wconf 85' lang='lat' dir='ltr'><strong>gloria</strong></span> <span class='ocrx_word' id='word_1_665' title='bbox 3355 2313 3367 2348; x_wconf 89' lang='lat'><strong>:</strong></span> <span class='ocrx_word' id='word_1_666' title='bbox 3397 2294 3509 2347; x_wconf 77' lang='lat' dir='ltr'><strong>lucc</strong></span> <span class='ocrx_word' id='word_1_667' title='bbox 3539 2290 3714 2347; x_wconf 88' lang='lat' dir='ltr'><strong>omnia</strong></span> <span class='ocrx_word' id='word_1_668' title='bbox 3747 2297 3869 2344; x_wconf 92' lang='lat' dir='ltr'><strong>sunt</strong></span> 
     </span>
    </p>
   </div>
   <div class='ocr_carea' id='block_1_84' title="bbox 2286 2381 3869 2462">
    <p class='ocr_par' dir='ltr' id='par_1_84' title="bbox 2286 2381 3869 2462">
     <span class='ocr_line' id='line_1_84' title="bbox 2286 2381 3869 2462; baseline -0.015 -7"><span class='ocrx_word' id='word_1_669' title='bbox 2286 2399 2462 2455; x_wconf 87' lang='lat' dir='ltr'><strong>carnis</strong></span> <span class='ocrx_word' id='word_1_670' title='bbox 2485 2416 2497 2449; x_wconf 90' lang='lat'><strong>:</strong></span> <span class='ocrx_word' id='word_1_671' title='bbox 2523 2411 2672 2450; x_wconf 91' lang='lat' dir='ltr'><strong>amor</strong></span> <span class='ocrx_word' id='word_1_672' title='bbox 2692 2406 2997 2462; x_wconf 88' lang='lat' dir='ltr'><strong>corporum.</strong></span> <span class='ocrx_word' id='word_1_673' title='bbox 3023 2388 3100 2444; x_wconf 85' lang='lat' dir='ltr'><strong>Ne</strong></span> <span class='ocrx_word' id='word_1_674' title='bbox 3122 2403 3250 2457; x_wconf 84' lang='lat' dir='ltr'><strong>ergo</strong></span> <span class='ocrx_word' id='word_1_675' title='bbox 3271 2398 3511 2440; x_wconf 88' lang='lat' dir='ltr'><strong>amemus</strong></span> <span class='ocrx_word' id='word_1_676' title='bbox 3533 2383 3729 2437; x_wconf 89' lang='lat' dir='ltr'><strong>habere</strong></span> <span class='ocrx_word' id='word_1_677' title='bbox 3752 2381 3869 2451; x_wconf 86' lang='lat' dir='ltr'><strong>plus</strong></span> 
     </span>
    </p>
   </div>
   <div class='ocr_carea' id='block_1_85' title="bbox 2286 2488 3867 2564">
    <p class='ocr_par' dir='ltr' id='par_1_85' title="bbox 2286 2488 3867 2564">
     <span class='ocr_line' id='line_1_85' title="bbox 2286 2488 3867 2564; baseline -0.015 -16"><span class='ocrx_word' id='word_1_678' title='bbox 2286 2508 2443 2564; x_wconf 87' lang='lat' dir='ltr'><strong>quam</strong></span> <span class='ocrx_word' id='word_1_679' title='bbox 2481 2489 2610 2554; x_wconf 89' lang='lat' dir='ltr'><strong>alii,</strong></span> <span class='ocrx_word' id='word_1_680' title='bbox 2652 2488 2745 2543; x_wconf 90' lang='lat' dir='ltr'><strong>sed</strong></span> <span class='ocrx_word' id='word_1_681' title='bbox 2786 2492 3149 2555; x_wconf 87' lang='lat' dir='ltr'><strong>paupertatem</strong></span> <span class='ocrx_word' id='word_1_682' title='bbox 3190 2493 3403 2549; x_wconf 86' lang='lat' dir='ltr'><strong>semper</strong></span> <span class='ocrx_word' id='word_1_683' title='bbox 3441 2488 3867 2548; x_wconf 86' lang='lat' dir='ltr'><strong>prosequamur:</strong></span> 
     </span>
    </p>
   </div>
   <div class='ocr_carea' id='block_1_86' title="bbox 2286 2566 3870 2655">
    <p class='ocr_par' dir='ltr' id='par_1_86' title="bbox 2286 2566 3870 2655">
     <span class='ocr_line' id='line_1_86' title="bbox 2286 2566 3870 2655; baseline -0.014 -16"><span class='ocrx_word' id='word_1_684' title='bbox 2286 2586 2401 2655; x_wconf 92' lang='lat' dir='ltr'><strong>ipsa</strong></span> <span class='ocrx_word' id='word_1_685' title='bbox 2430 2581 2573 2638; x_wconf 88' lang='lat' dir='ltr'><strong>enim</strong></span> <span class='ocrx_word' id='word_1_686' title='bbox 2602 2588 2685 2635; x_wconf 85' lang='lat' dir='ltr'><strong>est</strong></span> <span class='ocrx_word' id='word_1_687' title='bbox 2712 2591 2959 2647; x_wconf 80' lang='lat' dir='ltr'><strong>magnum</strong></span> <span class='ocrx_word' id='word_1_688' title='bbox 2992 2575 3211 2630; x_wconf 91' lang='lat' dir='ltr'><strong>bonum.</strong></span> <span class='ocrx_word' id='word_1_689' title='bbox 3247 2574 3314 2625; x_wconf 77' lang='lat' dir='ltr'><strong>At</strong></span> <span class='ocrx_word' id='word_1_690' title='bbox 3342 2569 3598 2623; x_wconf 89' lang='lat' dir='ltr'><strong>humilem</strong></span> <span class='ocrx_word' id='word_1_691' title='bbox 3618 2608 3631 2632; x_wconf 95' lang='lat'><strong>,</strong></span> <span class='ocrx_word' id='word_1_692' title='bbox 3664 2566 3870 2634; x_wconf 87' lang='lat' dir='ltr'><strong>inquit,</strong></span> 
     </span>
    </p>
   </div>
   <div class='ocr_carea' id='block_1_87' title="bbox 2290 2659 3874 2744">
    <p class='ocr_par' dir='ltr' id='par_1_87' title="bbox 2290 2659 3874 2744">
     <span class='ocr_line' id='line_1_87' title="bbox 2290 2659 3874 2744; baseline -0.013 -14"><span class='ocrx_word' id='word_1_693' title='bbox 2290 2676 2551 2744; x_wconf 88' lang='lat' dir='ltr'><strong>vilemque</strong></span> <span class='ocrx_word' id='word_1_694' title='bbox 2579 2671 2701 2725; x_wconf 82' lang='lat' dir='ltr'><strong>facit</strong></span> <span class='ocrx_word' id='word_1_695' title='bbox 2723 2679 2776 2724; x_wconf 89' lang='lat' dir='ltr'><strong>et</strong></span> <span class='ocrx_word' id='word_1_696' title='bbox 2801 2668 3089 2737; x_wconf 89' lang='lat' dir='ltr'><strong>abjectum.</strong></span> <span class='ocrx_word' id='word_1_697' title='bbox 3118 2663 3231 2718; x_wconf 86' lang='lat' dir='ltr'><strong>Hoc</strong></span> <span class='ocrx_word' id='word_1_698' title='bbox 3257 2662 3397 2718; x_wconf 89' lang='lat' dir='ltr'><strong>enim</strong></span> <span class='ocrx_word' id='word_1_699' title='bbox 3424 2659 3577 2715; x_wconf 90' lang='lat' dir='ltr'><strong>nobis</strong></span> <span class='ocrx_word' id='word_1_700' title='bbox 3599 2666 3681 2713; x_wconf 77' lang='lat' dir='ltr'><strong>est</strong></span> <span class='ocrx_word' id='word_1_701' title='bbox 3702 2671 3874 2727; x_wconf 83' lang='lat' dir='ltr'><strong>opus;</strong></span> 
     </span>
    </p>
   </div>
   <div class='ocr_carea' id='block_1_88' title="bbox 2292 2748 3877 2825">
    <p class='ocr_par' dir='ltr' id='par_1_88' title="bbox 2292 2748 3877 2825">
     <span class='ocr_line' id='line_1_88' title="bbox 2292 2748 3877 2825; baseline -0.014 -3"><span class='ocrx_word' id='word_1_702' title='bbox 2292 2766 2445 2822; x_wconf 88' lang='lat' dir='ltr'><strong>nobis</strong></span> <span class='ocrx_word' id='word_1_703' title='bbox 2473 2763 2614 2819; x_wconf 87' lang='lat' dir='ltr'><strong>enim</strong></span> <span class='ocrx_word' id='word_1_704' title='bbox 2641 2760 2866 2816; x_wconf 89' lang='lat' dir='ltr'><strong>multum</strong></span> <span class='ocrx_word' id='word_1_705' title='bbox 2891 2756 3117 2812; x_wconf 84' lang='lat' dir='ltr'><strong>confert.</strong></span> <span class='ocrx_word' id='word_1_706' title='bbox 3152 2753 3456 2825; x_wconf 83' lang='lat' dir='ltr'><strong>Paupertas,</strong></span> <span class='ocrx_word' id='word_1_707' title='bbox 3487 2750 3686 2820; x_wconf 90' lang='lat' dir='ltr'><strong>inquit,</strong></span> <span class='ocrx_word' id='word_1_708' title='bbox 3712 2748 3877 2801; x_wconf 82' lang='lat' dir='ltr'><strong>homi-</strong></span> 
     </span>
    </p>
   </div>
   <div class='ocr_carea' id='block_1_89' title="bbox 2294 2842 3878 2920">
    <p class='ocr_par' dir='ltr' id='par_1_89' title="bbox 2294 2842 3878 2920">
     <span class='ocr_line' id='line_1_89' title="bbox 2294 2842 3878 2920; baseline -0.013 -6"><span class='ocrx_word' id='word_1_709' title='bbox 2294 2874 2405 2913; x_wconf 88' lang='lat' dir='ltr'><strong>nem</strong></span> <span class='ocrx_word' id='word_1_710' title='bbox 2428 2855 2590 2911; x_wconf 81' lang='lat' dir='ltr'><strong>reddit</strong></span> <span class='ocrx_word' id='word_1_711' title='bbox 2619 2852 2856 2906; x_wconf 83' lang='lat' dir='ltr'><strong>humilem</strong></span> <span class='ocrx_word' id='word_1_712' title='bbox 2881 2848 3062 2920; x_wconf 83' lang='lat' dir='ltr'><strong>(Prov.</strong></span> <span class='ocrx_word' id='word_1_713' title='bbox 3092 2845 3177 2902; x_wconf 73' lang='lat'><strong>{0.</strong></span> <span class='ocrx_word' id='word_1_714' title='bbox 3202 2847 3254 2902; x_wconf 73' lang='grc'><strong>4.</strong></span> <span class='ocrx_word' id='word_1_715' title='bbox 3281 2846 3332 2899; x_wconf 90' lang='lat' dir='ltr'><strong>in</strong></span> <span class='ocrx_word' id='word_1_716' title='bbox 3361 2842 3583 2914; x_wconf 67' lang='lat' dir='ltr'><strong>Greco);</strong></span> <span class='ocrx_word' id='word_1_717' title='bbox 3613 2851 3665 2897; x_wconf 89' lang='lat' dir='ltr'><strong>et</strong></span> <span class='ocrx_word' id='word_1_718' title='bbox 3693 2857 3878 2895; x_wconf 88' lang='lat' dir='ltr'><strong>rursus</strong></span> 
     </span>
    </p>
   </div>
   <div class='ocr_carea' id='block_1_90' title="bbox 2294 2934 3880 3031">
    <p class='ocr_par' dir='ltr' id='par_1_90' title="bbox 2294 2934 3880 3031">
     <span class='ocr_line' id='line_1_90' title="bbox 2294 2934 3880 3031; baseline -0.013 -27"><span class='ocrx_word' id='word_1_719' title='bbox 2294 2949 2557 3011; x_wconf 84' lang='lat' dir='ltr'><strong>Christus,</strong></span> <span class='ocrx_word' id='word_1_720' title='bbox 2582 2944 2724 2999; x_wconf 87' lang='lat' dir='ltr'><strong>Beati</strong></span> <span class='ocrx_word' id='word_1_721' title='bbox 2742 2957 2985 3014; x_wconf 83' lang='lat' dir='ltr'><strong>pauperes</strong></span> <span class='ocrx_word' id='word_1_722' title='bbox 3013 2940 3198 3010; x_wconf 83' lang='lat' dir='ltr'><strong>spiritu</strong></span> <span class='ocrx_word' id='word_1_723' title='bbox 3222 2937 3433 3010; x_wconf 81' lang='lat' dir='ltr'><strong>(Matth.</strong></span> <span class='ocrx_word' id='word_1_724' title='bbox 3454 2936 3505 2991; x_wconf 83' lang='lat'><strong>5.</strong></span> <span class='ocrx_word' id='word_1_725' title='bbox 3531 2934 3609 3001; x_wconf 79' lang='lat'><strong>3).</strong></span> <span class='ocrx_word' id='word_1_726' title='bbox 3628 2935 3880 3031; x_wconf 61' lang='grc' dir='ltr'><strong>Ρι-οριειγ</strong></span> 
     </span>
    </p>
   </div>
   <div class='ocr_carea' id='block_1_91' title="bbox 2296 3027 3881 3109">
    <p class='ocr_par' dir='ltr' id='par_1_91' title="bbox 2296 3027 3881 3109">
     <span class='ocr_line' id='line_1_91' title="bbox 2296 3027 3881 3109; baseline -0.011 -13"><span class='ocrx_word' id='word_1_727' title='bbox 2296 3055 2357 3096; x_wconf 88' lang='lat' dir='ltr'><strong>ea</strong></span> <span class='ocrx_word' id='word_1_728' title='bbox 2379 3054 2505 3109; x_wconf 85' lang='lat' dir='ltr'><strong>ergo</strong></span> <span class='ocrx_word' id='word_1_729' title='bbox 2528 3037 2675 3092; x_wconf 90' lang='lat' dir='ltr'><strong>doles</strong></span> <span class='ocrx_word' id='word_1_730' title='bbox 2696 3035 2837 3105; x_wconf 93' lang='lat' dir='ltr'><strong>quod</strong></span> <span class='ocrx_word' id='word_1_731' title='bbox 2861 3035 2999 3087; x_wconf 87' lang='lat' dir='ltr'><strong>viam</strong></span> <span class='ocrx_word' id='word_1_732' title='bbox 3020 3032 3187 3089; x_wconf 87' lang='lat' dir='ltr'><strong>habes</strong></span> <span class='ocrx_word' id='word_1_733' title='bbox 3206 3046 3323 3101; x_wconf 77' lang='lat' dir='ltr'><strong>qua:</strong></span> <span class='ocrx_word' id='word_1_734' title='bbox 3343 3030 3489 3084; x_wconf 90' lang='lat' dir='ltr'><strong>ducit</strong></span> <span class='ocrx_word' id='word_1_735' title='bbox 3507 3028 3572 3082; x_wconf 90' lang='lat' dir='ltr'><strong>ad</strong></span> <span class='ocrx_word' id='word_1_736' title='bbox 3594 3027 3881 3081; x_wconf 79' lang='lat' dir='ltr'><strong>virtutem?</strong></span> 
     </span>
    </p>
   </div>
   <div class='ocr_carea' id='block_1_92' title="bbox 2298 3120 3883 3199">
    <p class='ocr_par' dir='ltr' id='par_1_92' title="bbox 2298 3120 3883 3199">
     <span class='ocr_line' id='line_1_92' title="bbox 2298 3120 3883 3199; baseline -0.009 -12"><span class='ocrx_word' id='word_1_737' title='bbox 2298 3132 2473 3187; x_wconf 89' lang='lat' dir='ltr'><strong>nescis</strong></span> <span class='ocrx_word' id='word_1_738' title='bbox 2500 3130 2639 3199; x_wconf 78' lang='lat' dir='ltr'><strong>quod</strong></span> <span class='ocrx_word' id='word_1_739' title='bbox 2662 3143 2724 3183; x_wconf 86' lang='lat' dir='ltr'><strong>ea</strong></span> <span class='ocrx_word' id='word_1_740' title='bbox 2751 3126 2903 3181; x_wconf 89' lang='lat' dir='ltr'><strong>nobis</strong></span> <span class='ocrx_word' id='word_1_741' title='bbox 2927 3124 3150 3179; x_wconf 87' lang='lat' dir='ltr'><strong>multam</strong></span> <span class='ocrx_word' id='word_1_742' title='bbox 3171 3123 3261 3178; x_wconf 91' lang='lat' dir='ltr'><strong>dat</strong></span> <span class='ocrx_word' id='word_1_743' title='bbox 3288 3122 3567 3176; x_wconf 87' lang='lat' dir='ltr'><strong>ﬁduciam?</strong></span> <span class='ocrx_word' id='word_1_744' title='bbox 3593 3120 3656 3173; x_wconf 87' lang='lat' dir='ltr'><strong>At</strong></span> <span class='ocrx_word' id='word_1_745' title='bbox 3679 3120 3883 3188; x_wconf 85' lang='lat' dir='ltr'><strong>sapien-</strong></span> 
     </span>
    </p>
   </div>
   <div class='ocr_carea' id='block_1_93' title="bbox 2300 3212 3886 3294">
    <p class='ocr_par' dir='ltr' id='par_1_93' title="bbox 2300 3212 3886 3294">
     <span class='ocr_line' id='line_1_93' title="bbox 2300 3212 3886 3294; baseline -0.006 -16"><span class='ocrx_word' id='word_1_746' title='bbox 2300 3226 2396 3290; x_wconf 90' lang='lat' dir='ltr'><strong>tia,</strong></span> <span class='ocrx_word' id='word_1_747' title='bbox 2429 3222 2630 3294; x_wconf 89' lang='lat' dir='ltr'><strong>inquit,</strong></span> <span class='ocrx_word' id='word_1_748' title='bbox 2659 3220 2895 3293; x_wconf 85' lang='lat' dir='ltr'><strong>pauperis</strong></span> <span class='ocrx_word' id='word_1_749' title='bbox 2920 3217 3050 3271; x_wconf 89' lang='lat' dir='ltr'><strong>nihil</strong></span> <span class='ocrx_word' id='word_1_750' title='bbox 3074 3216 3313 3289; x_wconf 88' lang='lat' dir='ltr'><strong>penditur</strong></span> <span class='ocrx_word' id='word_1_751' title='bbox 3340 3214 3559 3284; x_wconf 84' lang='lat' dir='ltr'><strong>(Eccles.</strong></span> <span class='ocrx_word' id='word_1_752' title='bbox 3589 3214 3642 3271; x_wconf 79' lang='lat'><strong>9.</strong></span> <span class='ocrx_word' id='word_1_753' title='bbox 3674 3212 3801 3283; x_wconf 75' lang='lat' dir='ltr'><strong>i6);</strong></span> <span class='ocrx_word' id='word_1_754' title='bbox 3831 3222 3886 3269; x_wconf 80' lang='lat' dir='ltr'><strong>et</strong></span> 
     </span>
    </p>
   </div>
   <div class='ocr_carea' id='block_1_94' title="bbox 2300 3308 3885 3381">
    <p class='ocr_par' dir='ltr' id='par_1_94' title="bbox 2300 3308 3885 3381">
     <span class='ocr_line' id='line_1_94' title="bbox 2300 3308 3885 3381; baseline -0.008 -9"><span class='ocrx_word' id='word_1_755' title='bbox 2300 3331 2487 3372; x_wconf 89' lang='lat' dir='ltr'><strong>rursus</strong></span> <span class='ocrx_word' id='word_1_756' title='bbox 2517 3316 2652 3369; x_wconf 92' lang='lat' dir='ltr'><strong>alius</strong></span> <span class='ocrx_word' id='word_1_757' title='bbox 2680 3313 2848 3377; x_wconf 91' lang='lat' dir='ltr'><strong>dicit,</strong></span> <span class='ocrx_word' id='word_1_758' title='bbox 2879 3309 3239 3381; x_wconf 85' lang='lat' dir='ltr'><strong>Paupertatem</strong></span> <span class='ocrx_word' id='word_1_759' title='bbox 3277 3320 3324 3364; x_wconf 92' lang='lat' dir='ltr'><strong>et</strong></span> <span class='ocrx_word' id='word_1_760' title='bbox 3353 3311 3554 3364; x_wconf 81' lang='lat' dir='ltr'><strong>divitias</strong></span> <span class='ocrx_word' id='word_1_761' title='bbox 3592 3326 3653 3363; x_wconf 90' lang='lat' dir='ltr'><strong>ne</strong></span> <span class='ocrx_word' id='word_1_762' title='bbox 3682 3308 3885 3362; x_wconf 85' lang='lat' dir='ltr'><strong>dederis</strong></span> 
     </span>
    </p>
   </div>
   <div class='ocr_carea' id='block_1_95' title="bbox 2308 3400 3881 3477">
    <p class='ocr_par' dir='ltr' id='par_1_95' title="bbox 2308 3400 3881 3477">
     <span class='ocr_line' id='line_1_95' title="bbox 2308 3400 3881 3477; baseline -0.004 -18"><span class='ocrx_word' id='word_1_763' title='bbox 2308 3408 2429 3459; x_wconf 88' lang='lat' dir='ltr'><strong>mihi</strong></span> <span class='ocrx_word' id='word_1_764' title='bbox 2456 3404 2745 3477; x_wconf 76' lang='lat' dir='ltr'><strong>(Prov.50.</strong></span> <span class='ocrx_word' id='word_1_765' title='bbox 2764 3403 2843 3472; x_wconf 87' lang='lat'><strong>8);</strong></span> <span class='ocrx_word' id='word_1_766' title='bbox 2861 3411 2934 3467; x_wconf 90' lang='lat' dir='ltr'><strong>et,</strong></span> <span class='ocrx_word' id='word_1_767' title='bbox 2960 3403 3001 3455; x_wconf 84' lang='grc' dir='ltr'><em>Α</em></span> <span class='ocrx_word' id='word_1_768' title='bbox 3029 3404 3237 3472; x_wconf 72' lang='lat' dir='ltr'><strong>fornace</strong></span> <span class='ocrx_word' id='word_1_769' title='bbox 3266 3401 3575 3471; x_wconf 85' lang='lat' dir='ltr'><strong>paupertatis</strong></span> <span class='ocrx_word' id='word_1_770' title='bbox 3603 3400 3760 3454; x_wconf 88' lang='lat' dir='ltr'><strong>libera</strong></span> <span class='ocrx_word' id='word_1_771' title='bbox 3782 3416 3881 3453; x_wconf 84' lang='lat' dir='ltr'><strong>me.</strong></span> 
     </span>
    </p>
   </div>
   <div class='ocr_carea' id='block_1_96' title="bbox 2304 3492 3887 3565">
    <p class='ocr_par' dir='ltr' id='par_1_96' title="bbox 2304 3492 3887 3565">
     <span class='ocr_line' id='line_1_96' title="bbox 2304 3492 3887 3565; baseline -0.005 -13"><span class='ocrx_word' id='word_1_772' title='bbox 2304 3497 2582 3565; x_wconf 88' lang='lat' dir='ltr'><strong>Quomodo</strong></span> <span class='ocrx_word' id='word_1_773' title='bbox 2609 3504 2785 3549; x_wconf 89' lang='lat' dir='ltr'><strong>autem</strong></span> <span class='ocrx_word' id='word_1_774' title='bbox 2814 3508 2999 3549; x_wconf 89' lang='lat' dir='ltr'><strong>rursus</strong></span> <span class='ocrx_word' id='word_1_775' title='bbox 3020 3535 3034 3559; x_wconf 92' lang='lat'><strong>,</strong></span> <span class='ocrx_word' id='word_1_776' title='bbox 3064 3494 3109 3547; x_wconf 89' lang='lat' dir='ltr'><strong>si</strong></span> <span class='ocrx_word' id='word_1_777' title='bbox 3136 3492 3334 3548; x_wconf 68' lang='lat' dir='ltr'><strong>divitiae</strong></span> <span class='ocrx_word' id='word_1_778' title='bbox 3364 3501 3419 3547; x_wconf 90' lang='lat' dir='ltr'><strong>et</strong></span> <span class='ocrx_word' id='word_1_779' title='bbox 3447 3501 3732 3562; x_wconf 86' lang='lat' dir='ltr'><strong>paupertas</strong></span> <span class='ocrx_word' id='word_1_780' title='bbox 3762 3502 3887 3545; x_wconf 90' lang='lat' dir='ltr'><strong>sunt</strong></span> 
     </span>
    </p>
   </div>
   <div class='ocr_carea' id='block_1_97' title="bbox 2308 3582 3885 3655">
    <p class='ocr_par' dir='ltr' id='par_1_97' title="bbox 2308 3582 3885 3655">
     <span class='ocr_line' id='line_1_97' title="bbox 2308 3582 3885 3655; baseline -0.005 -11"><span class='ocrx_word' id='word_1_781' title='bbox 2308 3605 2336 3643; x_wconf 90' lang='lat' dir='ltr'><strong>a</strong></span> <span class='ocrx_word' id='word_1_782' title='bbox 2367 3588 2608 3655; x_wconf 91' lang='lat' dir='ltr'><strong>Domino,</strong></span> <span class='ocrx_word' id='word_1_783' title='bbox 2634 3588 2830 3643; x_wconf 85' lang='lat' dir='ltr'><strong>malum</strong></span> <span class='ocrx_word' id='word_1_784' title='bbox 2856 3594 2938 3641; x_wconf 86' lang='lat' dir='ltr'><strong>est</strong></span> <span class='ocrx_word' id='word_1_785' title='bbox 2961 3593 3244 3655; x_wconf 81' lang='lat' dir='ltr'><strong>paupertas</strong></span> <span class='ocrx_word' id='word_1_786' title='bbox 3267 3591 3357 3639; x_wconf 83' lang='lat' dir='ltr'><strong>aut</strong></span> <span class='ocrx_word' id='word_1_787' title='bbox 3380 3582 3618 3639; x_wconf 69' lang='lat' dir='ltr'><strong>divitiae?</strong></span> <span class='ocrx_word' id='word_1_788' title='bbox 3643 3582 3885 3650; x_wconf 85' lang='lat' dir='ltr'><strong>Quanam</strong></span> 
     </span>
    </p>
   </div>
   <div class='ocr_carea' id='block_1_98' title="bbox 2309 3672 3889 3749">
    <p class='ocr_par' dir='ltr' id='par_1_98' title="bbox 2309 3672 3889 3749">
     <span class='ocr_line' id='line_1_98' title="bbox 2309 3672 3889 3749; baseline -0.006 -14"><span class='ocrx_word' id='word_1_789' title='bbox 2309 3694 2437 3749; x_wconf 82' lang='lat' dir='ltr'><strong>ergo</strong></span> <span class='ocrx_word' id='word_1_790' title='bbox 2472 3678 2542 3734; x_wconf 90' lang='lat' dir='ltr'><strong>de</strong></span> <span class='ocrx_word' id='word_1_791' title='bbox 2582 3693 2741 3733; x_wconf 91' lang='lat' dir='ltr'><strong>causa</strong></span> <span class='ocrx_word' id='word_1_792' title='bbox 2787 3677 2903 3732; x_wconf 66' lang='lat' dir='ltr'><strong>haec</strong></span> <span class='ocrx_word' id='word_1_793' title='bbox 2942 3676 3083 3732; x_wconf 86' lang='lat' dir='ltr'><strong>dicta</strong></span> <span class='ocrx_word' id='word_1_794' title='bbox 3122 3672 3280 3731; x_wconf 84' lang='lat' dir='ltr'><strong>sunt?</strong></span> <span class='ocrx_word' id='word_1_795' title='bbox 3308 3674 3445 3733; x_wconf 64' lang='lat' dir='ltr'><strong>Haec</strong></span> <span class='ocrx_word' id='word_1_796' title='bbox 3482 3673 3795 3729; x_wconf 79' lang='lat' dir='ltr'><strong>dicebantur</strong></span> <span class='ocrx_word' id='word_1_797' title='bbox 3836 3676 3889 3727; x_wconf 92' lang='lat' dir='ltr'><strong>in</strong></span> 
     </span>
    </p>
   </div>
   <div class='ocr_carea' id='block_1_99' title="bbox 2311 3763 3889 3837">
    <p class='ocr_par' dir='ltr' id='par_1_99' title="bbox 2311 3763 3889 3837">
     <span class='ocr_line' id='line_1_99' title="bbox 2311 3763 3889 3837; baseline -0.003 -15"><span class='ocrx_word' id='word_1_798' title='bbox 2311 3769 2488 3825; x_wconf 66' lang='lat' dir='ltr'><strong>Veteri</strong></span> <span class='ocrx_word' id='word_1_799' title='bbox 2514 3810 2529 3836; x_wconf 95' lang='lat'><strong>,</strong></span> <span class='ocrx_word' id='word_1_800' title='bbox 2562 3770 2651 3824; x_wconf 88' lang='lat' dir='ltr'><strong>ubi</strong></span> <span class='ocrx_word' id='word_1_801' title='bbox 2695 3767 2994 3823; x_wconf 83' lang='lat' dir='ltr'><strong>divitiarum</strong></span> <span class='ocrx_word' id='word_1_802' title='bbox 3038 3781 3227 3837; x_wconf 80' lang='lat' dir='ltr'><strong>magna</strong></span> <span class='ocrx_word' id='word_1_803' title='bbox 3271 3765 3565 3820; x_wconf 84' lang='lat' dir='ltr'><strong>habebatur</strong></span> <span class='ocrx_word' id='word_1_804' title='bbox 3590 3765 3727 3819; x_wconf 82' lang='lat' dir='ltr'><strong>ratio</strong></span> <span class='ocrx_word' id='word_1_805' title='bbox 3748 3805 3765 3830; x_wconf 92' lang='lat'><strong>,</strong></span> <span class='ocrx_word' id='word_1_806' title='bbox 3798 3763 3889 3818; x_wconf 88' lang='lat' dir='ltr'><strong>ubi</strong></span> 
     </span>
    </p>
   </div>
   <div class='ocr_carea' id='block_1_100' title="bbox 2312 3857 3889 3935">
    <p class='ocr_par' dir='ltr' id='par_1_100' title="bbox 2312 3857 3889 3935">
     <span class='ocr_line' id='line_1_100' title="bbox 2312 3857 3889 3935; baseline -0.004 -18"><span class='ocrx_word' id='word_1_807' title='bbox 2312 3864 2639 3935; x_wconf 88' lang='lat' dir='ltr'><strong>paupertatis</strong></span> <span class='ocrx_word' id='word_1_808' title='bbox 2662 3878 2849 3934; x_wconf 87' lang='lat' dir='ltr'><strong>magna</strong></span> <span class='ocrx_word' id='word_1_809' title='bbox 2875 3870 2989 3917; x_wconf 83' lang='lat' dir='ltr'><strong>erat</strong></span> <span class='ocrx_word' id='word_1_810' title='bbox 3012 3859 3380 3931; x_wconf 88' lang='lat' dir='ltr'><strong>despicientia,</strong></span> <span class='ocrx_word' id='word_1_811' title='bbox 3413 3858 3502 3913; x_wconf 89' lang='lat' dir='ltr'><strong>ubi</strong></span> <span class='ocrx_word' id='word_1_812' title='bbox 3532 3857 3648 3912; x_wconf 69' lang='lat' dir='ltr'><strong>haec</strong></span> <span class='ocrx_word' id='word_1_813' title='bbox 3672 3857 3889 3932; x_wconf 87' lang='lat' dir='ltr'><strong>quidem</strong></span> 
     </span>
    </p>
   </div>
   <div class='ocr_carea' id='block_1_101' title="bbox 2312 3948 3890 4016">
    <p class='ocr_par' dir='ltr' id='par_1_101' title="bbox 2312 3948 3890 4016">
     <span class='ocr_line' id='line_1_101' title="bbox 2312 3948 3890 4016; baseline -0.004 -8"><span class='ocrx_word' id='word_1_814' title='bbox 2312 3962 2426 4009; x_wconf 90' lang='lat' dir='ltr'><strong>erat</strong></span> <span class='ocrx_word' id='word_1_815' title='bbox 2464 3953 2759 4008; x_wconf 88' lang='lat' dir='ltr'><strong>exsecratio</strong></span> <span class='ocrx_word' id='word_1_816' title='bbox 2793 3967 2856 4008; x_wconf 91' lang='lat' dir='ltr'><strong>ac</strong></span> <span class='ocrx_word' id='word_1_817' title='bbox 2890 3950 3193 4007; x_wconf 88' lang='lat' dir='ltr'><strong>maledictio</strong></span> <span class='ocrx_word' id='word_1_818' title='bbox 3221 3992 3235 4016; x_wconf 88' lang='lat'><strong>,</strong></span> <span class='ocrx_word' id='word_1_819' title='bbox 3268 3949 3373 4004; x_wconf 75' lang='lat' dir='ltr'><strong>illa:</strong></span> <span class='ocrx_word' id='word_1_820' title='bbox 3408 3964 3535 4005; x_wconf 87' lang='lat' dir='ltr'><strong>vero</strong></span> <span class='ocrx_word' id='word_1_821' title='bbox 3566 3948 3890 4003; x_wconf 85' lang='lat' dir='ltr'><strong>benedictio.</strong></span> 
     </span>
    </p>
   </div>
   <div class='ocr_carea' id='block_1_102' title="bbox 2313 4040 3896 4112">
    <p class='ocr_par' dir='ltr' id='par_1_102' title="bbox 2313 4040 3896 4112">
     <span class='ocr_line' id='line_1_102' title="bbox 2313 4040 3896 4112; baseline -0.003 -11"><span class='ocrx_word' id='word_1_822' title='bbox 2313 4045 2420 4101; x_wconf 86' lang='lat' dir='ltr'><strong>Sed</strong></span> <span class='ocrx_word' id='word_1_823' title='bbox 2457 4050 2607 4101; x_wconf 84' lang='lat' dir='ltr'><strong>visne</strong></span> <span class='ocrx_word' id='word_1_824' title='bbox 2645 4046 2829 4100; x_wconf 89' lang='lat' dir='ltr'><strong>audire</strong></span> <span class='ocrx_word' id='word_1_825' title='bbox 2867 4044 3051 4098; x_wconf 88' lang='lat' dir='ltr'><strong>laudes</strong></span> <span class='ocrx_word' id='word_1_826' title='bbox 3090 4041 3458 4112; x_wconf 81' lang='lat' dir='ltr'><strong>paupertatis?</strong></span> <span class='ocrx_word' id='word_1_827' title='bbox 3500 4055 3617 4096; x_wconf 90' lang='lat' dir='ltr'><strong>eam</strong></span> <span class='ocrx_word' id='word_1_828' title='bbox 3657 4040 3896 4111; x_wconf 83' lang='lat' dir='ltr'><strong>suscepit</strong></span> 
     </span>
    </p>
   </div>
   <div class='ocr_carea' id='block_1_103' title="bbox 2310 4136 3897 4205">
    <p class='ocr_par' dir='ltr' id='par_1_103' title="bbox 2310 4136 3897 4205">
     <span class='ocr_line' id='line_1_103' title="bbox 2310 4136 3897 4205; baseline -0.001 -12"><span class='ocrx_word' id='word_1_829' title='bbox 2310 4139 2585 4205; x_wconf 87' lang='lat' dir='ltr'><strong>Christus,</strong></span> <span class='ocrx_word' id='word_1_830' title='bbox 2614 4147 2667 4193; x_wconf 89' lang='lat' dir='ltr'><strong>et</strong></span> <span class='ocrx_word' id='word_1_831' title='bbox 2690 4138 2817 4193; x_wconf 90' lang='lat' dir='ltr'><strong>dicit</strong></span> <span class='ocrx_word' id='word_1_832' title='bbox 2847 4157 2859 4193; x_wconf 92' lang='lat'><strong>:</strong></span> <span class='ocrx_word' id='word_1_833' title='bbox 2886 4136 3052 4191; x_wconf 87' lang='lat' dir='ltr'><strong>Filius</strong></span> <span class='ocrx_word' id='word_1_834' title='bbox 3076 4148 3243 4191; x_wconf 89' lang='lat' dir='ltr'><strong>autem</strong></span> <span class='ocrx_word' id='word_1_835' title='bbox 3271 4136 3485 4190; x_wconf 82' lang='lat' dir='ltr'><strong>hominis</strong></span> <span class='ocrx_word' id='word_1_836' title='bbox 3512 4152 3610 4190; x_wconf 86' lang='lat' dir='ltr'><strong>non</strong></span> <span class='ocrx_word' id='word_1_837' title='bbox 3637 4136 3782 4189; x_wconf 88' lang='lat' dir='ltr'><strong>habet</strong></span> <span class='ocrx_word' id='word_1_838' title='bbox 3808 4136 3897 4191; x_wconf 83' lang='lat' dir='ltr'><strong>ubi</strong></span> 
     </span>
    </p>
   </div>
   <div class='ocr_carea' id='block_1_104' title="bbox 2312 4224 3895 4300">
    <p class='ocr_par' dir='ltr' id='par_1_104' title="bbox 2312 4224 3895 4300">
     <span class='ocr_line' id='line_1_104' title="bbox 2312 4224 3895 4300; baseline -0.003 -17"><span class='ocrx_word' id='word_1_839' title='bbox 2312 4240 2461 4300; x_wconf 86' lang='lat' dir='ltr'><strong>caput</strong></span> <span class='ocrx_word' id='word_1_840' title='bbox 2504 4232 2729 4284; x_wconf 76' lang='lat' dir='ltr'><strong>reclinet.</strong></span> <span class='ocrx_word' id='word_1_841' title='bbox 2776 4230 2842 4284; x_wconf 84' lang='lat' dir='ltr'><strong>Et</strong></span> <span class='ocrx_word' id='word_1_842' title='bbox 2882 4244 3067 4284; x_wconf 88' lang='lat' dir='ltr'><strong>rursus</strong></span> <span class='ocrx_word' id='word_1_843' title='bbox 3107 4228 3318 4283; x_wconf 88' lang='lat' dir='ltr'><strong>dicebat</strong></span> <span class='ocrx_word' id='word_1_844' title='bbox 3365 4226 3641 4296; x_wconf 89' lang='lat' dir='ltr'><strong>discipulis</strong></span> <span class='ocrx_word' id='word_1_845' title='bbox 3673 4242 3687 4279; x_wconf 91' lang='lat'><strong>:</strong></span> <span class='ocrx_word' id='word_1_846' title='bbox 3721 4224 3895 4280; x_wconf 82' lang='lat' dir='ltr'><strong>Nolite</strong></span> 
     </span>
    </p>
   </div>
   <div class='ocr_carea' id='block_1_105' title="bbox 2314 4320 3894 4394">
    <p class='ocr_par' dir='ltr' id='par_1_105' title="bbox 2314 4320 3894 4394">
     <span class='ocr_line' id='line_1_105' title="bbox 2314 4320 3894 4394; baseline -0.001 -17"><span class='ocrx_word' id='word_1_847' title='bbox 2314 4325 2570 4394; x_wconf 83' lang='lat' dir='ltr'><strong>possidere</strong></span> <span class='ocrx_word' id='word_1_848' title='bbox 2597 4340 2804 4387; x_wconf 88' lang='lat' dir='ltr'><strong>aurum,</strong></span> <span class='ocrx_word' id='word_1_849' title='bbox 2839 4341 2997 4392; x_wconf 89' lang='lat' dir='ltr'><strong>neque</strong></span> <span class='ocrx_word' id='word_1_850' title='bbox 3023 4333 3283 4393; x_wconf 85' lang='lat' dir='ltr'><strong>argentum</strong></span> <span class='ocrx_word' id='word_1_851' title='bbox 3308 4365 3321 4389; x_wconf 94' lang='lat'><strong>,</strong></span> <span class='ocrx_word' id='word_1_852' title='bbox 3358 4339 3514 4394; x_wconf 85' lang='lat' dir='ltr'><strong>neque</strong></span> <span class='ocrx_word' id='word_1_853' title='bbox 3541 4323 3668 4376; x_wconf 89' lang='lat' dir='ltr'><strong>duas</strong></span> <span class='ocrx_word' id='word_1_854' title='bbox 3697 4320 3894 4375; x_wconf 80' lang='lat' dir='ltr'><strong>tunicas</strong></span> 
     </span>
    </p>
   </div>
   <div class='ocr_carea' id='block_1_106' title="bbox 2316 4414 3891 4485">
    <p class='ocr_par' dir='ltr' id='par_1_106' title="bbox 2316 4414 3891 4485">
     <span class='ocr_line' id='line_1_106' title="bbox 2316 4414 3891 4485; baseline 0.002 -17"><span class='ocrx_word' id='word_1_855' title='bbox 2316 4419 2333 4483; x_wconf 89' lang='lat'><strong>(</strong></span> <span class='ocrx_word' id='word_1_856' title='bbox 2362 4415 2544 4469; x_wconf 80' lang='lat' dir='ltr'><strong>Matth.</strong></span> <span class='ocrx_word' id='word_1_857' title='bbox 2573 4418 2623 4472; x_wconf 91' lang='lat'><strong>8.</strong></span> <span class='ocrx_word' id='word_1_858' title='bbox 2653 4416 2742 4471; x_wconf 77' lang='lat'><strong>20.</strong></span> <span class='ocrx_word' id='word_1_859' title='bbox 2773 4426 2816 4471; x_wconf 81' lang='lat' dir='ltr'><strong>et</strong></span> <span class='ocrx_word' id='word_1_860' title='bbox 2847 4416 2933 4472; x_wconf 68' lang='lat'><strong>£0.</strong></span> <span class='ocrx_word' id='word_1_861' title='bbox 2960 4417 3039 4485; x_wconf 91' lang='lat'><strong>9).</strong></span> <span class='ocrx_word' id='word_1_862' title='bbox 3065 4416 3131 4471; x_wconf 85' lang='lat' dir='ltr'><strong>Et</strong></span> <span class='ocrx_word' id='word_1_863' title='bbox 3160 4417 3353 4471; x_wconf 85' lang='lat' dir='ltr'><strong>Paulus</strong></span> <span class='ocrx_word' id='word_1_864' title='bbox 3380 4417 3618 4472; x_wconf 85' lang='lat' dir='ltr'><strong>scribens</strong></span> <span class='ocrx_word' id='word_1_865' title='bbox 3644 4414 3891 4484; x_wconf 74' lang='lat' dir='ltr'><strong>dicebat,</strong></span> 
     </span>
    </p>
   </div>
   <div class='ocr_carea' id='block_1_107' title="bbox 2316 4504 3894 4579">
    <p class='ocr_par' dir='ltr' id='par_1_107' title="bbox 2316 4504 3894 4579">
     <span class='ocr_line' id='line_1_107' title="bbox 2316 4504 3894 4579; baseline 0.002 -18"><span class='ocrx_word' id='word_1_866' title='bbox 2316 4507 2594 4575; x_wconf 87' lang='lat' dir='ltr'><strong>Tamquam</strong></span> <span class='ocrx_word' id='word_1_867' title='bbox 2620 4509 2749 4562; x_wconf 88' lang='lat' dir='ltr'><strong>nihil</strong></span> <span class='ocrx_word' id='word_1_868' title='bbox 2770 4509 3026 4573; x_wconf 81' lang='lat' dir='ltr'><strong>habentes,</strong></span> <span class='ocrx_word' id='word_1_869' title='bbox 3056 4518 3103 4561; x_wconf 89' lang='lat' dir='ltr'><strong>et</strong></span> <span class='ocrx_word' id='word_1_870' title='bbox 3133 4509 3301 4562; x_wconf 90' lang='lat' dir='ltr'><strong>omnia</strong></span> <span class='ocrx_word' id='word_1_871' title='bbox 3330 4508 3641 4579; x_wconf 83' lang='lat' dir='ltr'><strong>possidentes</strong></span> <span class='ocrx_word' id='word_1_872' title='bbox 3665 4504 3741 4577; x_wconf 72' lang='lat'><strong>(2.</strong></span> <span class='ocrx_word' id='word_1_873' title='bbox 3772 4506 3894 4564; x_wconf 81' lang='lat' dir='ltr'><strong>Cor.</strong></span> 
     </span>
    </p>
   </div>
   <div class='ocr_carea' id='block_1_108' title="bbox 2317 4597 3895 4669">
    <p class='ocr_par' dir='ltr' id='par_1_108' title="bbox 2317 4597 3895 4669">
     <span class='ocr_line' id='line_1_108' title="bbox 2317 4597 3895 4669; baseline 0.001 -17"><span class='ocrx_word' id='word_1_874' title='bbox 2317 4598 2369 4652; x_wconf 90' lang='lat'><strong>6.</strong></span> <span class='ocrx_word' id='word_1_875' title='bbox 2401 4598 2513 4664; x_wconf 80' lang='grc'><strong>10).</strong></span> <span class='ocrx_word' id='word_1_876' title='bbox 2548 4598 2613 4652; x_wconf 87' lang='lat' dir='ltr'><strong>Et</strong></span> <span class='ocrx_word' id='word_1_877' title='bbox 2649 4599 2839 4653; x_wconf 87' lang='lat' dir='ltr'><strong>Petrus</strong></span> <span class='ocrx_word' id='word_1_878' title='bbox 2867 4598 3076 4653; x_wconf 88' lang='lat' dir='ltr'><strong>diccbat</strong></span> <span class='ocrx_word' id='word_1_879' title='bbox 3102 4600 3152 4653; x_wconf 91' lang='lat' dir='ltr'><strong>ei</strong></span> <span class='ocrx_word' id='word_1_880' title='bbox 3182 4600 3270 4669; x_wconf 93' lang='lat' dir='ltr'><strong>qui</strong></span> <span class='ocrx_word' id='word_1_881' title='bbox 3306 4608 3421 4655; x_wconf 88' lang='lat' dir='ltr'><strong>erat</strong></span> <span class='ocrx_word' id='word_1_882' title='bbox 3449 4597 3668 4654; x_wconf 88' lang='lat' dir='ltr'><strong>claudus</strong></span> <span class='ocrx_word' id='word_1_883' title='bbox 3698 4607 3895 4654; x_wconf 75' lang='lat' dir='ltr'><strong>nauis:</strong></span> 
     </span>
    </p>
   </div>
   <div class='ocr_carea' id='block_1_109' title="bbox 2318 4688 3901 4763">
    <p class='ocr_par' dir='ltr' id='par_1_109' title="bbox 2318 4688 3901 4763">
     <span class='ocr_line' id='line_1_109' title="bbox 2318 4688 3901 4763; baseline 0.003 -22"><span class='ocrx_word' id='word_1_884' title='bbox 2318 4688 2592 4757; x_wconf 79' lang='lat' dir='ltr'><strong>Argentum</strong></span> <span class='ocrx_word' id='word_1_885' title='bbox 2621 4699 2665 4743; x_wconf 87' lang='lat' dir='ltr'><strong>et</strong></span> <span class='ocrx_word' id='word_1_886' title='bbox 2696 4706 2878 4743; x_wconf 85' lang='lat' dir='ltr'><strong>aurum</strong></span> <span class='ocrx_word' id='word_1_887' title='bbox 2908 4706 3006 4743; x_wconf 90' lang='lat' dir='ltr'><strong>non</strong></span> <span class='ocrx_word' id='word_1_888' title='bbox 3035 4701 3107 4745; x_wconf 88' lang='lat' dir='ltr'><strong>est</strong></span> <span class='ocrx_word' id='word_1_889' title='bbox 3139 4690 3263 4744; x_wconf 85' lang='lat' dir='ltr'><strong>mihi</strong></span> <span class='ocrx_word' id='word_1_890' title='bbox 3294 4692 3311 4761; x_wconf 96' lang='lat'><strong>(</strong></span> <span class='ocrx_word' id='word_1_891' title='bbox 3337 4692 3448 4745; x_wconf 80' lang='lat' dir='ltr'><strong>Act.</strong></span> <span class='ocrx_word' id='word_1_892' title='bbox 3482 4692 3536 4749; x_wconf 82' lang='lat'><strong>5.</strong></span> <span class='ocrx_word' id='word_1_893' title='bbox 3568 4690 3660 4761; x_wconf 85' lang='lat'><strong>6).</strong></span> <span class='ocrx_word' id='word_1_894' title='bbox 3692 4689 3751 4747; x_wconf 83' lang='lat' dir='ltr'><strong>In</strong></span> <span class='ocrx_word' id='word_1_895' title='bbox 3782 4692 3901 4763; x_wconf 80' lang='lat' dir='ltr'><strong>ipso</strong></span> 
     </span>
    </p>
   </div>
   <div class='ocr_carea' id='block_1_110' title="bbox 2318 4780 3899 4850">
    <p class='ocr_par' dir='ltr' id='par_1_110' title="bbox 2318 4780 3899 4850">
     <span class='ocr_line' id='line_1_110' title="bbox 2318 4780 3899 4850; baseline 0.002 -16"><span class='ocrx_word' id='word_1_896' title='bbox 2318 4795 2528 4850; x_wconf 90' lang='lat' dir='ltr'><strong>quoque</strong></span> <span class='ocrx_word' id='word_1_897' title='bbox 2547 4780 2744 4846; x_wconf 73' lang='lat' dir='ltr'><strong>Veteri,</strong></span> <span class='ocrx_word' id='word_1_898' title='bbox 2769 4782 2857 4836; x_wconf 86' lang='lat' dir='ltr'><strong>ubi</strong></span> <span class='ocrx_word' id='word_1_899' title='bbox 2880 4782 2932 4835; x_wconf 92' lang='lat' dir='ltr'><strong>in</strong></span> <span class='ocrx_word' id='word_1_900' title='bbox 2955 4781 3306 4838; x_wconf 90' lang='lat' dir='ltr'><strong>admiratione</strong></span> <span class='ocrx_word' id='word_1_901' title='bbox 3328 4782 3658 4837; x_wconf 86' lang='lat' dir='ltr'><strong>habebantur</strong></span> <span class='ocrx_word' id='word_1_902' title='bbox 3675 4782 3899 4850; x_wconf 69' lang='lat' dir='ltr'><strong>divitiae,</strong></span> 
     </span>
    </p>
   </div>
   <div class='ocr_carea' id='block_1_111' title="bbox 2318 4874 3901 4947">
    <p class='ocr_par' dir='ltr' id='par_1_111' title="bbox 2318 4874 3901 4947">
     <span class='ocr_line' id='line_1_111' title="bbox 2318 4874 3901 4947; baseline 0.001 -19"><span class='ocrx_word' id='word_1_903' title='bbox 2318 4875 2532 4944; x_wconf 91' lang='lat' dir='ltr'><strong>quinam</strong></span> <span class='ocrx_word' id='word_1_904' title='bbox 2551 4915 2566 4939; x_wconf 96' lang='lat'><strong>,</strong></span> <span class='ocrx_word' id='word_1_905' title='bbox 2595 4887 2803 4943; x_wconf 72' lang='lat' dir='ltr'><strong>quaeso,</strong></span> <span class='ocrx_word' id='word_1_906' title='bbox 2829 4883 2981 4928; x_wconf 89' lang='lat' dir='ltr'><strong>erant</strong></span> <span class='ocrx_word' id='word_1_907' title='bbox 3006 4874 3382 4930; x_wconf 84' lang='lat' dir='ltr'><strong>admirabiles?</strong></span> <span class='ocrx_word' id='word_1_908' title='bbox 3406 4890 3583 4929; x_wconf 88' lang='lat' dir='ltr'><strong>annon</strong></span> <span class='ocrx_word' id='word_1_909' title='bbox 3609 4875 3783 4942; x_wconf 77' lang='lat' dir='ltr'><strong>Elius,</strong></span> <span class='ocrx_word' id='word_1_910' title='bbox 3808 4877 3901 4947; x_wconf 86' lang='lat' dir='ltr'><strong>qui</strong></span> 
     </span>
    </p>
   </div>
   <div class='ocr_carea' id='block_1_112' title="bbox 2320 4964 3901 5035">
    <p class='ocr_par' dir='ltr' id='par_1_112' title="bbox 2320 4964 3901 5035">
     <span class='ocr_line' id='line_1_112' title="bbox 2320 4964 3901 5035; baseline 0.002 -16"><span class='ocrx_word' id='word_1_911' title='bbox 2320 4966 2448 5019; x_wconf 91' lang='lat' dir='ltr'><strong>nihil</strong></span> <span class='ocrx_word' id='word_1_912' title='bbox 2478 4964 2704 5019; x_wconf 87' lang='lat' dir='ltr'><strong>habebat</strong></span> <span class='ocrx_word' id='word_1_913' title='bbox 2731 4976 2925 5035; x_wconf 67' lang='lat' dir='ltr'><strong>praeter</strong></span> <span class='ocrx_word' id='word_1_914' title='bbox 2951 4965 3145 5035; x_wconf 90' lang='lat' dir='ltr'><strong>pellem</strong></span> <span class='ocrx_word' id='word_1_915' title='bbox 3168 4966 3418 5021; x_wconf 80' lang='lat' dir='ltr'><strong>ovillam?</strong></span> <span class='ocrx_word' id='word_1_916' title='bbox 3444 4981 3621 5021; x_wconf 86' lang='lat' dir='ltr'><strong>annon</strong></span> <span class='ocrx_word' id='word_1_917' title='bbox 3651 4967 3901 5034; x_wconf 65' lang='lat' dir='ltr'><strong>Elismus,</strong></span> 
     </span>
    </p>
   </div>
   <div class='ocr_carea' id='block_1_113' title="bbox 2320 5057 3903 5130">
    <p class='ocr_par' dir='ltr' id='par_1_113' title="bbox 2320 5057 3903 5130">
     <span class='ocr_line' id='line_1_113' title="bbox 2320 5057 3903 5130; baseline 0.003 -20"><span class='ocrx_word' id='word_1_918' title='bbox 2320 5073 2497 5111; x_wconf 89' lang='lat' dir='ltr'><strong>annon</strong></span> <span class='ocrx_word' id='word_1_919' title='bbox 2537 5057 2806 5113; x_wconf 81' lang='lat' dir='ltr'><strong>Joannes?</strong></span> <span class='ocrx_word' id='word_1_920' title='bbox 2843 5059 3011 5113; x_wconf 88' lang='lat' dir='ltr'><strong>Nemo</strong></span> <span class='ocrx_word' id='word_1_921' title='bbox 3049 5074 3176 5130; x_wconf 88' lang='lat' dir='ltr'><strong>ergo</strong></span> <span class='ocrx_word' id='word_1_922' title='bbox 3213 5062 3279 5115; x_wconf 89' lang='lat' dir='ltr'><strong>sit</strong></span> <span class='ocrx_word' id='word_1_923' title='bbox 3322 5060 3537 5115; x_wconf 90' lang='lat' dir='ltr'><strong>humilis</strong></span> <span class='ocrx_word' id='word_1_924' title='bbox 3576 5071 3627 5115; x_wconf 92' lang='lat' dir='ltr'><strong>et</strong></span> <span class='ocrx_word' id='word_1_925' title='bbox 3663 5060 3903 5129; x_wconf 58' lang='lat' dir='ltr'><strong>abjatus</strong></span> 
     </span>
    </p>
   </div>
   <div class='ocr_carea' id='block_1_114' title="bbox 2322 5153 3905 5223">
    <p class='ocr_par' dir='ltr' id='par_1_114' title="bbox 2322 5153 3905 5223">
     <span class='ocr_line' id='line_1_114' title="bbox 2322 5153 3905 5223; baseline 0.003 -20"><span class='ocrx_word' id='word_1_926' title='bbox 2322 5161 2539 5219; x_wconf 85' lang='lat' dir='ltr'><strong>propter</strong></span> <span class='ocrx_word' id='word_1_927' title='bbox 2586 5160 2949 5220; x_wconf 83' lang='lat' dir='ltr'><strong>paupertatem</strong></span> <span class='ocrx_word' id='word_1_928' title='bbox 2984 5172 2995 5207; x_wconf 90' lang='lat'><strong>:</strong></span> <span class='ocrx_word' id='word_1_929' title='bbox 3030 5169 3134 5207; x_wconf 87' lang='lat' dir='ltr'><strong>non</strong></span> <span class='ocrx_word' id='word_1_930' title='bbox 3178 5164 3258 5208; x_wconf 85' lang='lat' dir='ltr'><strong>est</strong></span> <span class='ocrx_word' id='word_1_931' title='bbox 3298 5161 3583 5223; x_wconf 84' lang='lat' dir='ltr'><strong>paupertas</strong></span> <span class='ocrx_word' id='word_1_932' title='bbox 3621 5169 3738 5223; x_wconf 60' lang='lat' dir='ltr'><strong>qua“.</strong></span> <span class='ocrx_word' id='word_1_933' title='bbox 3780 5153 3905 5209; x_wconf 82' lang='lat' dir='ltr'><strong>facit</strong></span> 
     </span>
    </p>
   </div>
   <div class='ocr_carea' id='block_1_115' title="bbox 2324 5243 3902 5315">
    <p class='ocr_par' dir='ltr' id='par_1_115' title="bbox 2324 5243 3902 5315">
     <span class='ocr_line' id='line_1_115' title="bbox 2324 5243 3902 5315; baseline 0.003 -19"><span class='ocrx_word' id='word_1_934' title='bbox 2324 5244 2573 5298; x_wconf 90' lang='lat' dir='ltr'><strong>humilem</strong></span> <span class='ocrx_word' id='word_1_935' title='bbox 2598 5284 2613 5309; x_wconf 95' lang='lat'><strong>,</strong></span> <span class='ocrx_word' id='word_1_936' title='bbox 2654 5243 2747 5298; x_wconf 90' lang='lat' dir='ltr'><strong>scd</strong></span> <span class='ocrx_word' id='word_1_937' title='bbox 2781 5244 2977 5299; x_wconf 69' lang='lat' dir='ltr'><strong>divitirc</strong></span> <span class='ocrx_word' id='word_1_938' title='bbox 3011 5261 3127 5314; x_wconf 84' lang='lat' dir='ltr'><strong>quae</strong></span> <span class='ocrx_word' id='word_1_939' title='bbox 3165 5254 3363 5314; x_wconf 85' lang='lat' dir='ltr'><strong>cogunt</strong></span> <span class='ocrx_word' id='word_1_940' title='bbox 3399 5261 3556 5315; x_wconf 84' lang='lat' dir='ltr'><strong>egere</strong></span> <span class='ocrx_word' id='word_1_941' title='bbox 3595 5246 3808 5311; x_wconf 91' lang='lat' dir='ltr'><strong>multis,</strong></span> <span class='ocrx_word' id='word_1_942' title='bbox 3850 5256 3902 5300; x_wconf 92' lang='lat' dir='ltr'><strong>et</strong></span> 
     </span>
    </p>
   </div>
   <div class='ocr_carea' id='block_1_116' title="bbox 2322 5334 3903 5406">
    <p class='ocr_par' dir='ltr' id='par_1_116' title="bbox 2322 5334 3903 5406">
     <span class='ocr_line' id='line_1_116' title="bbox 2322 5334 3903 5406; baseline 0.003 -19"><span class='ocrx_word' id='word_1_943' title='bbox 2322 5334 2655 5402; x_wconf 88' lang='lat' dir='ltr'><strong>compellunt</strong></span> <span class='ocrx_word' id='word_1_944' title='bbox 2694 5342 2751 5388; x_wconf 90' lang='lat' dir='ltr'><strong>ut</strong></span> <span class='ocrx_word' id='word_1_945' title='bbox 2798 5336 2977 5389; x_wconf 89' lang='lat' dir='ltr'><strong>multis</strong></span> <span class='ocrx_word' id='word_1_946' title='bbox 3025 5336 3322 5391; x_wconf 85' lang='lat' dir='ltr'><strong>habeantur</strong></span> <span class='ocrx_word' id='word_1_947' title='bbox 3361 5338 3564 5406; x_wconf 66' lang='lat' dir='ltr'><strong>gratias.</strong></span> <span class='ocrx_word' id='word_1_948' title='bbox 3610 5336 3747 5404; x_wconf 89' lang='lat' dir='ltr'><strong>Quid</strong></span> <span class='ocrx_word' id='word_1_949' title='bbox 3791 5345 3903 5392; x_wconf 85' lang='lat' dir='ltr'><strong>erat</strong></span> 
     </span>
    </p>
   </div>
   <div class='ocr_carea' id='block_1_117' title="bbox 2322 5425 3904 5496">
    <p class='ocr_par' dir='ltr' id='par_1_117' title="bbox 2322 5425 3904 5496">
     <span class='ocr_line' id='line_1_117' title="bbox 2322 5425 3904 5496; baseline 0.001 -17"><span class='ocrx_word' id='word_1_950' title='bbox 2322 5425 2521 5479; x_wconf 79' lang='lat' dir='ltr'><strong>Jacubo</strong></span> <span class='ocrx_word' id='word_1_951' title='bbox 2550 5426 2863 5495; x_wconf 83' lang='lat' dir='ltr'><strong>pauperius,</strong></span> <span class='ocrx_word' id='word_1_952' title='bbox 2898 5426 2981 5479; x_wconf 89' lang='lat' dir='ltr'><strong>dic</strong></span> <span class='ocrx_word' id='word_1_953' title='bbox 3008 5426 3159 5492; x_wconf 86' lang='lat' dir='ltr'><strong>mihi,</strong></span> <span class='ocrx_word' id='word_1_954' title='bbox 3184 5429 3269 5496; x_wconf 90' lang='lat' dir='ltr'><strong>qui</strong></span> <span class='ocrx_word' id='word_1_955' title='bbox 3299 5427 3537 5493; x_wconf 82' lang='lat' dir='ltr'><strong>dicebat,</strong></span> <span class='ocrx_word' id='word_1_956' title='bbox 3571 5428 3630 5482; x_wconf 90' lang='lat' dir='ltr'><strong>Si</strong></span> <span class='ocrx_word' id='word_1_957' title='bbox 3662 5429 3904 5482; x_wconf 79' lang='lat' dir='ltr'><strong>Dominus</strong></span> 
     </span>
    </p>
   </div>
   <div class='ocr_carea' id='block_1_118' title="bbox 2326 5516 3902 5586">
    <p class='ocr_par' dir='ltr' id='par_1_118' title="bbox 2326 5516 3902 5586">
     <span class='ocr_line' id='line_1_118' title="bbox 2326 5516 3902 5586; baseline 0.004 -19"><span class='ocrx_word' id='word_1_958' title='bbox 2326 5516 2447 5568; x_wconf 84' lang='lat' dir='ltr'><strong>mihi</strong></span> <span class='ocrx_word' id='word_1_959' title='bbox 2478 5517 2669 5570; x_wconf 81' lang='lat' dir='ltr'><strong>dederit</strong></span> <span class='ocrx_word' id='word_1_960' title='bbox 2709 5533 2888 5586; x_wconf 85' lang='lat' dir='ltr'><strong>panem</strong></span> <span class='ocrx_word' id='word_1_961' title='bbox 2926 5518 2991 5569; x_wconf 90' lang='lat' dir='ltr'><strong>ad</strong></span> <span class='ocrx_word' id='word_1_962' title='bbox 3020 5519 3411 5584; x_wconf 87' lang='lat' dir='ltr'><strong>comedendum,</strong></span> <span class='ocrx_word' id='word_1_963' title='bbox 3446 5530 3489 5572; x_wconf 90' lang='lat' dir='ltr'><strong>et</strong></span> <span class='ocrx_word' id='word_1_964' title='bbox 3521 5528 3698 5573; x_wconf 81' lang='lat' dir='ltr'><strong>vestem</strong></span> <span class='ocrx_word' id='word_1_965' title='bbox 3727 5520 3794 5571; x_wconf 90' lang='lat' dir='ltr'><strong>ad</strong></span> <span class='ocrx_word' id='word_1_966' title='bbox 3821 5520 3902 5573; x_wconf 78' lang='lat' dir='ltr'><strong>in-</strong></span> 
     </span>
    </p>
   </div>
   <div class='ocr_carea' id='block_1_119' title="bbox 2326 5607 3904 5681">
    <p class='ocr_par' dir='ltr' id='par_1_119' title="bbox 2326 5607 3904 5681">
     <span class='ocr_line' id='line_1_119' title="bbox 2326 5607 3904 5681; baseline 0.004 -22"><span class='ocrx_word' id='word_1_967' title='bbox 2326 5608 2576 5661; x_wconf 85' lang='lat' dir='ltr'><strong>duendum</strong></span> <span class='ocrx_word' id='word_1_968' title='bbox 2596 5607 2745 5681; x_wconf 86' lang='lat' dir='ltr'><strong>(Gen.</strong></span> <span class='ocrx_word' id='word_1_969' title='bbox 2775 5608 2863 5663; x_wconf 71' lang='lat'><strong>28.</strong></span> <span class='ocrx_word' id='word_1_970' title='bbox 2892 5608 3009 5679; x_wconf 65' lang='lat'><strong>20)?</strong></span> <span class='ocrx_word' id='word_1_971' title='bbox 3033 5609 3166 5663; x_wconf 84' lang='lat' dir='ltr'><strong>Num</strong></span> <span class='ocrx_word' id='word_1_972' title='bbox 3196 5625 3321 5680; x_wconf 86' lang='lat' dir='ltr'><strong>ergo</strong></span> <span class='ocrx_word' id='word_1_973' title='bbox 3348 5610 3551 5665; x_wconf 54' lang='lat' dir='ltr'><strong>ﬁduciae</strong></span> <span class='ocrx_word' id='word_1_974' title='bbox 3578 5619 3633 5666; x_wconf 90' lang='lat' dir='ltr'><strong>et</strong></span> <span class='ocrx_word' id='word_1_975' title='bbox 3658 5610 3904 5681; x_wconf 86' lang='lat' dir='ltr'><strong>loquendi</strong></span> 
     </span>
    </p>
   </div>
   <div class='ocr_carea' id='block_1_120' title="bbox 2328 5700 3908 5769">
    <p class='ocr_par' dir='ltr' id='par_1_120' title="bbox 2328 5700 3908 5769">
     <span class='ocr_line' id='line_1_120' title="bbox 2328 5700 3908 5769; baseline 0.004 -17"><span class='ocrx_word' id='word_1_976' title='bbox 2328 5700 2584 5753; x_wconf 88' lang='lat' dir='ltr'><strong>libertatis</strong></span> <span class='ocrx_word' id='word_1_977' title='bbox 2613 5709 2858 5769; x_wconf 85' lang='lat' dir='ltr'><strong>expertes</strong></span> <span class='ocrx_word' id='word_1_978' title='bbox 2888 5709 3038 5754; x_wconf 86' lang='lat' dir='ltr'><strong>erant</strong></span> <span class='ocrx_word' id='word_1_979' title='bbox 3067 5701 3209 5755; x_wconf 84' lang='lat' dir='ltr'><strong>Elias</strong></span> <span class='ocrx_word' id='word_1_980' title='bbox 3237 5711 3289 5755; x_wconf 89' lang='lat' dir='ltr'><strong>et</strong></span> <span class='ocrx_word' id='word_1_981' title='bbox 3314 5701 3584 5757; x_wconf 86' lang='lat' dir='ltr'><strong>Joannes?</strong></span> <span class='ocrx_word' id='word_1_982' title='bbox 3614 5717 3788 5757; x_wconf 89' lang='lat' dir='ltr'><strong>annon</strong></span> <span class='ocrx_word' id='word_1_983' title='bbox 3817 5703 3908 5758; x_wconf 73' lang='lat' dir='ltr'><strong>ille</strong></span> 
     </span>
    </p>
   </div>
   <div class='ocr_carea' id='block_1_121' title="bbox 2329 5790 3902 5860">
    <p class='ocr_par' dir='ltr' id='par_1_121' title="bbox 2329 5790 3902 5860">
     <span class='ocr_line' id='line_1_121' title="bbox 2329 5790 3902 5860; baseline 0.007 -19"><span class='ocrx_word' id='word_1_984' title='bbox 2329 5790 2541 5857; x_wconf 88' lang='lat' dir='ltr'><strong>quidem</strong></span> <span class='ocrx_word' id='word_1_985' title='bbox 2564 5792 2732 5860; x_wconf 88' lang='lat' dir='ltr'><strong>arguit</strong></span> <span class='ocrx_word' id='word_1_986' title='bbox 2759 5791 2957 5859; x_wconf 78' lang='lat' dir='ltr'><strong>Achab,</strong></span> <span class='ocrx_word' id='word_1_987' title='bbox 2984 5790 3067 5847; x_wconf 88' lang='lat' dir='ltr'><strong>hic</strong></span> <span class='ocrx_word' id='word_1_988' title='bbox 3089 5806 3216 5849; x_wconf 79' lang='lat' dir='ltr'><strong>vero</strong></span> <span class='ocrx_word' id='word_1_989' title='bbox 3240 5792 3538 5849; x_wconf 90' lang='lat' dir='ltr'><strong>Ilcrodem?</strong></span> <span class='ocrx_word' id='word_1_990' title='bbox 3561 5793 3655 5848; x_wconf 88' lang='lat' dir='ltr'><strong>llic</strong></span> <span class='ocrx_word' id='word_1_991' title='bbox 3677 5793 3902 5859; x_wconf 80' lang='lat' dir='ltr'><strong>dicebat.</strong></span> 
     </span>
    </p>
   </div>
  </div>
