4122 6338
276 380 373 436 157

263 500 380 554 Non
407 499 521 553 licet
550 499 640 552 tibi
665 497 847 552 habere
876 511 1083 551 uxorem
1108 496 1343 571 Philippi
1370 498 1543 569 fratris
1569 500 1637 550 tui
1661 496 1853 570 (.llarc.

262 600 312 648 6.
349 593 430 662 l8)
465 612 476 645 :
511 594 657 647 Elias
681 600 858 646 autent
894 588 1061 646 libere
1088 598 1142 645 et
1168 590 1499 645 confidenter
1522 589 1658 644 dixit
1682 589 1861 646 Acha-

262 689 329 742 hn
348 726 366 754 ,
394 686 514 741 Non
543 704 634 759 ego
660 695 885 757 perverlo
915 684 1104 751 Israel,
1127 685 1215 739 sed
1241 697 1295 739 tu
1324 694 1371 739 ct
1398 684 1577 739 domus
1602 685 1764 757 patris
1787 682 1861 739 tui

262 782 339 852 (3.
367 778 494 850 Reg.
525 780 611 834 18.
643 778 753 851 l8).
780 777 941 834 Vides
961 776 1105 849 quod
1130 776 1233 831 hoc
1255 776 1423 847 magis
1447 774 1612 831 efficit
1640 776 1854 846 loquen-

262 873 317 931 di
356 873 657 927 libertatem
680 913 696 937 ,
729 884 922 940 nempe
952 867 1277 941 paupertas?
1311 867 1442 922 Nam
1468 867 1616 923 dives
1644 867 1861 939 quidem

263 976 349 1025 est
382 978 573 1022 setvus
595 1006 611 1031 ,
645 971 704 1019 ut
744 964 833 1035 qui
870 963 1067 1018 damno
1108 963 1176 1017 sit
1216 962 1487 1017 obnoxius
1511 1001 1528 1028 ,
1560 968 1616 1015 et
1643 959 1864 1016 cuilibet

262 1059 467 1117 volenti
509 1057 745 1129 priebeat
772 1066 832 1112 ut
870 1056 971 1128 ipsi
1002 1057 1141 1112 male
1172 1055 1328 1111 faciat
1359 1073 1371 1109 :
1400 1056 1486 1125 qui
1518 1063 1697 1113 autem
1731 1052 1863 1110 nihil

265 1154 467 1217 habet,
517 1168 623 1207 non
674 1152 827 1206 timet
871 1151 1136 1206 bonorum
1181 1148 1639 1219 publicationem,
1690 1162 1864 1219 neque

263 1244 789 1302 condemnationem.
822 1242 879 1300 Si
910 1244 1089 1315 itaque
1113 1250 1395 1315 paupertas
1425 1242 1663 1299 efficeret
1691 1242 1869 1297 homi-

260 1352 363 1395 nes
390 1347 451 1393 ut
475 1346 725 1395 carerent
748 1339 1002 1409 loquendi
1030 1340 1298 1405 libertate,
1327 1354 1435 1393 non
1459 1338 1695 1394 misisset
1715 1334 1876 1393 Chri-

259 1439 377 1485 sms
398 1429 693 1501 discipulos
712 1444 837 1486 cum
863 1439 1176 1504 paupertate
1200 1430 1266 1485 ad
1292 1445 1407 1486 rem
1428 1446 1547 1502 qua:
1565 1429 1730 1486 multa
1750 1444 1878 1501 ege-

260 1529 348 1577 ret
372 1521 625 1577 libertate
651 1521 901 1592 loquendi
923 1531 978 1577 et
996 1521 1211 1577 fiducia.
1227 1521 1439 1592 Pauper
1454 1521 1599 1577 enim
1620 1530 1703 1575 est
1719 1520 1875 1577 valde

261 1609 441 1675 fortis,
464 1620 521 1668 et
551 1627 659 1667 non
702 1611 867 1668 habet
896 1612 1038 1669 unde
1077 1612 1339 1670 afficiatur
1370 1612 1557 1683 injuria
1576 1654 1591 1678 ,
1615 1620 1709 1667 aut
1746 1611 1874 1668 mali

260 1701 464 1772 aliquid
498 1702 746 1772 patiatur.
778 1702 939 1759 Dives
964 1712 1142 1759 autem
1167 1711 1251 1759 est
1273 1703 1419 1759 omni
1443 1718 1506 1759 ex
1534 1711 1689 1773 parte
1712 1711 1873 1774 captu

260 1794 478 1861 facilis;
510 1808 565 1851 et
597 1793 823 1865 perinde
852 1804 954 1862 cst,
987 1805 1047 1852 ut
1073 1797 1117 1851 si
1148 1796 1265 1867 quis
1292 1810 1438 1861 eum,
1470 1796 1561 1866 qui
1594 1796 1792 1851 multos
1820 1803 1877 1851 et

259 1884 455 1956 longos
479 1885 643 1940 trahit
663 1885 836 1953 funes,
856 1884 1013 1944 facile
1041 1886 1485 1958 ceperit,nudum
1513 1896 1691 1942 autem
1716 1886 1876 1944 facile

260 1991 369 2031 non
392 1978 569 2047 possit
592 1976 999 2047 apprehendere
1026 1993 1091 2034 ac
1112 1977 1376 2034 detinere.
1400 1978 1473 2033 Ita
1506 1979 1667 2035 etiam
1697 1979 1877 2034 evenit

258 2066 316 2122 in
340 2067 515 2123 divite
542 2085 555 2122 :
582 2066 870 2138 mancipia,
891 2083 1103 2136 aurum,
1124 2068 1343 2138 prmdia,
1377 2070 1588 2141 negotia
1621 2069 1872 2126 innume-
1896 2084 1919 2099 ο

259 2159 482 2226 rabilia,
519 2159 939 2217 innumerabiles
968 2160 1381 2229 sollicitudines,
1409 2176 1688 2229 utrumme,
1716 2177 1876 2219 casus

257 2257 313 2307 et
365 2251 766 2318 necessitates,
818 2251 1063 2308 efﬁciunt
1110 2262 1169 2308 ut
1217 2252 1373 2309 facile
1420 2255 1538 2326 capi
1591 2256 1759 2326 possit
1806 2255 1876 2311 ab

257 2344 545 2402 omnibus.

330 2439 387 2503 ὃ.
430 2438 602 2497 Nemo
627 2455 755 2512 ergo
776 2440 888 2511 jam
913 2440 1185 2498 existimet
1210 2452 1581 2515 paupertatem
1603 2460 1725 2502 esse
1747 2461 1877 2503 cau-

260 2544 375 2585 sam
407 2530 644 2587 infamia:
664 2541 719 2588 et
738 2532 1043 2589 dedecoris.
1064 2533 1197 2588 Nam
1228 2535 1270 2589 si
1301 2534 1443 2591 adsit
1466 2537 1658 2607 virtus,
1686 2554 1876 2597 omnes

258 2622 412 2679 orbis
440 2634 705 2681 terrarum
733 2625 933 2681 divitia:
956 2642 1024 2683 ne
1045 2634 1171 2682 sunt
1200 2627 1415 2697 quidem
1446 2629 1637 2699 lutum,
1670 2646 1771 2688 nec
1794 2631 1875 2689 fe-

258 2722 435 2780 stuca,
455 2714 506 2769 si
528 2730 648 2771 eum
676 2732 741 2772 es
766 2715 1131 2772 conferantur.
1154 2717 1287 2773 Eant
1318 2720 1477 2789 igitur
1508 2731 1797 2792 sectemur,
1826 2725 1873 2780 si

259 2806 498 2863 velimus
526 2807 729 2879 ingredi
753 2824 978 2881 regnum
1007 2810 1283 2866 caelorum.
1307 2810 1476 2868 Vende
1498 2814 1661 2881 enim,
1680 2817 1871 2888 inquit,

259 2899 434 2953 omnia
451 2916 571 2969 qua
594 2900 767 2968 habes,
786 2912 835 2958 et
855 2902 923 2956 da
944 2903 1273 2974 pauperibus,
1295 2915 1341 2959 et
1358 2905 1562 2963 habebis
1580 2908 1875 2965 thesaurum

258 2988 311 3042 in
336 2990 468 3045 mlo
485 3007 507 3056 ;
523 3001 578 3047 et
604 3006 819 3047 rursus:
836 2991 1059 3064 Di/ficile
1078 3004 1151 3049 est
1168 2995 1373 3051 divitem
1391 2998 1581 3054 intrare
1596 2999 1646 3053 in
1663 3017 1876 3072 regnum

259 3082 509 3137 caelorum
535 3082 748 3153 (Matth.
781 3082 866 3141 l9.
894 3086 985 3140 21.
1014 3083 1127 3158 25).
1164 3086 1323 3143 Vides
1351 3090 1495 3160 quod
1522 3091 1732 3148 etiamsi
1767 3109 1874 3151 non

258 3171 440 3241 adsit,
486 3189 606 3230 cam
654 3185 871 3248 oportet
912 3176 1223 3235 attrahere?
1268 3179 1499 3237 Tantum
1545 3182 1745 3240 bonum
1792 3195 1877 3242 est

254 3279 553 3361 paupertas
592 3288 606 3326 :
636 3281 719 3328 est
756 3275 899 3330 enim
930 3280 1173 3347 quaedam
1205 3281 1455 3339 deductio
1482 3285 1551 3340 ad
1578 3287 1719 3344 viam
1748 3304 1871 3361 quin

251 3360 401 3416 ducit
430 3360 505 3416 ad
538 3362 727 3419 cadum
750 3408 764 3433 ,
793 3368 977 3423 unctio
1005 3370 1256 3427 athletice
1277 3414 1292 3441 ,
1322 3389 1513 3447 magna
1542 3360 1788 3448 quazdam
1817 3389 1873 3437 et

251 3450 596 3509 admirabilis
625 3458 963 3528 exercitatio,
994 3472 1183 3531 portus
1216 3465 1555 3535 tranquillus.
1585 3466 1692 3524 Sed
1726 3470 1868 3525 ntul-

252 3545 343 3612 tis,
384 3544 587 3615 inquit,
631 3562 767 3617 opus
810 3550 1006 3621 habeo,
1040 3569 1142 3610 nec
1181 3556 1306 3612 volo
1335 3556 1535 3613 donum
1576 3562 1870 3632 gratuitum

250 3634 321 3689 ab
358 3635 551 3707 aliquo
581 3640 850 3710 accipere.
881 3641 986 3699 Sed
1031 3645 1083 3699 in
1122 3644 1226 3701 hoc
1254 3662 1469 3720 quoque
1507 3650 1667 3723 longe
1692 3652 1872 3711 minus

250 3742 414 3796 quam
464 3736 527 3782 tu
571 3728 734 3786 habet
772 3731 944 3799 dives,
978 3734 1112 3792 Nam
1158 3746 1213 3794 tu
1258 3741 1475 3811 quidem
1517 3742 1781 3811 fortasse,
1813 3756 1871 3805 ut

250 3818 413 3873 alaris
437 3860 453 3884 ,
488 3818 588 3874 tibi
614 3820 814 3894 aliquid
847 3823 1035 3881 donari
1064 3829 1200 3898 petis
1226 3848 1237 3883 :
1268 3830 1358 3888 ille
1382 3844 1565 3889 autem
1594 3836 1874 3907 impuden-

252 3917 334 3963 ter
361 3911 503 3981 petit
533 3927 631 3980 pro
660 3914 822 3971 rebus
852 3916 1365 3989 innumerabilibus,
1395 3933 1450 3979 et
1477 3934 1535 3979 ut
1560 3926 1682 3997 plus
1707 3944 1868 4001 quam

247 4001 337 4056 alii
368 4003 671 4093 possideat.
705 4006 1066 4075 Quamobrem
1094 4011 1285 4070 divites
1308 4030 1453 4086 saepe
1475 4019 1656 4075 multis
1686 4033 1869 4093 egent.

248 4092 397 4160 Quid
415 4093 546 4149 dico
572 4095 794 4153 multis?
820 4112 966 4170 saepe
992 4100 1056 4156 iis
1079 4117 1197 4173 qua:
1224 4104 1353 4175 ipsis
1380 4117 1503 4163 sunt
1530 4092 1746 4183 indigna
1773 4131 1786 4168 :
1814 4125 1871 4171 ut

248 4185 492 4255 exempli
533 4201 698 4242 causa
721 4230 737 4255 ,
770 4203 915 4261 saepe
953 4192 1193 4264 indigent
1231 4196 1490 4256 militibus
1525 4203 1617 4272 qui
1654 4213 1782 4260 sunt
1816 4206 1870 4263 in

248 4276 505 4333 ordinem
554 4279 751 4348 relati,
782 4291 839 4337 et
873 4283 967 4355 qui
1005 4294 1132 4340 sunt
1164 4288 1327 4344 servi.
1359 4289 1567 4363 Pauper
1592 4303 1773 4353 autem
1802 4312 1872 4355 ne

248 4368 367 4439 ipso
392 4369 620 4441 quidem
643 4381 764 4443 eget
788 4388 942 4444 rege;
986 4385 1041 4431 et
1064 4376 1111 4433 si
1135 4388 1321 4448 egeat.
1348 4382 1680 4449 admirabilis
1706 4386 1871 4446 habe-

249 4470 335 4513 tur
364 4460 516 4530 quod
541 4475 604 4517 se
629 4476 695 4517 eo
722 4464 1017 4537 redegerit,
1042 4482 1165 4523 cum
1194 4470 1242 4527 ei
1269 4471 1427 4529 liccat
1450 4476 1735 4536 ditescere.
1766 4474 1861 4538 Ne-

249 4567 339 4607 mo
367 4568 509 4625 ergo
536 4565 755 4611 accuset
784 4569 1155 4629 paupertatem
1184 4572 1243 4619 ut
1267 4579 1386 4639 qua:
1409 4582 1569 4625 causa
1598 4571 1672 4625 sit
1698 4573 1869 4630 malo-

248 4660 369 4701 rum
398 4648 883 4740 innumerabilium
905 4693 921 4719 ,
951 4668 1130 4727 neque
1154 4659 1487 4717 contradicat
1513 4663 1751 4735 Christo,
1780 4669 1871 4740 qui

247 4750 368 4791 eam
413 4736 555 4793 dicit
591 4738 804 4797 virtutis
843 4757 967 4799 esse
1010 4745 1431 4820 perfectionem,
1458 4753 1682 4812 dicens:
1715 4757 1777 4813 Si
1797 4736 1871 4815 eis

248 4830 510 4900 perfectus
557 4845 687 4885 esse.
743 4831 857 4889 lloc
899 4835 1041 4891 enim
1086 4848 1141 4893 et
1178 4841 1357 4897 verbis
1395 4843 1569 4914 dixit,
1618 4858 1672 4905 et
1716 4849 1872 4910 factis

249 4922 534 4989 ostendit,
568 4931 625 4979 et
653 4923 838 4981 docuit
865 4943 961 4999 per
988 4930 1304 5004 discipulos.
1334 4937 1713 5009 Paupertatem
1740 4961 1871 5017 ergo

249 5022 683 5096 consectemur:
711 5031 774 5072 ea
803 5018 947 5075 enim
977 5032 1059 5078 est
1088 5039 1339 5096 magnum
1368 5030 1566 5088 bonum
1594 5035 1790 5093 sobriis
1814 5048 1871 5095 et

250 5108 318 5166 iis
356 5108 453 5180 qui
498 5109 741 5180 sapiunt.
786 5110 1040 5172 Fortasse
1083 5117 1245 5190 aliqui
1277 5136 1347 5177 ex
1381 5124 1448 5180 iis
1483 5127 1575 5198 qui
1603 5128 1867 5205 audiunt,

253 5217 602 5272 oininantur.
660 5216 841 5274 Facile
888 5220 1054 5278 credo
1082 5240 1095 5277 :
1126 5238 1352 5294 magnus
1391 5238 1476 5285 est
1508 5230 1612 5288 hic
1659 5208 1879 5295 morbus

255 5307 399 5378 apud
444 5306 719 5383 plurimos
748 5309 995 5371 homines
1016 5355 1031 5382 ,
1058 5323 1115 5373 et
1155 5326 1297 5374 tanta
1328 5330 1411 5377 est
1440 5325 1682 5395 tyrannis
1709 5342 1874 5398 pecu-

1056 386 1120 444 lN
1164 390 1376 447 EPIS'I‘.
1422 391 1511 445 Ai)
1553 384 1916 445 ΗΕΒΙὶᾸΞΟΞ.
1959 383 2115 442 CAP.
2158 382 2225 439 Χ.
2272 382 2505 439 ιιωιιι.
2551 380 2739 443 XVIII.

3480 364 3581 419 153

1976 484 2080 541 nia:
2104 527 2118 550 ,
2153 495 2209 539 ut
2249 499 2347 539 ncc
2386 482 2563 538 verbis
2604 490 2759 534 tenus
2786 478 2905 546 ejus
2937 478 3112 531 ferant
3150 474 3590 534 recusationem,

1976 576 2070 633 sed
2103 576 2239 630 hanc
2260 576 2424 630 etiam
2454 572 2732 627 horreant.
2761 566 2953 623 Procul
2978 566 3093 620 hinc
3113 564 3220 619 sint
3242 579 3270 617 a
3294 561 3590 617 Christiani

1975 669 2154 724 anima
2186 686 2199 722 :
2227 666 2361 724 nihil
2395 666 2540 721 cnitn
2568 672 2652 718 est
2681 660 2846 716 ditius
2877 674 2942 715 eo
2968 659 3059 729 qui
3094 667 3464 728 paupertatem
3493 668 3592 708 sua

1974 769 2167 833 sponte
2181 760 2331 832 eligit
2348 767 2401 815 et
2417 773 2540 815 cum
2565 770 2754 827 magna
2777 751 2943 808 animi
2965 750 3261 806 alacritate.
3284 745 3587 816 Quomodo,

1973 854 2149 911 dicam
2179 871 2191 906 :
2224 862 2281 909 ct
2304 894 2319 919 ,
2347 850 2395 907 si
2419 850 2578 907 vultis
2599 891 2615 918 ,
2645 862 2770 903 eum
2799 846 2891 919 qui
2934 859 3029 902 sua
3069 852 3262 915 sponte
3301 852 3592 913 pauperta-

1972 958 2081 1005 tem
2109 947 2294 1020 eligit,
2324 946 2443 1018 ipso
2469 960 2599 1017 rege
2624 941 2878 999 ditiorem
2906 953 3029 996 esse
3055 935 3308 995 ostendo.
3338 935 3471 990 Nam
3503 935 3593 990 ille

1974 1041 2193 1114 quidem
2223 1050 2347 1113 eget
2382 1038 2567 1096 multis
2588 1080 2605 1106 ,
2637 1046 2694 1095 et
2718 1043 2801 1093 est
2837 1032 3105 1091 sollicitus
3130 1072 3145 1097 ,
3172 1045 3238 1087 ac
3268 1030 3420 1085 timet
3450 1044 3517 1084 ne
3543 1029 3595 1083 ei

1973 1135 2190 1191 deficiat
2215 1134 2468 1190 militaris
2493 1139 2829 1189 commeatus
2854 1146 2869 1183 :
2894 1127 2985 1185 hic
3008 1135 3191 1183 autem
3219 1125 3401 1181 omnia
3430 1124 3595 1179 habet

1974 1228 2198 1295 affatim,
2224 1239 2278 1286 et
2305 1228 2375 1285 de
2402 1227 2559 1284 nullo
2579 1228 2753 1295 timet,
2775 1223 2973 1281 nedum
2996 1222 3065 1280 de
3094 1230 3201 1278 tam
3231 1219 3435 1275 multis.
3461 1218 3594 1288 Quis

1974 1338 2127 1394 ergo,
2154 1321 2475 1394 dic.qua:so,
2505 1328 2591 1379 est
2615 1318 2767 1375 dives
2785 1358 2802 1384 ,
2829 1318 2946 1374 isne
2974 1315 3067 1388 qui
3096 1310 3337 1387 quotidie
3362 1320 3448 1368 est
3476 1311 3592 1367 sol-

1976 1416 2179 1484 licitus,
2212 1422 2270 1471 et
2293 1413 2495 1487 cogitat
2521 1420 2578 1469 et
2610 1411 2845 1469 studium
2878 1410 3031 1482 ponit
3058 1419 3115 1464 ut
3144 1406 3313 1463 multa
3341 1405 3591 1476 colligat,

1975 1524 2039 1565 ac
2080 1509 2234 1565 timet
2260 1523 2328 1564 ne
2354 1505 2648 1579 aliquando
2673 1504 2928 1562 deficiant
2959 1521 2973 1559 :
3003 1518 3072 1558 an
3102 1501 3150 1559 is
3178 1501 3268 1573 qui
3306 1499 3441 1555 nihil
3476 1499 3593 1555 colo

1975 1600 2109 1671 figit,
2135 1608 2190 1655 et
2212 1600 2298 1655 cui
2321 1597 2535 1655 abunde
2554 1597 2736 1654 omnia
2758 1602 3075 1666 suppetunt,
3100 1602 3155 1649 et
3179 1592 3328 1648 nullo
3349 1590 3593 1662 indiget?

1975 1693 2145 1749 virtus
2170 1694 2312 1749 enim
2341 1702 2395 1748 et
2423 1691 2521 1748 Dei
2549 1699 2724 1747 metus
2750 1690 2842 1746 dat
2870 1687 3145 1755 ﬁduciam,
3171 1702 3277 1742 non
3304 1683 3547 1756 pecunia:
3575 1702 3589 1739 :

1974 1786 2080 1842 illa:
2106 1786 2251 1842 enim
2279 1786 2441 1842 etiam
2470 1785 2523 1840 in
2554 1784 2867 1841 servitutem
2895 1780 3169 1854 redigunt.
3201 1777 3375 1835 Xenia
3405 1779 3589 1843 enim,

1974 1880 2189 1951 inquit,
2234 1888 2282 1935 et
2321 1878 2458 1933 dona
2498 1886 2754 1933 excaecant
2798 1876 2975 1931 oculos
3012 1874 3339 1945 sapientum,
3373 1880 3421 1925 ct
3448 1871 3595 1939 quasi

1972 1970 2175 2040 frenum
2213 1970 2267 2023 in
2294 1985 2381 2024 ore
2404 2009 2419 2037 ,
2450 1976 2682 2023 avertunt
2709 1967 3056 2037 correptiones
3085 1963 3107 2035 (
3132 1962 3296 2020 Eccli.
3327 1962 3418 2018 20.
3452 1961 3516 2017 5f
3548 1962 3589 2031 ).

1972 2060 2266 2117 Considera
2292 2059 2565 2133 quomodo
2588 2074 2796 2132 pauper
2814 2058 2906 2115 ille
2928 2057 3120 2113 Petrus
3143 2054 3411 2111 Ananiam
3439 2052 3591 2108 illum

1972 2152 2193 2209 divitem
2221 2152 2428 2224 puniit:
2448 2165 2630 2207 annon
2656 2150 2747 2206 hic
2772 2149 2988 2222 quidem
3016 2156 3134 2204 erat
3153 2146 3326 2214 dives,
3352 2142 3443 2200 ille
3462 2158 3594 2199 vero

1972 2244 2212 2320 pauper?
2238 2242 2332 2300 sed
2354 2241 2477 2298 vide
2503 2242 2653 2298 illum
2676 2240 2897 2313 quidem
2918 2240 3229 2311 loquentem
3251 2251 3377 2293 cum
3400 2244 3593 2291 aucto-

1971 2337 2151 2403 ritate,
2180 2345 2236 2394 et
2260 2336 2531 2393 dicentem
2561 2334 2681 2391 :An
2708 2350 2895 2405 agrum
2924 2332 3054 2387 tanti
3080 2329 3419 2387 ocndidistis.’
3447 2327 3594 2384 hunc

1972 2444 2100 2485 vero
2117 2428 2387 2486 dicentem
2409 2441 2533 2483 cum
2553 2424 2934 2492 submissione,
2954 2422 3101 2479 Certe
3119 2422 3247 2476 tanti
3268 2420 3407 2492 (Act.
3432 2419 3487 2477 5.
3506 2418 3589 2489 8).

1970 2522 2039 2578 Et
2062 2522 2201 2594 quis,
2230 2521 2435 2593 inquit,
2463 2518 2593 2575 mihi
2620 2516 2771 2574 dabit
2798 2526 2856 2573 ut
2884 2516 2989 2571 sim
3014 2516 3155 2571 sicut
3180 2512 3412 2570 Petrus?
3440 2510 3595 2567 Licet

1972 2614 2067 2670 tihi
2104 2628 2227 2670 esse
2266 2614 2408 2670 sicut
2445 2612 2637 2669 Petrus
2658 2653 2675 2680 ,
2704 2609 2751 2665 si
2779 2608 2914 2665 velis
2942 2623 3065 2681 qua:
3106 2606 3275 2663 habes
3303 2604 3544 2675 abjicere
3573 2621 3589 2659 :

1969 2707 2218 2779 disperge
2239 2748 2255 2773 ,
2284 2705 2351 2762 da
2382 2704 2710 2778 pauperibus
2734 2745 2750 2771 ,
2784 2702 3058 2760 Christum
3093 2714 3321 2773 sequere
3346 2740 3362 2768 ,
3395 2706 3452 2753 et
3480 2696 3591 2753 eris

1971 2802 2113 2857 talis.
2143 2798 2465 2870 Quomodo?
2494 2797 2584 2854 ille
2603 2838 2617 2862 ,
2649 2796 2856 2868 inquit,
2886 2793 3015 2851 fecit
3040 2793 3215 2865 signa.
3248 2792 3433 2848 Ilocne
3461 2796 3547 2845 cst
3570 2830 3587 2852 ,

1979 2900 2068 2957 dic
2095 2912 2302 2972 quaeso,
2325 2895 2471 2970 quod
2495 2896 2715 2953 Petrum
2739 2892 2870 2950 fecit
2888 2891 3285 2959 admirabilem,
3308 2905 3376 2946 an
3400 2888 3594 2946 ﬁducia

1980 3006 2142 3062 quam
2167 2998 2253 3045 est
2273 2996 2640 3060 consequutus
2663 3001 2730 3044 ex
2750 2985 2876 3042 vita:
2900 2982 3279 3041 institutione?
3306 2998 3413 3037 non
3440 2979 3597 3037 audis

1982 3081 2254 3140 Christum
2276 3081 2575 3139 dicentem:
2596 3080 2772 3136 Nolite
2788 3077 3013 3151 gaudere
3028 3074 3165 3149 quod
3185 3075 3439 3131 daemonia
3459 3074 3598 3129 vobis

1982 3176 2260 3232 obediant?
2290 3175 2354 3233 Si
2392 3175 2466 3232 vis
2507 3192 2615 3231 esse
2650 3174 2936 3245 perfectus,
2976 3172 3137 3227 vende
3171 3186 3284 3241 qua:
3322 3169 3509 3235 habes,
3550 3179 3599 3224 et

1982 3271 2051 3325 da
2077 3269 2388 3343 pauperibus
2411 3311 2426 3337 ,
2457 3277 2505 3323 et
2548 3268 2754 3323 habebis
2786 3266 3082 3321 thesaurum
3119 3264 3175 3321 in
3209 3263 3348 3320 caelis
3376 3261 3594 3335 (Matth.

1983 3364 2073 3422 i9.
2101 3363 2167 3419 21
2267 3362 2404 3419 Audi
2429 3361 2558 3434 quid
2584 3361 2729 3419 dicat
2758 3360 2953 3417 Petrus
2982 3378 2997 3413 :
3027 3359 3223 3414 Aurum
3252 3366 3299 3412 et
3328 3368 3598 3428 argentum

1981 3473 2085 3512 non
2109 3464 2183 3511 est
2209 3454 2335 3509 mihi
2359 3469 2378 3508 :
2397 3452 2535 3525 quod
2557 3463 2724 3507 autem
2752 3453 2932 3517 habeo,
2957 3450 3052 3506 hoc
3074 3450 3161 3503 tibi
3184 3450 3249 3504 do
3268 3448 3406 3522 (Act.
3434 3450 3487 3506 5.
3515 3449 3595 3517 ti).

1981 3547 2037 3606 Si
2062 3549 2182 3621 quis
2208 3548 2370 3604 habet
2389 3562 2579 3602 aurum
2600 3556 2654 3601 et
2675 3554 2978 3616 argentum,
3006 3542 3093 3598 illa
3118 3555 3226 3598 non
3249 3540 3432 3598 habet.
3458 3542 3597 3609 Quid

1982 3656 2115 3698 vero
2139 3682 2156 3711 ,
2186 3640 2397 3713 inquit,
2436 3638 2581 3711 quod
2621 3636 2778 3694 multi
2816 3651 2919 3694 nec
2953 3636 3045 3692 illa
3085 3634 3289 3692 habent
3319 3650 3421 3691 nec
3451 3635 3601 3691 ista?

1981 3733 2118 3804 Quia
2163 3749 2275 3790 non
2316 3740 2513 3803 sponte
2552 3739 2681 3787 sunt
2721 3742 2988 3802 pauperes
3028 3747 3041 3783 :
3082 3728 3408 3801 quicumque
3453 3729 3599 3784 enim

1982 3835 2179 3899 sponte
2205 3834 2333 3882 sunt
2360 3837 2627 3897 pauperes
2647 3865 2664 3892 ,
2698 3822 2901 3880 habent
2924 3822 3106 3878 omnia
3136 3821 3300 3878 bona.
3333 3820 3468 3877 Nam
3499 3822 3599 3877 etsi

1983 3935 2086 3978 nec
2123 3929 2367 3976 mortuos
2404 3933 2507 3975 nec
2541 3916 2761 3974 claudos
2800 3916 3082 3985 excitant,
3112 3915 3209 3972 scd
3242 3923 3422 3972 tamen
3453 3915 3599 3987 quod

1983 4020 2070 4069 est
2096 4012 2271 4081 majus
2296 4010 2381 4069 his
2410 4009 2684 4078 omnibus,
2714 4008 2918 4066 habent
2941 4007 3081 4079 apud
3109 4008 3283 4064 Deum
3308 4007 3559 4064 fiduciam
3584 4026 3597 4062 :

1985 4104 2206 4161 audient
2228 4105 2322 4161 illo
2345 4103 2434 4161 die
2461 4105 2676 4161 beatam
2704 4103 2850 4159 illam
2877 4117 3092 4170 vocem,
3125 4099 3321 4167 Venite,
3347 4101 3597 4157 benedicti

1991 4196 2163 4254 Patris
2200 4200 2317 4252 mei.
2350 4196 2491 4267 Quid
2529 4205 2614 4253 est
2651 4197 2755 4252 isto
2794 4193 3033 4252 melius?
3066 4193 3335 4251 Possidete
3362 4204 3603 4265 paratum

1982 4290 2122 4346 nobis
2164 4306 2378 4363 regnum
2412 4306 2445 4344 a
2479 4288 2841 4345 constitutione
2875 4286 3077 4344 mundi.
3108 4286 3317 4344 Esurioi
3346 4288 3483 4342 enim
3508 4328 3522 4354 ,
3556 4299 3604 4342 et

1984 4382 2199 4439 dedistis
2235 4382 2362 4437 mihi
2399 4382 2537 4454 quod
2564 4381 2880 4437 consederam
2903 4394 2924 4436 :
2948 4379 3083 4436 sitioi
3101 4419 3119 4448 ,
3158 4389 3206 4434 et
3236 4377 3447 4435 dedistis
3475 4379 3603 4433 mihi

1984 4476 2120 4548 quod
2156 4474 2377 4533 biberent
2402 4492 2421 4530 :
2452 4476 2637 4547 hospes
2663 4490 2807 4530 cram
2830 4517 2844 4542 ,
2878 4483 2928 4529 et
2969 4490 3048 4529 nte
3086 4472 3365 4544 coftcgistis
3390 4486 3409 4526 :
3436 4472 3604 4527 nudus

1985 4587 2126 4628 eram
2145 4610 2162 4637 ,
2190 4580 2239 4626 et
2269 4586 2347 4628 tne
2370 4568 2612 4624 induistis
2633 4583 2652 4624 :
2672 4567 2910 4638 inﬁrmus
2940 4582 3081 4621 nam
3108 4574 3156 4620 et
3184 4565 3239 4619 in
3275 4579 3479 4619 carcere
3505 4606 3521 4633 ,
3558 4575 3606 4619 et

1986 4680 2066 4719 nte
2096 4661 2359 4719 oisitastis.
2392 4658 2661 4717 Possidete
2684 4667 2927 4731 paratum
2951 4656 3090 4713 vobis
3116 4672 3333 4727 regnum
3358 4672 3390 4709 a
3416 4658 3605 4711 consti-

1986 4756 2181 4811 tutione
2224 4752 2406 4810 mundi
2444 4751 2684 4825 (Matth.
2726 4751 2817 4809 25.
2851 4747 3089 4821 δαί-56).
3139 4748 3430 4820 Fugiamus
3476 4763 3605 4819 ergo

1986 4849 2268 4905 avaritiam
2296 4856 2349 4904 et
2390 4846 2543 4919 plura
2575 4844 2808 4903 habendi
2836 4843 3187 4915 cupiditatem
3210 4884 3224 4909 ,
3259 4850 3318 4897 ut
3345 4856 3606 4913 assequi»

1986 4959 2111 5001 mur
2138 4958 2363 5015 regnum
2390 4941 2648 4999 caelorum
2674 4958 2689 4995 :
2712 4939 3014 4996 nutriamus
3039 4952 3338 5011 pauperes,
3368 4947 3426 4992 ut
3450 4935 3607 4993 Chri-

1988 5049 2131 5096 stum
2162 5039 2484 5105 nutriamus,
2515 5045 2575 5094 ut
2598 5035 2719 5107 ejus
2743 5034 2913 5091 simus
2938 5031 3239 5090 coheredes
3260 5074 3275 5099 ,
3306 5032 3358 5087 in
3386 5030 3608 5087 Christo

1988 5132 2120 5191 Jcsu
2153 5133 2381 5189 Domino
2407 5139 2598 5188 nostro
2619 5171 2635 5196 ,
2663 5143 2786 5186 cum
2815 5142 2923 5199 quo
2943 5125 3091 5183 Patri
3117 5125 3390 5197 simulque
3416 5135 3608 5180 saneta

1991 5226 2215 5300 Spiritui
2244 5226 2415 5298 gloria
2431 5266 2447 5293 ,
2479 5231 2741 5296 potestas.
2771 5219 2949 5279 honor
2969 5251 2993 5289 ς
3016 5234 3161 5278 nunc
3187 5225 3243 5275 et
3271 5231 3488 5289 semper
3508 5258 3523 5287 ,
3555 5227 3611 5273 et

1990 5323 2045 5378 in
2076 5321 2270 5378 saecula
2301 5318 2644 5378 smculorum.
2678 5316 2877 5376 Amen.
