4122 6338
544 348 646 408 139

1270 355 1327 409 S.
1368 355 1642 414 JOANNIS
1678 350 2151 413 CHRYSOS‘I‘OMI
2187 349 2505 409 ARCHIEP.
2545 351 3077 412 CONSTANTINOP.

3680 368 3697 423 Ι
3713 367 3778 427 ιο

2599 488 2875 502 -ι--υ--η-

2878 488 3152 499 ----ο-

1926 544 2269 610 ΗοΜιιιΑ
2310 548 2492 615 XIX.

546 698 675 756 Car.
706 699 795 758 ω.
822 714 875 753 v.
910 694 996 753 l9.
1029 690 1286 748 Habentes
1325 690 1516 761 itaque,
1550 688 1753 759 fratres,
1784 687 2030 756 ﬁduciam
2068 687 2122 742 in

616 791 823 847 introitu
841 796 1133 846 sanctorum
1155 785 1210 839 in
1230 782 1477 856 sanguine
1500 781 1647 849 Jesu,
1666 778 1758 837 20.
1780 796 1934 853 quam
1959 780 2127 835 initia-

616 886 686 938 eit
728 883 872 938 nobis
912 880 1047 936 siam
1087 895 1271 935 novam
1299 886 1346 933 et
1387 877 1626 931 virentem
1654 890 1744 944 per
1769 872 1998 929 uelamen
2021 914 2039 940 ,
2068 872 2125 927 id

620 984 713 1043 est,
740 989 941 1029 carnem
967 988 1135 1039 suam,
1163 969 1255 1025 2i.
1286 980 1333 1025 et
1357 966 1666 1024 sacerdotem
1696 982 1938 1037 magnum
1971 978 2126 1035 super

614 1067 824 1122 domum
862 1062 963 1119 Dei
987 1082 1007 1119 :
1031 1062 1122 1118 22.
1151 1060 1449 1117 accedamus
1476 1074 1589 1113 cum
1613 1072 1729 1113 vero
1754 1057 1905 1112 corde
1929 1056 1983 1111 in
2008 1054 2125 1128 ple-

614 1158 895 1214 nitudinem
938 1155 1059 1227 ﬁdei
1082 1196 1098 1222 ,
1143 1153 1338 1225 aspersi
1363 1152 1520 1207 corda
1545 1167 1577 1205 a
1604 1149 1909 1205 conscientia
1938 1148 2075 1202 mala
2099 1165 2121 1214 ,-

613 1257 660 1303 et
675 1246 835 1303 abluti
850 1261 1036 1319 corpus
1054 1260 1186 1315 aqua
1204 1244 1415 1309 manda,
1432 1240 1525 1298 25.
1543 1250 1799 1296 teneamus
1812 1239 1921 1311 spei
1938 1246 2127 1295 nostra

611 1342 978 1415 confessionem
1006 1336 1437 1394 indeclinabilem.

613 1436 667 1491 1.
701 1432 777 1507 (a)
804 1432 936 1488 Cum
956 1428 1280 1488 ostendisset
1304 1436 1559 1499 quantum
1588 1424 1801 1482 intersit
1819 1424 1962 1481 inter
1987 1437 2122 1495 pon-

541 1527 764 1592 tificem,
795 1534 850 1582 et
873 1522 1160 1590 sacriticia,
1193 1529 1250 1577 et
1279 1518 1707 1587 tabernaculum,
1748 1526 1804 1575 et
1834 1527 2123 1573 testamen-

541 1631 680 1690 tum,
695 1629 750 1677 et
765 1616 1199 1690 promissionem,
1221 1623 1277 1670 et
1291 1614 1518 1671 multum
1536 1614 1799 1669 interesse
1819 1630 1832 1665 :
1856 1611 2122 1684 siquidem

540 1716 630 1772 illa
660 1714 877 1785 quidem
905 1720 1035 1769 sunt
1056 1709 1373 1782 temporalia
1393 1749 1411 1776 ,
1450 1707 1569 1765 ha:c
1595 1722 1725 1764 vero
1762 1715 1999 1773 aeterna;
2032 1706 2123 1763 illa

538 1806 755 1878 quidem
794 1820 963 1877 prope
1007 1803 1283 1860 interitum
1304 1841 1320 1868 ,
1362 1800 1479 1856 haec
1513 1814 1642 1856 vero
1671 1799 1941 1854 manentia
1972 1815 1987 1865 ;
2033 1797 2121 1854 illa

540 1896 811 1955 imbecilla
831 1938 849 1965 ,
890 1896 1005 1951 haec
1032 1892 1308 1965 perlecta;
1349 1891 1441 1947 illa
1479 1899 1637 1962 typus
1672 1904 1737 1945 ac
1766 1889 1931 1960 ﬁgura
1954 1931 1971 1957 ,
2004 1886 2123 1945 hinc

537 1993 735 2050 veritas
768 2008 784 2051 :
818 1989 941 2046 Non
969 1990 1114 2046 enim
1135 1986 1411 2045 secundum
1435 1986 1593 2059 legem
1614 1985 1876 2053 mandati,
1913 1985 2119 2057 inquit,

534 2085 778 2154 carnalis,
822 2085 913 2140 sed
954 2081 1230 2138 secundum
1274 2080 1507 2136 uirtutem
1547 2080 1663 2134 vitta
1698 2076 2032 2144 insolubilis;
2068 2088 2124 2136 et

532 2193 722 2234 rursus
744 2218 761 2246 ,
800 2173 883 2231 Tu
916 2191 971 2230 es
996 2174 1236 2229 sacerdos
1270 2172 1326 2227 in
1356 2180 1597 2227 teternum
1636 2167 1843 2243 (Hebr.
1871 2171 1925 2226 7.
1957 2171 2044 2227 16.
2076 2180 2123 2226 et

531 2270 588 2328 8.
617 2268 687 2341 6)
722 2270 890 2340 (ecce
917 2264 1217 2324 sacerdotis
1245 2262 1687 2337 perpetuitatem)
1713 2281 1728 2318 :
1756 2273 1812 2319 et
1838 2262 1907 2319 de
1934 2262 2123 2319 Testa-

530 2371 739 2429 mento,
765 2359 923 2427 Illud,
944 2358 1136 2430 inquit,
1157 2365 1242 2414 est
1261 2364 1453 2413 vetus:
1485 2354 1635 2421 Quod
1661 2354 1803 2410 enim
1828 2355 2123 2426 antiquetur

532 2452 829 2518 etsenescit,
855 2467 1015 2523 prope
1038 2450 1295 2505 interitum
1322 2456 1395 2504 est
1434 2446 1696 2521 (Hebr.8.
1726 2447 1816 2519 15)
1847 2465 1859 2500 :
1884 2447 1987 2503 hoc
2018 2462 2119 2502 au-

531 2556 642 2603 tem
668 2560 866 2603 novum
888 2554 942 2602 et
967 2542 1172 2600 habens
1188 2540 1556 2600 remissionem
1580 2548 1922 2613 peccatorum
1948 2560 1963 2607 ;
1986 2541 2117 2598 illud

530 2653 661 2697 vero
690 2638 825 2695 nihil
858 2638 961 2694 tale
988 2653 1005 2693 :
1036 2634 1189 2691 Niltil
1229 2636 1363 2691 enim
1400 2635 1484 2689 les
1508 2634 1723 2690 adduxit
1747 2636 1817 2688 ad
1841 2636 2118 2705 perfectum

530 2733 717 2805 (Hebr.
744 2732 800 2788 7.
833 2732 947 2802 l9),
976 2729 1149 2802 inquit
1176 2746 1192 2797 ;
1221 2738 1278 2787 et
1300 2742 1509 2794 rursus,
1538 2726 1865 2795 Sacriﬁcium
1895 2737 1941 2782 et
1970 2726 2116 2781 obla-

539 2826 725 2881 tionem
752 2824 1002 2880 noluisti:
1022 2822 1151 2880 illud
1176 2821 1393 2894 quidem
1412 2817 1795 2886 manuiactum,
1814 2817 1917 2873 hoc
1941 2824 2120 2872 autem

538 2934 648 2976 non
678 2916 1078 2986 manufestum;
1103 2914 1235 2973 illud
1254 2914 1459 2973 habens
1481 2912 1798 2985 sanguinem
1819 2909 2118 2977 hircorum,

530 3006 638 3064 hoc
661 3023 792 3063 vero
820 3006 1061 3072 Domini;
1087 3005 1219 3059 illud
1247 3010 1483 3059 stantem
1506 2999 1868 3063 sacerdotem,
1902 2997 2005 3054 hoc
2029 3010 2119 3054 se-

534 3099 772 3155 dentem.
791 3095 1060 3164 Quoniam
1080 3108 1212 3166 ergo
1233 3093 1417 3150 omnia
1434 3092 1526 3148 illa
1548 3089 1783 3151 minora.
1808 3088 1923 3145 haec
1940 3098 2121 3146 autem

536 3190 1065 3264 majora,proptcrea
1081 3186 1236 3252 dicit,
1257 3184 1521 3241 Habentes
1539 3184 1735 3254 itaque,
1750 3183 1964 3252 fratres,
1982 3184 2121 3253 [idun

536 3282 697 3337 ciam.
728 3277 1010 3335 Fiduciam
1036 3274 1350 3333 undenam?
1376 3275 1423 3329 Δ
1445 3273 1789 3332 remissione.
1819 3270 1973 3328 Sicut
1989 3287 2126 3344 pec.

535 3381 679 3440 eata,
694 3372 891 3445 inquit,
906 3370 1145 3429 efﬁciunt
1163 3378 1217 3427 et
1231 3368 1466 3426 atl‘erunt
1478 3368 1761 3441 pudorem,
1779 3366 1852 3421 ita
1870 3364 2123 3423 ﬁduciam

538 3469 698 3527 all’ert
712 3479 767 3525 et
781 3467 947 3524 eilicit
961 3466 1106 3539 quod
1126 3464 1309 3521 omnia
1337 3464 1449 3521 sint
1475 3464 1635 3520 nobis
1662 3461 1928 3519 remissa:
1948 3473 2127 3531 neque

538 3562 645 3618 hoc
660 3569 896 3627 tantum,
908 3560 1002 3617 sed
1017 3557 1161 3630 quod
1174 3556 1302 3614 facti
1315 3558 1492 3614 simus
1507 3554 1900 3621 eohaeredes,et
1912 3560 2125 3607 tantam

548 3652 721 3708 simus
738 3652 975 3708 assecuti
994 3644 1406 3705 charitatem.ln
1421 3645 1643 3701 introitu
1654 3638 2127 3707 sanctorum.Quid

549 3738 641 3793 hic
665 3736 797 3793 dicit
820 3734 1139 3791 introitum?
1164 3732 1367 3790 Caelum
1394 3740 1451 3790 et
1476 3730 1842 3788 accessionem
1870 3726 1938 3784 ad
1969 3725 2131 3798 spiri-

551 3829 738 3887 tualia.
770 3827 1193 3897 Quaminitiasit.
1224 3826 1339 3883 Hoc
1362 3834 1466 3891 est,
1490 3839 1649 3896 quam
1675 3820 1996 3888 construxit,
2023 3827 2078 3876 et
2102 3832 2133 3875 a

551 3938 660 3996 qua
705 3923 908 3995 incepit
951 3939 965 3977 :
1011 3917 1242 3978 initiatio
1278 3919 1421 3975 enim
1460 3927 1545 3974 est
1587 3916 1699 3987 jam
1745 3914 1953 3973 initium
1981 3926 2132 3968 usus.

552 4018 724 4089 Quam
750 4012 1072 4080 construxit,
1096 4011 1290 4083 inquit,
1305 4017 1361 4066 et
1383 4025 1480 4082 per
1496 4023 1657 4080 quam
1678 4006 1795 4079 ipse
1820 4015 1904 4062 est
1932 4005 2137 4077 ingres-

556 4127 668 4168 sus.
712 4109 860 4165 Viam
895 4120 1077 4164 noram
1103 4114 1153 4161 et
1182 4105 1444 4160 triremem.
1474 4101 1574 4159 Hic
1600 4100 1837 4158 ostendit
1874 4098 1989 4171 spei
2019 4097 2129 4169 ple-

557 4202 877 4275 nitudinem.
910 4197 1134 4263 Noram,
1166 4193 1361 4266 inquit.
1392 4191 1684 4250 Contendit
1710 4189 1995 4249 ostendere
2036 4201 2138 4244 nos

557 4292 737 4348 omnia
777 4289 1029 4346 habuisse
1059 4286 1262 4358 majora
1283 4326 1301 4355 ,
1332 4283 1596 4356 siquidem
1625 4297 1768 4339 nunc
1794 4290 1993 4352 aperta:
2016 4286 2140 4336 sunt

557 4393 724 4458 porta:
740 4382 1022 4446 caelorum,
1045 4377 1189 4450 quod
1211 4391 1311 4433 nec
1336 4375 1626 4431 Abraliami
1649 4372 1867 4446 quidem
1898 4380 2140 4443 tempore

558 4475 800 4547 contigit.
826 4473 893 4529 Et
912 4482 1058 4529 recte
1083 4470 1233 4538 dicit,
1269 4466 1414 4523 Viam
1432 4482 1615 4522 nosam
1634 4477 1681 4521 et
1703 4468 1947 4522 viventem
1971 4480 1992 4520 :
2017 4479 2139 4525 nam

559 4569 733 4641 prima
759 4568 844 4621 via
863 4574 981 4622 erat
1010 4564 1222 4628 mortis,
1238 4560 1443 4618 ducens
1467 4560 1538 4616 ad
1566 4558 1789 4625 inferos,
1822 4559 1936 4613 haec
1959 4566 2141 4613 autem

559 4664 706 4719 vitam
744 4659 815 4717 Et
842 4673 949 4713 non
980 4656 1113 4713 dixit
1138 4695 1154 4721 ,
1173 4653 1314 4710 Vitae
1332 4693 1349 4721 ,
1373 4653 1468 4709 sed
1497 4666 1615 4709 eam
1642 4649 1929 4723 appellavit
1952 4649 2139 4705 viven-

562 4764 670 4812 tem
698 4796 714 4821 ,
746 4753 850 4808 hoc
877 4758 960 4806 est
988 4755 1319 4804 manentem.
1364 4744 1471 4801 Per
1506 4745 1767 4813 velamen,
1808 4742 2012 4813 inquit,
2051 4757 2144 4812 per

561 4860 765 4903 cantent
789 4858 955 4898 suam.
988 4838 1107 4911 Ipsa
1138 4837 1282 4894 enim
1309 4852 1438 4893 caro
1464 4836 1512 4893 ei
1535 4835 1703 4907 prima
1724 4834 1871 4891 illam
1890 4834 2030 4891 viam
2057 4847 2142 4893 se-

562 4939 693 5005 cuit,
722 4949 881 5007 quam
917 4932 1078 4989 etiam
1108 4930 1347 4986 initiasse
1370 4928 1501 4985 dicit
1520 4967 1537 4993 ,
1563 4926 1705 5000 quod
1730 4938 1783 4985 et
1813 4927 1927 4999 ipse
1950 4926 2140 4999 digna-

563 5039 715 5087 retur
744 5041 840 5099 per
866 5024 1012 5081 illam
1041 5020 1266 5095 ingredi.
1309 5020 1566 5078 Velamen
1595 5028 1771 5077 autem
1803 5019 1995 5076 merito
2014 5033 2140 5075 car-

556 5134 679 5179 nem
715 5119 933 5178 vocavit
963 5136 978 5176 :
1013 5118 1231 5192 quando
1270 5118 1414 5175 enim
1456 5117 1701 5174 sublatus
1726 5116 1825 5173 iuit
1852 5117 1904 5171 in
1934 5116 2136 5183 altum,

553 5220 688 5268 tune
709 5219 1077 5284 apparuerunt
1111 5227 1175 5269 ea
1201 5226 1321 5283 qum
1356 5219 1483 5266 sunt
1510 5209 1564 5265 in
1590 5208 1757 5265 cadis.
1804 5209 2138 5275 .lccedamtts,

560 5305 754 5378 inquit,
782 5321 899 5361 cum
924 5321 1043 5361 vero
1068 5303 1239 5362 corde.
1268 5285 1494 5373 Quinam
1525 5296 1844 5358 accedamus
1874 5301 1900 5357 ?
1938 5300 1993 5359 Si
2019 5302 2142 5373 quis

559 5405 777 5457 sanctus
798 5395 909 5455 ﬁde
929 5406 987 5455 et
1012 5398 1273 5471 spirituali
1302 5396 1637 5453 adoratione.
1670 5393 1797 5452 Cum
1823 5412 1936 5452 vero
1965 5397 2137 5464 corde,

561 5490 618 5545 in
642 5489 961 5560 plenitudine
987 5489 1152 5561 ﬁdei;
1179 5488 1232 5544 id
1258 5497 1361 5557 est,
1392 5487 1647 5561 quoniam
1676 5487 1809 5543 nihil
1834 5495 1917 5544 est
1946 5487 2142 5559 adspe-

561 5581 756 5641 rtebile
776 5621 793 5651 ,
824 5594 999 5655 neque
1038 5581 1291 5639 sacerdos
1314 5620 1331 5649 ,
1369 5595 1544 5653 neque
1580 5578 1900 5637 sacriﬁcium
1920 5620 1936 5648 ,
1966 5592 2142 5652 neque

625 5737 701 5802 (a)
724 5734 900 5808 Totum
922 5732 1112 5808 inuitus
1134 5731 1458 5808 pugnamque
1481 5739 1670 5801 partem
1700 5733 1909 5789 humilia
1931 5735 2140 5791 decima

555 5794 697 5853 notia:
720 5796 1045 5864 praetermittit
1064 5794 1201 5850 Coll).

2222 699 2413 756 altare.
2444 699 2778 771 Quamquam
2806 713 2907 756 nec
2934 697 3024 755 ille
3050 697 3267 771 quidem
3293 697 3548 754 sacerdos
3568 705 3685 752 erat
3712 698 3810 750 ad-

2221 792 2562 865 spectabilis,
2600 792 2696 848 sed
2735 790 2851 863 ipse
2878 789 3060 847 stabat
3103 791 3284 856 intus,
3325 788 3403 845 illi
3449 796 3631 843 autem
3659 796 3809 843 extra

2220 899 2443 952 omnes,
2476 898 2671 955 nempe
2701 891 2844 940 totus
2872 881 3120 953 populus.
3154 880 3252 937 ilic
3287 890 3469 937 autem
3497 895 3604 935 non
3632 879 3807 935 solum

2220 978 2326 1036 hoc
2349 980 2605 1044 ostendit,
2631 976 2774 1049 quod
2799 975 3055 1033 sacerdos
3077 976 3359 1030 intraverit
3380 975 3433 1031 in
3456 983 3639 1030 sancta
3667 990 3682 1039 ;
3709 971 3812 1028 line

2221 1068 2367 1129 enim
2406 1068 2646 1127 declarat
2682 1067 2903 1135 dicens,
2948 1063 3018 1121 Et
3054 1066 3365 1121 sacerdotem
3390 1081 3632 1137 magnum
3658 1078 3813 1134 super

2220 1162 2428 1220 domum
2451 1162 2546 1218 Dei
2566 1178 2586 1229 ;
2620 1160 2716 1219 sed
2738 1162 2989 1233 quoniam
3013 1173 3112 1215 nos
3134 1173 3349 1230 quoque
3376 1158 3659 1213 intramus.
3682 1155 3813 1211 Pro-

2220 1265 2429 1328 pterea,
2461 1255 2652 1327 inquit,
2681 1252 2749 1308 In
2772 1251 3089 1323 plenitudine
3108 1250 3249 1322 ﬁdei.
3275 1250 3419 1306 Fieri
3454 1250 3597 1305 enim
3637 1258 3812 1319 potest

2218 1357 2282 1406 ut
2317 1350 2478 1406 etiam
2523 1347 2708 1405 credat
2735 1346 2928 1417 aliquis
2966 1343 3221 1400 dubitans
3250 1359 3265 1396 :
3303 1351 3360 1397 ut
3387 1341 3541 1398 multi
3572 1352 3694 1396 sunt
3721 1341 3811 1413 qni

2219 1442 2380 1501 etiam
2399 1456 2541 1498 nunc
2554 1440 2759 1504 dicunt,
2782 1437 3165 1494 nonnullorum
3191 1449 3312 1492 esse
3335 1435 3809 1502 resurrectionem,

2219 1535 2597 1592 nonnullorum
2626 1543 2807 1589 autem
2836 1546 2942 1588 non
2974 1546 3114 1587 esse.
3146 1529 3257 1585 Hoc
3284 1543 3388 1583 non
3415 1538 3498 1584 est
3530 1528 3651 1584 tidei
3694 1530 3810 1600 ple-

2218 1625 2405 1685 nitudo
2429 1645 2441 1679 :
2466 1627 2537 1682 ita
2562 1624 2707 1682 enim
2730 1632 2941 1697 oportet
2961 1622 3207 1688 credere,
3239 1632 3295 1677 ut
3317 1621 3386 1677 de
3412 1621 3732 1690 visibilibus,
3757 1631 3814 1678 et

2222 1720 2394 1775 multo
2427 1718 2679 1789 amplius.
2705 1715 2841 1772 Nam
2877 1716 2965 1770 hic
2992 1713 3214 1786 quidem
3254 1713 3423 1768 errari
3457 1723 3634 1785 potest
3660 1714 3712 1768 in
3746 1714 3813 1770 iis

2218 1829 2338 1887 qua:
2383 1811 2652 1879 videntur,
2695 1810 2809 1866 illic
2845 1820 3023 1865 autem
3064 1822 3404 1877 nequaquam
3434 1824 3448 1861 :
3481 1807 3565 1862 Ιιίο
3593 1806 3809 1879 quidem

2217 1906 2403 1964 sensui
2433 1903 2820 1977 permittimus,
2854 1902 2962 1958 illic
2991 1915 3123 1957 vero
3148 1899 3386 1970 spiritui.
3418 1900 3625 1968 Δερενεὶ
3652 1900 3814 1955 corda

2217 2015 2250 2054 a
2284 1997 2589 2054 conscientia
2630 1994 2787 2051 mala.
2816 1992 3064 2051 Ostendit
3093 1991 3202 2058 hic,
3235 1990 3377 2063 quod
3406 2005 3511 2045 non
3543 1991 3717 2046 solum
3749 1992 3812 2045 ii-

2218 2088 2333 2157 des,
2368 2089 2465 2147 sed
2509 2088 2618 2145 vita
2654 2101 2869 2159 quoque
2896 2098 3019 2141 cum
3061 2084 3262 2140 virtute
3303 2084 3582 2155 quaeritur,
3623 2093 3678 2139 et
3706 2082 3811 2140 sibi

2219 2183 2421 2240 nullius
2461 2180 2541 2239 rei
2587 2179 2744 2236 malae
2777 2192 2901 2236 esse
2941 2176 3239 2234 conscium.
3284 2174 3402 2232 Non
3441 2176 3584 2232 enim
3624 2184 3812 2233 sancta

2217 2276 2514 2347 suscipiunt
2547 2288 2642 2331 eos
2670 2271 2761 2344 qui
2798 2285 2908 2327 non
2937 2277 3063 2325 sunt
3098 2267 3179 2325 sic
3204 2267 3378 2324 aﬂ'ecti
3409 2283 3531 2325 cum
3573 2268 3809 2340 plenitu-

2217 2368 2386 2426 dine:
2426 2376 2551 2423 sunt
2584 2366 2731 2422 enim
2778 2371 2964 2421 sancta
3005 2370 3061 2419 et
3104 2369 3290 2417 sancta
3334 2368 3667 2417 sanctorum.
3709 2359 3811 2418 llic

2219 2476 2351 2534 ergo
2394 2458 2557 2516 homo
2600 2456 2779 2513 nullus
2826 2454 2991 2511 intrat
3031 2451 3310 2525 profanus.
3356 2451 3438 2507 llli
3478 2451 3532 2506 in
3581 2466 3812 2524 corpore

2215 2552 2661 2625 aspergebantur,
2691 2562 2793 2605 nos
2817 2548 2873 2604 in
2900 2546 3016 2619 ipsa
3040 2544 3374 2602 conscientia
3408 2562 3421 2598 :
3454 2544 3809 2617 quamobrem

2218 2659 2362 2702 nunc
2409 2657 2624 2716 quoque
2673 2641 2798 2697 licet
2849 2638 2963 2710 ipsa
3020 2636 3236 2709 aspergi
3290 2637 3510 2692 virtute.
3545 2635 3611 2692 Et
3647 2635 3811 2692 ablati

2217 2754 2403 2809 corpus
2426 2752 2560 2809 aqua
2580 2733 2789 2790 munda.
2811 2731 3108 2788 Lavacrum
3130 2730 3260 2786 dicit
3280 2744 3386 2785 non
3414 2729 3558 2801 quod
3587 2728 3812 2787 mundat

2217 2844 2466 2901 corpora,
2502 2825 2596 2883 sed
2640 2824 2895 2882 animam.
2923 2820 3123 2877 Fidelis
3159 2820 3293 2877 enim
3323 2830 3399 2876 est
3431 2821 3519 2893 qui
3554 2820 3812 2892 promisit.

2219 2922 2484 2993 Quidnam
2534 2934 2666 2975 vero
2718 2913 3045 2989 promittens
3092 2921 3177 2969 est
3221 2912 3449 2969 ﬁdelis?
3495 2910 3651 2982 Quod
3697 2911 3813 2968 illic

2215 3026 2428 3090 oportet
2445 3014 2729 3081 decedere,
2746 3020 2805 3071 et
2818 3027 3041 3086 regnum
3057 3010 3279 3068 intrare.
3296 3008 3440 3066 Nihil
3460 3023 3588 3080 ergo
3601 3006 3815 3066 curiose

2222 3119 2487 3176 scrutare,
2506 3122 2682 3179 neque
2700 3107 2937 3163 rationes
2957 3104 3111 3176 exige
3134 3120 3151 3160 :
3180 3118 3266 3159 res
3292 3110 3491 3157 nostra
3512 3109 3669 3170 egent
3687 3098 3812 3154 lide.

2220 3201 2313 3258 24.
2345 3201 2407 3256 Et
2432 3200 2827 3265 consideremus,
2859 3196 3051 3270 inquit,
3082 3195 3297 3251 invicem
3325 3194 3379 3249 in
3405 3191 3817 3265 provocationem

2224 3292 2454 3347 caritatis
2479 3301 2528 3347 et
2556 3291 2801 3346 bonorum
2826 3303 3037 3359 operam
3056 3329 3072 3355 ,
3098 3285 3192 3342 25.
3225 3302 3327 3341 non
3355 3285 3636 3341 deserentes
3661 3281 3817 3338 colle-

2223 3384 2437 3438 ctionem
2476 3390 2737 3447 nostram,
2778 3380 2909 3434 sicut
2948 3377 3331 3433 consuetudinis
3374 3383 3448 3431 est
3487 3372 3814 3447 quibusdam,

2225 3475 2314 3532 sed
2341 3476 2678 3541 cumulantes,
2711 3481 2758 3528 et
2782 3480 2925 3526 tanto
2954 3470 3139 3542 magis,
3165 3466 3601 3540 quantocideritis
3628 3481 3818 3537 appro-

2226 3567 2556 3637 pinquantem
2596 3563 2750 3618 diem.
2802 3561 2873 3617 Et
2917 3573 3106 3616 rursus
3150 3559 3280 3614 alibi
3330 3558 3459 3614 dicit
3503 3574 3520 3613 :
3564 3555 3820 3612 Dominus

2230 3673 2387 3729 prope
2405 3667 2476 3713 est
2496 3670 2515 3710 :
2537 3655 2667 3710 nihil
2694 3652 2902 3709 solliciti
2927 3651 3040 3707 sitis
3069 3648 3341 3723 (Philipp.
3373 3648 3428 3705 4.
3460 3649 3516 3706 5.
3544 3647 3633 3719 ϐ).
3665 3644 3821 3702 Nunc

2228 3748 2361 3803 enim
2399 3746 2731 3819 propinquior
2762 3752 2839 3800 est
2877 3752 3050 3800 nostra
3074 3742 3254 3809 salus;
3280 3749 3336 3797 et
3356 3754 3567 3808 rursus,
3597 3737 3823 3811 Tempus

2228 3839 2373 3894 breve
2399 3847 2471 3893 est
2495 3838 2542 3910 (1
2556 3878 2571 3893 .
2594 3835 2718 3892 Cor.
2742 3835 2797 3891 7.
2819 3834 2935 3906 29).
2968 3832 3107 3902 Quid
3128 3842 3237 3897 est,
3258 3830 3380 3888 Non
3401 3832 3680 3892 deserentes
3700 3846 3824 3887 con-

2228 3931 2571 4003 gregationem
2606 3937 2833 3983 nostram
2856 3925 2883 3981 1
2917 3926 3077 3981 Novit
3103 3939 3168 3981 ex
3200 3932 3476 3980 conventu
3505 3933 3559 3979 et
3590 3939 3656 3980 ex
3686 3937 3823 3979 con-

2229 4020 2544 4096 gregatione
2571 4018 2795 4075 multam
2823 4030 2946 4073 esse
2972 4016 3102 4071 vim.
3138 4012 3237 4071 Ubi
3266 4013 3403 4070 enim
3424 4023 3578 4082 sunt,
3609 4013 3821 4086 inquit,

2231 4115 2333 4170 duo
2363 4123 2454 4169 aut
2503 4121 2604 4168 tres
2640 4109 2930 4182 congregati
2972 4108 3028 4162 in
3056 4106 3265 4161 nomine
3301 4121 3448 4172 meo,
3487 4106 3594 4161 illic
3631 4122 3745 4161 sum
3771 4105 3825 4160 in

2233 4206 2399 4263 medio
2424 4220 2596 4261 eorum
2622 4201 2836 4277 (Matth.
2856 4200 2948 4257 18.
2966 4198 3062 4272 20)
3086 4215 3103 4267 ς
3126 4208 3181 4255 et
3209 4212 3415 4264 rursus,
3437 4195 3504 4253 Ut
3524 4198 3626 4252 sint
3645 4213 3821 4261 uno»,

2234 4310 2291 4359 ut
2318 4308 2365 4355 et
2390 4314 2481 4354 nos
2504 4313 2661 4353 unum
2690 4310 2867 4352 sumus
2890 4291 3071 4367 (Joan.
3097 4292 3188 4348 17.
3221 4290 3310 4363 11)
3334 4307 3349 4357 ;
3376 4299 3432 4346 et
3461 4291 3676 4358 iterum,
3701 4288 3826 4345 Om-

2235 4394 2374 4449 nium
2414 4399 2523 4445 erat
2556 4389 2729 4444 anima
2760 4402 2864 4441 una
2888 4429 2903 4453 ,
2936 4394 2982 4441 et
3008 4400 3097 4439 cor
3122 4400 3283 4438 unum
3312 4382 3449 4455 (Act.
3483 4383 3539 4438 ι.
3568 4382 3685 4454 32).
3707 4380 3827 4439 Non

2234 4488 2337 4544 hoc
2363 4494 2541 4542 autem
2570 4483 2783 4547 solum,
2818 4478 2915 4536 sed
2954 4477 3117 4535 etiam
3156 4474 3299 4548 quod
3340 4486 3598 4548 augeatur
3632 4475 3830 4533 caritas

2233 4595 2332 4651 per
2358 4574 2835 4650 congregationem
2867 4588 2882 4626 :
2913 4570 2961 4626 si
2990 4580 3254 4641 augeatur
3275 4576 3455 4625 autem
3485 4568 3706 4633 caritas,
3734 4583 3831 4625 ne-

2234 4687 2387 4730 cesse
2413 4680 2496 4729 est
2536 4679 2593 4725 ut
2632 4668 2795 4724 etiam
2830 4671 3130 4735 augeantur
3156 4676 3278 4732 quat
3302 4670 3427 4716 sunt
3468 4660 3590 4717 Dei.
3625 4660 3828 4729 Oratio,

2236 4764 2426 4836 inquit,
2455 4760 2607 4833 ﬁebat
2634 4758 2744 4815 sine
2768 4744 3141 4811 intermissione
3166 4767 3199 4805 a
3223 4750 3417 4823 popqu
3443 4749 3585 4823 (Aet.
3626 4749 3714 4807 l2.
3746 4749 3829 4825 5).

2243 4858 2393 4915 Sicut
2428 4850 2809 4910 consuetudinis
2835 4856 2907 4904 est
2930 4844 3257 4919 quibusdam.
3286 4843 3385 4904 llic
3410 4860 3517 4899 non
3547 4843 3721 4900 solum
3748 4854 3833 4902 est

2238 4950 2518 5020 hortatus,
2566 4942 2663 5002 sed
2706 4943 2870 5000 etiam
2921 4937 3292 5013 reprehendit.
3344 4937 3411 4993 Et
3452 4939 3830 4998 consideremus

2237 5048 2448 5102 invicem
2474 5042 2528 5097 in
2562 5037 2971 5113 provocationem
2996 5032 3226 5087 caritatis
3251 5040 3299 5086 et
3326 5030 3572 5087 bonorum
3600 5048 3831 5104 oper-nni.

2238 5136 2394 5192 Novit
2412 5133 2515 5190 boc
2536 5143 2749 5204 quoque
2774 5124 2889 5183 fieri
2918 5125 2988 5181 ab
3012 5137 3198 5180 eorum
3224 5123 3661 5194 congregatione.
3684 5122 3838 5182 Sicut

2237 5230 2381 5285 enim
2410 5225 2613 5282 ferrum
2644 5220 2846 5277 ferrum
2870 5218 3038 5285 acuit,
3063 5215 3137 5293 ita
3166 5213 3329 5271 etiam
3357 5224 3653 5271 conventus
3677 5230 3840 5289 auget

2239 5323 2546 5381 caritatem.
2578 5316 2711 5375 Nam
2744 5316 2791 5372 si
2817 5312 2956 5385 lapis
2979 5310 3144 5389 lapidi
3172 5310 3391 5366 attritus
3421 5310 3597 5381 ignem
3618 5311 3837 5380 emittit,

2247 5423 2449 5487 quanto
2477 5410 2647 5484 magis
2668 5408 2845 5463 anima
2867 5405 3063 5460 anima:
3082 5402 3355 5459 admixta?
3373 5401 3527 5469 Vide,
3550 5418 3657 5459 non
3684 5402 3837 5472 dicit,

2242 5510 2321 5567 Ad
2337 5507 2765 5570 aemulationem,
2778 5499 2896 5568 sed,
2910 5498 2992 5554 Ad
3008 5496 3413 5569 provocationem
3428 5496 3679 5551 caritatis.
3698 5496 3838 5565 Quid

2242 5609 2345 5668 est,
2378 5600 2459 5656 Ad
2487 5595 2896 5671 provocationem
2920 5590 3155 5647 caritatis
3176 5589 3203 5643 2
3231 5586 3304 5647 Ut
3333 5588 3504 5661 magis
3540 5587 3764 5662 diligant
3783 5598 3841 5648 et

2244 5694 2556 5765 diligantur.
2602 5688 2795 5755 Addit,
2831 5685 2901 5741 Et
2943 5684 3194 5741 bonorum
3242 5700 3487 5754 operum,
3528 5694 3586 5741 ut
3626 5683 3841 5758 capiant

2246 5786 2645 5846 amulationem
2672 5798 2688 5853 ;
2730 5778 2946 5839 merito.
2976 5777 3034 5837 Si
3061 5777 3204 5837 enim
3236 5777 3415 5837 lacere
3442 5778 3704 5850 majorem
3732 5777 3837 5837 vim
