4122 6338
216 440 307 499 111
1024 426 1091 485 ιΝ
1134 422 1345 483 EPIST.
1388 418 1479 477 AD
1518 410 1813 475 HEBREG

1929 406 2090 465 CAP.
2130 403 2203 460 Χ.
2245 397 2483 459 1103111..
2524 393 2671 452 XIX.

208 561 360 619 habet
399 555 471 613 ad
497 550 828 619 docendum,
856 559 1019 619 quam
1044 541 1227 598 dicere
1268 556 1280 593 :
1313 534 1513 591 multos
1549 545 1647 585 vos
1680 542 1806 599 quo-

204 670 305 727 que
352 650 571 708 habetis
603 646 858 703 doctores
906 641 959 695 in
1006 632 1353 693 multitudine
1398 629 1504 683 hoc
1541 624 1804 727 facientes

205 713 297 819 per
320 759 514 816 opera.
544 738 682 809 Quid
704 733 809 803 est,
840 730 1154 789 Accedantus
1182 741 1299 780 cum
1327 738 1444 779 vero
1464 719 1617 819 corde
1643 716 1667 770 .’
1691 713 1804 819 line

205 808 303 905 est,
337 808 551 905 absque
572 808 866 901 hypocrisi
897 833 953 880 et
978 818 1349 878 simulatione.
1405 812 1494 867 γω
1519 810 1684 875 enim,
1716 808 1802 862 in-

205 900 333 1003 quit,
381 900 535 983 cordi
583 900 783 986 timido,
816 928 861 973 et
891 914 1124 971 manibus
1172 907 1433 965 dissolutis
1476 921 1539 959 ac
1579 900 1805 1003 remissis

205 992 473 1095 (-Eccliﬂ.
503 1018 619 1090 ﬂ).
645 1014 883 1079 Nullum,
928 1008 1123 1079 inquit,
1168 1004 1241 1061 sit
1283 1002 1337 1058 in
1386 998 1542 1055 nobis
1579 992 1807 1095 menda-

204 1090 340 1173 cium
364 1131 379 1168 :
409 1128 481 1168 ne
502 1111 609 1166 alia
627 1107 845 1180 quidem
875 1103 1143 1167 dicamus,
1175 1098 1277 1153 alia
1298 1108 1433 1150 vero
1459 1090 1760 1147 sentiamus
1784 1101 1801 1152 ;

204 1208 303 1263 hoc
331 1214 415 1263 est
444 1204 596 1261 enim
633 1178 976 1256 mendacium
1007 1211 1021 1248 :
1052 1204 1227 1263 neque
1259 1189 1429 1244 simus
1468 1182 1645 1255 pusilli
1686 1178 1803 1233 ani-

203 1303 272 1358 mi
297 1318 311 1366 ;
348 1301 455 1355 hoc
480 1297 627 1354 enim
674 1308 780 1349 non
810 1299 895 1346 est
922 1286 1034 1343 veri
1078 1282 1259 1341 cordis
1285 1322 1301 1347 ,
1334 1295 1399 1335 es
1429 1292 1495 1332 eo
1524 1272 1667 1345 quod
1696 1284 1803 1325 non

201 1363 489 1451 credamus
518 1388 752 1446 efﬁcitur
797 1394 859 1439 ut
898 1385 1069 1437 simus
1099 1375 1281 1449 pusilli
1305 1370 1489 1428 animi.
1522 1363 1805 1435 Quomodo

202 1497 380 1544 autem
409 1485 516 1540 hoc
561 1480 718 1539 erit?
747 1478 805 1535 Si
841 1475 996 1531 nobis
1041 1481 1190 1528 certo
1242 1462 1659 1541 persuadeamus
1705 1471 1806 1529 per

203 1580 383 1637 ﬁdem.
444 1575 659 1646 Aspersi
702 1572 880 1627 corda.
907 1568 1019 1624 Cur
1060 1580 1167 1620 non
1194 1561 1350 1623 dixit,
1376 1554 1636 1620 Mundati,
1683 1549 1801 1617 sed,

203 1673 410 1745 Δερετεὶ
430 1672 457 1727 ?
491 1669 689 1726 Voleus
718 1661 1009 1721 ostendere
1055 1653 1413 1745 differentiam
1452 1660 1641 1745 eorum
1684 1656 1807 1713 quae

202 1738 531 1838 aspergunt.
564 1760 792 1816 alterum
823 1753 1039 1825 quidem
1078 1749 1208 1805 dicit
1232 1759 1354 1803 esse
1387 1742 1480 1797 Dci
1507 1781 1523 1804 ,
1574 1738 1804 1793 alterum

203 1837 328 1916 vero
358 1867 630 1912 nostrum.
666 1850 903 1907 Abluere
927 1845 1073 1902 enim
1113 1837 1502 1898 conscientiam
1532 1843 1586 1890 et
1612 1846 1804 1902 asper-

202 1966 343 2023 gere,
391 1958 481 2005 est
524 1944 659 2011 Dei;
700 1944 753 1997 in
792 1939 1023 1996 veritate
1064 1944 1245 1990 autem
1290 1928 1550 1985 accedere
1589 1934 1644 1981 et
1681 1938 1806 1979 cum

202 2054 345 2101 certa
372 2057 439 2098 ac
479 2040 633 2111 plena
665 2050 761 2106 per
790 2032 952 2088 ﬁdem
987 2026 1337 2100 persuasione
1360 2065 1376 2089 ,
1407 2029 1493 2077 est
1534 2026 1802 2073 nostrum.

204 2136 405 2193 Deinde
442 2105 609 2188 etiam
644 2105 765 2183 fidei
791 2124 883 2180 dat
914 2122 1169 2177 virtutem
1199 2131 1265 2171 ex
1294 2115 1521 2171 veritate
1559 2109 1677 2179 ejus
1716 2105 1807 2178 qui

206 2227 471 2301 promisit.
498 2221 636 2292 Quid
685 2227 801 2285 est,
837 2214 903 2270 Et
948 2211 1110 2268 abluti
1152 2224 1339 2278 corpus
1387 2220 1521 2275 aqua
1568 2199 1808 2255 ntunda.’

202 2298 333 2390 Qum
363 2318 601 2375 mundos
637 2311 821 2377 efﬁcit,
850 2308 1012 2375 dicit,
1056 2314 1149 2361 aut
1172 2318 1293 2375 qua:
1329 2315 1437 2357 non
1469 2298 1633 2354 habet
1678 2309 1807 2350 san-

204 2414 442 2487 guinem.
471 2408 675 2465 Deinde
705 2402 850 2459 addit
890 2400 943 2456 id
972 2396 1118 2471 quod
1148 2404 1233 2453 est
1263 2393 1584 2466 perfectum,
1614 2402 1810 2487 nempe

205 2481 505 2564 caritatem.
540 2499 664 2556 Non
694 2499 977 2554 deserentes
1005 2491 1352 2547 collectionem
1381 2498 1630 2541 nostram.
1654 2481 1810 2550 Quod

206 2601 420 2672 quidam
452 2596 676 2660 faciunt,
712 2589 910 2659 inquit,
949 2594 1006 2643 et
1042 2584 1297 2641 scindunt
1332 2587 1676 2637 conventus:
1709 2576 1811 2631 hoc

208 2670 308 2751 illis
341 2700 509 2749 vetat.
547 2689 733 2743 Frater
760 2684 897 2740 enim
926 2699 958 2736 a
988 2682 1151 2750 fratre
1179 2678 1409 2747 adjutus,
1442 2683 1513 2730 est
1538 2676 1667 2728 sicut
1691 2670 1812 2726 urbs

207 2787 401 2841 munita
432 2783 633 2858 (Prov.
670 2779 759 2835 18.
791 2776 914 2846 19).
948 2773 1057 2831 Sed
1085 2770 1466 2827 consideremus
1505 2767 1722 2821 invicem
1758 2766 1812 2819 in

211 2877 620 2950 prorocationem
649 2870 901 2926 caritatis.
931 2867 1070 2937 Quid
1116 2874 1220 2931 est,
1268 2862 1657 2920 Consideremus
1684 2858 1816 2913 iuvi-

209 2970 367 3025 cem?
411 2967 469 3024 Si
495 2965 617 3037 quis
643 2963 715 3018 sit
752 2961 950 3015 virtute
987 2956 1283 3028 praeditus,
1330 2969 1454 3009 cum
1492 2952 1811 3015 imitemur;

208 3077 325 3118 eum
373 3058 723 3130 aspiciamus,
758 3061 815 3109 ut
854 3050 1140 3122 diligamus
1166 3057 1223 3104 et
1265 3045 1596 3117 diligamur:
1629 3056 1753 3097 nam
1782 3056 1813 3098 a

212 3154 436 3211 caritate
469 3150 609 3204 ﬁunt
639 3147 777 3201 bona
806 3156 991 3212 opera.

278 3242 334 3299 2.
358 3241 610 3312 Magnum
634 3236 831 3291 bonum
860 3241 945 3289 est
980 3236 1280 3288 conventus
1321 3242 1386 3284 ac
1413 3223 1765 3298 congregatio
1797 3239 1814 3278 :

218 3332 327 3404 ipsa
348 3331 494 3386 cnim
513 3328 791 3386 caritatem
811 3325 1383 3389 redditardentiorem,
1400 3332 1455 3377 et
1470 3336 1536 3376 es
1553 3335 1618 3377 ea
1639 3318 1821 3375 omnia

216 3436 512 3483 nascuntur
554 3424 695 3481 bona
720 3439 734 3478 :
767 3422 971 3479 nullum
1001 3430 1085 3479 est
1111 3421 1255 3476 enim
1282 3418 1506 3484 bonum,
1535 3413 1679 3486 quod
1710 3427 1819 3469 non

218 3534 311 3592 per
330 3520 614 3576 caritatem
639 3516 750 3574 fiat.
777 3517 909 3573 Eam
931 3516 1094 3583 igitur
1108 3513 1252 3572 inter
1266 3526 1369 3569 nos
1392 3508 1815 3566 conﬁrmemus:

217 3611 494 3670 Plenitudo
538 3614 683 3671 enim
720 3612 847 3682 legis
888 3620 960 3666 est
989 3608 1194 3664 dilectio
1221 3605 1399 3678 (Rom.
1430 3605 1520 3661 15.
1551 3601 1669 3677 1ο).
1699 3600 1817 3657 Non

217 3712 299 3759 est
326 3704 484 3759 nobis
527 3718 665 3775 opus
707 3702 1000 3767 laboribus,
1042 3713 1220 3770 neque
1260 3695 1572 3763 sudoribus,
1627 3694 1675 3749 si
1717 3706 1822 3749 nos

215 3794 352 3852 alter
378 3797 608 3851 alterum
636 3795 928 3866 diligamus
959 3812 973 3849 :
1001 3792 1083 3847 via
1110 3800 1197 3847 est
1220 3806 1341 3861 quae
1368 3803 1466 3845 sua
1497 3795 1692 3859 sponte
1718 3785 1819 3840 du-

215 3886 286 3942 cit
309 3887 377 3943 ad
409 3888 681 3943 virtutem.
712 3885 861 3943 Sicut
895 3884 1041 3942 enim
1084 3882 1139 3938 in
1184 3883 1267 3937 via
1315 3880 1557 3953 publica,
1602 3877 1649 3934 si
1693 3874 1817 3946 quis

216 3976 484 4034 invenerit
524 3978 759 4045 initium,
801 3976 870 4032 ab
916 3976 1034 4046 ipso
1072 3973 1310 4037 ducitur,
1358 3985 1462 4028 nec
1498 3969 1637 4025 duce
1674 3981 1814 4037 opus

216 4080 296 4127 est
320 4090 335 4127 :
360 4072 436 4127 ita
459 4071 621 4128 etiam
648 4071 702 4125 in
728 4069 977 4133 caritate,
1005 4066 1179 4123 solum
1206 4060 1555 4137 apprehende
1577 4059 1817 4126 initium,

216 4173 268 4219 et
287 4162 573 4221 confestim
601 4163 667 4219 ab
694 4161 1051 4233 ipso-duceris
1076 4170 1132 4215 et
1160 4155 1431 4228 dirigeris.
1461 4153 1688 4217 Caritas,
1735 4150 1819 4206 in-

215 4258 348 4329 quit,
380 4258 581 4329 patiens
610 4265 705 4323 est,
732 4256 949 4327 benigna
978 4262 1073 4320 est,
1114 4268 1219 4305 non
1257 4249 1447 4320 cogitat
1491 4246 1687 4301 malum
1732 4242 1815 4314 (l.

216 4348 331 4407 Car.
362 4352 455 4407 13.
484 4351 562 4423 ι).
589 4348 646 4406 Si
688 4350 889 4420 cogitet
914 4346 1182 4416 quispiam
1218 4344 1336 4412 ipse
1371 4338 1512 4411 apud
1552 4352 1634 4406 se,
1684 4349 1821 4407 quo-

216 4443 379 4499 modo
419 4458 545 4513 erga
587 4456 667 4509 se,
711 4441 793 4497 sic
829 4448 885 4495 et
931 4452 1056 4509 erga
1105 4435 1409 4507 proximum
1452 4432 1524 4488 sit
1570 4429 1817 4485 aﬁ'ectus.

214 4532 387 4592 Nemo
432 4533 536 4589 sibi
581 4534 683 4604 ipsi
734 4530 959 4594 invidet,
1001 4529 1183 4583 omnia
1233 4527 1373 4581 bona
1405 4524 1507 4579 sibi
1540 4532 1817 4594 precatur,

216 4629 470 4684 omnibus
493 4642 554 4683 se
581 4626 864 4697 praeponit,
899 4637 998 4695 pro
1041 4635 1100 4676 se
1144 4619 1260 4675 vult
1288 4617 1468 4673 omnia
1512 4616 1713 4672 facere.
1761 4612 1821 4671 Si

217 4735 348 4794 ergo
370 4720 424 4776 in
452 4720 587 4775 alios
612 4730 827 4791 quoque
846 4716 926 4772 sic
955 4713 1275 4781 afﬁciamur,
1294 4710 1474 4766 omnia
1499 4708 1675 4767 soluta
1696 4718 1822 4769 sunt

217 4814 406 4869 mala:
453 4827 558 4867 non
600 4819 728 4866 sunt
775 4807 1088 4872 inimicitiae,
1124 4818 1236 4860 non
1278 4810 1364 4859 est
1389 4801 1656 4857 avaritia:
1700 4801 1824 4874 quis

217 4910 364 4965 enirn
390 4906 621 4977 cupidus
648 4918 771 4961 esse
792 4900 1059 4958 voluerit?
1077 4912 1260 4965 nemo,
1276 4895 1370 4953 sed
1403 4896 1581 4967 potius
1605 4905 1819 4951 contra.

286 4998 615 5073 [nimiarum
639 4996 823 5051 oblivio
856 4991 1263 5051 commendatur.
1281 4988 1694 5047 —Commnnia
1725 4988 1824 5061 igi-

221 5103 306 5150 tur
331 5092 514 5149 omnia
543 5089 939 5163 possideamus,
966 5100 1068 5143 nec
1092 5096 1371 5142 cessemus
1394 5096 1497 5138 nos
1523 5084 1671 5153 ipsos
1692 5097 1827 5138 con-

218 5199 485 5260 gregare:
515 5194 573 5239 et
598 5183 646 5239 si
674 5180 778 5237 hoc
804 5178 1088 5248 faciamus,
1109 5176 1290 5232 locum
1317 5190 1426 5231 non
1466 5172 1691 5229 habebit
1735 5173 1821 5229 in-

217 5278 375 5351 juria:
424 5284 661 5347 accepta
704 5271 1053 5329 recordatio:
1095 5269 1216 5342 quis
1264 5268 1411 5324 enim
1471 5267 1527 5323 in
1584 5266 1826 5322 animum

222 5368 505 5428 induxerit
545 5383 575 5422 a
618 5381 679 5423 se
724 5365 828 5421 sibi
871 5363 1037 5419 illatas
1066 5361 1279 5433 injuria:
1323 5359 1674 5417 meminisse?
1704 5359 1829 5431 quis

224 5462 456 5521 voluerit
480 5461 688 5531 sihiipsi
715 5459 916 5515 irasci?
943 5472 1122 5512 annon
1152 5456 1395 5511 omnium
1437 5455 1678 5510 maxime
1726 5470 1830 5511 nos

225 5559 307 5615 bis
330 5557 468 5628 ipsis
497 5552 862 5626 ignoscimus?
887 5550 943 5607 Si
975 5551 1055 5607 sic
1079 5549 1260 5605 affecti
1289 5548 1552 5605 fuerimus
1580 5549 1749 5605 etiam
1778 5549 1829 5604 in

230 5650 529 5724 proximos,
556 5661 848 5718 numquam
867 5646 969 5699 erit
984 5643 1195 5714 injuria:
1208 5651 1449 5714 acceptae
1461 5641 1773 5699 recordatio
1788 5642 1827 5696 ².

228 5747 295 5803 Et
321 5741 619 5818 quomodo,
644 5740 841 5811 inquit,
874 5738 993 5796 fieri
1021 5746 1200 5810 potest
1241 5746 1303 5794 ut
1336 5737 1603 5809 quispiam
1636 5738 1824 5809 proxi-

228 5854 375 5897 mum
402 5849 560 5909 reque
589 5834 778 5905 diligat
800 5841 963 5905 atque
999 5832 1278 5904 seipsum?
1321 5830 1380 5888 Si
1422 5831 1526 5890 hoc
1570 5833 1664 5888 alii
1724 5848 1831 5891 non

291 5961 309 5991 ⁸
330 5958 430 6010 Hic
452 5954 622 6018 incipit
640 5948 891 6018 haniliam
911 5949 1169 6018 decimam.
1189 5960 1363 5998 nonam
1387 5947 1522 6002 Colb.
1546 5945 1625 6001 bis
1649 5949 1832 6001 verbis.

232 6006 645 6087 Hdeﬂdigmts'est
659 6013 743 6081 qui
764 6010 895 6065 dm‘t
921 6006 1217 6075 :Quomodo,
1240 6018 1332 6063 etc.

3412 392 3518 447 H9.

1908 520 2172 584 fecerunt,
2205 522 2354 571 recte
2388 513 2669 571 existimas
2710 512 2816 570 hoc
2863 506 2980 569 ﬁeri
3021 528 3130 568 non
3179 526 3382 583 posse:
3429 513 3515 565 sin

1908 622 2091 670 autem
2114 611 2381 678 fecerunt,
2403 608 2748 681 perspicuum
2768 616 2851 664 est
2871 606 3017 678 quod
3039 606 3142 661 hoc
3172 621 3202 659 a
3231 605 3389 659 nobis
3410 619 3517 658 non

1913 707 2004 763 fiat
2030 713 2250 778 prOpter
2277 711 2517 760 nostram
2548 702 2815 774 ignaviam
2838 710 2894 756 et
2916 698 3243 755 socordiam.
3264 697 3519 766 Alioquin

1910 811 2093 857 autem
2126 799 2258 855 nihil
2291 798 2535 870 prmcipit
2560 796 2811 851 Christus
2841 793 2983 865 quod
3019 809 3124 848 non
3160 791 3331 862 possit
3360 790 3475 845 ﬁeri
3504 830 3519 855 ,

1911 911 2033 951 cum
2053 896 2214 950 etiam
2235 892 2399 947 multi
2412 890 2529 962 ejus
2549 898 2820 962 prmcepta
2839 888 3162 959 superarint.
3185 886 3317 954 Quis
3339 896 3521 939 autent

1913 987 2018 1043 hoc
2075 984 2243 1041 fecit?
2271 984 2490 1047 Paulus,
2530 982 2747 1045 Petrus,
2781 989 2923 1035 totus
2955 988 3269 1034 sanctorum
3299 976 3521 1033 chorus.

1910 1078 2019 1142 Sed
2042 1076 2086 1131 si
2108 1075 2305 1132 dixero
2326 1073 2545 1145 quidem
2567 1071 2713 1144 quod
2736 1071 3043 1126 dilexerunt
3066 1070 3363 1139 prosimus,
3389 1066 3524 1123 nihil

1912 1173 2090 1227 dicam
2132 1182 2388 1240 magnum
2415 1185 2430 1223 :
2461 1167 2712 1221 inimicos
2754 1164 2827 1220 ita
2864 1164 3192 1229 dilexerunt,
3224 1172 3282 1217 ut
3310 1177 3405 1217 eos
3432 1163 3522 1233 qui

1912 1271 2041 1319 sunt
2070 1263 2358 1318 unanimes
2389 1275 2551 1316 nemo
2582 1261 2753 1331 magis
2777 1258 3048 1314 dilexerit.
3079 1257 3212 1326 Quis
3233 1258 3378 1312 enim
3407 1256 3524 1312 ele-

1913 1355 2053 1426 gerit
2082 1356 2160 1413 ire
2191 1356 2243 1410 in
2268 1354 2577 1426 gehennam
2605 1367 2705 1423 pro
2734 1351 3029 1414 unanimis,
3056 1366 3180 1406 cum
3212 1351 3268 1405 in
3298 1365 3523 1419 regnum

1914 1447 2163 1504 abiturus
2213 1445 2343 1502 est?
2384 1445 2619 1501 Nullus:
2679 1444 2773 1500 sed
2820 1443 3019 1500 Paulus
3064 1443 3169 1499 hoc
3212 1443 3377 1515 elegit
3428 1458 3526 1511 pro

1914 1539 2174 1606 inimicis,
2207 1552 2309 1610 pro
2338 1538 2409 1593 iis
2438 1537 2529 1608 qui
2562 1551 2688 1592 eum
2729 1535 3002 1607 lapidibus
3029 1536 3390 1606 appetierant,
3425 1552 3527 1606 pro

1916 1632 1981 1689 iis
2025 1633 2117 1704 qui
2163 1631 2347 1704 ﬁagris
2386 1646 2509 1687 eum
2551 1630 2885 1690 ceciderant.
2914 1628 3175 1696 Qumnam
3209 1645 3338 1700 ergo
3368 1628 3527 1683 nobis

1918 1726 2134 1783 dabitur
2170 1727 2353 1791 venia,
2404 1739 2655 1795 quaenam
2697 1723 2999 1789 excusatio,
3049 1723 3093 1778 si
3136 1739 3203 1778 ne
3247 1722 3527 1778 minimam

1918 1821 2136 1894 quidem
2176 1828 2385 1889 partem
2433 1817 2763 1882 dilectionis,
2804 1832 2966 1886 quam
3012 1816 3063 1870 in
3106 1816 3353 1871 inimicos
3398 1832 3528 1871 suos

1920 1913 2156 1971 ostendit
2184 1914 2404 1976 Paulus,
2440 1925 2539 1967 nos
2566 1910 2618 1966 in
2654 1918 2873 1966 nostros
2904 1909 3111 1965 amicos
3135 1909 3530 1964 ostendamus?

1918 2007 2121 2065 Beatus
2148 2020 2363 2077 quoque
2402 2004 2615 2075 Moyses
2661 2012 2788 2057 ante
2838 2016 2959 2057 eum
3006 2018 3103 2069 pro
3138 2002 3393 2067 inimicis,
3434 2002 3529 2072 qui

1919 2100 2095 2171 ipsum
2151 2099 2425 2169 lapidibus
2472 2098 2839 2168 appetierant,
2885 2096 3060 2151 voluit
3088 2095 3257 2152 deleri
3288 2096 3357 2151 de
3389 2097 3529 2152 libro

1921 2194 2019 2252 Dei
2043 2192 2243 2268 (Exod.
2288 2192 2377 2248 32.
2412 2190 2507 2261 ΞΩ)
2539 2210 2553 2245 :
2589 2188 2758 2246 David
2796 2203 3016 2261 quoque
3064 2189 3255 2245 videns
3297 2204 3392 2245 eos
3436 2188 3529 2260 qui

1912 2287 2021 2357 ipsi
2065 2286 2377 2341 restiterant
2420 2282 2682 2347 interimi,
2716 2281 2848 2337 dicit
2880 2300 2894 2337 :
2928 2279 3044 2354 Ego
3076 2290 3255 2352 pastor
3284 2283 3490 2351 peccavi
3508 2300 3530 2349 ,-

1920 2380 2006 2433 isti
2043 2388 2213 2432 autent
2251 2376 2375 2447 quid
2424 2379 2652 2447 fecerunt
2689 2372 2769 2446 (ἢ.
2823 2372 2953 2445 Reg.
3000 2374 3093 2429 21.
3133 2374 3263 2446 17).
3309 2372 3528 2430 Saﬁlem

1921 2484 2135 2540 quoque
2166 2483 2289 2524 cum
2322 2466 2551 2522 haberet
2592 2465 2646 2521 in
2692 2465 2970 2528 manibus,
3013 2467 3191 2522 noluit
3231 2466 3302 2523 de
3347 2466 3530 2523 medio

1923 2562 2135 2626 tollere,
2178 2561 2276 2617 sed
2306 2560 2565 2625 servavit,
2596 2558 2760 2631 idque
2788 2574 2915 2616 cum
2944 2558 3068 2632 ipse
3097 2574 3355 2618 venturus
3381 2570 3531 2617 esset

1925 2652 1980 2708 in
2009 2652 2330 2723 periculum.
2378 2649 2438 2710 Si
2477 2660 2660 2708 autem
2705 2652 2823 2709 haec
2868 2651 3007 2709 facta
3046 2664 3183 2709 sunt
3220 2652 3277 2711 in
3324 2651 3530 2719 Veteri,

1922 2761 2212 2819 quamnam
2268 2759 2630 2818 assequemur
2684 2758 2786 2800 nos
2839 2744 3090 2803 veniam.
3134 2740 3232 2810 qui
3275 2743 3330 2801 in
3380 2742 3534 2800 Novo

1927 2840 2094 2896 vitam
2122 2840 2353 2912 agimus,
2385 2847 2442 2895 et
2474 2853 2576 2894 nec
2602 2836 2671 2894 ad
2702 2852 2821 2893 eam
2862 2837 3081 2908 quidem
3128 2823 3201 2892 ad
3241 2853 3403 2908 quam
3457 2838 3533 2893 illi

1923 2933 2302 3004 perveniamus
2332 2930 2689 2987 mensuram?
2726 2929 2861 2986 Nam
2893 2930 2956 2985 Si
2976 2931 3184 3001 jttstitia
3213 2939 3391 2985 nostra
3431 2947 3535 2985 non

1922 3025 2260 3080 abundaverit
2283 3024 2400 3095 plus
2429 3040 2585 3095 quam
2613 3021 3005 3079 Pharisaeorum
3035 3033 3083 3077 et
3108 3022 3412 3086 scribarum,
3431 3038 3537 3077 non

1923 3118 2229 3174 intrabimtts
2277 3118 2333 3173 in
2371 3134 2587 3191 regnum
2636 3117 2883 3173 calorum
2910 3115 3129 3185 (Matth.
3164 3117 3216 3173 5.
3247 3116 3376 3188 20):
3411 3132 3536 3172 cum

1922 3223 2105 3270 autem
2134 3213 2298 3268 etiam
2339 3212 2521 3266 minus
2562 3210 2862 3266 habeamus
2903 3224 3064 3281 quam
3116 3209 3215 3275 illi,
3260 3208 3539 3279 quomodo

1924 3304 2283 3361 intrahimus?
2305 3302 2538 3375 Diligite,
2571 3302 2766 3373 inquit,
2805 3301 3041 3356 inimicos
3061 3311 3270 3366 vestros,
3320 3311 3370 3355 et
3396 3302 3538 3356 eritis

1924 3398 2117 3453 similes
2146 3395 2297 3451 Patri
2323 3404 2506 3462 oestro,
2541 3395 2630 3467 qui
2660 3403 2733 3449 est
2770 3395 2826 3449 in
2848 3394 2987 3449 calls
3009 3392 3176 3466 (Ibid.
3212 3410 3261 3448 υ.
3293 3394 3383 3450 14.
3416 3394 3535 3465 15).

1925 3489 2141 3562 Diligite
2188 3503 2321 3561 ergo
2368 3487 2691 3543 inimicum:
2731 3501 2839 3543 non
2885 3486 3031 3542 enim
3077 3485 3227 3541 illum
3269 3485 3542 3542 beneﬁcio

1922 3586 2120 3653 afﬁcis,
2146 3586 2241 3643 sed
2273 3588 2529 3659 teipsum.
2549 3585 2867 3655 Quomodo?
2894 3584 2999 3642 Par
3024 3583 3137 3641 Deo
3157 3582 3412 3641 efﬁceris.
3444 3582 3540 3639 Ille

1922 3678 1971 3734 si
2004 3693 2036 3734 a
2082 3688 2136 3734 te
2178 3676 2343 3734 fuerit
2368 3677 2621 3747 dilectus,
2652 3693 2765 3734 non
2790 3678 3019 3733 multum
3049 3676 3184 3733 lucri
3218 3674 3346 3732 fecit
3375 3692 3391 3742 ;
3440 3674 3542 3730 fuit

1925 3772 2067 3827 enim
2086 3770 2317 3827 dilectus
2334 3787 2363 3826 a
2383 3785 2652 3827 conservo
2672 3789 2687 3829 :
2705 3782 2760 3826 tu
2778 3778 2960 3827 autem
2988 3770 3033 3827 si
3049 3784 3373 3826 conservam
3400 3767 3541 3825 dile-

1925 3862 2092 3926 xeris,
2126 3877 2378 3934 magnum
2412 3862 2584 3919 fecisti
2614 3863 2862 3929 lucrum;
2890 3863 3123 3919 efliceris
3146 3864 3289 3918 enim
3324 3863 3437 3918 Deo
3463 3863 3543 3917 si-

1928 3956 2093 4012 milis.
2112 3955 2278 4013 Vides
2294 3956 2437 4028 quod
2468 3957 2563 4013 tibi
2590 3955 2936 4027 gratiﬁcaris,
2968 3970 3075 4011 non
3110 3955 3229 4011 illi?
3252 3969 3373 4009 nam
3394 3970 3534 4026 pra:-

1929 4050 2097 4105 mium
2124 4050 2243 4119 tibi,
2268 4067 2375 4106 non
2401 4050 2478 4106 illi
2507 4050 2784 4122 proponit.
2809 4049 2947 4120 Quid
2980 4065 3133 4114 vero,
3162 4050 3356 4121 inquit,
3391 4050 3435 4103 si
3471 4050 3542 4105 sit

1930 4143 2147 4197 malus?
2174 4142 2348 4199 Tanto
2378 4143 2552 4213 major
2572 4151 2661 4198 est
2690 4152 2779 4198 tua
2811 4157 3046 4207 merces,
3075 4150 3131 4198 et
3175 4140 3244 4197 de
3278 4142 3542 4210 improbi-

1933 4241 2040 4289 tate
2055 4234 2131 4289 illi
2149 4232 2315 4291 debes
2332 4233 2532 4291 haberc
2548 4234 2796 4305 gratiam,
2819 4232 3033 4290 etiamsi
3057 4232 3543 4289 innumerabilibus

1931 4325 1999 4379 sit
2024 4323 2250 4381 affectus
2278 4325 2580 4382 beneﬁciis.
2610 4325 2743 4381 Nam
2776 4326 2879 4381 nisi
2907 4324 3063 4380 valde
3101 4324 3293 4381 fuisset
3343 4326 3540 4392 malus,

1932 4432 2040 4472 non
2064 4418 2155 4473 tibi
2174 4417 2330 4473 valde
2354 4418 2618 4473 crevisset
2644 4431 2879 4473 merces.
2897 4417 3071 4473 Causa
3095 4417 3277 4488 itaque
3294 4432 3401 4472 non
3427 4417 3549 4475 dili-

1932 4511 2113 4583 gendi,
2143 4526 2339 4582 nempe
2368 4512 2551 4568 dicere
2568 4511 2711 4583 quod
2746 4514 2816 4567 sit
2836 4511 3238 4578 malus,eadem
3266 4520 3350 4567 est
3377 4526 3546 4568 causa

1933 4604 2211 4677 diligendi.
2236 4606 2387 4662 Tolle
2428 4604 2821 4673 adversarium,
2877 4621 3071 4676 nempe
3101 4607 3501 4678 antagnnistam
3528 4649 3546 4675 ,

1933 4710 1990 4756 ct
2016 4715 2342 4756 coronarum
2374 4700 2521 4755 tollis
2546 4701 2914 4757 occasionem.
2941 4700 3061 4756 Non
3093 4701 3247 4757 vides
3276 4702 3550 4770 quomodo

1936 4797 2156 4853 athleta:
2184 4797 2466 4855 decertant
2496 4796 2729 4854 sacculis
2756 4812 2919 4852 arena
2959 4797 3196 4867 impletis
3222 4796 3246 4852 ?
3273 4796 3394 4852 Tibi
3446 4812 3548 4851 au-

1942 4899 2046 4945 tem
2078 4905 2183 4946 non
2215 4905 2354 4962 opus
2383 4898 2469 4946 est
2511 4889 2567 4945 in
2610 4889 2714 4944 hoc
2740 4888 2978 4944 studium
3024 4904 3263 4959 ponere:
3319 4888 3428 4942 vita
3470 4897 3555 4943 est

1942 4985 2099 5055 plena
2126 4984 2192 5039 iis
2221 5000 2342 5055 quae
2373 4992 2426 5039 te
2455 4990 2716 5039 exercent
2761 4981 3065 5051 fortemque
3109 4980 3345 5036 reddunt
3374 4995 3439 5035 ac
3466 4996 3556 5036 ro-

1939 5079 2182 5135 bustum.
2210 5074 2329 5132 Non
2360 5075 2515 5131 vides
2555 5074 2699 5146 quod
2747 5073 2913 5129 etiam
2963 5072 3188 5129 arbores
3230 5087 3339 5141 quo
3384 5072 3557 5143 magis

1940 5171 2271 5227 ventilantur
2297 5176 2352 5223 et
2380 5167 2656 5239 agitantur
2680 5182 2709 5220 a
2738 5166 2937 5231 ventis,
2970 5179 3036 5221 eo
3066 5165 3201 5220 fiunt
3223 5163 3477 5221 fortiores
3500 5174 3558 5221 et

1942 5261 2265 5319 densiores?
2298 5261 2365 5317 Et
2385 5274 2483 5315 nos
2503 5274 2719 5331 quoque
2739 5259 2784 5315 si
2806 5258 2980 5313 simus
2999 5257 3149 5313 lenes
3176 5266 3232 5312 et
3260 5258 3554 5328 patientes,

1945 5356 2149 5412 erimus
2193 5354 2358 5409 etiam
2418 5353 2587 5408 fortes
2632 5362 2688 5407 et
2728 5350 2888 5407 validi
2925 5368 2937 5405 :
2975 5364 3098 5405 nam
3162 5347 3252 5404 Vir
3280 5391 3294 5415 ,
3355 5348 3553 5421 inquit,

1940 5447 2144 5519 patiens
2168 5456 2217 5501 et
2242 5445 2553 5518 longanimis
2583 5444 2776 5498 multus
2813 5452 2887 5497 est
2913 5443 2966 5496 in
2999 5441 3275 5513 prmkntia
3310 5458 3329 5497 :
3365 5442 3451 5508 qui
3479 5452 3557 5497 est

1946 5552 2115 5595 autem
2142 5539 2320 5609 pusilli
2348 5537 2531 5603 animi,
2565 5546 2637 5593 est
2658 5536 2808 5591 valde
2832 5535 3083 5605 insipiens
3107 5533 3291 5608 (Prov.
3321 5534 3404 5589 ll.
3435 5534 3553 5607 9.9).

1947 5633 2111 5691 Vides
2142 5630 2301 5704 hujus
2326 5640 2527 5705 quanta
2550 5630 2622 5686 sit
2652 5628 2793 5695 laus,
2824 5628 2969 5686 illius
2994 5637 3193 5700 quanta
3224 5628 3501 5685 accusatio
3527 5629 3555 5685 ?

1956 5726 2122 5783 Valde
2166 5726 2433 5794 insipiens,
2464 5724 2569 5779 hoc
2598 5734 2705 5792 est,
2738 5720 3051 5778 admodum.
3081 5720 3203 5777 Non
3234 5722 3404 5777 simus
3427 5737 3563 5795 ergo

1950 5819 2131 5893 pusilli
2182 5820 2325 5875 inter
2364 5832 2467 5873 nos
2505 5816 2671 5871 animi
2700 5833 2713 5870 :
2744 5830 2851 5870 non
2894 5815 2951 5868 fit
2978 5814 3124 5871 enim
3156 5812 3261 5870 hoc
3289 5828 3354 5870 ex
3384 5814 3564 5870 inimi~

1950 5912 2112 5978 citiis,
2142 5911 2239 5967 sed
2265 5925 2334 5967 ex
2361 5924 2428 5966 eo
2455 5907 2599 5981 quod
2638 5908 2838 5979 pusillo
2881 5907 3052 5963 simus
3097 5907 3301 5961 an'nno.
3333 5905 3488 5973 Quod
3518 5908 3565 5963 si

1954 6003 2117 6063 fuerit
2146 6003 2319 6071 fortis,
2350 6002 2531 6063 omnia
2564 6000 2722 6061 facile
2752 6000 2909 6070 feret,
2936 6012 3114 6072 neque
3144 5997 3435 6073 quidquam
3466 6013 3561 6069 po-
