4122 6338
585 356 685 412 H5

584 485 707 539 terit
726 500 849 540 cum
879 484 1205 556 demergere,
1230 486 1324 542 sed
1346 487 1412 542 ad
1442 487 1761 558 tranquillos
1779 486 2008 545 deducet
2036 504 2161 559 por-

1282 350 1337 407 S.
1369 342 1644 405 JOANNIS
1671 338 2148 402 CHRYSOSTOMI
2210 339 2531 399 ARCillEP.
2573 340 3110 403 CONSTANTINOP.

3725 355 3837 414 ιη

2258 484 2401 540 Patri
2451 498 2552 537 una
2607 497 2728 537 cum
2782 490 2970 537 sancto
3022 478 3227 551 Spiritu
3284 475 3475 549 gloria,
3531 476 3843 547 imperium,

581 586 665 631 tus
697 594 709 631 :
740 593 875 646 quos
903 577 1056 632 detur
1088 578 1243 633 nobis
1270 580 1518 635 omnibus
1561 582 1841 651 consequi,
1885 582 2052 653 gratia
2106 594 2161 639 et
2259 577 2452 639 honor,
2494 590 2636 630 nunc
2683 584 2737 630 et
2789 588 3023 644 semper.
3070 581 3125 627 et
3173 571 3225 625 in
3266 569 3459 625 szccula
3495 569 3843 625 szceulorum.

580 667 903 739 benignitate
955 670 1158 724 Domini
1212 671 1381 727 nostri
1428 672 1557 727 Jesn
1612 673 1832 740 Christi,
1882 690 2005 731 cum
2051 691 2159 747 quo
2259 674 2452 727 Amen.

580 826 1960 852 _______________________

1913 826 2255 930 ᾗοΜιιιΛ
2309 870 2456 931 xx.

574 980 701 1038 Car.
746 978 811 1034 lo
874 993 925 1031 γ.
966 976 1059 1031 ‘26.
1130 973 1426 1029 Voluntarie
1469 971 1600 1027 enim
1650 970 1971 1040 peccantibus
2017 969 2160 1025 nobis

2578 829 3692 855 _..__.______._________

3694 840 3862 856 ﬂ

2265 994 2371 1032 non
2413 977 2641 1047 amplius
2689 976 2846 1030 aliaat
2888 984 3204 1047 exspectent
3244 975 3498 1032 hostiam.
3568 974 3857 1030 νοιωιηιτίσ

643 1082 757 1139 post
786 1077 1042 1138 acceptam
1067 1066 1296 1120 notitiam
1323 1063 1564 1128 ueritatis,
1584 1063 1698 1129 jam
1726 1079 1827 1115 non
1859 1061 2161 1132 relinquitur
2264 1068 2397 1123 enim
2442 1067 2761 1139 peccantibus
2808 1068 2951 1121 nobis
2970 1108 2985 1133 ,
3042 1067 3232 1137 inqttit.
3268 1065 3431 1121 Vides
3454 1082 3609 1137 quam
3624 1066 3691 1122 sit
3719 1080 3842 1127 ιηὐ-

644 1178 737 1235 pro
766 1160 981 1232 peccatis
1013 1158 1195 1221 hostia,
1228 1155 1319 1211 27.
1344 1154 1579 1209 terribilis
1603 1168 1770 1207 autent
1798 1154 2030 1224 quardant
2065 1169 2153 1207 ex-

645 1257 887 1329 spectatio
897 1252 1101 1326 iudicii,
1125 1262 1169 1307 et
1197 1250 1327 1323 ignis
1354 1247 1633 1313 tumulatio,
1657 1264 1773 1320 qua:
1795 1256 2156 1319 consumptum

646 1364 718 1409 est
744 1350 1079 1406 adversarios.

646 1448 697 1501 i.
725 1446 1083 1511 Quarcumque
1124 1438 1346 1494 arbores
1378 1436 1670 1507 plantam,
1710 1443 1765 1490 et
1800 1433 1901 1489 alia
1940 1447 2155 1504 quoque

572 1537 808 1593 adhibita
832 1531 1103 1602 diligentia
1134 1528 1493 1601 agricolarum
1522 1528 1768 1582 manibus
1797 1536 1851 1581 et
1879 1526 2154 1581 laboribus

571 1628 817 1689 excultae.
844 1626 1044 1680 nullum
1076 1620 1256 1678 ferunt
1290 1619 1543 1685 fructum,
1572 1619 1825 1674 radicitus
1847 1618 2046 1673 avulsa:
2062 1618 2150 1690 ja-

569 1723 781 1779 ciuntur
798 1720 849 1774 iit
874 1720 1070 1789 ignem.
1087 1716 1217 1773 Tale
1237 1714 1362 1785 quid
1383 1715 1476 1769 luit
1498 1714 1658 1769 etiam
1683 1715 1735 1768 in
1764 1712 2152 1770 illuminatione

570 1828 763 1882 nempe
793 1810 1131 1881 baptismate.
1151 1806 1283 1862 Nam
1310 1815 1586 1877 postquam
1613 1819 1710 1859 nos
1737 1804 1979 1859 Christus
1996 1805 2150 1876 plan-

534 1895 536 1899 ’
570 1905 733 1969 tavit,
761 1911 816 1957 et
843 1900 1173 1972 spiritualem
1205 1897 1540 1967 percepimus
1568 1896 1953 1968 irrigationem,
1984 1898 2028 1952 si
2052 1898 2152 1954 de-

566 1993 692 2051 inde
716 1992 918 2048 nullum
953 1989 1180 2045 fructum
1208 1988 1559 2052 ostendimus,
1587 1997 1863 2058 exspectat
1888 2003 1985 2044 nos
2012 1989 2148 2060 ignis

564 2088 844 2159 gehennae,
863 2083 1143 2139 etilamma
1165 2096 1284 2151 qua:
1311 2095 1414 2135 non
1446 2088 1619 2150 potest
1645 2079 1933 2150 exstingui.
1950 2079 2147 2138 Paulus

564 2193 713 2249 ergo,
727 2192 848 2233 cum
869 2176 1181 2231 adhortatus
1195 2182 1339 2228 esset
1356 2172 1422 2228 ad
1441 2173 1716 2229 caritatem
1735 2183 1788 2230 et
1807 2172 1875 2229 ad
1898 2174 2145 2233 ferendos

564 2273 767 2329 fructus
792 2269 1052 2325 bonorum
1075 2280 1320 2336 operum,
1336 2264 1583 2319 incitatos
1599 2280 1628 2318 a
1653 2265 1965 2321 melioribus
1985 2276 2037 2321 et
2059 2266 2146 2323 be-

562 2364 893 2436 nignioribus
910 2362 1175 2431 (quamam
1194 2373 1254 2412 ea
1271 2357 1579 2429 sunt?un
1598 2358 1871 2413 introitum
1886 2358 2146 2416 habemus

563 2458 615 2511 in
647 2464 853 2519 saneta,
885 2466 1043 2520 quam
1068 2449 1294 2504 initiavit
1322 2449 1476 2503 nobis
1513 2449 1650 2502 viam
1675 2460 1945 2505 recentem
1972 2450 2011 2520 ),
2041 2450 2145 2507 hoc

560 2548 733 2616 ipsum
762 2556 949 2599 rursus
989 2540 1113 2596 facit
1153 2540 1317 2595 etiam
1348 2555 1376 2593 a
1403 2540 1760 2605 tristioribus,
1797 2540 1868 2595 ita
1895 2541 2140 2611 loquens.

558 2637 691 2695 Nam
721 2652 840 2692 cum
870 2634 1097 2690 dixisset
1126 2650 1141 2689 :
1179 2630 1302 2687 Non
1343 2632 1627 2689 deserentes
1670 2633 2016 2689 collectionem
2050 2652 2143 2690 no-

556 2739 735 2789 stram,
757 2727 883 2781 sicut
904 2724 1283 2780 consuetudinis
1311 2732 1382 2778 est
1408 2723 1729 2793 quibusdam,
1761 2725 1850 2779 sed
1874 2726 2144 2781 consolan-

557 2830 651 2886 tes,
668 2828 715 2873 ct
754 2827 891 2873 tanta
928 2816 1120 2889 magis,
1160 2823 1347 2885 quanto
1384 2816 1608 2871 uideritis
1647 2817 2141 2888 appmpiuqnantcnt

557 2912 690 2965 diem
716 2913 793 2981 (et
822 2910 935 2964 lure
954 2909 1151 2979 quippe
1175 2917 1261 2962 est
1281 2908 1551 2962 sufﬁciens
1575 2907 1640 2962 ad
1666 2908 2137 2983 consolationem),

556 3000 833 3070 snbjunxit
875 3015 889 3054 :
948 2996 1247 3053 Voluntarie
1285 2998 1418 3053 enim
1464 2996 1787 3068 peccantibus
1828 2998 1973 3054 nobis
2027 3008 2141 3070 post

557 3106 813 3158 acceptant
866 3090 1095 3144 notitiam
1138 3088 1382 3143 ueritatis.
1431 3086 1577 3158 Opus
1602 3097 1718 3155 est,
1749 3089 1953 3160 inquit,
1982 3091 2140 3148 bonis

551 3184 828 3255 operibus,
856 3190 912 3238 et
938 3181 1093 3237 valde
1119 3196 1254 3251 opus
1282 3188 1384 3237 est.
1440 3179 1735 3237 Voluntarie
1762 3184 1896 3238 enim
1923 3200 2140 3255 peccan-

551 3272 685 3327 tibus
712 3274 854 3327 nobis
881 3282 994 3343 post
1018 3282 1279 3341 acceptans
1322 3271 1555 3326 notitiam
1582 3273 1837 3341 ueritatis,
1875 3276 1989 3347 jam
2035 3293 2136 3333 non

551 3364 850 3434 relinquitur
882 3379 976 3435 pro
1004 3363 1222 3434 peccatis
1246 3363 1434 3417 hostia.
1465 3361 1523 3417 ld
1568 3372 1686 3431 est,
1728 3364 2017 3423 mundatus
2052 3382 2134 3437 es,

552 3456 810 3512 liberatus
853 3470 914 3511 es
950 3472 980 3510 a
1027 3455 1381 3522 criminibus,
1436 3453 1606 3512 factus
1630 3472 1691 3513 es
1720 3455 1881 3512 illius.
1918 3459 1975 3515 Si
2006 3474 2136 3530 ergo

554 3545 841 3600 revertaris
868 3546 934 3602 ad
962 3546 1193 3618 priorem
1239 3549 1499 3605 vomitum
1517 3588 1533 3613 ,
1562 3562 1750 3605 rursus
1774 3559 1955 3606 manet
1979 3550 2135 3606 abdi.

551 3634 689 3690 ratio
733 3644 787 3691 et
813 3636 970 3708 ignis,
1021 3646 1074 3694 et
1097 3654 1451 3709 quascumque
1489 3648 1616 3696 sunt
1643 3639 1949 3712 huiusmodi
1977 3657 1992 3694 :
2022 3656 2133 3698 non

547 3736 631 3782 est
660 3728 803 3782 enim
830 3728 1066 3785 secunda
1104 3731 1299 3787 hostia.
1356 3732 1455 3788 Hic
1480 3747 1667 3789 rursus
1694 3748 1795 3789 nos
1815 3731 2134 3790 adoriuntur

545 3818 637 3887 qui
685 3819 880 3875 tollunt
931 3823 1330 3891 paenitentiam,
1369 3834 1427 3879 et
1464 3824 1790 3895 quicumque
1816 3834 2135 3893 cunctantur

546 3911 730 3965 venire
754 3910 821 3966 ad
852 3912 1113 3983 baptisma
1146 3930 1162 3970 :
1193 3913 1247 3969 hi
1273 3915 1491 3986 quidem
1519 3915 1706 3971 dicunt
1736 3930 1842 3971 non
1889 3930 2014 3971 esse
2055 3916 2134 3971 eis

545 4010 717 4058 tutum
745 4005 931 4061 venire
957 4004 1023 4061 ad
1046 4006 1337 4078 baptisma,
1360 4007 1625 4080 siquidem
1655 4023 1761 4064 non
1788 4017 1871 4064 est
1896 4007 2131 4065 secunda

546 4095 794 4150 remissio
817 4113 833 4151 :
864 4096 941 4151 illi
971 4112 1099 4153 vero
1121 4097 1307 4155 dicunt
1332 4113 1437 4154 non
1459 4114 1584 4157 esse
1607 4108 1778 4155 tutum
1803 4099 1868 4154 iis
1890 4099 1980 4171 qui
2003 4113 2124 4170 pec-

545 4197 736 4242 carunt
757 4189 1016 4259 impertiri
1042 4192 1319 4261 mysteria,
1350 4193 1395 4249 si
1425 4207 1533 4247 non
1562 4200 1645 4248 est
1672 4191 1910 4248 secunda
1939 4192 2132 4247 remis-

544 4278 647 4334 sio.
689 4278 827 4347 Quid
853 4294 982 4349 crgo
1011 4279 1253 4338 dicemus
1279 4282 1557 4353 utrisque?
1602 4282 1755 4351 Quod
1779 4282 1865 4338 hic
1894 4298 2001 4337 non
2034 4280 2126 4336 tali

544 4380 725 4426 mente
768 4370 871 4427 hoc
912 4371 1143 4440 dixerit,
1175 4387 1349 4445 neque
1398 4373 1536 4429 tollit
1576 4372 1986 4445 pmnitentiam',
2031 4387 2132 4428 nec

542 4475 661 4517 eam
700 4477 824 4534 qua
864 4477 963 4533 per
997 4463 1365 4534 pteuitentiam
1409 4463 1470 4520 iit
1510 4465 1899 4536 placationem,
1954 4479 2133 4535 neque

543 4554 759 4624 expellit
789 4562 844 4609 et
865 4554 1045 4625 dejicit
1084 4572 1180 4627 per
1221 4558 1652 4627 desperationem
1676 4574 1798 4615 eum
1826 4557 1916 4630 qui
1945 4568 2025 4615 est
2054 4558 2131 4613 la-

545 4661 674 4719 psus
706 4668 722 4703 :
754 4660 863 4702 non
891 4657 976 4703 est
1009 4662 1178 4718 usque
1218 4648 1354 4705 adeo
1390 4650 1641 4705 inimicus
1666 4660 1866 4706 nostra:
1894 4650 2121 4713 salutis;

543 4740 638 4796 sed
668 4738 963 4797 secundum
988 4739 1164 4797 aufert
1183 4739 1477 4809 lavacrum,
1504 4757 1611 4798 non
1634 4742 1778 4798 enim
1808 4741 1940 4797 dixit
1971 4760 1985 4797 :
2017 4741 2130 4798 Non

544 4845 627 4891 est
654 4834 884 4905 amplius
910 4834 1255 4906 pauitantia,
1287 4845 1401 4905 aut,
1433 4835 1550 4892 Non
1577 4847 1661 4894 est
1688 4838 1919 4908 amplius
1943 4838 2133 4894 remis-

544 4926 665 4993 sio;
713 4924 842 4994 sed,
868 4941 979 4983 non
1017 4935 1105 4984 est
1126 4928 1354 4999 amplius
1378 4928 1555 4985 hostia
1583 4945 1599 4995 ;
1632 4927 1734 4986 hoc
1762 4941 1869 4996 est,
1896 4944 2003 4985 non
2051 4940 2134 4986 est

545 5018 775 5089 amplius
796 5032 931 5074 crux
957 5018 1191 5075 secunda
1218 5037 1236 5075 :
1262 5017 1365 5089 hoc
1389 5020 1531 5076 enim
1554 5031 1710 5077 vocat
1739 5021 1989 5077 hostiam.
2017 5021 2133 5077 Una

546 5109 696 5169 enim,
725 5107 917 5178 inquit,
949 5108 1116 5164 hostia
1142 5110 1506 5166 consummavit
1532 5112 1585 5166 in
1612 5124 1909 5183 perpetuum
1930 5130 2016 5169 eos
2044 5113 2133 5184 qui

546 5200 929 5271 sanctiﬁcantur
956 5216 975 5255 :
1001 5216 1109 5257 non
1131 5203 1272 5258 sicut
1297 5201 1517 5259 Judaica
1538 5244 1555 5270 ,
1582 5219 1755 5275 neque
1780 5220 1948 5277 sape.
1992 5207 2129 5261 Pro-

546 5303 729 5366 pterea
751 5293 892 5347 enim
917 5302 1023 5349 tam
1052 5294 1219 5349 multa
1248 5309 1450 5367 susque
1470 5295 1642 5367 deque
1662 5296 1919 5353 disseruit
1938 5297 2007 5354 de
2037 5296 2133 5354 ho-

547 5386 679 5451 stia,
730 5384 870 5455 quod
916 5385 985 5441 sit
1029 5401 1130 5439 una
1162 5396 1218 5441 et
1247 5402 1351 5442 una
1394 5402 1547 5442 :non
1592 5387 1691 5443 hoc
1736 5388 1910 5444 solum
1941 5389 2132 5447 volens

548 5476 847 5542 ostendere,
877 5477 1017 5548 quod
1047 5476 1099 5532 iu
1125 5476 1228 5534 hoc
1250 5478 1460 5535 diﬂ'erat
1486 5494 1514 5534 a
1539 5478 1793 5543 Judaicis,
1814 5482 1942 5551 quin
1968 5483 2129 5538 etiam

550 5578 605 5623 ut
631 5568 819 5625 reddat
842 5570 1169 5640 securiores,
1200 5580 1258 5626 ut
1288 5582 1653 5642 congruenter
1680 5574 1787 5642 legi
1815 5571 2128 5633 iudicaram

627 5750 700 5823 (ᾳ)
724 5750 871 5821 Multa
892 5750 989 5823 loca
1014 5763 1075 5823 ex
1100 5751 1191 5823 hac
1208 5750 1662 5823 Itotttilia,.i_temque
1682 5768 1744 5823 e3
1970 5769 2142 5823 quarta

565 5823 614 5862 et
637 5815 1027 5887 decimiqttjnta
1059 5813 1681 5887 haltert‘lttruittflorilegio
1702 5816 1887 5887 Sav_i_l_ij,
1913 5813 2066 5875 Toino
2088 5825 2139 5887 5,

560 5877 736 5939 pagina
759 5876 868 5925 ΚΠ.
897 5875 1019 5927 \‘idc
1041 5881 1177 5927 notas
1197 5875 1380 5940 Saviiii,
1396 5877 1547 5932 Temo
1570 5875 1625 5940 8:
1644 5892 1755 5944 pag,
1779 5875 1890 5933 750.

2266 1172 2463 1229 pensus
2488 1156 2552 1212 ad
2585 1157 3007 1229 ignoscendum?
3050 1155 3341 1211 Voluntarie
3360 1200 3377 1225 ,
3408 1157 3604 1227 inquit,
3630 1170 3847 1220 peccan-

2260 1252 2391 1306 tibus
2413 1249 2577 1307 uobis.
2636 1248 2934 1321 lgnoscitur
2962 1249 3140 1320 itaque
3172 1249 3569 1305 involuntariis.
3602 1250 3730 1305 Post
3758 1265 3854 1303 ac-

2259 1353 2455 1411 ceptam
2520 1341 2750 1395 notitiam
2810 1342 3056 1397 veritatis.
3106 1340 3214 1395 Aut
3266 1339 3463 1396 Christi
3519 1339 3685 1406 dicit,
3756 1350 3855 1395 aut

2257 1436 2496 1490 omnium
2525 1435 2853 1506 dogmatum.
2890 1431 3012 1487 lant
3038 1450 3138 1488 non
3168 1432 3473 1505 relinquitur
3502 1449 3593 1502 pro
3622 1434 3849 1502 peccatis

2254 1529 2438 1583 hostia.
2464 1525 2568 1581 Sed
2595 1524 2721 1597 quid
2747 1526 2770 1579 ?
2817 1522 3077 1580 Terribilis
3101 1534 3267 1579 autent
3308 1524 3541 1595 quaedam
3580 1533 3853 1592 exspecta-

2254 1621 2325 1674 tio
2360 1618 2580 1693 judicii,
2626 1626 2675 1672 et
2698 1617 2831 1689 ignis
2876 1618 3167 1683 cnmlatio,
3199 1633 3315 1687 qut:
3360 1628 3725 1688 consumptum
3770 1628 3847 1673 est

2258 1720 2593 1773 adversarios.
2642 1717 2999 1772 Adversarios
3036 1730 3142 1768 non
3179 1714 3352 1767 solum
3384 1713 3513 1767 dicit
3555 1711 3802 1766 inﬁdeles
3834 1753 3849 1773 ,

2257 1810 2350 1867 sed
2379 1824 2473 1865 eos
2498 1809 2660 1864 etiam
2688 1808 2779 1879 qui
2809 1806 3006 1862 iaciunt
3035 1806 3304 1860 Contraria
3337 1806 3519 1859 virtuti
3546 1820 3559 1867 ;
3594 1804 3677 1858 vel
3706 1801 3851 1872 quod

2259 1903 2399 1958 idem
2427 1901 2564 1972 ignis
2591 1898 2962 1970 apprehendet
2987 1901 3148 1952 etiam
3180 1898 3521 1962 domesticos,
3547 1898 3636 1965 qui
3656 1896 3851 1951 adver-

2256 1996 2449 2050 sarios.
2486 1992 2690 2050 Deinde
2720 1992 3029 2063 significans
3059 2005 3218 2061 quam
3245 1990 3316 2044 sit
3344 1990 3503 2055 edax,
3536 2005 3656 2043 eum
3683 1989 3852 2044 veluti

2257 2087 2545 2150 animavit,
2583 2085 2769 2141 dicens
2799 2102 2811 2138 :
2847 2082 2995 2153 Ignis
3022 2082 3305 2148 teritulatio,
3336 2097 3450 2151 qua!
3479 2094 3853 2152 consumptum

2262 2188 2336 2233 est
2379 2178 2720 2233 adversarios.
2768 2175 2918 2233 Sicut
2944 2175 3086 2230 enim
3116 2172 3231 2230 fera
3262 2173 3467 2228 irritata
3500 2184 3554 2229 ct
3582 2172 3804 2229 ederata
3834 2214 3851 2235 ,

2258 2286 2363 2326 non
2386 2270 2680 2326 cessaverit
2704 2267 2878 2323 donec
2900 2268 3135 2335 aliquem
3163 2264 3633 2337 comprehenderit
3659 2274 3712 2320 et
3740 2281 3851 2320 ex-

2256 2363 2429 2419 ederit
2460 2381 2475 2417 :
2506 2363 2575 2417 ita
2604 2362 2765 2418 etiam
2798 2361 2889 2417 ille
2920 2362 3077 2433 ignis,
3109 2370 3378 2431 tamquam
3410 2361 3675 2431 quispiam
3705 2376 3850 2431 pun-

2254 2463 2374 2510 ctus
2403 2454 2749 2509 simulatione
2769 2498 2781 2517 ,
2830 2469 2967 2525 quos
3012 2451 3431 2522 apprehenderit
3460 2467 3565 2507 non
3589 2451 3847 2517 dimittit,

2253 2547 2346 2604 sed
2379 2547 2519 2603 rodit
2552 2556 2607 2604 et
2634 2546 2912 2603 dilacerat.
2943 2546 3147 2601 Deinde
3186 2545 3347 2601 etiam
3374 2543 3645 2614 subiungit
3673 2545 3851 2599 ratio-

2255 2656 2377 2695 nem
2407 2640 2697 2707 minarum,
2720 2640 2863 2711 quod
2889 2638 2939 2694 id
2967 2639 3160 2695 merito
3186 2647 3239 2694 et
3264 2637 3383 2709 jure
3411 2637 3501 2692 iiat
3527 2656 3541 2693 :
3567 2637 3705 2708 quod
3727 2638 3851 2708 qni-

2254 2732 2377 2789 dem
2422 2732 2632 2789 confert
2675 2733 2743 2797 ad
2787 2731 2984 2789 fidem.
3026 2730 3243 2803 quando
3279 2729 3675 2786 ostenderimus
3699 2730 3848 2801 quod
3912 2762 3923 2783 κ

2247 2824 2369 2895 jure
2404 2824 2522 2879 ﬂat.-
2559 2823 2649 2879 28.
2672 2822 2886 2878 Irritam
2913 2840 3027 2897 quis
3057 2823 3251 2893 faciens
3279 2824 3438 2894 legem
3463 2820 3657 2893 Moysis
3679 2864 3695 2888 ,
3736 2824 3852 2878 sine

2251 2918 2358 2972 ulla
2405 2917 2759 2983 miseratione,
2801 2916 2998 2972 duobus
3046 2916 3123 2972 ecl
3168 2915 3329 2970 tribus
3360 2916 3566 2971 testibus
3605 2916 3843 2970 moritur.

2253 3009 2381 3066 Siue
2410 3009 2518 3064 ulla
2544 3010 2883 3073 miseratione,
2913 3009 3101 3079 inquit.
3133 3007 3309 3077 Quare
3330 3008 3472 3063 nulla
3498 3009 3674 3072 venia,
3701 3008 3848 3064 utilia

2252 3110 2336 3156 est
2386 3100 2492 3156 illic
2536 3100 2907 3157 misericordia
2941 3118 2955 3156 :
2986 3115 3310 3169 quamquam
3354 3099 3441 3155 lex
3476 3107 3561 3155 est
3607 3100 3843 3171 Moysis:

2253 3190 2369 3263 ipse
2393 3195 2537 3247 enim
2566 3191 2729 3247 multa
2756 3192 3055 3247 constituit.
3087 3189 3224 3259 Quid
3255 3200 3336 3245 est
3356 3231 3372 3257 ,
3409 3189 3615 3244 Duobus
3642 3190 3717 3243 vel
3751 3191 3847 3244 tri-

2253 3282 2392 3338 bus?
2416 3284 2472 3339 Si
2521 3283 2650 3346 duo,
2693 3282 2905 3353 inquit,
2936 3281 3020 3337 vel
3052 3290 3159 3336 tres
3191 3280 3555 3335 testiinonium
3585 3281 3840 3347 tulerint,

2250 3374 2434 3431 statim
2461 3372 2591 3430 dant
2616 3388 2822 3443 pmnas.
2867 3373 2922 3433 Si
2952 3388 3081 3444 ergo
3108 3373 3159 3427 in
3184 3370 3388 3440 Veteri,
3422 3374 3510 3427 ubi
3535 3373 3617 3428 lex
3646 3372 3845 3445 διοριεῖς

2251 3466 2312 3521 iit
2342 3466 2512 3533 irrita,
2548 3476 2753 3521 tantum
2783 3475 2864 3521 est
2893 3466 3215 3535 supplicium
3249 3482 3263 3519 :
3292 3475 3496 3536 quanto
3523 3465 3688 3533 magis
3716 3464 3845 3522 hic?

2251 3557 2377 3614 ldeo
2406 3559 2477 3613 ita
2506 3558 2638 3615 dicit
2663 3577 2675 3613 :
2698 3556 2792 3613 29.
2826 3558 3029 3625 Quanto
3054 3558 3217 3629 magis
3248 3559 3437 3627 putatis
3464 3558 3714 3612 deteriora
3739 3575 3845 3613 inc-

2248 3651 2350 3705 reri
2375 3649 2647 3722 supplicia,
2674 3650 2761 3721 qui
2791 3647 2988 3703 Filium
3016 3648 3110 3703 Dei
3144 3648 3531 3711 conculcaverit.
3558 3659 3604 3704 et
3630 3650 3845 3720 sangui-

2249 3758 2361 3796 nem
2389 3743 2672 3797 testamenti
2696 3742 2946 3813 pollutum
2967 3743 3189 3809 duxerit,
3214 3753 3260 3797 et
3283 3741 3502 3813 Spiritui
3522 3744 3701 3815 gratia:
3728 3760 3845 3799 cono

2245 3835 2502 3889 tumeliam
2525 3834 2738 3906 fecerit?

2313 3924 2370 3980 2.
2414 3926 2480 3982 Et
2514 3926 2786 3997 quomodo
2827 3926 3108 3983 concaleat
3148 3927 3415 3997 (ιυίειιίειιη
3471 3926 3663 3983 Filium
3706 3929 3844 3984 Dei?

2242 4015 2467 4084 Quando
2485 4018 2576 4087 qui
2607 4028 2689 4073 est
2712 4018 2830 4087 ejus
2855 4018 3122 4090 particeps
3152 4019 3205 4073 in
3236 4020 3529 4091 mysteriis,
3561 4030 3841 4089 peccatum

2242 4107 2451 4175 fecerit,
2471 4108 2556 4164 dic
2580 4109 2733 4175 mihi,
2758 4124 2863 4164 non
2888 4111 3222 4167 conculcavit
3246 4126 3369 4166 eum
3387 4112 3410 4165 ?
3428 4127 3533 4166 non
3563 4110 3841 4182 despexit?

2256 4207 2324 4265 Ut
2352 4207 2494 4262 cnim
2531 4206 2729 4262 nullam
2755 4206 3012 4263 habemus
3039 4207 3303 4263 rationem
3333 4223 3519 4263 eorum
3549 4225 3669 4278 qua:
3705 4225 3842 4265 con-

2250 4302 2568 4358 cuicantur:
2600 4304 2673 4358 ita
2708 4303 2868 4357 etiam
2899 4302 2991 4373 qui
3014 4312 3258 4372 peccant,
3291 4303 3493 4357 nullam
3520 4303 3717 4357 Christi
3744 4304 3839 4357 ha.

2253 4396 2378 4452 bent
2409 4398 2693 4460 rationem,
2727 4405 2781 4452 et
2807 4396 2885 4451 sic
2904 4406 3148 4468 peccant.
3168 4395 3363 4450 Factus
3382 4411 3438 4450 es
3470 4410 3665 4465 Ctlrplh
3682 4396 3760 4450 Ch
3793 4394 3852 4449 i-

2248 4488 2357 4555 sti,
2389 4496 2445 4543 et
2466 4487 2567 4543 das
2596 4496 2651 4544 te
2680 4486 2898 4543 diabolo
2923 4486 3395 4542 conculcattdzuu?
3424 4485 3485 4541 Et
3507 4488 3804 4557 sanguinem
3832 4527 3847 4550 ,

2250 4581 2454 4653 inquit,
2481 4581 2732 4652 pollutum
2761 4580 2982 4636 duxerit.
3009 4580 3145 4649 Quid
3173 4590 3255 4636 est
3281 4595 3567 4636 commune
3594 4595 3692 4635 seu
3724 4580 3850 4649 po!-

2251 4672 2454 4728 lutum?
2473 4672 2583 4728 Hoc
2605 4681 2687 4729 est
2717 4671 3075 4736 immundum,
3104 4682 3194 4726 aut
3223 4672 3356 4726 nihil
3384 4672 3614 4741 amplius
3636 4670 3847 4726 habens

2249 4780 2408 4837 quam
2454 4772 2666 4820 caetera.
2716 4762 2782 4818 Et
2818 4764 3021 4835 spiritui
3045 4763 3227 4835 gratia:
3253 4763 3619 4818 contumeliam
3645 4763 3842 4834 fecerit.

2249 4858 2381 4925 Nam
2410 4861 2498 4929 qui
2531 4857 2851 4913 beneﬁcium
2888 4872 2995 4911 non
3022 4856 3255 4925 accipit,
3306 4871 3429 4912 eum
3456 4858 3549 4927 qui
3582 4855 3849 4912 bencfecit

2250 4950 2416 5007 afiieit
2441 4949 2790 5006 contumelia.
2820 4948 2969 5004 Fecit
3007 4956 3058 5004 te
3087 4947 3290 5011 lilium;
3326 4957 3381 5003 tu
3422 4956 3599 5002 autem
3626 4948 3706 5003 vis
3728 4947 3846 5002 fieri

2250 5043 2477 5100 servus?
2506 5042 2684 5107 venit,
2717 5042 2855 5112 apud
2895 5054 2945 5098 te
2972 5041 3265 5105 habitavit;
3301 5050 3354 5096 tu
3392 5051 3571 5096 autem
3593 5042 3659 5096 ad
3690 5050 3741 5096 te
3764 5040 3848 5093 in-

2252 5136 2538 5191 troduxisti
2567 5135 2735 5191 malas
2760 5134 3155 5206 cogitationes?
3197 5134 3443 5191 Christus
3488 5133 3655 5189 valuit
3700 5134 3845 5203 apud

2254 5236 2306 5283 te
2346 5237 2491 5284 stare
2526 5236 2583 5283 et
2618 5227 2914 5291 collocari;
2950 5236 3002 5282 tu
3033 5236 3211 5281 autem
3237 5228 3408 5298 ipsum
3435 5227 3718 5282 conculcas
3748 5243 3848 5296 per

2251 5321 2548 5392 crapuiam,
2597 5338 2696 5393 per
2740 5321 3109 5377 ebrietatem?
3154 5320 3448 5376 Audiamus
3489 5320 3580 5390 qui
3626 5318 3848 5390 indigne

2253 5428 2437 5469 sumus
2464 5413 2757 5484 participes
2784 5413 3168 5484 mysteriorum
3216 5430 3229 5465 :
3262 5410 3542 5465 audiamus
3581 5411 3670 5481 qui
3699 5410 3845 5466 indi-

2252 5521 2357 5577 gne
2384 5505 2451 5562 ad
2478 5520 2717 5562 mensam
2747 5505 2890 5559 illam
2916 5503 3220 5560 accedimus
3247 5522 3258 5557 :
3296 5501 3491 5566 Nolite,
3516 5501 3847 5572 inquit,dare

2214 5619 2219 5623 τ
2253 5608 2430 5654 sancta
2473 5598 2716 5665 canibus,
2758 5613 2821 5651 ne
2860 5594 3067 5668 quando
3092 5612 3149 5649 ea
3177 5593 3470 5649 conculceut
3496 5594 3603 5648 suis
3630 5592 3846 5663 pedibus

2258 5690 2472 5763 (Matth.
2503 5690 2557 5746 7.
2590 5688 2688 5757 6);
2718 5689 2817 5744 hoc
2843 5696 2953 5753 est,
2992 5702 3057 5743 ne
3084 5686 3372 5758 aliquando
3402 5685 3729 5755 despiciant,
3774 5699 3843 5741 ne

2254 5791 2530 5856 respuant.
2561 5780 2667 5838 Sed
2692 5780 2805 5837 haec
2834 5796 2941 5835 non
2969 5779 3124 5846 dixit,
3154 5787 3208 5832 at
3234 5776 3376 5849 quod
3410 5787 3491 5833 est
3518 5776 3841 5840 terribilius,

2257 5895 2377 5934 nam
2418 5893 2485 5935 ex
2525 5890 2591 5933 co
2633 5872 2775 5946 quod
2805 5882 2887 5931 est
2914 5872 3154 5930 terribile
3180 5912 3195 5939 ,
3234 5870 3557 5940 constringit
3580 5870 3837 5926 animas:
