4122 6338
606 372 712 430 με

602 488 787 557 κρίσιν
808 484 991 548 αὐτοῖς
1018 480 1303 557 ἐφίστησιν
1329 490 1375 543 ι,
1409 478 1505 531 ἀτε
1543 476 1636 531 τοῦ
1675 478 1999 548 πράγματος
2022 474 2174 557 ϐντος

604 554 864 640 φανεροῦ.
898 567 1079 632 Πόσῳ
1116 555 1363 624 δοκεῖτε,
1400 560 1555 631 φησι,
1596 561 1873 629 χείρονος
1921 554 2176 640 agnam—5-

601 638 775 706 σεται
812 648 1120 719 τιμωρίας
1160 642 1426 698 Ἐνταῦθά
1471 660 1566 713 μοι
1608 641 1761 696 δοκεῖ
1790 643 1883 697 καὶ
1913 640 2041 710 περὶ
2071 638 2180 691 τῶν

608 734 927 806 μυστηρίων
961 727 1319 784 αἰνίττεσθαι.
1351 721 1487 780 Εἶτα
1519 726 1613 780 καὶ
1641 725 1946 797 μαρτυρίαν
1980 724 2181 806 ἐπάγει

602 803 805 886 λέγωνῖ
833 810 1089 880 Φοϐερὸν
1114 811 1181 864 τὸ
1208 809 1499 880 ἐμπεσεῖν
1520 812 1607 876 είς
1628 809 1827 877 χεῖρας
1858 807 2005 861 Θεοῦ
2040 803 2181 867 ζῶν-

604 918 726 964 τος.
764 898 1100 968 Γέγραπται
1133 892 1277 963 γάρ’
1323 892 1485 963 Ἐμοὶ
1513 892 1854 960 ἐκδίκησις,
1891 889 2005 960 ἐγὼ
2042 890 2183 943 ἀντ-

604 982 895 1037 αποδώσω
918 1020 932 1044 ,
974 977 1140 1049 λέγει
1175 977 1391 1044 Κύριος
1411 992 1423 1006 ·
1455 975 1552 1029 καὶ
1577 974 1765 1041 πάλιν,
1795 974 2012 1044 Κύριος
2067 990 2185 1041 κρι-

605 1064 704 1119 νεῖ
749 1064 855 1118 τόν
902 1062 1058 1117 λαὸν
1102 1059 1312 1116 αὑτοῦ.
1383 1057 1825 1129 Ἐμπεσούμεθα,
1877 1056 2063 1126 φησὶν,
2103 1055 2184 1118 εἰς

608 1150 796 1219 χεῖρας
848 1145 1089 1216 Κυρίου,
1142 1144 1238 1198 καὶ
1284 1141 1359 1213 μὴ
1401 1142 1431 1183 ιι
1483 1142 1565 1205 είς
1610 1143 1799 1211 χεῖρας
1853 1138 2179 1209 ἀνθρώπων.

620 1218 757 1283 Ἀλλ’
784 1228 880 1283 ἐὰν
914 1228 989 1299 μὴ
1033 1228 1427 1298 μετανοήσητε,
1465 1225 1547 1287 εἰς
1597 1226 1783 1295 χεῖρας
1825 1218 1961 1274 Θεοῦ
2006 1222 2183 1289 ἐμπε-

609 1314 789 1369 σεῖσθε
822 1331 837 1345 ’
879 1315 1057 1367 ἐκεῖνο
1088 1311 1315 1383 φοϐερόν
1343 1326 1357 1341 ·
1408 1308 1569 1363 τοῦτο
1626 1307 1780 1361 οὐδέν
1824 1308 1943 1359 ἐστι
1996 1306 2060 1357 τὸ
2104 1304 2184 1367 είς

607 1399 799 1469 χεῖρας
851 1394 1153 1467 ἀνθρώπων
1196 1394 1477 1465 ἐμπεσεῖν.
1535 1392 1703 1445 Ὅταν
1752 1391 1969 1458 ίδωμεν,
2027 1386 2183 1458 φησί,

607 1480 731 1534 τινά
760 1478 1116 1548 κολαζόμενον
1156 1476 1414 1542 ἐνταῦθα,
1453 1474 1529 1547 μὴ
1567 1472 1896 1543 φοϐηθῶμεν
1930 1471 2024 1523 ἐπὶ
2070 1470 2185 1532 τοῖς

609 1561 897 1632 παροῦσιν,
943 1560 1082 1615 ἀλλά
1110 1559 1391 1631 φρίξωμεν
1433 1558 1528 1611 ἐπὶ
1564 1558 1676 1619 τοῖς
1717 1555 1994 1627 μέλλουσι.
2024 1552 2187 1608 Κατὰ

612 1644 721 1716 γὰρ
766 1644 831 1698 τὸ
861 1644 1033 1710 ἕλεος
1079 1643 1263 1697 αὐτοῦ
1293 1642 1393 1696 καὶ
1425 1642 1465 1711 ἠ
1505 1638 1651 1709 ὀργὴ
1706 1638 1915 1704 αὐτοῦ,
1964 1636 2060 1691 καὶ
2088 1634 2187 1689 ἐπὶ

609 1726 994 1797 ἁμαρτωλοὺς
1043 1725 1421 1781 καταπαύσει
1471 1727 1505 1779 ό
1542 1721 1731 1792 θυμός
1778 1720 1986 1775 αὐτοῦ.
2035 1720 2188 1788 ’Ἅμα

610 1811 705 1864 καὶ
739 1810 927 1881 ἐτερόν
977 1826 1028 1862 τι
1077 1808 1375 1863 αίνίττεται
1420 1805 1656 1861 ἐνταῦθα
1702 1806 1791 1859 διὰ
1842 1802 1937 1857 τοῦ
1989 1804 2181 1855 εἰπεῖν·

611 1891 777 1963 Ἐμοί
792 1891 1120 1959 ἐκδίκησις,
1132 1890 1247 1960 ἐτὼ
1266 1888 1687 1945 ἀνταποδώσω.
1708 1887 1831 1941 Ἐπί
1853 1884 1961 1939 τῶν
1979 1884 2189 1956 ἐχθρῶν

610 1974 771 2030 τοῦτο
801 1974 1014 2046 είρηται
1052 1973 1160 2026 τῶν
1195 1972 1380 2037 κακῶς
1412 1970 1730 2036 ποιούντων,
1764 1972 1825 2025 οὐ
1849 1970 1959 2023 τῶν
2000 1967 2189 2031 κακῶς

613 2060 951 2128 πασχόντων.
1021 2055 1288 2112 Ἐνταῦθα
1340 2057 1435 2111 καὶ
1490 2055 1903 2128 παραμυθεῖται
1962 2053 2185 2119 αὐτοὺς,

616 2140 899 2213 μονονουχὶ
922 2140 1131 2210 λέγων·
1168 2140 1338 2194 Μένει
1377 2138 1670 2203 διαπαντὸς
1703 2140 1732 2191 6
1760 2137 1891 2201 Θεὸς
1932 2138 2028 2192 καὶ
2072 2138 2139 2208 ζῇ
2170 2153 2187 2170 ο

613 2224 755 2278 ῶστε
778 2224 881 2279 κᾶν
916 2222 994 2295 μή
1015 2222 1109 2279 νῦν
1134 2222 1507 2289 ἀπολάϐωσιν,
1534 2220 1761 2293 ὕστερον
1793 2219 2188 2291 ἀπολήψονται.

626 2305 901 2371 Ἐκείνους
929 2307 1009 2360 δεῖ
1047 2305 1348 2374 στενάζειν,
1395 2306 1497 2376 οὐχ
1526 2306 1674 2376 ἡμᾶς
1696 2322 1709 2334 ·
1745 2306 1907 2375 ἡμεῖς
1957 2304 2055 2374 μὲν
2082 2303 2192 2373 γὰρ

615 2390 699 2453 είς
731 2390 827 2453 τάς
852 2389 1079 2444 ἐκείνων
1108 2387 1501 2460 ἐμπσούμεθα
1535 2390 1745 2459 χεῖρας,
1778 2389 1976 2440 ἐκεῖνοι
2004 2385 2062 2439 δέ
2108 2388 2191 2449 εἰς

614 2472 715 2535 τάς
736 2471 833 2525 τοῦ
864 2471 1024 2525 Θεοῦ.
1057 2472 1132 2525 Οὐ
1162 2471 1271 2541 γὰρ
1305 2471 1333 2523 6
1362 2468 1551 2524 παθὼν
1584 2470 1784 2539 πάσχει
1830 2467 2039 2533 κακῶς,
2077 2466 2192 2521 ἀλλ’

615 2557 646 2610 6
682 2554 853 2608 ποιῶν
884 2570 899 2585 ·
932 2552 1057 2607 οὐτε
1086 2556 1116 2607 6
1158 2552 1622 2625 εὐεργετούμενος
1665 2550 2027 2624 εὐεργετήθη,
2075 2549 2192 2604 ἀλλ’

616 2641 646 2694 6
678 2638 1002 2708 εὐεργετῶν.

686 2722 875 2776 Ταῦτα
897 2717 989 2777 οὖν
1016 2721 1240 2787 ειδότες,
1271 2720 1587 2789 ἀνεξίκακοι
1620 2714 1773 2793 ῶμεν
1808 2724 1937 2793 περὶ
1976 2722 2039 2777 τὸ
2084 2719 2195 2774 πά-

620 2822 774 2875 σχειν
820 2802 1025 2869 κακῶς,
1060 2803 1342 2876 πρόχειροι
1389 2806 1518 2876 περὶ
1558 2804 1621 2857 τὸ
1655 2804 1806 2878 [189]
1861 2806 2191 2876 εὐεργετεῖν.

618 2888 794 2942 Τοῦτο
845 2887 905 2941 δέ
944 2887 1128 2953 ἐσται,
1164 2888 1229 2942 ἂν
1288 2891 1590 2959 χρημάτων
1638 2890 2072 2961 καταφρονῶμεν
2102 2887 2197 2942 καὶ

618 2971 777 3042 δόξης
812 2987 826 3003 ·
870 2973 899 3024 6
934 2972 1111 3026 ταῦτα
1142 2971 1211 3026 τά
1252 2972 1400 3043 πάθη
1448 2974 1883 3044 ἀποδυσάμενος,
1936 2974 2196 3028 ἁπάντων

620 3055 931 3129 ἀνθρώπων
961 3056 1110 3112 ἐστὶν
1144 3055 1598 3129 ἐλευθερώτερος,
1635 3059 1731 3111 καὶ
1761 3058 1926 3112 αὐτοῦ
1956 3058 2051 3111 τοῦ
2099 3060 2198 3128 τήν

620 3140 915 3212 ἁλουργίδα
938 3140 1322 3212 περικειμένου
1358 3141 1757 3213 εὐπορώτερος.
1794 3142 1905 3212 Οὐχ
1938 3144 2070 3214 δρᾷς
2100 3141 2199 3195 ὅσα

621 3224 833 3293 γίνεται
863 3222 1011 3276 κακὰ
1038 3222 1129 3276 διὰ
1154 3224 1223 3276 τά
1248 3224 1500 3293 χρήματα
1526 3241 1540 3290 ;
1569 3224 1631 3275 οὐ
1675 3223 1817 3292 λέγω
1852 3224 1951 3277 ὅσα
1980 3222 2070 3277 διὰ
2101 3222 2199 3294 τὴν

622 3306 961 3374 πλεονεξίαν,
988 3306 1105 3360 ἀλλ’
1139 3308 1198 3359 ἐν
1230 3309 1294 3375 τῇ
1330 3306 1676 3378 προσπαθείᾳ
1702 3306 1907 3360 τούτων
1931 3324 1945 3338 θ
1995 3303 2109 3360 οἷόν
2146 3324 2197 3359 τι

623 3392 785 3461 λέγωο
811 3392 907 3445 Ἂν
933 3389 1173 3462 ἀπολέσῃ
1196 3408 1279 3452 τις
1306 3390 1590 3461 χρήματα,
1612 3390 1815 3455 παντὸς
1842 3390 2074 3445 Θανάτου
2101 3408 2198 3461 χα-

623 3476 929 3547 λεπώτερον
958 3474 1071 3545 βίον
1099 3472 1186 3546 ζῇ.
1221 3474 1285 3526 Τί
1310 3473 1517 3542 ἀλγεῖς,
1540 3474 1820 3545 ἀνθρωπε;
1843 3476 1895 3528 τί
1917 3475 2193 3546 δακρύειςς

623 3560 707 3613 δτι
738 3575 798 3611 σε
832 3559 932 3628 τῆς
966 3557 1233 3626 περιττῆς
1263 3556 1514 3626 φυλακῆς
1537 3558 1844 3627 ἀπήλλαξεν
1867 3562 1895 3612 6
1931 3558 2084 3625 Θεός;
2114 3560 2197 3612 ὅτι

624 3643 687 3695 οὐ
716 3641 859 3713 κάθῃ
884 3639 1101 3711 τρέμων
1132 3639 1228 3692 καλ⁵
1265 3637 1553 3703 δεδοικώςς
1594 3634 1726 3692 Εἶτα
1771 3641 1837 3693 ἂν
1869 3640 1967 3710 μέν
2001 3642 2061 3693 σέ
2112 3658 2199 3705 τις

620 3724 913 3795 προσδήσῃ
952 3721 1243 3793 θησαυρῷ,
1284 3720 1529 3774 κελεύων
1569 3721 1860 3785 διαπαντὸς
1901 3724 2022 3775 ἐκεῖ
2066 3721 2200 3777 καθ-

627 3806 814 3877 ῆσθαι,
832 3807 928 3861 καὶ
957 3807 1260 3876 ἀγρυπνεῖν
1288 3804 1428 3874 ὑπὲρ
1450 3804 1766 3875 ἀλλοτρίων,
1789 3806 1997 3874 ἀλγεῖς,
2018 3806 2201 3876 δυσχε-

630 3890 837 3962 ραίνεις
864 3906 879 3921 ο
906 3890 970 3942 σύ
991 3890 1049 3942 δέ
1079 3888 1276 3942 σαυτὸν
1297 3887 1608 3960 προσδήσας
1639 3889 1859 3959 δεσμοῖς
1881 3890 2199 3959 χαλεπωτά-

629 3990 761 4039 τοις,
797 3972 986 4042 ἐπειδὴ
1018 3971 1337 4043 ἀπηλλάγης
1376 3972 1475 4041 τῆς
1518 3971 1781 4035 δουλείας,
1815 3973 2037 4039 ἁλγεῖς;
2074 3973 2201 4025 ’ον-

628 4074 738 4121 τως
776 4055 1101 4128 προλήψεώς
1146 4058 1285 4109 εἰσιν
1315 4056 1368 4108 αί
1398 4054 1565 4109 λῦπαι
1606 4056 1700 4109 καὶ
1736 4057 1791 4109 αἰ
1824 4055 2152 4125 εὐφροσύναι
2182 4094 2196 4107 .

629 4140 880 4210 καθάπερ
914 4139 1021 4213 γάρ
1061 4138 1317 4209 ἀλλότρια
1345 4137 1579 4208 έχοντες,
1610 4138 1784 4201 οὕτως
1821 4138 1960 4191 αὐτὰ
2005 4137 2202 4209 τηροῦ-

632 4239 755 4294 μεν.
781 4222 896 4275 Νῦν
922 4222 1059 4292 πρὸς
1096 4220 1197 4284 τὰς
1224 4221 1486 4289 γυναῖκάς
1536 4238 1624 4291 μοι
1662 4224 1690 4274 6
1738 4221 1917 4289 λόγος.
1955 4216 2087 4292 Εἷχέ
2117 4238 2199 4286 τις

630 4304 768 4376 γυνὴ
793 4303 1049 4367 πολλάκις
1077 4303 1185 4356 ἀπὸ
1210 4302 1436 4373 χρυσίου
1469 4302 1617 4373 ὐφασ
1628 4303 1790 4373 μένον
1830 4303 2071 4371 ἱμάτιον,
2108 4304 2205 4357 καὶ

631 4387 791 4441 τοῦτο
817 4388 1093 4447 τινάσσει,
1125 4384 1443 4455 περιϐάλλει
1464 4385 1652 4450 λίνοις,
1679 4389 1836 4457 τηρεῖ
1862 4387 1999 4457 μετά
2030 4388 2206 4455 ἀσφα-

631 4471 803 4536 λείας,
824 4469 1014 4540 τρέμει
1038 4469 1181 4539 ὐπέρ
1217 4468 1404 4535 αὐτοῦ,
1437 4469 1532 4522 καὶ
1560 4469 1662 4522 οὐκ
1693 4469 1959 4524 ἀπολαύει
1991 4469 2158 4523 αὐτοῦ
2184 4487 2199 4503 ο

632 4554 667 4625 ἢ
701 4554 810 4625 γάρ
827 4552 1181 4621 ἐτελεύτησεν
1208 4551 1241 4620 ἦ
1276 4553 1571 4622 ἐχήρευσεν
1595 4569 1608 4582 ·
1650 4552 1708 4623 ἢ,
1737 4553 1843 4606 κᾶν
1888 4553 2055 4623 μηδὲν
2083 4551 2205 4605 τού-

632 4655 741 4693 των
765 4636 971 4707 συμϐῇ,
1010 4634 1215 4687 δέδοικε
1252 4634 1328 4704 μή
1357 4638 1424 4705 τῇ
1472 4638 1686 4705 συνεχεῖ
1725 4638 1921 4707 χρήσει
1956 4637 2202 4707 δαπανή-

636 4737 779 4774 σασα
801 4720 953 4782 αὐτὸ,
998 4718 1426 4787 ἀποσεερήσειεν
1468 4718 1667 4789 ἐαυτήν
1694 4736 1707 4749 ·
1762 4718 1866 4771 κᾶν
1904 4718 2063 4782 ἀλλος
2106 4718 2208 4772 οὐκ

633 4802 1004 4873 ἀποστερήσῃ,
1037 4802 1334 4869 ἀποστερεῖ
1366 4799 1567 4871 ἐαυτήν
1603 4802 1670 4871 τῇ
1703 4800 1976 4872 φειδωλία.
2044 4798 2208 4855 ’Δλλὰ

636 4887 960 4956 παραχωρεῖ
984 4883 1186 4953 ἐτέρας
1226 4883 1340 4936 ἀλλ’
1373 4883 1494 4937 οὐδέ
1523 4882 1685 4937 τοῦτο
1717 4884 1877 4955 δῆλον
1907 4903 1919 4915 ’
1951 4886 1999 4937 εί
2021 4884 2078 4937 δέ
2112 4884 2207 4939 καὶ

636 4968 1082 5040 παραχωρήσειε,
1112 4966 1206 5020 καὶ
1239 4966 1425 5038 ἐκείνη
1451 4966 1613 5020 πάλιν
1651 4968 1854 5038 ὁμοίως
1893 4967 2045 5037 αὐτῷ
2070 4970 2208 5040 χρή-

641 5067 815 5106 σεται.
851 5052 959 5103 Καὶ
986 5050 1137 5112 εἴτις
1164 5050 1454 5121 ἐρευνήσει
1482 5051 1551 5103 τὰ
1574 5052 1630 5103 ἐν
1655 5054 1774 5115 ταῖς
1790 5050 2008 5117 οἰκίαις,
2045 5053 2211 5123 εὐρή-

641 5149 728 5187 σει
764 5132 834 5185 τά
874 5132 1107 5203 μάλιστα
1132 5133 1293 5202 τίμια
1321 5132 1431 5185 τῶν
1477 5132 1708 5203 ἱματίων
1738 5136 1835 5187 καὶ
1874 5135 1942 5188 τά
1976 5136 2113 5190 ἄλλα
2141 5136 2211 5191 τὰ

643 5216 979 5287 ὑπερέχοντα
997 5218 1054 5269 ἐν
1084 5215 1293 5269 πλείονι
1320 5220 1478 5287 τιμῇ,
1501 5215 1691 5287 ῶσπερ
1714 5217 1992 5288 ἐμψύχους
2016 5219 2212 5272 δεσπό-

642 5316 759 5362 τας,
792 5299 1205 5369 θεραπευόμενα
1226 5315 1238 5329 ·
1268 5300 1327 5353 οὐ
1367 5299 1476 5370 γὰρ
1506 5300 1709 5370 χρῆται
1740 5302 1921 5365 αὐτοῖς
1949 5304 2208 5372 συνεχῶς,

643 5382 780 5436 ἀλλά
805 5382 1011 5436 δέδοικε
1047 5384 1143 5435 καὶ
1167 5384 1379 5455 τρέμει,
1415 5386 1583 5454 σῆτας
1626 5388 1723 5439 καὶ
1752 5386 1821 5439 τά
1852 5386 1987 5439 ἄλλα
2021 5388 2089 5439 τά
2126 5388 2211 5458 βι-

646 5465 914 5535 ϐρώσκειν
944 5464 1175 5520 εἰωθότα
1231 5466 1597 5530 ἁποσοϐοῦσα,
1644 5470 1741 5522 καὶ
1782 5470 1850 5521 τὰ
1889 5469 2111 5523 πλείονα
2154 5473 2211 5524 ἐν

650 5548 877 5619 μύρροις
892 5549 985 5602 καὶ
1004 5549 1261 5621 ἁρώμασι
1282 5553 1508 5619 τιθεῖσα,
1521 5553 1641 5607 οὐδέ
1664 5554 1826 5606 πᾶσιν
1846 5554 2213 5625 ἐπιτρέπουσα

711 5666 735 5738 ξ
764 5663 822 5738 ἔρ
854 5664 1211 5738 COIP-‘Jfgilqr
1240 5672 1447 5735 ἀφίησιν.
1472 5673 1687 5738 Dgnans
1708 5673 1881 5738 ἐφίησι.

684 5724 740 5803 εδ
764 5727 897 5789 Mars
938 5724 1113 5803 ‘Safil:
1167 5724 1448 5799 ἐμπέσωμεν
1490 5734 1588 5797 οὐν,
1633 5724 1876 5799 φησίν,ἐὶς
1898 5734 2057 5798 χεῖρας
2087 5734 2212 5788 Θεοῦ

650 5795 838 5855 ζῶντος,
873 5795 952 5841 καὶ
976 5795 1059 5855 μή.

1342 364 1399 423 S.
1438 360 1722 421 JOANNIS
1756 355 2240 421 CIIRYSOSTOMI
2278 358 2597 420 ARCHIEP.
2638 352 3195 420 CONSTANTINOP.

3757 342 3880 427 ιισ

2280 474 2382 542 τῆς
2410 476 2589 546 ὄψεως
2627 475 3038 544 καταξιωθῆναι
3091 467 3331 536 ἐκείνης,
3384 462 3501 517 ἀλλ’
3550 459 3691 530 αὐτὴ
3727 434 3883 546 πολ-.

2280 558 2435 623 λάκις
2457 544 2610 630 ἡμετά
2645 559 2738 613 τοῦ
2774 558 2969 625 ἀνδρὸς
2995 552 3168 608 ταῦτα
3207 548 3505 630 διατιθεῖσα
3555 544 3863 630 talpam.

2352 644 2418 711 γ’.
2440 627 2554 698 Οὐκ
2569 642 2815 706 εἰκότως,
2833 640 2952 693 είπέ
2974 654 3084 707 μοι,
3106 628 3549 701 εἰδωλολατρείαν
3564 630 3662 698 τήν
3681 627 3874 682 πλεον-

2282 727 2437 793 εξίαν
2471 728 2730 781 ἐκάλεσεν
2764 724 2793 775 6
2839 721 3089 785 Παῦλος;
3118 720 3294 789 Ὅσην
3331 716 3439 786 γάρ
3470 714 3669 768 ἐκεῖνοι
3697 712 3873 793 τιμὴν

2282 790 2413 879 περὶ
2453 810 2523 863 τά
2566 807 2765 862 εἴδωλα
2798 804 3239 866 ἐπιδείκνυνται,
3272 798 3545 869 τοσαύτην
3579 795 3677 849 καὶ
3717 790 3873 879 οῦτοι

2284 878 2412 964 περὶ
2446 894 2516 947 τὰ
2545 893 2736 964 ἰμάτια
2755 901 2804 955 ο,
2835 886 2966 961 περὶ
2995 886 3065 940 τὰ
3082 882 3307 957 χρυσία.
3348 882 3531 964 Μέχρι
3557 880 3702 964 τίνος
3741 878 3873 964 969-

2284 962 2443 1046 ϐορον
2489 962 2887 1043 ἀνάκινοῦμενς
2937 969 3101 1042 μέχρι
3147 967 3296 1030 τίνος
3339 963 3418 1035 τῷ
3462 963 3621 1035 πηλῷ
3670 962 3764 1046 κξίὶ
3801 964 3869 1046 ’ξῇ

2284 1044 2535 1130 πλινθείᾳ
2560 1054 3002 1130 προσηλώμεθας
3036 1054 3249 1122 Ὠσπερ
3282 1049 3393 1118 γὰρ
3428 1048 3631 1101 ἐκεῖνοι
3658 1044 3738 1116 τῷ
3762 1044 3875 1130 τῶν

2284 1141 2435 1216 [190]
2459 1127 2767 1212 Αἰγυπτίων
2792 1138 3004 1211 βασιλεῖ
3028 1137 3287 1206 ἔκαμνον,
3320 1134 3463 1216 οὓτω
3485 1130 3581 1216 καὶ
3604 1131 3766 1216 ἡμεῖς
3793 1127 3875 1201 τῷ

2282 1212 2511 1293 διαϐόλῳ
2554 1225 2866 1295 κάμνομεν,
2895 1221 2991 1275 καὶ
3025 1214 3406 1290 μαστιζόμεθα
3451 1214 3585 1269 πολὺ
3617 1212 3872 1284 χαλεπω-

2283 1310 2452 1380 τέρας
2493 1308 2786 1378 μάστιγας.
2824 1305 2937 1358 Καὶ
2971 1305 3045 1375 μή
3072 1319 3194 1356 τινα
3226 1298 3536 1371 ὑπερϐολήν
3575 1295 3875 1367 καταγνῷς

2285 1393 2379 1447 τοῦ
2428 1391 2589 1460 λόγου
2614 1408 2628 1424 ’
2672 1390 2784 1459 ὅσῳ
2811 1388 2920 1459 γὰρ
2950 1386 3218 1457 κρείττων
3249 1382 3503 1454 σώματος
3546 1381 3695 1453 ψυχὴ
3717 1423 3732 1447 ,
3780 1398 3878 1434 το-

2288 1476 2465 1547 σούτῳ
2488 1474 2709 1547 φροντὶς
2735 1471 3020 1543 μωλώπων
3044 1465 3465 1541 μαστιζόμεθαά
3485 1466 3606 1521 καθ’
3630 1467 3876 1537 ἑκάστην

2288 1559 2522 1630 ἡμέραν,
2556 1556 2877 1626 δεδοίκαμεν
2912 1552 3317 1626 φροντίζοντες,
3369 1550 3684 1622 τρέμοντες.
3732 1548 3876 1602 Ἀλλ’

2288 1645 2382 1699 ἐάν
2412 1643 2731 1715 θελήσωμεν
2762 1638 3017 1704 στενάξαι
3039 1679 3054 1703 ,
3092 1638 3188 1692 ἐὰν
3218 1636 3538 1707 θελήσωμεν
3570 1632 3877 1701 ἀναϐλέψαι

2289 1728 2428 1800 πρὸς
2460 1727 2552 1781 τὸν
2584 1726 2739 1792 Θεὸν,
2775 1724 2987 1795 πέμπει
3014 1725 3149 1793 ήμῖν
3175 1721 3238 1776 οὐ
3281 1719 3542 1785 Μωῦσέα,
3581 1716 3703 1771 οὐδέ
3744 1716 3879 1800 :Aa-

2291 1792 2424 1887 ρῶν,
2451 1809 2585 1865 ἀλλά
2614 1808 2706 1862 τὸν
2732 1792 2897 1863 αὐτοῦ
2923 1792 3081 1876 λόγον
3106 1806 3199 1860 καὶ
3226 1805 3328 1887 τήν
3352 1801 3667 1887 κατάνυξιν.
3698 1792 3880 1887 Θύτος

2289 1882 2469 1951 τοίνυν
2492 1891 2688 1957 ἐλθὼν,
2717 1891 2812 1946 καὶ
2845 1889 3137 1961 κατασχὼν
3162 1886 3322 1959 ήμῶν
3350 1885 3450 1951 τάς
3479 1883 3662 1956 ψυχὰς
3679 1924 3694 1949 ,
3720 1882 3879 1937 ἐλευ-

2291 1977 2523 2047 θερώσει
2550 1978 2653 2046 τῆς
2680 1976 2924 2039 δουλείας
2950 1975 3051 2046 τῆς
3077 1974 3283 2044 πικρᾶς
3309 1972 3479 2043 ήμάς,
3513 1968 3692 2035 ἐξάξει
3723 1968 3876 2039 ἡμᾶς

2292 2064 2350 2130 ἐξ
2390 2060 2702 2130 Αἰγύπτου,
2736 2059 2837 2129 τῆς
2867 2060 3128 2128 ἀνονήτου
3162 2055 3258 2110 καὶ
3303 2053 3668 2126 ματαιοπόνου
3708 2068 3879 2104 σπου-

2290 2148 2410 2219 δῆς,
2436 2146 2535 2215 τῆς
2559 2142 2805 2205 δουλείας
2828 2142 2929 2212 τῆς
2955 2140 3109 2195 οὐδὲν
3134 2139 3327 2210 κέρδος
3352 2136 3604 2208 ἐχούσης.
3639 2135 3878 2219 Ἐκεῖνοι

2296 2232 2395 2304 μὲν
2430 2224 2524 2284 οὖν
2562 2226 2665 2283 κᾶν
2705 2225 2908 2299 χρυσία
2948 2223 3206 2285 λαϐόντες
3235 2221 3498 2291 ἐξῆλθον,
3544 2218 3639 2275 τὸν
3680 2218 3880 2304 μισθδν

2292 2303 2392 2387 τῆς
2421 2312 2713 2383 οἰκοδομῆς
2736 2328 2750 2341 ⁸
2784 2311 2947 2383 ἡμεῖς
2979 2308 3038 2362 δὲ
3062 2307 3217 2362 οὐδέν
3236 2322 3252 2337 ⁸
3283 2305 3381 2360 καὶ
3408 2305 3521 2359 εἴθε
3554 2304 3751 2376 μηδέν·
3776 2303 3879 2387 νῦν

2293 2386 2473 2453 δέ-καί
2497 2398 2656 2467 ἡμεῖς
2694 2394 3045 2465 λαμϐάνομεν
3083 2390 3143 2445 οὐ
3174 2389 3394 2463 χρυσία,
3435 2389 3572 2443 ἀλλά
3604 2388 3677 2442 τά
3704 2386 3882 2457 Αίγύ-

2298 2501 2430 2537 πτου
2454 2481 2619 2547 κακά,
2638 2480 2859 2551 ἀμαρτή
2869 2494 3016 2545 ματα
3047 2476 3143 2530 καὶ
3174 2476 3424 2539 κολάσεις
3451 2473 3547 2529 καὶ
3576 2473 3879 2544 τιμωρίας.

2293 2568 2574 2635 Μάθωμεν
2626 2563 2807 2617 τοίνυν
2856 2560 3220 2630 ὠφελεῖσθαι,
3266 2557 3529 2629 μάθωμεν
3572 2556 3885 2627 ἐπηρεάζε-

2297 2650 2451 2704 σθαι·
2492 2648 2651 2701 τοῦτό
2687 2648 2803 2699 ἐστι
2834 2643 3161 2715 Χριστιανοῦ
3182 2660 3196 2673 ο
3226 2641 3737 2712 καταφρονήσωμεν
3765 2639 3884 2695 τῶν

2295 2732 2514 2805 χρυσῶν
2547 2731 2811 2803 ἱματίων,
2840 2727 3352 2797 καταφρονήσωμεν
3392 2724 3503 2778 τῶν
3539 2722 3880 2796 χρημάτων,

2298 2820 2385 2872 ῐνα
2408 2817 2483 2887 μὴ
2505 2813 3009 2886 καταφρονήσωμεν
3023 2813 3122 2881 τῆς
3145 2809 3423 2879 σωτηρίας
3442 2809 3543 2878 τῆς
3568 2808 3881 2880 ἡμετέραςο

2297 2900 2803 2970 καταφρονήσωμεν
2831 2894 3132 2968 χρημάτων
3152 2934 3169 2960 ,
3212 2894 3305 2947 καὶ
3340 2891 3415 2963 μή
3446 2892 3886 2963 καταφρονήσω-

2301 3004 2400 3058 μεν
2443 2987 2540 3053 τῆς
2585 2981 2803 3051 ψυχῆς
2858 2977 2997 3051 αὐτη
3046 2976 3155 3049 γάρ
3206 2977 3355 3030 ἐστιν
3401 2978 3435 3046 ή
3496 2975 3881 3047 κολαζομένη,

2297 3068 2436 3137 αὐτη
2477 3066 2626 3119 ἐστὶν
2655 3066 2689 3135 ή
2724 3061 3112 3133 τιμωρουμένη
3138 3076 3152 3090 ο
3191 3060 3376 3112 ἐκεῖνα
3414 3058 3650 3112 ἐνταῦθα
3683 3059 3838 3129 μένει
3862 3097 3881 3121 ,

2298 3153 2437 3222 αὐτη
2476 3150 2533 3204 δέ
2562 3151 2779 3205 ἄπεισιν
2808 3148 2942 3201 ἐκεῖ.
2971 3146 3130 3208 Τίνος
3157 3144 3367 3209 ἕνεκεν,
3405 3144 3572 3208 τίνος,
3608 3143 3729 3197 εἰπέ
3762 3161 3883 3215 μοι,

2302 3235 2670 3295 κατακόπτεις
2705 3229 2930 3295 σαυτὸν,
2971 3229 3065 3282 καὶ
3094 3228 3194 3281 οὐκ
3223 3226 3488 3299 αίσθάνῃς
3516 3226 3702 3281 Ταῦτα
3741 3226 3888 3298 πρὸς

2296 3322 2423 3382 τοῦς
2443 3317 2769 3379 πλεονέκτας
2796 3312 2959 3381 λέγω.
2989 3311 3168 3365 Καλὸν
3189 3310 3246 3364 δέ
3264 3312 3359 3365 καὶ
3387 3311 3523 3381 πρὸς
3540 3312 3668 3374 τοὺς
3690 3308 3889 3363 πλεον-

2297 3401 2656 3472 εκτουμένους
2729 3398 2934 3461 εἰπεῖν,
2994 3394 3189 3466 φέρετε
3238 3393 3504 3461 γενναίως
3546 3391 3643 3456 τάς
3683 3391 3886 3446 πλεονο

2297 3486 2447 3552 εξίας
2472 3500 2485 3514 °
2524 3481 2749 3542 ἑαυτοὺς
2784 3476 3099 3550 ἀναιροῦσιν
3130 3478 3348 3541 ἐκεῖνοι,
3370 3476 3469 3546 οὐχ
3498 3475 3663 3544 ὑμᾶς.
3706 3474 3890 3545 ’Υμᾶς

2301 3570 2403 3638 μὲν
2445 3562 2807 3634 ἀποστεροῦσι
2852 3561 3186 3633 χρημάτων,
3241 3561 3469 3617 ἐαυτούς
3510 3558 3569 3612 δέ
3608 3556 3885 3629 γυμνοῦσι

2298 3654 2399 3723 τῆς
2423 3650 2634 3713 εὐνοίας
2659 3648 2753 3701 τοῦ
2789 3646 2925 3701 Θεοῦ
2952 3648 3045 3701 καὶ
3068 3648 3167 3716 τῆς
3193 3644 3449 3715 βοηθείας
3468 3660 3481 3675 ³
3515 3645 3544 3697 6
3573 3642 3632 3697 δὲ
3660 3644 3888 3715 ἐκείνης

2299 3733 2637 3805 γυμνωθεὶς,
2660 3730 2762 3785 κᾶν
2792 3730 3007 3784 ἅπαντα
3034 3728 3398 3799 περιϐάληται
3420 3727 3521 3797 τῆς
3550 3725 3888 3797 οἰκουμένης

2297 3818 2391 3871 τὸν
2419 3815 2669 3881 πλοῦτον,
2703 3816 2920 3867 πάντων
2946 3814 3066 3866 ἐστὶ
3087 3812 3411 3881 πενέστερος
3429 3825 3446 3842 ο
3470 3808 3759 3881 ὡσπεροῦν
3786 3814 3885 3867 καὶ

2298 3902 2328 3954 6
2359 3902 2576 3955 πάντων
2606 3896 2932 3968 πενέστερος
2952 3935 2967 3959 ,
2995 3895 3064 3950 ἂν
3091 3894 3297 3966 ταύτην
3328 3894 3449 3967 ἔχῃ,
3484 3894 3703 3947 πάντων
3729 3892 3890 3946 ἐστὶν

2299 3984 2707 4054 εὐπορώτερος·
2738 3981 2957 4048 Κύριος
2985 3980 3113 4051 γὰρ,
3139 3980 3294 4050 φησὶ,
3326 3979 3629 4050 ποιμαίνει
3657 3993 3754 4049 με,
3780 3977 3888 4031 καὶ

2299 4069 2481 4125 οὐδέν
2513 4083 2589 4139 με
2624 4065 2968 4135 ὑστεγιήσει.
3007 4066 3143 4119 Εἰ.πέ
3190 4064 3253 4135 δή
3305 4080 3430 4134 μοι,
3471 4064 3525 4117 εί
3568 4079 3693 4116 τινα
3737 4056 3889 4131 εἶχες

2301 4156 2471 4226 ἀνδρα
2501 4153 2673 4224 μέγαν
2705 4152 2802 4205 καὶ
2839 4150 3185 4220 θαυμαστὸν,
3218 4148 3363 4203 πάνυ
3396 4165 3455 4201 σε
3486 4146 3744 4214 φιλοῦντα
3788 4146 3891 4201 καὶ

2303 4238 2625 4309 κηδόμενον,
2654 4232 2773 4289 εἶτα
2794 4234 2964 4302 ἔγνως
2988 4235 3070 4287 ὃτι
3099 4231 3393 4296 διαπαντὸς
3421 4230 3668 4303 ζήσεται,
3695 4231 3791 4285 καὶ
3819 4231 3887 4285 οὐ

2306 4320 2760 4392 προτελευτήσεις
2790 4314 2983 4381 αὐτοῦ,
3013 4317 3109 4371 καὶ
3144 4317 3325 4370 πάντα
3363 4332 3444 4370 σοι
3480 4314 3710 4387 παρέξει
3744 4314 3891 4385 μετά

2306 4406 2493 4467 ἀδείας
2522 4404 2590 4457 τά
2625 4401 2813 4469 αὐτοῦ,
2861 4402 3001 4456 ὥστε
3046 4417 3106 4454 σε
3144 4400 3222 4463 ώς
3255 4398 3367 4453 τῶν
3411 4397 3519 4453 σῶν
3551 4397 3882 4454 ἀπολαύειν·

2307 4485 2418 4561 ἀρα
2454 4487 2520 4542 ἂν
2549 4486 2820 4558 ἠθέλησας
2855 4484 3162 4555 κτήσασθαί
3188 4500 3278 4552 τις
3313 4479 3424 4557 ἆρα
3462 4484 3553 4547 ἂν,
3585 4485 3635 4537 εἰ
3666 4483 3889 4561 πάντων

2307 4560 2667 4642 ἐγυμνώθης,
2708 4567 2829 4639 οὐχί
2857 4582 2937 4620 ισε
2992 4566 3406 4639 πλουσιωτέραν
3448 4566 3699 4638 ἐνόμιζες
3742 4560 3892 4621 εἶναι

2305 4656 2391 4709 διὰ
2428 4655 2621 4719 τοῦτο;
2652 4652 2717 4707 Τί
2745 4652 2947 4722 δήποτε
2981 4646 3077 4705 οὖν
3107 4650 3359 4715 πενθεῖς;
3386 4650 3471 4704 ὅτι
3499 4650 3759 4722 χρήματα
3782 4650 3894 4705 οὐκ

2307 4739 2493 4810 έχεις;
2526 4735 2641 4791 ἀλλ’
2674 4734 2845 4789 ἐννόει
2874 4734 2955 4787 ὅτι
2989 4732 3275 4805 ἀφῃρέθης
3309 4733 3419 4787 τῶν
3464 4733 3892 4806 ἁμαρτημάτων

2306 4822 2406 4893 τὴν
2448 4820 2725 4875 ὑπόθεσιν.
2766 4816 2907 4870 Ἀλλ’
2953 4818 3039 4870 ὅτι
3084 4815 3271 4881 οὐσίας
3310 4815 3726 4888 ἀπεστερήθηςς
3768 4816 3897 4871 ἀλλ’

2308 4906 2527 4975 ἐκτήσω
2558 4901 2653 4955 τοῦ
2680 4898 2816 4955 Θεοῦ
2844 4899 2944 4970 τὴν
2973 4897 3209 4953 εὔνοιαν.
3250 4900 3362 4953 Καὶ
3388 4899 3506 4965 πῶς
3539 4899 3888 4973 ἐκτησάμην,

2309 4988 2504 5059 φησίν;
2545 4982 2679 5041 Εἴπε
2699 5026 2714 5051 ,
2744 4983 2848 5039 Διὰ
2882 4978 3036 5057 [191]
3079 4983 3140 5037 τί
3163 4982 3251 5053 μὴ
3273 4981 3518 5053 μᾶλλον
3548 4982 3895 5047 ἀδικεῖσθες

2309 5071 2461 5126 εἶπεν
2492 5072 2573 5124 ὅτι
2612 5070 2710 5122 ‘Er
2730 5068 2909 5123 παντί
2936 5065 3374 5137 εὐχαριστεῖτεο
3401 5063 3553 5122 εἶπεν
3574 5068 3658 5121 ὅτι
3687 5067 3896 5123 Μακά-

2301 5172 2421 5225 ριοι
2454 5158 2508 5209 οὶ
2554 5152 2775 5222 ,πτωχοί
2808 5148 2891 5217 τῷ
2939 5151 3252 5221 πνεύματι.
3304 5149 3508 5205 Ἐννόει
3541 5150 3721 5205 τοίνυν
3755 5152 3895 5223 ὅσης

2311 5239 2521 5301 εὐνοίας
2548 5235 2879 5298 ἀπολαύσεις
2899 5273 2914 5298 ,
2940 5234 3114 5288 ταῦτα
3150 5234 3239 5287 διὰ
3268 5233 3380 5288 τῶν
3408 5233 3589 5305 ἔργων
3622 5234 3897 5301 ἐπιδειξα-

2314 5325 2475 5391 μένη.
2525 5320 2621 5373 Ἓν
2665 5318 2775 5387 γὰρ
2812 5317 2973 5388 μόνον
3016 5319 3263 5389 ζητεῖται
3300 5318 3433 5387 παρ’
3473 5318 3663 5388 ήμῶν,
3702 5318 3764 5372 τὸ
3798 5320 3897 5374 ἐπὶ

2312 5408 2479 5458 πᾶσιν
2510 5404 2851 5473 εὐχαριστεῖν
2884 5401 2961 5472 τῷ
2989 5400 3109 5472 Θεῷ
3130 5442 3146 5465 ,
3179 5401 3275 5454 καὶ
3309 5402 3488 5456 πάντα
3522 5400 3720 5471 ἔχομεν
3753 5404 3897 5473 μετά

2312 5487 2611 5557 δαψιλείας.
2655 5479 2779 5563 υἷόν
2808 5502 2863 5537 τι
2904 5484 3049 5554 λέγω
3068 5501 3081 5515 ·
3112 5482 3430 5548 ’Δπώλεσας
3477 5482 3679 5556 χρυσοῦ
3705 5483 3896 5555 λίτρας

2378 5618 2401 5647 c
2434 5606 2673 5678 Posghac
2703 5608 2755 5655 In
2775 5604 2914 5658 Culb.
2936 5602 3101 5655 hiatus
3124 5605 3329 5669 grandis
3351 5612 3433 5655 est
3462 5604 3575 5668 plus
3591 5617 3737 5669 quam
3769 5605 3896 5657 dua.

2315 5685 2421 5721 rum
2448 5681 2751 5731 paginarum,

2381 5734 2408 5770 ά
2452 5728 2617 5795 ὶὸωε
2662 5728 2889 5795 νιιὶιιειιε.
2915 5729 3224 5795 δεοοίοοίυιιι
3280 5736 3378 5791 est,
3422 5728 3640 5795 τοσούτῳ
3687 5729 3896 5795 (nempe

2322 5793 2601 5858 κρείττονες)
2626 5792 2882 5855 φροντίδων
2907 5792 3137 5854 μώλωπες
3160 5792 3231 5850 al;
3252 5793 3586 5855 μαστιζόμεθα.
