4122 6338
210 393 311 448 Hii

198 508 299 562 hoc
337 507 493 562 enim
527 521 634 561 non
666 507 842 562 minus
869 518 1028 574 quam
1060 502 1361 559 consolatio
1399 503 1685 558 convertit.
1743 503 1806 558 Et

197 599 354 656 sinuil
383 598 633 655 ostendit
670 595 1024 652 differentiam
1051 637 1066 662 ,
1098 603 1151 648 ct
1191 594 1512 664 supplicium
1535 637 1549 657 ,
1592 593 1809 662 ctjudi-

196 693 336 747 cium
368 692 454 748 eis
487 692 664 760 ponit,
693 698 878 760 utpote
903 704 1025 743 cum
1055 703 1145 743 res
1174 690 1245 740 sit
1267 687 1572 744 manifesta.
1605 685 1808 754 Quanto

197 783 382 856 magis,
415 783 629 854 inquit,
662 782 849 850 putatis
888 781 1140 834 deteriora
1169 779 1350 833 mereri
1393 779 1690 849 supplicia!
1713 780 1809 835 llic

199 875 326 930 mihi
354 875 578 928 videtur
599 873 760 927 etiam
785 871 1038 942 mysteria
1067 870 1432 925 subiudicare.
1457 870 1660 926 Deinde
1691 872 1809 927 sub

192 966 367 1038 jungit
393 965 568 1020 etiam
593 963 982 1026 testimonium,
1014 962 1202 1017 dicens
1227 982 1242 1016 :
1266 963 1356 1016 51.
1391 961 1717 1022 llorrendum
1739 972 1808 1017 est

195 1057 426 1112 incidere
457 1058 513 1110 iu
545 1071 728 1109 manus
755 1053 856 1109 Dei
880 1054 1110 1108 uiuentis.
1144 1054 1234 1108 30.
1265 1051 1528 1122 Scriptum
1557 1063 1629 1107 est
1651 1055 1807 1120 enim,

195 1143 322 1202 Mihi
367 1146 604 1201 uindicta
627 1185 644 1210 ,
687 1153 735 1200 et
774 1160 866 1218 ego
902 1145 1220 1209 retribuam,
1273 1144 1396 1198 dicit
1439 1143 1729 1210 Dominus;
1763 1142 1810 1200 et

205 1251 411 1317 iterant,
443 1249 709 1305 Judicabit
741 1249 985 1304 Dominus
1011 1231 1452 1320 populuntsnum.
1488 1246 1808 1311 incidemus,

205 1343 400 1414 inquit,
431 1345 488 1399 in
522 1359 713 1400 manus
737 1342 970 1409 Domini,
999 1353 1053 1397 et
1076 1358 1187 1397 non
1213 1341 1265 1396 in
1298 1356 1487 1395 manus
1508 1339 1807 1393 hominum.

204 1434 310 1492 Sed
337 1437 385 1491 si
412 1451 529 1492 non
550 1436 723 1508 agatis
751 1432 1230 1505 penitentiam-in
1261 1433 1353 1488 Dei
1380 1445 1574 1487 manus
1605 1428 1811 1484 incide-

205 1529 272 1585 tis
299 1547 315 1586 :
342 1530 482 1585 illud
510 1541 594 1586 est
618 1528 857 1586 terribile
891 1545 906 1581 :
937 1527 1041 1584 hoc
1066 1526 1200 1582 nihil
1220 1535 1323 1586 est.
1353 1525 1405 1578 in
1430 1538 1620 1578 manus
1637 1521 1813 1575 homi-

204 1638 331 1678 num
356 1623 623 1678 incidere.
647 1620 873 1690 Quando
899 1619 1216 1684 viderimus,
1247 1616 1438 1688 inquit,
1463 1616 1694 1686 aliquem
1721 1612 1811 1667 hic

203 1717 384 1789 puniri
410 1758 427 1779 ,
483 1731 549 1772 ne
596 1717 876 1769 timeamus
905 1711 1193 1782 prementia
1213 1750 1229 1775 ,
1258 1709 1353 1764 sed
1382 1715 1601 1777 promer
1627 1704 1806 1759 futura

203 1809 552 1863 horreamus.
591 1807 727 1861 Nam
751 1804 1033 1860 secundum
1063 1801 1464 1857 misericordiam
1490 1801 1621 1871 ejus,
1644 1800 1719 1853 ita
1759 1807 1808 1852 et

201 1904 278 1957 ira
304 1903 445 1974 ejus,
477 1911 524 1955 et
571 1917 725 1968 super
751 1908 1034 1968 peccatores
1060 1898 1330 1968 requiescet
1362 1897 1507 1966 furor
1536 1894 1646 1964 ejus
1671 1891 1804 1963 (Ec-

201 1999 284 2052 cli.
321 1997 377 2052 5.
413 1997 497 2065 7).
547 1993 722 2050 Simul
749 1988 911 2047 etiam
942 1991 1087 2044 aliud
1112 1990 1198 2043 hic
1225 1989 1386 2042 tacite
1411 1986 1599 2040 innuit.
1637 1985 1803 2050 Mihi,

202 2088 398 2159 inquit,
415 2086 663 2148 vindicta,
679 2099 770 2156 ego
791 2093 956 2136 autent
974 2079 1270 2135 retribuam.
1291 2078 1402 2132 lloc
1417 2076 1618 2131 dictum
1637 2085 1720 2130 est
1735 2074 1805 2130 de

202 2179 441 2235 inimicis
459 2178 548 2247 qui
575 2177 714 2230 male
741 2175 962 2237 faciunt,
980 2187 1089 2226 non
1119 2171 1185 2226 de
1210 2170 1276 2224 iis
1301 2169 1391 2240 qui
1420 2168 1559 2222 male
1586 2166 1804 2236 patiun-

201 2271 321 2328 tur.
342 2271 446 2326 llic
489 2269 651 2324 etiam
682 2282 777 2323 eos
819 2265 1129 2322 consolatur
1148 2262 1334 2318 dicens
1363 2259 1750 2330 propemodum
1783 2277 1798 2315 :

203 2367 480 2435 Perpetuo
511 2370 693 2417 manet
720 2360 862 2415 Deus
901 2367 958 2413 et
987 2357 1118 2411 vivit
1149 2375 1162 2412 :
1195 2355 1544 2426 quamobrem
1590 2353 1828 2406 etiamsi"

201 2474 305 2512 non
330 2473 479 2512 nunc
503 2455 826 2525 receperint,
857 2461 1046 2522 postea
1079 2450 1358 2520 recipient.
1393 2447 1538 2512 Illos,
1570 2463 1674 2500 non
1704 2461 1804 2502 nos

200 2558 412 2621 oportet
453 2548 806 2615 ingemiscere
837 2562 850 2597 :
881 2558 1005 2598 nam
1037 2557 1136 2597 nos
1175 2540 1392 2607 quidem
1422 2539 1719 2595 incidemus
1749 2539 1801 2594 in

201 2658 396 2696 manus
426 2640 666 2704 illorum,
691 2637 763 2691 illi
793 2648 970 2691 autem
1003 2636 1054 2688 in
1083 2649 1274 2689 manus
1303 2633 1418 2688 Dei.
1443 2632 1628 2702 Neque
1655 2634 1801 2687 enim

199 2733 287 2804 qui
321 2747 519 2802 passus
545 2737 626 2785 est
648 2728 808 2792 male,
840 2727 1061 2797 patitur,
1091 2725 1186 2780 sed
1211 2725 1300 2795 qui
1331 2723 1488 2788 facit;
1515 2738 1688 2792 neque
1711 2724 1801 2795 qui

202 2823 470 2881 beneficio
487 2831 573 2878 est
587 2821 829 2887 affectus,
848 2818 1102 2880 afficitur,
1119 2815 1210 2871 sed
1229 2815 1318 2886 qui
1335 2815 1595 2870 beneficio
1611 2815 1799 2871 afiieit.

269 2917 468 2970 Contra
494 2931 674 2968 avaros
712 2922 758 2968 et
800 2912 1127 2982 pecuniarum
1157 2909 1390 2978 cupidos.
1416 2937 1487 2947 â€”
1517 2907 1641 2962 "me
1671 2923 1801 2980 ergo

200 3023 319 3063 cum
348 3009 590 3064 sciamus
611 3049 626 3069 ,
660 3005 955 3059 tolerantes
978 3004 1147 3058 simus
1181 3001 1248 3055 ad
1291 3001 1427 3056 male
1452 3002 1760 3071 patiendum
1781 3042 1797 3069 ,

200 3101 437 3169 prompti
470 3098 538 3152 ad
579 3095 1047 3152 benefaciendum.
1080 3093 1206 3148 "me
1232 3102 1411 3147 autem
1443 3103 1602 3147 erunt
1627 3093 1671 3148 si
1700 3109 1798 3162 pc-

199 3193 391 3246 ctuiias
421 3189 781 3259 despiciamus
817 3197 872 3242 et
909 3186 1174 3256 gloriam:
1207 3185 1295 3253 qui
1330 3184 1425 3238 has
1455 3183 1620 3237 animi
1664 3183 1798 3239 affe-

199 3285 410 3338 ctiones
435 3281 667 3343 exuerit,
692 3281 796 3335 erit
820 3278 1072 3334 omnibus
1090 3275 1399 3332 hominibus
1421 3276 1720 3341 liberalior,
1743 3285 1799 3332 et

199 3390 264 3428 eo
289 3377 412 3444 ipso
438 3373 530 3443 qui
573 3386 859 3442 purpuram
895 3368 1113 3424 indutus
1153 3378 1236 3424 est
1277 3369 1462 3422 ditior.
1495 3367 1612 3422 Non
1645 3368 1796 3423 vides

200 3481 329 3538 quot
353 3468 494 3521 mala
521 3466 649 3520 flant
673 3473 892 3534 pr0pter
920 3461 1216 3533 pecunias?
1247 3476 1351 3514 non
1375 3460 1498 3516 dico
1519 3477 1637 3530 qua:
1665 3461 1799 3516 fiunt

202 3569 425 3628 propter
449 3557 728 3612 avaritiam
757 3565 810 3610 et
847 3555 997 3625 plura
1025 3554 1270 3609 habendi
1299 3553 1668 3623 cupiditatem,
1699 3554 1798 3609 sed

201 3667 320 3721 qua:
350 3653 405 3704 in
434 3651 546 3719 ipsa
578 3665 695 3718 quae
736 3664 798 3703 ex
833 3648 897 3701 iis
934 3647 1143 3701 exsistit
1168 3647 1450 3701 affectione
1477 3665 1487 3700 :
1520 3657 1582 3700 ut'
1614 3662 1797 3702 exem-

200 3744 272 3814 pli
293 3758 483 3807 causa,
513 3742 556 3796 si
588 3741 852 3812 quispiam
884 3739 1126 3794 amiserit
1155 3739 1406 3807 pecunias
1427 3779 1441 3800 ,
1473 3738 1601 3791 vivit
1627 3737 1791 3790 vitam

199 3837 392 3906 quavis
429 3843 604 3888 morte
640 3832 962 3903 graviorem.
998 3831 1132 3896 Quid
1165 3831 1351 3895 doles,
1385 3845 1419 3885 Î¿
1449 3830 1630 3892 homo,
1667 3829 1793 3898 quid

201 3925 558 3998 lacrymaris?
601 3925 740 3994 quod
772 3934 821 3977 te
857 3924 1002 3978 Deus
1037 3938 1066 3975 a
1110 3933 1504 3990 supervacanea
1555 3921 1797 3976 liberer-it

203 4019 486 4074 custodia?
506 4017 649 4086 quod
669 4033 772 4070 non
792 4017 980 4070 sedeas
1001 4024 1237 4068 tremens
1254 4026 1303 4067 et
1321 4014 1548 4067 timens?
1571 4013 1794 4080 Deinde,

206 4112 249 4166 si
275 4112 400 4182 quis
433 4121 484 4164 te
525 4110 754 4178 alligarit
782 4108 1062 4172 thesauro,
1088 4105 1284 4174 jubens
1315 4105 1423 4158 illic
1453 4104 1642 4158 sedere
1673 4119 1797 4173 pcr-

206 4214 370 4274 petuo
395 4213 448 4258 et
472 4204 692 4272 vigilare
731 4217 827 4271 pro
860 4199 1083 4261 alienis,
1115 4199 1266 4252 doles
1308 4207 1360 4252 et
1388 4213 1531 4265 :egre
1564 4196 1670 4250 fers
1699 4215 1710 4249 :
1749 4208 1800 4250 tu

207 4307 387 4352 autem
434 4311 555 4351 cum
604 4296 831 4364 teipsnm
883 4292 1119 4362 alligaris
1158 4291 1496 4360 gravissimis
1544 4289 1801 4356 vinculis,

209 4389 427 4458 quando
454 4404 482 4442 a
511 4389 768 4442 servitute
809 4386 1071 4461 liberatus
1101 4399 1179 4448 es,
1208 4384 1397 4437 doles?
1427 4384 1630 4436 Revera
1665 4382 1806 4436 anti-

209 4481 404 4551 cipata:
437 4478 708 4547 opinionis
751 4485 877 4531 sunt
911 4476 1130 4529 dolores
1170 4484 1221 4528 et
1263 4475 1450 4542 gaudia
1489 4493 1498 4525 :
1536 4483 1805 4540 tamquam

212 4575 354 4627 enim
385 4572 648 4626 habentes
671 4570 865 4633 aliena,
889 4570 967 4622 sic
993 4583 1084 4621 eas
1105 4567 1453 4619 custodimus.
1478 4565 1625 4619 Nunc
1647 4566 1808 4618 verba

212 4665 342 4718 mihi
369 4663 438 4717 ad
468 4663 740 4715 mulieres.
767 4660 922 4728 Sa-pe
951 4658 1108 4711 habet
1136 4658 1326 4709 mulier
1349 4658 1578 4720 aliquam
1608 4665 1808 4708 vestem

213 4773 278 4812 ex
309 4771 447 4810 auro
473 4761 778 4808 contextam
804 4791 819 4815 ,
855 4759 911 4804 et
937 4764 1054 4803 ean:
1095 4753 1368 4808 concutit,
1413 4749 1519 4800 lino
1553 4747 1809 4808 involvit,

217 4851 512 4919 diligenter
550 4843 812 4908 custodit,
847 4840 912 4896 de
941 4857 1002 4895 ea
1048 4841 1200 4894 timet
1243 4849 1292 4894 et
1338 4855 1398 4892 ea
1433 4855 1536 4892 non
1581 4838 1810 4892 fruitur:

217 4951 311 4996 aut
341 4939 487 4994 enim
531 4935 780 4998 moritur,
829 4940 921 4986 aut
961 4932 1017 4984 fit
1056 4932 1246 4996 vidua;
1294 4941 1384 4984 aut
1427 4930 1635 4984 etiamsi
1683 4930 1814 4984 nihil

219 5036 417 5090 horum
449 5029 689 5091 accidat,
723 5027 914 5081 timens
948 5042 1014 5079 ne
1045 5024 1309 5094 frequenti
1340 5042 1435 5078 usu
1466 5041 1581 5078 eam
1623 5039 1811 5078 consu-

219 5142 412 5187 mens.
444 5124 678 5192 seipsam
706 5119 910 5191 privet;
951 5127 1004 5172 et
1049 5119 1090 5170 si
1133 5117 1268 5171 alius
1301 5133 1406 5170 non
1434 5117 1668 5178 auferat,
1714 5118 1816 5170 sei-

221 5233 375 5288 psam
401 5216 575 5285 privat
601 5210 948 5282 parcimonia.
980 5210 1047 5262 At
1077 5223 1195 5263 eam
1222 5209 1374 5262 alteri
1400 5208 1683 5262 concedit?
1713 5207 1816 5263 Sed

223 5324 399 5380 neque
423 5315 505 5361 est
528 5305 631 5358 hoe
656 5303 877 5357 evidens
901 5319 912 5353 :
943 5300 985 5354 si
1010 5305 1188 5354 autem
1217 5301 1569 5366 concesserit,
1595 5315 1655 5354 ea
1684 5314 1818 5366 quo-

222 5418 326 5471 que
356 5411 547 5453 rursus
575 5395 821 5449 similiter
857 5404 1057 5448 utetur.
1084 5392 1149 5446 Et
1176 5393 1219 5444 si
1247 5393 1526 5460 quisquam
1555 5401 1818 5446 scrutetur

223 5511 281 5548 ea
316 5506 440 5561 qua:
467 5495 595 5542 sunt
619 5487 671 5540 in
699 5485 902 5540 uadibus
923 5525 938 5549 ,
969 5484 1204 5538 inveniet
1233 5493 1412 5537 vestes
1440 5485 1671 5537 maxime
1705 5500 1822 5552 pre-

226 5590 389 5640 tiosas
417 5590 474 5636 ct
503 5581 604 5633 alia
646 5576 913 5647 exquisita
946 5577 1134 5646 majori
1165 5576 1366 5630 honore
1386 5575 1520 5636 coli,
1553 5586 1822 5645 tamquam

225 5678 477 5732 dominos
520 5671 829 5724 animatos:
866 5684 1040 5738 neque
1081 5668 1223 5722 enim
1265 5668 1344 5722 eis
1380 5667 1594 5722 assidue
1637 5668 1821 5731 utitur,

226 5769 313 5823 sed
345 5769 502 5822 timet
526 5770 578 5818 et
605 5760 805 5826 tremit,
833 5760 1002 5814 tineas
1025 5768 1079 5814 et
1099 5759 1202 5812 alia
1227 5774 1345 5828 quce
1368 5758 1544 5812 solent
1564 5759 1826 5812 excedere

229 5861 471 5932 abigens,
501 5862 557 5910 et
585 5851 736 5925 plura
766 5867 973 5921 ponens
999 5852 1052 5907 in
1083 5849 1366 5920 unguentis
1394 5859 1445 5906 ct
1475 5849 1825 5918 aromatibus,

1034 397 1098 452 Î™Î
1133 399 1357 455 â€˜EMST.
1402 397 1493 453 AD
1535 392 1898 451 IIEDREOS.
1939 395 2094 453 CAP.
2132 395 2203 454 Î§.
2245 397 2476 454 llOlllL.
2519 398 2639 454 XX.

3401 395 3502 451 H6

3493 478 3518 503 Î¸

1904 511 2078 568 neque
2108 501 2427 569 permittens
2467 503 2722 558 omnibus
2752 511 2810 560 ut
2845 519 2909 562 ea
2947 507 3165 564 illorum
3211 512 3384 569 oculis
3412 531 3505 585 pa-

1902 597 2068 654 teant,
2099 589 2194 645 sed
2239 591 2349 661 ipsa
2382 607 2527 663 saepe
2554 608 2680 650 cum
2715 597 2912 654 marito
2935 614 3000 656 ea
3031 600 3322 673 diligenter
3349 620 3505 661 com-

1898 695 2104 751 ponens
2131 690 2185 737 et
2213 683 2568 739 concinnans.

1989 788 2043 843 5.
2075 786 2266 842 Annon
2289 783 2429 855 jure,
2451 783 2540 838 die
2566 781 2720 847 mihi,
2752 780 3118 837 idololatriam
3145 781 3355 838 vocavit
3381 782 3532 838 Pau-

1916 879 2003 934 lus
2046 876 2327 930 avaritiam
2352 875 2375 928 á¼²
2397 875 2572 942 Quem
2610 873 2754 928 enim
2789 873 2864 927 illi
2899 873 3158 929 honorem
3201 874 3527 930 exhibentes

1915 969 2074 1023 idolis
2093 1009 2108 1033 ,
2141 983 2264 1024 eum
2297 967 2384 1024 isti
2411 981 2626 1037 quoque
2655 966 2893 1022 vestibus
2918 975 2973 1021 et
2996 967 3200 1022 aureis.
3229 967 3524 1038 Quousqnc

1914 1075 2130 1116 cmnum
2202 1069 2487 1114 movemus
2515 1059 2540 1113 á¼²
2610 1073 2892 1129 quousque
2920 1059 3034 1114 luto
3061 1067 3116 1113 et
3146 1059 3402 1115 lateribus
3433 1058 3506 1114 af-

1919 1149 2004 1205 fixi
2033 1163 2251 1204 sumus;
2303 1147 2456 1204 Sicut
2489 1147 2634 1205 enim
2673 1149 2749 1204 illi
2782 1148 3103 1204 laborabant
3134 1149 3517 1222 Egyptiorum

1915 1244 2062 1316 regi,
2094 1243 2166 1300 ita
2200 1243 2362 1298 etiam
2394 1257 2495 1297 nos
2523 1241 2832 1298 laboramus
2858 1242 3094 1306 diabolo,
3125 1253 3179 1300 et
3205 1245 3387 1316 ï¬‚agris
3412 1259 3523 1300 ca:-

1912 1337 2092 1392 dimur
2131 1336 2302 1391 multo
2330 1333 2692 1406 gravioribus.
2735 1335 2800 1390 Et
2840 1351 2909 1390 ne
2948 1350 3046 1406 per
3077 1335 3412 1409 hyperbolen
3464 1334 3516 1391 id

1910 1429 2112 1487 dictum
2142 1437 2300 1501 putes
2327 1446 2342 1488 :
2373 1437 2578 1500 quanto
2607 1428 2751 1483 enim
2782 1429 2961 1484 anima
3005 1439 3091 1484 est
3117 1443 3346 1504 corpore
3379 1443 3517 1504 pra:-

1909 1521 2160 1587 stantior,
2196 1530 2346 1576 tanto
2372 1519 2715 1592 gravioribus
2747 1534 3001 1575 curarum
3040 1502 3306 1573 vibicibus
3333 1502 3518 1590 flagel-

1909 1613 2086 1668 lamur
2128 1611 2401 1682 quotidie,
2446 1611 2699 1666 timemus
2727 1610 2942 1668 solliciti
2971 1619 3027 1666 et
3057 1619 3370 1667 trementes.
3404 1609 3516 1667 Sed

1907 1704 1955 1760 si
1973 1704 2201 1760 velimus
2220 1703 2595 1774 ingemiscere,
2614 1717 2657 1756 Si
2681 1702 2912 1758 vellmus
2933 1701 3000 1756 ad
3027 1701 3195 1756 Deum
3211 1703 3509 1772 suspicere,

1907 1799 2069 1854 mittit
2093 1797 2159 1852 ad
2184 1811 2281 1852 uos
2310 1811 2416 1850 non
2448 1795 2712 1867 Moysem,
2743 1809 2920 1864 neque
2947 1795 3243 1859 Aaronem,
3271 1794 3368 1851 sed
3392 1810 3515 1850 ver-

1906 1893 2032 1949 bum
2061 1906 2214 1947 suum
2242 1899 2296 1946 et
2312 1889 2808 1960 compunetionem.
2835 1889 2955 1958 Ipse
2976 1887 3141 1959 igitur
3160 1904 3284 1944 cum
3302 1888 3514 1944 venerit

1905 1995 1958 2039 et
1975 1984 2185 2038 animos
2206 1991 2423 2037 nostros
2443 1982 2811 2052 occupaverit,
2839 1981 3090 2037 liberabit
3111 1996 3210 2041 nos
3226 1982 3294 2038 ab
3314 1983 3510 2038 acerba

1905 2077 2201 2145 servitute,
2239 2076 2433 2132 educet
2459 2092 2558 2132 nos
2584 2091 2650 2132 ex
2679 2073 2918 2148 Egypto
2939 2117 2954 2142 ,
2987 2091 3016 2130 a
3046 2075 3225 2131 studio
3256 2075 3429 2130 inutili
3455 2085 3514 2133 et

1905 2171 2100 2226 frustra
2123 2171 2418 2237 laborante,
2451 2177 2506 2225 et
2527 2185 2554 2222 a
2577 2169 2839 2224 servitute
2860 2185 2980 2241 qua:
3007 2169 3141 2224 nihil
3164 2168 3324 2226 habet
3347 2170 3508 2228 lucri.

1903 2265 2079 2334 Atque
2115 2262 2188 2316 illi
2231 2262 2446 2333 quidem
2477 2270 2604 2316 sunt
2631 2262 2834 2333 egressi
2875 2261 3056 2317 aureis
3081 2264 3319 2333 acceptis
3363 2279 3512 2320 mer-

1902 2356 2033 2410 cede
2060 2353 2435 2410 acdificationis
2465 2373 2477 2408 :
2513 2369 2613 2409 nos
2651 2365 2830 2409 autem
2870 2354 3082 2410 nihilo:
3115 2366 3275 2426 atque
3301 2356 3508 2412 utinam

1901 2446 2102 2501 nihilo!
2153 2461 2296 2501 nunc
2338 2460 2465 2500 vero
2508 2446 2804 2516 accipimus
2845 2460 2953 2500 non
2993 2461 3123 2502 vasa
3162 2462 3361 2515 aurea,
3411 2448 3510 2506 sed

1900 2540 2123 2613 Egypti
2151 2539 2312 2605 mala,
2347 2549 2566 2609 peccata
2596 2553 2890 2610 poenasque
2915 2548 2971 2594 et
2999 2538 3280 2610 supplicia.
3318 2540 3507 2597 Disca-

1901 2649 2023 2690 mus
2049 2635 2211 2705 igitur
2250 2633 2537 2689 utilitatem
2567 2633 2847 2702 accipere,
2894 2632 3166 2687 discamus
3195 2631 3388 2703 injuria
3428 2633 3510 2689 af-

1900 2730 2014 2794 fici;
2057 2728 2159 2784 hoc
2189 2736 2274 2782 est
2307 2726 2600 2783 Christiani
2629 2743 2642 2777 :
2678 2725 3044 2796 despiciamus
3073 2734 3251 2781 vestes
3276 2741 3506 2795 aureas,

1898 2821 2262 2891 despiciamus
2291 2819 2577 2890 pecunias,
2609 2833 2676 2873 ne
2702 2828 2944 2873 nostram
2974 2817 3339 2886 despiciamus
3366 2819 3512 2874 salu-

1896 2923 2007 2969 tem
2036 2931 2049 2967 :
2083 2911 2449 2983 despiciamus
2470 2910 2750 2982 pecunias,
2786 2918 2844 2966 et
2871 2926 2979 2966 non
3003 2910 3367 2982 despiciamus
3394 2915 3513 2968 ani-

1899 3021 2038 3061 mam
2067 3024 2081 3061 :
2103 3019 2165 3061 ea
2189 3014 2269 3059 est
2291 3004 2434 3059 enim
2457 3019 2578 3074 qua:
2601 3003 2843 3073 punitur,
2870 3017 2932 3057 ea
2955 3014 3038 3058 est
3060 3019 3182 3075 qua:
3199 3007 3510 3063 cruciatur:

1897 3097 1986 3152 illa
2011 3096 2154 3151 enim
2181 3094 2270 3151 hic
2292 3103 2533 3161 manent,
2559 3109 2622 3150 ea
2644 3107 2774 3148 vero
2801 3092 2930 3149 illuc
2956 3093 3089 3150 abit.
3116 3095 3215 3151 Dic
3235 3097 3389 3158 mihi,
3413 3112 3513 3152 cur

1899 3197 1952 3243 te
1982 3187 2212 3251 laceras.
2242 3197 2298 3242 et
2322 3202 2427 3243 non
2454 3184 2665 3242 sentis?
2694 3183 2819 3240 llam
2843 3184 2968 3241 dico
2992 3186 3172 3241 avaris
3194 3229 3207 3252 ,
3233 3189 3323 3258 qui
3356 3189 3510 3257 plura

1906 3275 2134 3332 habendi
2164 3277 2412 3333 laborant
2454 3279 2734 3339 aviditate.
2779 3280 2986 3336 Bonum
3015 3289 3099 3337 est
3125 3279 3288 3336 etiam
3329 3281 3397 3338 iis
3425 3278 3514 3335 tli-

1903 3383 2029 3425 ccre
2065 3371 2154 3440 qui
2185 3370 2254 3425 ab
2285 3371 2461 3426 avaris
2502 3369 2824 3427 fraudantur
2861 3381 2918 3428 et
2960 3372 3466 3429 circumveniuntur
3493 3389 3512 3428 :

1905 3457 2041 3516 ferte
2080 3461 2292 3517 fortiter
2328 3462 2657 3518 detrimenta
2699 3463 2852 3520 vobis
2890 3463 2960 3520 ab
2996 3466 3174 3520 avaris
3205 3465 3407 3520 allata:
3437 3464 3513 3520 illi

1904 3551 2148 3621 seipsos,
2183 3568 2288 3608 non
2319 3569 2416 3609 vos
2454 3558 2726 3624 perimunt
2753 3573 2767 3607 :
2801 3572 2898 3610 vos
2926 3558 3142 3626 quidem
3171 3559 3384 3628 privant
3413 3572 3512 3626 pe-

1903 3644 2101 3710 cuniis,
2131 3658 2188 3698 se
2218 3653 2399 3699 autem
2431 3645 2522 3700 Dei
2549 3645 2925 3702 benevolentia
2953 3658 3006 3703 et
3037 3649 3240 3703 auxilio
3265 3665 3279 3703 :
3313 3649 3400 3718 qni
3430 3659 3514 3704 est

1903 3746 2081 3790 autem
2124 3737 2210 3791 illa
2245 3738 2507 3805 nudatus,
2551 3739 2765 3794 etiamsi
2815 3742 2977 3796 totius
3007 3742 3156 3797 orbis
3186 3742 3260 3796 sit
3296 3742 3515 3797 divitias

1904 3828 2250 3898 Complexus,
2283 3837 2367 3885 est
2407 3832 2646 3885 omnimn
2683 3834 3059 3902 pauperrimus
3097 3853 3109 3889 :
3159 3833 3515 3904 quemadmo-

1905 3923 2032 3978 dum
2067 3926 2443 3995 panperrimus
2482 3926 2724 3980 omnium
2757 3929 2802 3981 si
2837 3928 2980 3982 hunc
3025 3929 3250 3996 habeat,
3284 3939 3367 3984 est
3395 3945 3515 3984 om-

1906 4018 2051 4070 nium
2080 4018 2384 4073 ditissimus
2417 4037 2429 4073 :
2466 4019 2722 4074 Dominus
2755 4022 2933 4089 enim,
2970 4023 3178 4093 inquit,
3209 4024 3373 4090 pascit
3403 4041 3514 4090 me,

1904 4123 1949 4166 et
1983 4113 2113 4166 nihil
2141 4114 2266 4166 mihi
2311 4114 2469 4166 deerit
2500 4112 2672 4182 (Psal.
2702 4114 2793 4169 22.
2833 4116 2904 4186 1).
2941 4117 3035 4170 Dic
3067 4116 3197 4170 mihi
3219 4157 3233 4177 ,
3268 4118 3310 4171 si
3341 4117 3515 4172 virum

1909 4205 2106 4258 habeas
2129 4204 2360 4274 aliquem
2387 4220 2638 4274 magmun
2661 4215 2717 4261 et
2741 4206 3138 4273 admirabilem,
3169 4209 3260 4278 qui
3286 4216 3336 4262 te
3361 4208 3518 4262 valde

1906 4306 2070 4359 amet,
2099 4303 2154 4349 et
2185 4296 2259 4349 tui
2290 4310 2476 4351 curam
2499 4306 2684 4368 gerat;
2716 4298 2913 4352 deinde
2937 4299 3077 4354 scias
3104 4315 3225 4354 eum
3253 4309 3517 4370 perpetuo

1907 4389 2196 4453 victurum,
2229 4403 2329 4442 nee
2374 4397 2500 4444 ante
2552 4399 2603 4444 te
2665 4389 3012 4451 moriturum,
3065 4398 3119 4443 et
3179 4408 3301 4448 eum
3337 4394 3517 4447 omnia

1908 4481 1999 4534 tibi
2026 4481 2403 4549 prmbitnrum,
2435 4491 2492 4537 ut
2519 4485 2599 4538 eis
2631 4499 2823 4538 secure
2853 4493 3124 4556 tamquam
3155 4487 3259 4540 tuis
3284 4486 3476 4540 fruaris
3503 4505 3516 4538 :

1907 4573 2145 4628 vellesne
2176 4573 2377 4643 aliquid
2411 4574 2736 4644 possidere?
2771 4593 2893 4630 nam
2933 4578 2976 4631 si
3021 4579 3275 4633 omnibus
3319 4579 3520 4634 nudata

1907 4683 2076 4731 esses,
2109 4683 2287 4722 annon
2318 4668 2658 4724 existimares
2689 4679 2739 4724 te
2779 4671 3032 4725 ditiorem
3063 4673 3227 4726 esse?
3257 4672 3366 4727 Cur
3390 4688 3521 4743 ergo

1909 4763 2098 4830 luges?
2126 4764 2267 4831 quod
2303 4779 2407 4816 non
2453 4764 2654 4818 habeas
2697 4764 2994 4833 pecunias?
3034 4765 3129 4821 sed
3157 4767 3331 4836 cogita
3375 4768 3521 4838 quod

1911 4854 2005 4908 tibi
2046 4855 2115 4908 sit
2157 4855 2332 4909 ablata
2369 4866 2714 4925 peccatorum
2747 4859 2986 4913 occasio.
3020 4861 3090 4912 At
3132 4859 3274 4929 quod
3307 4861 3380 4914 sis
3413 4863 3524 4930 pri-

1910 4955 2029 5001 vata
2060 4946 2444 5003 facultatibus?
2474 4948 2568 5003 sed
2593 4951 2925 5019 acquisivisti
2953 4951 3044 5004 Dei
3066 4952 3520 5010 benevolentiam.

1911 5040 1978 5093 Et
2004 5039 2299 5110 quomodo,
2336 5041 2539 5111 inquit,
2579 5043 2874 5112 acquisivi?
2908 5044 3089 5112 Dixit,
3118 5043 3221 5099 Cur
3249 5063 3351 5100 non
3381 5047 3524 5118 inju-

1911 5134 2041 5186 riam
2065 5133 2340 5200 patimini?
2369 5133 2525 5197 dixit,
2564 5131 2629 5188 In
2654 5136 2887 5188 omnibus
2913 5137 3110 5205 gratias
3131 5137 3264 5208 agite
3293 5139 3368 5207 (l.
3401 5138 3520 5194 Cor.

1913 5224 1965 5278 6.
1995 5225 2048 5288 7;
2084 5224 2135 5278 1.
2172 5222 2347 5278 Thess.
2383 5225 2563 5301 5.18)
2596 5243 2608 5280 :
2641 5225 2807 5292 dixit,
2856 5226 3000 5280 Beati
3043 5245 3294 5298 pauperes
3339 5231 3526 5301 spiritu
3602 5237 3604 5242 â·

1915 5315 2141 5383 (Matth.
2177 5315 2230 5369 5.
2266 5314 2343 5386 5).
2387 5296 2575 5386 Cogita
2619 5317 2781 5387 igitur
2809 5330 3006 5389 quanta
3044 5296 3249 5375 frueris
3286 5296 3524 5378 benevo-

1915 5408 2077 5461 lentia
2100 5447 2114 5470 ,
2146 5407 2192 5460 si
2224 5421 2285 5461 ea
2322 5423 2416 5477 per
2448 5407 2587 5462 facta
2618 5410 2942 5464 ostenderis.
2974 5410 3108 5466 Nam
3145 5429 3306 5467 unum
3349 5415 3527 5470 solum

1916 5500 2175 5569 quaeritur
2203 5515 2230 5552 a
2263 5500 2439 5564 nobis,
2472 5510 2528 5554 ut
2559 5501 2608 5555 in
2639 5501 2892 5556 omnibus
2917 5503 3025 5558 Deo
3053 5519 3274 5575 agamus
3302 5507 3524 5576 gratias,

1919 5602 1972 5645 et
2003 5591 2180 5645 omnia
2217 5590 2534 5647 habebimus
2564 5591 2790 5649 affatim.
2825 5595 3069 5665 Exempli
3108 5611 3298 5661 causa,
3337 5597 3527 5652 Perdi-

1920 5685 2042 5736 disti
2069 5683 2248 5737 decies
2279 5683 2425 5738 mille
2457 5683 2621 5738 libras
2650 5685 2808 5739 auri?
2834 5686 3118 5742 confestim
3151 5687 3262 5743 Deo
3292 5704 3387 5757 age
3409 5706 3530 5759 gra-

1923 5779 2046 5841 tias,
2079 5784 2134 5830 et
2159 5775 2489 5846 acquisivisti
2521 5778 2726 5831 centies
2749 5776 2897 5833 mille
2922 5777 3088 5833 libras
3116 5794 3213 5849 per
3245 5795 3429 5833 vocent
3462 5782 3526 5834 il-

1924 5868 2027 5924 lam
2060 5876 2110 5923 et
2139 5867 2434 5938 gratiarum
2479 5867 2769 5924 actionem.
2805 5867 2935 5923 Nam
2983 5869 3068 5926 dic
3115 5870 3242 5925 mihi
3265 5914 3279 5941 ,
3314 5873 3529 5944 quando
