4122 6338
650 392 751 447 ΗἾ

622 522 725 579 Job
764 520 975 577 beatum
1014 509 1365 586 pronuntias?
1392 503 1605 579 quando
1626 501 1812 559 habuit
1838 509 1915 556 tot
1940 497 2198 561 camelos,

625 624 705 670 tot
732 626 923 685 greges
967 618 1021 665 et
1058 616 1139 663 tot
1168 611 1445 675 armenta;
1494 615 1562 654 an
1600 594 1814 668 quando
1844 595 1986 649 illam
2029 587 2207 647 emisit

625 679 1110 771 νοςέιηξυοηιεηιω
1138 697 1296 761 dedit,
1325 692 1573 748 Dominus
1598 688 1803 745 abstulit
1831 684 1952 754 (Job
1999 684 2049 738 1.
2077 679 2205 751 2|)?

627 798 837 853 Etenim
865 794 1106 849 diabolus
1134 798 1418 861 propterea
1446 799 1544 839 nos
1571 782 1769 837 damno
1793 777 1984 841 aflicit,
2014 788 2119 830 non
2149 781 2208 828 ut

626 891 829 947 auferat
874 886 1162 956 pecunias;
1214 882 1314 936 scit
1358 878 1501 935 enim
1542 891 1637 932 eas
1676 873 1807 930 nihil
1847 885 1999 935 esse;
2030 867 2122 924 sed
2151 874 2209 921 ut

629 996 722 1053 per
738 995 799 1034 ea
822 990 919 1032 nos
939 984 1094 1046 cogat
1115 974 1295 1030 dicere
1316 968 1514 1039 aliquid
1538 960 1928 1033 blasphemum.
1952 960 2025 1014 ita
2046 958 2207 1014 etiam

629 1051 680 1131 in
710 1072 864 1128 beato
893 1069 995 1125 Job
1023 1084 1129 1123 non
1163 1066 1263 1120 hoc
1295 1064 1466 1118 solum
1496 1058 1748 1114 studebat
1777 1065 1832 1110 ut
1861 1068 1981 1109 eum
2011 1051 2209 1105 faceret

631 1178 949 1235 pauperem,
997 1160 1090 1215 sed
1138 1157 1299 1214 etiam
1347 1164 1403 1210 ut
1448 1152 1755 1208 enuntiaret
1798 1143 2204 1214 blasphemiam.

628 1233 849 1323 Quando
873 1253 1015 1307 enim
1037 1248 1286 1303 omnibus
1314 1261 1434 1300 eum
1463 1241 1721 1307 nudavit,
1754 1239 1875 1293 vide
1897 1235 2022 1308 quid
2051 1235 2097 1288 ei
2120 1233 2205 1288 d1-

624 1358 710 1404 cat
744 1363 837 1418 per
877 1358 1094 1399 uxorem
1122 1359 1133 1394 :
1164 1339 1259 1393 Dic
1292 1337 1485 1406 aliquid
1513 1334 1754 1389 adversus
1792 1331 1955 1383 Deum
1976 1369 1990 1393 ,
2024 1336 2068 1381 et
2095 1342 2205 1379 mo-

623 1455 750 1493 rere.
783 1436 976 1506 Atqui,
1009 1450 1042 1486 o
1082 1429 1447 1490 exsecranda,
1487 1442 1608 1482 eum
1655 1420 1897 1493 spoliasti
1935 1416 2203 1472 omnibus.

624 1531 729 1586 Sed
760 1545 862 1585 non
892 1528 956 1581 ad
989 1523 1321 1594 lioc,'inqnit,
1346 1521 1602 1589 ponebam
1627 1516 1859 1572 stutlium
1893 1532 1905 1567 :
1935 1527 2055 1566 nam
2086 1524 2204 1579 pro-

626 1633 742 1693 pter
767 1619 905 1691 quod
934 1618 1111 1673 omnia
1141 1615 1261 1681 feci,
1284 1614 1332 1667 id
1364 1609 1599 1666 nondum
1628 1607 1857 1671 confeci,
1886 1614 1939 1658 ut
1962 1617 2081 1656 eum
2113 1599 2206 1654 Dei

624 1712 876 1768 nudarem
905 1708 1101 1763 auxilio
1131 1724 1143 1759 ε
1170 1712 1451 1775 propterea
1479 1715 1598 1756 eum
1626 1699 1786 1753 etiam
1812 1694 2006 1750 nudari
2039 1707 2204 1762 pecu-

621 1805 741 1859 niis.
763 1802 873 1857 [loc
899 1810 979 1854 est
1006 1796 1147 1869 quod
1173 1795 1327 1858 volo;
1362 1791 1488 1846 illud
1516 1800 1693 1845 autem
1724 1786 1856 1842 nihil
1884 1794 1965 1839 est
1993 1802 2006 1839 :
2030 1784 2073 1837 si
2106 1782 2205 1839 hoc

619 1909 727 1950 non
757 1894 929 1955 adsit,
957 1907 1063 1944 non
1089 1889 1260 1943 solum
1290 1885 1433 1941 nulla
1462 1882 1680 1938 allectus
1727 1886 1812 1934 est
1865 1876 2078 1947 injuria,
2110 1873 2204 1929 sed

620 1988 780 2042 etiam
811 1984 859 2037 id
888 1983 935 2037 ei
969 1980 1184 2051 profuit.

691 2079 743 2150 tl.
783 2072 941 2130 Vides
967 2071 1107 2143 quod
1134 2070 1269 2125 sciat
1295 2067 1469 2122 malus
1493 2065 1583 2119 illc
1606 2062 1816 2118 daemon
1847 2068 2104 2130 quantum
2134 2055 2202 2111 sit

616 2169 732 2239 ejus
753 2168 828 2221 rei
851 2162 1142 2221 damnum?
1162 2161 1288 2217 ideo
1312 2158 1465 2214 vides
1484 2172 1607 2212 eum
1632 2169 1728 2224 per
1749 2166 1969 2207 uxorem
1992 2160 2202 2205 struere

618 2260 855 2315 insidias.
909 2256 1102 2312 Audite
1149 2260 1415 2323 qu0tquot
1465 2247 1674 2304 habetis
1718 2259 1914 2299 uxores
1958 2241 2200 2311 pecuniae

616 2360 879 2413 amantes,
908 2356 960 2402 et
984 2360 1080 2400 vos
1102 2351 1355 2413 cogentes
1382 2342 1434 2395 in
1465 2340 1630 2394 Deum
1662 2334 2033 2404 blasphemare
2064 2350 2077 2386 :
2109 2348 2199 2387 re-

616 2443 910 2498 cordemini
937 2439 1078 2496 Jobi.
1110 2437 1217 2492 Sed
1246 2434 1523 2489 videamus
1549 2431 1663 2501 ejus
1693 2429 1911 2483 multam
1934 2468 1948 2492 ,
1978 2426 2023 2482 si
2049 2425 2199 2481 vide-

616 2545 724 2600 tur,
755 2529 1219 2587 mansuetudinem
1240 2570 1256 2590 ,
1286 2540 1387 2595 qua
1415 2524 1530 2593 ejus
1558 2538 1619 2576 os
1644 2518 1930 2573 obstruxit.
1966 2517 2084 2582 Cur,
2118 2517 2200 2570 in—

615 2626 765 2691 quit,
809 2624 945 2677 velut
984 2636 1088 2674 una
1118 2635 1180 2672 ea:
1221 2614 1573 2682 insipientibus
1604 2610 1899 2664 mulieribus
1927 2610 1997 2661 ita
2035 2624 2086 2662 es
2116 2607 2197 2661 lo-

612 2722 769 2780 quuta
800 2714 960 2783 (Job.
1004 2712 1060 2765 2.
1090 2708 1221 2781 10)?
1248 2707 1452 2762 Revera
1482 2703 1821 2771 Corrumpunt
1848 2700 2005 2754 bonos
2035 2713 2198 2752 mores

612 2807 865 2876 colloquia
908 2819 1063 2874 praua
1102 2800 1199 2874 (1.
1248 2798 1366 2855 Cor.
1401 2798 1487 2852 15.
1529 2794 1639 2864 55)
1672 2810 1685 2845 :
1730 2806 1943 2861 semper
1981 2789 2195 2861 quidem

612 2910 780 2964 certe,
812 2898 1043 2952 maxime
1066 2903 1243 2949 autem
1272 2892 1321 2945 in
1347 2887 1768 2947 calamitatibus;
1802 2896 1925 2937 tunc
1945 2883 2031 2952 qui
2057 2882 2195 2935 mala

612 2992 873 3055 suadent,
905 2990 1009 3043 vim
1043 2986 1258 3040 habent.
1288 2982 1420 3038 Nam
1452 2982 1494 3035 si
1535 2980 1748 3035 animus
1771 2994 1836 3032 ex
1878 2992 1936 3030 se
1964 2979 2094 3029 satis
2124 2975 2197 3029 sit

612 3090 889 3153 promptus
906 3080 970 3134 ad
992 3077 1409 3148 indignationem
1433 3084 1486 3127 et
1506 3071 1795 3134 fastidium,
1814 3077 2012 3137 quanto
2030 3067 2195 3136 magis
2256 3113 2263 3129 ε

613 3176 825 3244 quando
855 3182 939 3229 est
980 3172 1137 3228 etiam
1167 3170 1255 3239 qui
1278 3165 1550 3222 consulit?
1580 3178 1756 3217 annon
1783 3161 2095 3216 deturbatur
2121 3158 2188 3212 ad

613 3265 919 3320 barathrum
932 3263 955 3317 ἳ
968 3263 1213 3332 Magnum
1231 3260 1431 3313 honmn
1448 3266 1529 3311 est
1544 3254 1759 3319 mulier,
1781 3254 1917 3307 sicut
1932 3259 2014 3305 est
2034 3252 2194 3304 etiam

606 3361 855 3417 magnum
887 3352 1104 3403 malum.
1138 3351 1200 3404 Et
1227 3351 1350 3405 vide
1390 3352 1655 3403 undenam
1687 3347 1795 3401 vult
1836 3346 2024 3401 fortem
2070 3360 2192 3401 mu-

607 3453 724 3492 rum
754 3438 1051 3507 perfodere.
1081 3439 1195 3493 Non
1224 3455 1346 3493 eum
1384 3448 1653 3508 expugnat
1692 3436 1928 3509 pecunia:
1950 3436 2187 3503 amissio,

608 3530 739 3584 nihil
770 3545 1017 3599 magnum
1045 3529 1223 3585 ellecit
1252 3528 1353 3585 hoc
1380 3530 1656 3593 damnum,
1685 3527 1778 3583 sed
1806 3528 1999 3581 frustra
2029 3527 2189 3581 etiam

608 3621 931 3691 arguebatur
947 3622 1164 3687 dixisse,
1191 3621 1370 3675 Sinon
1393 3621 1442 3674 in
1471 3622 1651 3691 {aciem
1679 3618 1928 3673 benedicet
1950 3617 2035 3671 tibi
2067 3615 2189 3686 (Job

612 3712 665 3766 1.
699 3712 828 3780 ll):
862 3711 984 3766 ideo
1024 3727 1244 3766 uxorem
1285 3722 1470 3765 contra
1518 3726 1639 3764 eum
1679 3718 1870 3762 armat.
1905 3706 2060 3761 Vides
2087 3721 2193 3777 quo

609 3805 883 3876 spirabat?
908 3805 1010 3860 Sed
1045 3804 1173 3860 nihil
1208 3805 1278 3858 illi
1310 3803 1423 3860 hare
1456 3803 1699 3858 machina
1733 3800 1947 3871 profuit.
1981 3798 2035 3854 Si
2067 3814 2193 3867 ergo

609 3912 709 3951 nos
744 3912 953 3966 quoque
988 3906 1141 3967 grato
1177 3897 1357 3950 animo
1385 3894 1642 3957 feramus,
1682 3909 1745 3948 ea
1775 3894 1934 3948 etiam
1966 3890 2193 3961 recipie-

610 4002 769 4050 mus;
802 3999 855 4041 et
881 3988 922 4041 si
954 4002 1056 4040 non
1088 3986 1478 4056 receperimus,
1510 3985 1681 4053 major
1719 3984 1821 4040 erit
1851 3999 2074 4038 merces.
2105 3983 2193 4038 Sic

611 4079 663 4131 in
686 4077 965 4132 adamante
996 4078 1087 4132 illo
1116 4079 1306 4133 factum
1335 4087 1417 4132 est
1442 4094 1455 4130 :
1485 4076 1698 4147 quando
1731 4077 1872 4131 enim
1901 4074 2110 4130 fortiter
2139 4086 2193 4129 et

610 4178 826 4223 strenue
848 4169 1165 4233 decertavit,
1203 4179 1326 4225 tunc
1346 4171 1505 4223 etiam
1542 4169 1656 4222 haec
1689 4170 1735 4223 ei
1764 4168 1945 4222 dedit:
1980 4167 2191 4231 quando

1390 388 1446 444 S.
1485 380 1762 443 JOANNIS
1797 371 2265 434 CHRYSOSTOMI
2327 369 2642 427 ARCHIEP.
2683 365 3190 425 CONSTANTiNOP

3780 344 3894 404 NB

2313 475 2549 533 ostendit
2578 475 2818 540 diabolo,
2848 475 3022 546 ipsum
3050 490 3157 530 non
3188 472 3311 529 ideo
3337 470 3505 528 Datim
3530 472 3741 541 colere,
3775 480 3915 527 tunc

2313 566 2563 623 reddidit.
2600 566 2696 621 Est
2729 566 2873 622 enim
2914 564 3220 637 liujnsmodi
3253 581 3266 617 :
3307 561 3521 634 quando
3563 562 3755 618 viderit
3800 577 3914 617 nos

2312 676 2417 716 neu
2441 675 2561 717 esse
2582 658 2775 715 afllxos
2793 659 2858 715 iis
2879 674 3000 730 qua:
3023 658 3089 713 ad
3114 658 3253 713 hanc
3271 656 3431 712 vitam
3457 656 3745 727 pertinent,
3775 664 3912 710 tunc

2313 752 2466 809 nobis
2504 767 2565 807 ea
2596 751 2688 806 dat
2717 770 2730 807 :
2764 751 2980 822 quando
3011 749 3204 805 viderit
3234 764 3334 804 nos
3364 747 3619 819 praeferre
3646 746 3910 818 spiritua-

2311 845 2401 909 iia,
2429 851 2554 899 tunc
2576 843 2736 898 etiam
2769 841 2971 912 prmbet
2996 841 3265 903 carnalia;
3296 855 3401 895 non
3427 849 3604 895 autem
3630 838 3800 909 prius,
3832 852 3910 893 ne

2311 936 2696 1004 abrumpamur
2723 948 2752 989 a
2792 932 3180 1004 spiritualibus.
3226 930 3393 987 Nobis
3436 932 3598 1002 igitur
3642 946 3906 1001 parcens,

2310 1042 2419 1083 non
2450 1027 2540 1081 dat
2563 1026 2794 1081 carnalia
2816 1067 2832 1092 ,
2862 1033 2920 1079 ut
2944 1025 3026 1080 vel
3052 1023 3249 1078 invitos
3279 1023 3348 1076 ab
3375 1023 3440 1078 iis
3468 1022 3721 1078 abducat.
3741 1021 3859 1078 Non
3883 1063 3905 1090 ,

2310 1118 2509 1185 inquit;
2538 1117 2632 1172 sed
2655 1116 2698 1172 si
2722 1130 3003 1185 accepero,
3028 1115 3266 1185 repleor,
3294 1120 3350 1168 et
3370 1114 3538 1184 magis
3555 1128 3655 1185 ago
3674 1114 3901 1185 gratias.

2310 1210 2525 1267 Falsum
2557 1220 2671 1274 est,
2717 1224 2750 1262 ο
2789 1210 2950 1263 homo
2978 1226 2993 1264 :
3028 1216 3154 1264 tunc
3187 1206 3329 1262 enim
3356 1220 3417 1261 es
3441 1207 3611 1277 magis
3635 1220 3820 1261 socors
3847 1214 3906 1260 et

2308 1304 2551 1371 ignavus.
2569 1300 2718 1368 Quid
2743 1308 2948 1365 autem,
2976 1301 3170 1370 inquit,
3200 1297 3340 1368 quod
3367 1296 3457 1351 dat
3489 1297 3718 1351 multis?
3747 1296 3905 1353 Unde

2303 1403 2518 1448 constat
2543 1391 2684 1461 quod
2717 1391 2833 1461 ipse
2858 1390 2990 1444 dat?
3030 1389 3135 1446 Sed
3165 1390 3285 1459 quis
3304 1429 3320 1454 ,
3354 1387 3527 1458 inquit
3547 1427 3562 1451 ,
3592 1385 3686 1442 dat
3713 1387 3890 1441 alius?

2308 1486 2507 1541 Eorum
2554 1484 2775 1539 avaritia
2821 1493 2876 1539 et
2917 1484 3124 1553 rapina.
3171 1481 3454 1551 Quomodo
3495 1495 3625 1553 ergo
3653 1479 3904 1537 concedit

2306 1579 2421 1634 haec
2453 1578 2601 1633 fieri?
2625 1576 2778 1633 Sicut
2805 1577 3007 1633 cuidem
3026 1617 3041 1641 ,
3073 1574 3209 1630 furta
3231 1616 3247 1641 ,
3277 1585 3331 1631 et
3372 1575 3477 1628 vim
3503 1590 3620 1645 qua:
3648 1574 3897 1629 infertur.

2305 1671 2444 1741 Quid
2472 1686 2621 1735 vero,
2646 1671 2837 1740 inquit,
2864 1670 2931 1723 de
2958 1670 3022 1723 iis
3045 1668 3180 1722 dicis
3199 1669 3338 1738 quia
3368 1667 3607 1737 patribus
3628 1667 3903 1736 accipiunt

2287 1764 2681 1824 hereditatem.
2712 1762 2810 1831 ipsi
2834 1762 3015 1817 referti
3040 1761 3194 1815 malis
3217 1760 3740 1816 innumerabilibus?
3767 1776 3901 1829 quo-

2304 1854 2486 1919 modo,
2516 1852 2709 1923 inquit,
2738 1853 2867 1906 sinit
2886 1866 2978 1906 eos
3009 1852 3146 1906 Deus
3169 1851 3275 1906 illis
3300 1850 3440 1905 frui?
3469 1851 3619 1906 Sicut
3646 1861 3701 1905 et
3728 1850 3899 1917 fures,

2302 1954 2358 1999 et
2385 1959 2477 2000 eos
2505 1944 2593 2013 qui
2622 1943 2797 1998 caedes
2824 1943 3065 2009 faciunt,
3098 1952 3151 1997 et
3178 1954 3406 1997 caeteros
3438 1941 3710 1997 maleficos
3742 1959 3755 1995 :
3786 1957 3897 1996 non

2304 2047 2386 2094 est
2410 2036 2553 2092 enim
2584 2051 2725 2090 nunc
2754 2044 2964 2104 tempus
2987 2034 3197 2105 judicii,
3230 2035 3323 2090 sed
3353 2036 3571 2103 Optima).
3596 2035 3721 2090 vita:
3744 2035 3899 2090 insti-

2305 2128 2550 2184 tutionis.
2597 2126 2750 2195 Quod
2794 2136 2973 2182 autem
3015 2125 3125 2196 jatn
3171 2125 3311 2192 dixi,
3360 2125 3464 2181 hoc
3494 2141 3707 2197 quoque
3754 2141 3898 2181 nunc

2302 2219 2424 2274 dico
2449 2235 2461 2271 :
2494 2218 2570 2272 illi
2599 2218 2831 2287 majores
2853 2216 3055 2271 dabunt
3082 2232 3287 2287 pinnas,
3311 2217 3528 2286 quando
3552 2218 3714 2273 etiam
3738 2217 3898 2273 bonis

2299 2310 2549 2366 omnibus
2579 2309 2864 2379 perceptis,
2900 2324 2966 2363 ne
2994 2309 3071 2363 sic
3112 2308 3325 2379 quidem
3359 2308 3586 2363 evadant
3619 2308 3895 2364 meliores.

2309 2413 2422 2469 Non
2449 2413 2592 2468 enim
2614 2425 2803 2466 omnes
2822 2409 3073 2465 similiter
3097 2407 3412 2478 punientur,
3440 2405 3535 2461 sed
3558 2403 3593 2460 ii
3621 2402 3712 2475 qui
3740 2402 3910 2458 etiam

2309 2511 2432 2574 post
2473 2509 2691 2571 accepta
2730 2500 2987 2556 beneficia
3020 2498 3145 2553 mali
3190 2505 3444 2561 manent,
3477 2496 3645 2566 magis
3690 2492 3907 2548 crucia-

2310 2592 2541 2659 buntur;
2570 2593 2659 2663 qui
2686 2608 2865 2648 autem
2896 2593 2948 2646 in
2979 2598 3328 2662 paupertate,
3362 2602 3469 2642 non
3509 2588 3603 2641 ita.
3628 2584 3780 2654 Quod
3808 2599 3910 2638 au-

2311 2694 2417 2741 tem
2452 2686 2522 2739 ita
2548 2685 2653 2749 sit,
2692 2684 2815 2739 audi
2854 2684 2981 2755 quid
3020 2682 3163 2737 dicat
3194 2680 3373 2736 Davidi
3403 2699 3415 2736 :
3450 2679 3638 2734 Nonne
3667 2678 3786 2732 dedi
3812 2677 3907 2730 tibi

2309 2776 2479 2830 omnia
2508 2776 2701 2829 domini
2728 2778 2800 2830 tui
2830 2775 2908 2849 (2.
2937 2773 3067 2846 Reg.
3092 2773 3180 2829 19..
3213 2773 3313 2846 8)?
3340 2770 3566 2840 Quando
3592 2785 3720 2841 ergo
3748 2768 3909 2824 vide-

2312 2875 2386 2929 ris
2405 2870 2654 2941 juvenem
2682 2871 2884 2940 absque
2911 2868 3184 2923 laboribus
3215 2877 3491 2937 paternam
3522 2864 3795 2932 accepisse
3818 2862 3914 2917 beo

2310 2962 2590 3019 reditatem
2612 3004 2628 3029 ,
2662 2971 2716 3017 et
2746 2962 3009 3016 mansisse
3054 2959 3289 3026 malum,
3322 2968 3471 3014 certo
3498 2958 3638 3013 scias
3675 2954 3817 3025 quod
3854 2955 3909 3009 ci

2309 3064 2567 3123 augeatur
2595 3068 2771 3123 poena,
2805 3062 2861 3108 et
2887 3051 3196 3107 intendatur
3219 3050 3508 3105 cruciatus.
3542 3048 3621 3103 Ne
3648 3047 3745 3102 bos
3772 3060 3911 3115 ergo

2308 3145 2647 3209 aemulemur,
2682 3144 2773 3199 sed
2821 3144 2864 3197 si
2913 3143 3177 3213 quispiam
3221 3141 3548 3197 successerit
3587 3140 3806 3198 virtuti.
3856 3136 3913 3193 si

2304 3235 2431 3303 quis
2450 3236 2759 3307 acquisierit
2779 3235 2991 3290 divitias
3014 3233 3319 3305 Spirituales
3348 3251 3361 3288 :
3410 3231 3494 3287 Va:
3524 3232 3674 3291 enim.
3706 3230 3907 3298 inquit,

2311 3340 2375 3398 iis
2408 3342 2493 3410 qui
2533 3341 2794 3411 conﬁdunt
2825 3342 2879 3394 in
2918 3339 3023 3393 suis
3060 3338 3245 3391 divitiis
3264 3353 3284 3401 ;
3315 3344 3401 3398 et,
3444 3332 3590 3387 Beati
3617 3333 3704 3399 qui
3730 3332 3916 3387 timent

2314 3434 2593 3490 Dominum
2642 3432 2833 3505 (Psal.
2865 3432 2953 3487 48.
2986 3430 3035 3485 7.
3066 3440 3113 3484 et
3146 3430 3268 3485 127.
3301 3429 3379 3496 1).
3412 3428 3487 3481 Ex
3532 3426 3722 3494 quibus
3747 3465 3761 3489 ,
3813 3424 3915 3480 dic

2314 3528 2445 3583 mihi
2470 3572 2483 3595 ,
2513 3534 2593 3581 vis
2623 3527 2777 3583 esse?
2806 3527 2881 3579 Ex
2926 3525 2991 3579 iis
3021 3533 3169 3579 certe
3199 3522 3288 3593 qui
3319 3519 3461 3576 beati
3492 3519 3761 3573 dicuntur.
3798 3517 3917 3573 llos

2316 3638 2443 3692 ergo
2483 3621 2755 3681 :eunularc.
2792 3635 2897 3673 non
2927 3620 3076 3682 illos,
3108 3630 3165 3671 ut
3197 3616 3357 3670 etiam
3391 3613 3738 3682 consequaris
3766 3610 3913 3666 bona

2318 3731 2437 3786 qua:
2482 3724 2607 3769 sunt
2652 3714 2730 3767 eis
2775 3713 3054 3777 reposita:
3103 3726 3223 3780 qum
3267 3709 3425 3763 detur
3456 3707 3608 3761 nobis
3656 3704 3916 3761 omnibus

2318 3807 2607 3875 consequi,
2640 3806 2809 3877 gratia
2841 3815 2891 3859 et
2933 3796 3259 3874 benignitate
3306 3800 3516 3854 Domini
3565 3798 3733 3854 nostri
3778 3797 3913 3853 Jesu

2318 3900 2538 3961 Christi,
2566 3915 2685 3953 cum
2711 3913 2817 3968 quo
2843 3896 2985 3951 Patri
3010 3911 3114 3949 una
3140 3910 3260 3949 cum
3283 3903 3470 3947 sancto
3495 3892 3695 3960 Spiritu
3715 3889 3912 3960 gloria,

2321 3993 2631 4060 imperium,
2676 3990 2868 4054 honor,
2903 4002 3043 4042 nunc
3074 3996 3127 4041 et
3153 4000 3389 4056 semper,
3420 3992 3474 4039 et
3504 3982 3557 4038 in
3586 3980 3779 4037 saecula
3806 3994 3913 4035 ssn-

2318 4086 2583 4139 culorum.
2616 4085 2805 4135 Amen.

620 4248 3897 4278 ,Μὴν-Ἢ

2024 4328 2355 4390 HOMILIA
2398 4328 2577 4388 XXI.

614 4512 742 4569 Car.
774 4510 862 4567 10.
892 4526 944 4565 v.
978 4508 1070 4564 '52.
1103 4502 1530 4561 Rementoramini
1573 4510 1739 4553 autem
1786 4498 2024 4567 pristinos
2053 4496 2158 4549 dies
2184 4536 2199 4560 ,

686 4606 739 4657 in
774 4602 950 4670 quibus
986 4598 1276 4662 illuminati,
1309 4609 1550 4665 magnum
1596 4601 1847 4644 certamen
1894 4586 2200 4642 sustinuistis

684 4694 1013 4765 passionum:
1034 4692 1123 4745 55.
1150 4698 1197 4742 et
1224 4689 1276 4740 in
1304 4688 1463 4739 altero
1493 4684 1695 4751 quidem
1722 4678 2006 4751 approbriis
2034 4688 2079 4731 et
2110 4678 2201 4729 tri—

688 4782 1028 4840 bulationibus
1058 4778 1401 4851 spectaculum
1430 4777 1553 4845 {acti
1579 4815 1592 4838 ,
1626 4775 1677 4827 in
1703 4774 1860 4825 altera
1886 4781 2049 4823 autem
2078 4769 2201 4822 socii

686 4880 851 4931 taliter
872 4872 1269 4929 concertantium
1296 4868 1479 4934 effecti.
1510 4868 1599 4920 54.
1629 4864 1767 4917 Nam
1796 4874 1843 4917 et
1868 4862 2042 4916 vinctis
2065 4877 2201 4914 com-

690 4971 825 5041 ,iassi
856 4970 990 5029 estis,
1018 4976 1060 5018 et
1090 4964 1324 5035 rapinam
1353 4960 1598 5014 bonorum
1629 4966 1906 5010 vestrorum
1935 4970 2050 5008 cum
2080 4970 2203 5022 gau-

690 5064 774 5115 dio
805 5059 1096 5127 suscepistis
1118 5098 1132 5121 ,
1161 5064 1514 5125 cognoscentes
1544 5068 1629 5106 vos
1660 5049 1840 5103 habere
1864 5047 2121 5101 meliorem
2148 5046 2202 5100 in

689 5154 824 5207 ca’lis
854 5162 897 5202 et
930 5157 1211 5201 manentem
1237 5144 1588 5200 substantiam.

690 5249 741 5302 l.
792 5239 1221 5298 Prmslantissimi
1254 5236 1444 5291 medici
1473 5250 1593 5288 cum
1627 5232 1944 5303 profundam
1980 5230 2204 5285 fecerint

616 5340 954 5398 incisioneiu,
982 5346 1034 5390 et
1064 5349 1155 5402 per
1184 5333 1390 5402 plagam
1421 5330 1657 5383 dolorem
1684 5325 2030 5388 intenderint,
2056 5324 2203 5378 labo-

617 5441 820 5485 rantem
857 5428 1027 5481 locmn
1064 5424 1405 5478 consolantes
1426 5462 1439 5483 ,
1473 5420 1847 5485 turbatainque
1878 5416 2121 5470 foventes
2151 5424 2204 5468 et

618 5530 931 5578 recreantes
960 5519 1223 5580 animam,
1257 5530 1360 5568 non
1393 5514 1620 5583 amplius
1649 5512 1807 5565 aliam
1838 5509 2091 5565 exhibent
2121 5509 2201 5563 in-

618 5616 897 5677 cisioncm,
920 5610 1012 5664 sed
1036 5620 1089 5665 et
1110 5610 1285 5663 datam
1314 5608 1526 5660 mitibus
1550 5607 1749 5660 leniunt
1776 5603 2198 5668 medicamentis,

2304 4481 2422 4536 dem
2444 4480 2676 4544 fecisset,
2695 4482 2834 4552 quod
2854 4497 2975 4537 eum
2996 4484 3216 4539 omnino
3238 4486 3412 4554 perire
3432 4496 3663 4556 oportet,
3684 4491 3774 4558 qui
3802 4491 3896 4547 Dei

2301 4573 2522 4642 gratiam
2564 4571 2736 4627 affecit
2764 4576 3121 4637 contumelia;
3156 4586 3209 4630 et
3236 4593 3299 4630 ex
3334 4578 3529 4650 Moysis
3557 4580 3761 4650 legibus
3791 4582 3897 4640 hoc

2301 4665 2651 4724 ostendisset.
2682 4665 2821 4734 quod
2854 4668 2958 4720 sint
2988 4669 3232 4738 perituri,
3268 4680 3318 4724 et
3365 4674 3534 4742 magis
3573 4674 3733 4728 etiam
3774 4677 3896 4731 aliis

2300 4758 2633 4825 obsignasset
2665 4761 3019 4827 testimoniis,
3051 4771 3105 4815 et
3147 4763 3371 4819 dixisset
3404 4767 3731 4822 horrendum
3769 4785 3895 4827 esse

2300 4851 2537 4906 incidere
2577 4851 2628 4904 in
2680 4868 2867 4907 manus
2914 4854 3005 4907 Dei
3046 4855 3281 4910 viventis
3317 4874 3329 4910 :
3364 4874 3431 4913 ne
3461 4861 3629 4913 multo
3662 4873 3804 4917 metu
3836 4866 3892 4920 in

2298 4945 2725 5017 desperationem
2758 4949 2985 5003 adducta
3018 4951 3216 5012 anima.
3249 4953 3435 5009 dolore
3466 4956 3847 5012 absorberetur
3870 5000 3887 5027 ,

2297 5054 2387 5094 eos
2407 5041 2714 5094 consolatur
2737 5057 2829 5110 per
2852 5042 3032 5097 laudes
3059 5053 3113 5098 et
3138 5044 3589 5111 adhortationem,
3615 5059 3667 5103 et
3694 5052 3773 5104 eis
3794 5050 3891 5106 do-

2296 5135 2570 5189 mesticam
2609 5135 2764 5189 offert
2807 5138 3226 5192 aemulationem.
3260 5138 3685 5195 Rcmemoramini
3718 5143 3885 5213 enim,

2296 5228 2485 5297 inquit,
2508 5229 2747 5295 pristinos
2770 5230 2895 5293 dies,
2916 5230 2967 5283 in
2991 5230 3171 5295 quibus
3188 5231 3477 5296 illuminati,
3502 5235 3715 5288 multum
3731 5248 3890 5291 certa-

2295 5340 2407 5375 men
2429 5323 2737 5376 sustinuistis
2760 5325 3073 5391 passionum.
3096 5324 3277 5394 Magna
3297 5336 3378 5380 est
3396 5343 3512 5396 qum
3531 5343 3625 5397 per
3645 5343 3805 5395 Opera
3829 5330 3889 5385 lit

2292 5415 2588 5467 consolatio
2612 5433 2622 5467 :
2645 5429 2764 5467 eum
2785 5416 2925 5468 enim
2950 5417 3036 5485 qui
3060 5431 3171 5470 rem
3192 5417 3427 5481 inchoat,
3445 5430 3655 5486 Oportet
3675 5436 3887 5492 progre-

2292 5505 2526 5561 dientem
2563 5507 2736 5561 facere
2771 5508 3183 5561 incrementum.
3212 5509 3372 5575 Quasi
3404 5510 3628 5578 diceret,
3657 5512 3885 5579 Quando

2293 5600 2665 5663 initiabamiui,
2684 5600 2893 5667 quando
2912 5602 3074 5654 eratis
3093 5601 3210 5654 loco
3227 5601 3633 5671 discipulorum.
3651 5605 3884 5661 ostendi-

619 5714 674 5761 et
701 5720 817 5773 quae
845 5702 1048 5755 doloris
1075 5699 1297 5753 multum
1328 5698 1530 5767 possint
1596 5692 1852 5746 adimere.
1888 5688 1999 5745 Hoc
2070 5708 2204 5763 quo-
2289 5693 2385 5747 stis
2411 5701 2609 5745 tantam
2632 5692 2795 5745 animi
2825 5693 3177 5758 alacritatem,
3206 5703 3403 5747 tantam
3428 5697 3879 5766 generositatem:

620 5814 726 5868 que
749 5797 871 5851 fecit
894 5794 1086 5848 Paulus
1112 5811 1123 5846 :
1149 5807 1271 5847 cum
1294 5805 1479 5846 eorum
1500 5790 1864 5844 concussisset
1889 5787 2114 5850 animos,
2147 5794 2203 5840 et

619 5900 754 5952 facta
798 5893 1068 5948 mentione
1112 5886 1373 5960 gehennze
1400 5903 1493 5947 cos
1526 5886 1929 5957 compunxisset
1955 5895 2009 5941 et
2033 5886 2109 5941 eis
2137 5886 2197 5940 li-

2290 5800 2431 5839 nunc
2455 5795 2630 5839 autem
2653 5798 2757 5838 non
2784 5784 3034 5854 amplius.
3055 5784 3122 5838 Et
3145 5786 3233 5855 qui
3259 5785 3504 5841 hortatur
3525 5788 3623 5853 sic,
3648 5789 3883 5845 maxime

2290 5874 2531 5929 hortatur
2551 5890 2579 5928 a
2601 5874 2930 5931 domesticis.
2956 5874 3024 5931 Et
3041 5875 3182 5945 vide,
3207 5891 3312 5933 non
3337 5878 3510 5935 solum
3534 5878 3686 5955 dixit,
3704 5877 3880 5935 Certa-
