4122 6338
248 352 350 409 H9

231 466 343 504 men
363 454 699 525 sustinuistis,
732 460 825 516 sed
856 462 1082 527 addidit,
1114 467 1385 541 Magnum.
1414 471 1523 528 Nec
1548 472 1683 529 dixit
1714 483 1834 528 lett-

232 542 489 611 lationes,
516 549 614 603 sed
641 562 915 608 certamen
943 597 958 621 ,
990 557 1134 627 quod
1164 571 1249 617 est
1280 577 1476 619 nomen
1521 567 1751 621 cncomii
1778 576 1835 622 et

231 632 452 690 laudum
501 641 876 699 maximarum.
912 647 1111 705 Deinde
1148 653 1308 707 etiam
1345 666 1593 713 recenset
1626 658 1834 728 sigilla-

232 725 348 789 tint,
366 730 707 798 ampliﬁcaret
735 738 1056 802 orationem,
1085 751 1139 795 et
1163 744 1361 800 multas
1394 746 1581 802 laudes
1604 747 1827 804 addens.

226 816 561 882 Quomodo?
590 820 659 877 Et
678 825 740 879 in
770 826 931 881 altero
970 831 1178 899 quidem
1216 836 1508 905 opprobriis
1536 848 1583 893 et
1615 838 1836 893 tributae

225 910 450 963 tionibus
479 917 823 983 spectaculum
850 922 994 989 facti.
1023 921 1210 995 Magna
1242 928 1387 983 enim
1412 943 1500 984 res
1528 940 1611 985 est
1635 921 1832 1001 oppro-

230 1001 431 1067 hrium,
454 1014 512 1059 et
534 1005 810 1063 sufﬁciens
831 1012 896 1065 ad
918 1028 1012 1069 cor
1025 1019 1393 1088 pungendum,
1416 1026 1833 1091 pervertendum

228 1093 499 1164 animtun,
531 1109 586 1153 et
611 1100 679 1155 ad
725 1104 920 1160 rationi
970 1108 1327 1168 offundendas
1380 1116 1632 1173 tenebras
1665 1136 1679 1172 :
1710 1116 1831 1175 audi

227 1185 373 1239 enim
418 1189 551 1258 quid
590 1190 732 1248 dicat
762 1197 1022 1266 propheta
1044 1243 1058 1267 ,
1096 1201 1275 1259 Facta
1299 1216 1419 1261 sunt
1445 1208 1570 1262 milii
1594 1211 1837 1281 (acri/nux

225 1279 377 1347 panis
403 1280 488 1334 die
513 1299 574 1336 ac
600 1297 765 1353 nocte,
794 1288 916 1343 dum
961 1293 1150 1349 dicitur
1193 1299 1318 1352 mihi
1356 1286 1603 1370 quotidie,
1637 1279 1737 1359 Ubi
1761 1314 1835 1360 est

223 1367 369 1424 Deus
395 1383 515 1429 tuus
543 1375 561 1447 (
588 1376 732 1434 Psal.
770 1382 859 1437 bl.
910 1385 1009 1456 ψ
1036 1396 1089 1441 et
1118 1406 1324 1456 rursus,
1449 1367 1685 1452 inimicus
1710 1400 1836 1453 milii

222 1464 597 1532 exprobrasset,
625 1472 977 1529 sustinuissent
1008 1480 1175 1549 utique
1204 1484 1221 1553 (
1247 1482 1391 1538 Psal.
1422 1486 1513 1541 51.
1548 1488 1671 1559 I3).
1691 1490 1836 1557 Quo-

224 1554 373 1607 niam
407 1560 552 1611 enim
587 1560 761 1617 inanis
785 1565 971 1634 glorim
998 1585 1183 1627 amore
1210 1574 1417 1630 laborat
1440 1593 1610 1647 genus
1642 1580 1835 1637 Imma-

223 1662 377 1707 num.
407 1662 694 1721 pr0pterea
721 1658 881 1713 etiam
912 1662 980 1716 ab
1014 1662 1117 1719 hoc
1142 1672 1372 1737 capitur.
1407 1670 1518 1727 Nec
1548 1674 1725 1730 solum
1749 1675 1838 1731 di-

221 1741 322 1804 xit,
351 1741 677 1812 Opprobriis,
697 1750 792 1805 sed
824 1752 874 1805 id
902 1771 1115 1827 quoque
1136 1775 1260 1815 com
1287 1779 1479 1835 magna
1506 1768 1834 1837 intentione,

224 1832 595 1899 Spatnculum
633 1844 776 1912 facti.
809 1843 942 1901 Nam
991 1853 1206 1919 quando
1243 1832 1440 1926 aliquis
1480 1860 1695 1929 quidem
1738 1832 1838 1933 per

230 1939 294 1979 se
355 1930 574 1996 probris
627 1936 937 2004 appetitur,
971 1950 1055 1996 est
1108 1944 1326 2013 quidem
1375 1948 1700 2018 molestum,
1739 1930 1836 2010 sed

222 2019 402 2072 multo
451 2022 652 2092 magis,
681 2028 898 2096 quando
930 2046 1112 2087 coram
1156 2040 1430 2095 omnibus.
1456 2041 1590 2097 Nam
1620 2046 1795 2117 cogita
1822 2090 1837 2114 ,

222 2125 438 2178 «πιπτει»,
468 2124 726 2183 quantum
756 2130 873 2175 erat
899 2123 1122 2192 malum,
1151 2143 1273 2184 cum
1302 2131 1372 2185 ab
1396 2132 1708 2193 humilitate
1733 2138 1835 2194 Ju-

224 2201 383 2257 daica
422 2204 802 2280 descivissent,
837 2224 888 2269 et
937 2224 1208 2290 tamquam
1257 2223 1322 2279 ad
1370 2227 1533 2283 vitam
1578 2232 1837 2301 Optimam

230 2296 579 2354 transiissent
604 2341 621 2366 ,
655 2310 715 2357 et'
757 2320 847 2361 res
898 2317 1152 2376 paternas
1199 2296 1629 2388 despexissent,-
1656 2340 1684 2378 a
1727 2330 1841 2381 suis

226 2386 378 2442 male
409 2390 538 2457 pati,
568 2400 623 2446 et
655 2394 854 2450 nullam
885 2398 1087 2458 habere
1118 2405 1535 2468 defensioumu?
1566 2386 1681 2470 Non
1712 2432 1839 2489 pos-

224 2489 374 2543 sum,
401 2478 594 2549 inquit,
618 2482 800 2542 dicere
830 2491 971 2559 quod
1006 2492 1121 2550 hac
1146 2498 1363 2566 quidem
1396 2505 1536 2573 passi
1564 2478 1726 2577 estis,
1744 2511 1839 2566 sed

225 2567 523 2638 doluistis;
566 2574 675 2629 imo
703 2593 831 2634 vero
859 2582 1023 2639 etiam
1055 2587 1211 2643 valde
1243 2567 1406 2648 la:tati
1438 2599 1591 2653 estis.
1631 2599 1700 2655 Et
1738 2602 1842 2658 hoc

225 2659 558 2730 signiﬁcavit
577 2707 592 2730 ,
619 2668 806 2725 dicens
825 2715 841 2741 ,
870 2672 937 2728 In
966 2677 1130 2733 altero
1169 2692 1337 2738 autem
1363 2688 1489 2742 socii
1516 2689 1641 2762 facti
1667 2710 1841 2768 eorum

228 2752 404 2807 taliter
422 2762 834 2817 eonrersantinm
864 2780 883 2819 :
908 2783 1027 2821 nam
1052 2778 1099 2823 et
1124 2771 1303 2829 cinctis
1328 2752 1583 2850 eompaisi
1608 2763 1726 2839 estis
1746 2803 1766 2840 .·
1786 2797 1841 2843 et

227 2847 513 2947 apostol‘os
539 2852 759 2908 adducit
787 2855 837 2947 in
866 2860 1121 2947 medium.
1144 2865 1261 2921 Non
1291 2847 1489 2941 solum,
1516 2875 1708 2947 inquit,
1733 2897 1843 2938 non

224 2934 322 2973 vos
349 2923 538 2989 puduit
564 2940 782 2999 propter
809 2933 1123 3008 familiares,
1147 2944 1244 3000 sed
1270 2923 1498 3011 aliorum

226 3012 343 3039 1...-
364 3019 506 3039 ..---:
538 3035 593 3039 ,η
620 3032 656 3039 ν-
702 3026 723 3039 ι
759 3026 772 3038 ι
812 3028 843 3039 Α.
1000 3034 1030 3039 .-
1079 3035 1123 3039 _-

224 3012 344 3069 inec
360 3019 507 3117 passi
534 3032 678 3091 sunt,
694 3026 875 3083 fuistis
900 3034 1053 3089 socii.
1078 3035 1191 3094 Hoc
1206 3050 1289 3097 est
1316 3047 1477 3103 etiam

220 3107 666 3224 etidhortantis.
703 3116 821 3174 Non
860 3119 1017 3191 dixit,
1051 3127 1223 3188 Fertis
1264 3151 1414 3194 meas
1455 3107 1822 3224 afﬂictior—te:

219 3197 357 3308 mihi
375 3202 511 3258 estis
528 3207 680 3274 socii,
702 3211 795 3266 sed
824 3212 926 3270 hoc
944 3225 1171 3290 tantum,
1191 3223 1381 3285 Vinctis
1407 3197 1661 3308 cont—pain

221 3286 557 3399 Vides
586 3298 655 3402 de
680 3316 739 3356 se
762 3302 907 3361 dicat
921 3317 975 3363 et
1003 3311 1069 3367 de
1086 3286 1209 3372 aliis
1229 3286 1421 3378 vinctis
1682 3286 1827 3397 Iit;

218 3396 331 3437 non
348 3386 673 3447 existimatis
692 3395 901 3453 vincula
924 3417 1045 3460 esse
1062 3411 1297 3481 vmcttla,
1320 3418 1413 3473 sed
1435 3386 1705 3497 tamquam
1727 3434 1827 3489 for-

219 3481 303 3527 tes
321 3485 389 3579 et.
408 3482 615 3537 strenui
639 3484 858 3544 athleta:
885 3496 1145 3553 stetistis:
1168 3507 1421 3572 quoniam
1444 3481 1824 3584 non'sol—un-tvin

217 3568 422 3675 tristris
466 3584 575 3627 non
614 3588 752 3647 opus
790 3579 1073 3645 habebatis
1100 3596 1507 3675 consolatione,
1540 3612 1637 3667 sed
1664 3568 1824 3675 etiaui

212 3934 326 3991 lum
480 3943 774 4051 adbo-etans
803 3951 870 4006 ad
897 3963 1193 4022 certamina
1213 4009 1229 4036 ,
1258 3934 1823 4051 sedetiaiii’tiivtiuiid:

216 4041 330 4155 aqu
366 4029 578 4090 labent.
615 4037 872 4102 Videntes
892 4090 906 4114 ,
938 4050 1110 4124 inquit
1130 4099 1145 4121 ,
1169 4073 1380 4122 vestras
1405 4069 1618 4132 divitias
1643 4029 1824 4155 dirigi:

216 4128 267 4155 In
293 4126 495 4155 Aruns}-
522 4148 533 4155 .
563 4144 651 4155 Α..-
684 4137 764 4155 -_9
790 4154 811 4155 η
1126 4150 1139 4155 -

212 4122 498 4183 tolerastis
522 4148 534 4183 :
560 4144 653 4186 eas
678 4137 822 4192 enim
851 4158 970 4213 qua:
995 4150 1235 4209 nondum
1257 4165 1591 4229 apparebant
1616 4122 1825 4236 vidis't‘i;

210 4223 501 4330 tamquam.
525 4240 645 4330 qum
674 4243 1001 4317 apparereqt
1033 4261 1047 4298 :
1078 4248 1222 4316 quod
1252 4223 1479 4314 sin-certe
1505 4223 1820 4330 erat-ﬁdei:

208 4316 264 4427 ft
285 4308 453 4367 factis
488 4314 619 4387 ipsis
646 4336 766 4379 eam
791 4308 1124 4393 ostendistis.
1148 4344 1227 4397 Ac
1252 4362 1443 4418 rapere
1468 4308 1821 4427 quidemugtiai

209 4399 452 4510 fortasse
481 4409 752 4470 violentia
779 4435 967 4479 eorum
995 4430 1083 4498 qui
1113 4399 1412 4509 rapiebant,
1434 4399 1535 4505 age
1564 4399 1821 4522 potiundi:

206 4497 482 4602 quispiam
533 4506 839 4575 prohibere.
887 4497 1253 4585 Quamobrem
1302 4497 1542 4596 nondum
1564 4497 1673 4603 rest

208 4589 586 4709 perspicuum,
615 4600 755 4668 quod
787 4618 1007 4677 propter
1031 4614 1192 4674 ﬁdem
1224 4628 1366 4692 passi

204 4955 375 5011 etiam
413 4957 632 5073 [erretis
659 4981 780 5024 cum
808 4975 1007 5043 gaudio
1036 4996 1051 5035 :
1081 4955 1224 5053 quod
1254 4955 1818 5073 quidem-eralivtiit‘u‘iii

590 5067 691 5173 ,Iet
720 5059 942 5173 digitum
971 5078 1182 5173 magnis
1205 5049 1312 5140 illis
1336 5089 1533 5151 animis
1556 5140 1571 5163 ,
1600 5049 1687 5173 qtii

203 5139 422 5270 μυξιὶ
438 5145 766 5270 Battd'ebant.
798 5153 1007 5217 lieversi
1030 5139 1150 5223 sunt
1178 5139 1586 5258 enim

203 5246 549 5270 ρων-...κη
592 5254 725 5270 μη,
801 5254 931 5270 ___,
984 5256 1016 5270 ,,
1092 5262 1105 5270 _
1164 5266 1176 5270 _

201 5233 422 5357 ἵξῃ-ξιξ
446 5239 725 5357 gaudzntes
750 5286 766 5312 ,
793 5254 931 5319 quod
961 5256 1105 5329 digni
1131 5266 1235 5321 sint
1258 5233 1816 5357 habiti-quiqprorii:

201 5324 341 5380 tuine
370 5324 505 5456 λεῖα
534 5333 853 5403 οβεενεηων
877 5324 1189 5413 contumelia
1234 5361 1255 5431 (
1274 5324 1416 5423 v
1438 5324 1682 5453 siuti)".

208 5429 397 5456 mn...
451 5433 535 5456 -..
563 5442 682 5456 -.._.
706 5436 890 5456 ---μη
1018 5453 1026 5456 _
1123 5450 1156 5456 -_

207 5429 397 5539 :gtem
435 5422 684 5539 fertcum
702 5436 921 5539 gaudio,
945 5450 1182 5506 ostendit
1202 5422 1263 5512 se
1286 5463 1485 5522 habere
1512 5422 1816 5539 misi-cedit:

206 5510 471 5632 :liqtli'gm,
499 5524 551 5632 et
579 5523 725 5590 quod
752 5540 815 5581 ea
844 5544 950 5586 non
976 5536 1048 5591 sit
1070 5510 1485 5619 damni};

207 5604 271 5720 |l-Zt
300 5605 462 5710 illud,
498 5607 836 5720 suscepistis,
865 5629 1100 5686 ostendit
1130 5604 1811 5720 volunttirilngr'tl‘iiii;

203 5693 514 5803 δεηηιίθξη-
545 5703 828 5827 Οηοιυοόξ)
856 5718 1094 5792 elegistis
1119 5740 1175 5785 et
1202 5693 1804 5827 suscepistisvilugbgri:

203 5798 392 5827 Ιιινηιρι
444 5797 614 5827 Ine-Isi!
672 5816 759 5827 ι.--
806 5806 881 5827 --ι
902 5825 925 5827 μ
1001 5814 1012 5825 ι
1155 5821 1184 5827 --

196 5798 412 5859 arentes,
444 5792 638 5863 inquit,
672 5816 759 5856 eos
786 5802 968 5865 habere
993 5814 1045 5867 in
1070 5821 1209 5877 caelis
1230 5792 1495 5891 'melitirem
1522 5840 1568 5895 ei

518 5884 796 5952 Panos.
847 5895 967 5958 Gtt.
1016 5899 1238 5966 LXIII.

1072 359 1146 415 IN
1175 361 1396 419 EPIST.
1438 363 1531 417 ΑΙ)
1572 356 1937 417 ΙΙΕΒΒᾸΞΟΞ.
1979 356 2139 413 CAP.
2183 354 2250 412 Χ.
2296 353 2531 412 ηολίιι.
2576 351 2717 409 XXI.

3453 353 3559 410 150

1948 481 2047 524 tem
2088 468 2444 522 substmttiam.
2489 463 2804 528 Hanentem,
2837 461 2887 517 id
2919 472 3021 524 est,
3052 462 3259 518 ﬁrmam
3286 478 3349 518 ac
3379 461 3552 518 stabi-

1948 565 2077 628 lem,
2104 576 2214 617 non
2242 561 2334 627 ita,
2362 560 2504 614 sicut
2530 558 2668 625 inec,
2698 563 3036 627 pereuntem.

2027 655 2084 709 Ξ.
2133 654 2337 709 Deinde
2375 667 2498 706 cum
2529 664 2624 706 eos
2660 648 2966 713 laudasset,
3010 648 3143 705 dicit
3175 665 3189 703 :
3233 648 3322 707 35.
3371 648 3549 705 Nolite

1942 749 2113 818 itaque
2165 746 2394 800 amittere
2439 743 2803 811 confidentiam
2850 735 3095 805 vestiant,
3140 755 3254 809 qua:
3310 744 3551 813 magnam

1943 840 2091 895 habet
2119 838 2598 894 remunerationem.
2630 832 2771 903 Quid
2799 833 2980 889 dicis?
3002 832 3121 889 Νοη
3148 833 3317 897 dixit,
3346 832 3550 889 Amisi.

1940 932 2040 988 stis
2063 923 2339 995 ﬁduciam,
2372 937 2427 983 et
2472 941 2659 983 rursus
2704 923 2966 997 acquirite
2989 968 3005 993 ,
3046 941 3115 981 ne
3142 926 3500 997 desperarent
3530 947 3546 993 ;

1940 1026 2033 1082 sed
2060 1068 2075 1093 ,
2104 1023 2323 1079 Habetis
2342 1064 2357 1089 ,
2387 1036 2456 1077 ne
2477 1019 2735 1075 amittatis
2765 1037 2778 1072 :
2808 1018 2951 1090 quod
2983 1018 3252 1076 efﬁciebat
3276 1030 3336 1075 ut
3362 1029 3548 1077 essent

1942 1116 2229 1172 ﬁrmiores.
2280 1115 2440 1178 Eam,
2488 1112 2701 1183 inquit,
2754 1110 3009 1168 habetis:
3061 1127 3185 1167 nam
3228 1107 3281 1169 id
3326 1114 3545 1184 quidem

1938 1209 2081 1282 quod
2124 1218 2205 1265 est
2248 1207 2506 1262 amissum
2570 1219 2760 1260 rursus
2804 1202 3120 1275 acquirere,
3173 1200 3366 1275 majori
3408 1217 3546 1277 opus

1938 1302 2101 1359 habet
2130 1302 2315 1358 labore
2344 1316 2359 1367 ;
2400 1298 2544 1371 quod
2589 1308 2770 1354 autem
2800 1298 3106 1367 possidetur
3136 1315 3242 1353 non
3276 1299 3505 1368 perdere
3526 1340 3541 1365 ,

1937 1412 2043 1454 non
2093 1396 2185 1450 ita.
2234 1393 2438 1451 Calatis
2484 1401 2662 1448 autem
2714 1390 2843 1447 dicit
2890 1391 3227 1465 contrarium
3276 1387 3540 1460 :Fitioli,

1936 1506 2058 1561 quos
2086 1491 2269 1545 iterum
2297 1488 2556 1558 parturio,
2584 1486 2743 1541 donec
2790 1488 3034 1558 formetur
3066 1486 3117 1539 in
3147 1486 3284 1540 vobis
3311 1484 3543 1543 Christus

1935 1581 2096 1657 (Gal.
2142 1584 2198 1638 4.
2245 1581 2397 1651 19);
2445 1590 2501 1637 et
2544 1580 2759 1635 merito.
2812 1579 2945 1634 Nam
2994 1579 3076 1635 illi
3121 1580 3339 1651 quidem
3387 1591 3543 1638 erant

1933 1679 2236 1750 supiniores
2279 1687 2332 1733 et
2378 1676 2726 1747 ignaviores;
2758 1673 2903 1729 unde
2949 1690 3086 1744 opus
3115 1674 3386 1731 habebant
3413 1692 3540 1731 ora—

1932 1771 2081 1825 tione
2108 1784 2227 1841 qua:
2270 1769 2441 1839 magis
2490 1775 2752 1838 punget-et
2783 1786 2796 1821 :
2834 1767 2917 1821 isti
2964 1776 3146 1821 autem
3177 1780 3333 1822 erant
3371 1763 3538 1825 animi

1933 1862 2104 1933 magis
2145 1862 2324 1932 pusilli
2367 1870 2423 1917 et
2449 1861 2687 1929 objecti;
2724 1860 2865 1916 unde
2892 1860 3063 1932 magis
3102 1877 3237 1930 opus
3269 1861 3542 1919 habebant

1931 1955 2182 2010 oratione
2222 1970 2343 2024 quae
2382 1962 2600 2009 curaret
2635 1968 2699 2009 ac
2728 1962 3024 2009 recrearet.
3055 1953 3232 2010 Nolite
3260 1971 3421 2026 ergo,
3453 1974 3538 2011 m-

1930 2049 2081 2119 quit,
2138 2047 2387 2104 antittcre
2437 2046 2821 2104 conﬁdentiam
2878 2056 3137 2104 vestram.
3199 2049 3362 2104 Multa
3409 2061 3540 2121 ergo

1929 2151 2046 2198 erat
2070 2156 2261 2197 eorum
2301 2141 2353 2195 in
2385 2140 2552 2197 Deum
2587 2138 2801 2196 ﬁducia.
2850 2139 2980 2207 Qua:
3021 2157 3295 2213 magnam,
3330 2141 3537 2213 inquit,

1929 2233 2075 2288 habet
2112 2233 2593 2289 remunerationem.
2640 2232 2779 2300 Quid
2809 2233 2912 2288 hoc
2953 2242 3036 2289 est
3062 2276 3078 2300 ,
3124 2234 3342 2305 inquit?
3385 2236 3539 2292 Tunc

1928 2326 2017 2381 illa
2063 2326 2424 2397 recipiemus,
2476 2325 2671 2397 inquit.
2720 2326 2865 2397 Ergo
2911 2327 2955 2381 si
2987 2326 3041 2380 in
3090 2325 3271 2382 futuro
3303 2331 3535 2399 reposita

1926 2427 2080 2484 sunt,
2112 2435 2218 2473 non
2244 2428 2461 2488 Oportet
2488 2417 2577 2473 hic
2616 2433 2882 2488 qumrere.
2914 2417 3120 2474 Deinde
3146 2434 3215 2475 ne
3245 2420 3365 2491 quis
3388 2417 3541 2476 dice-

1925 2510 2044 2570 ret,
2093 2502 2233 2560 Ecce
2291 2505 2476 2560 omnia
2520 2507 2678 2562 nobis
2723 2513 2961 2577 praestita
3010 2519 3139 2564 sunt
3181 2526 3195 2563 :
3242 2524 3528 2580 propterea

1923 2605 2019 2646 eos
2046 2598 2439 2667 prmoccuparit
2468 2599 2521 2653 iu
2547 2614 2609 2654 ea
2637 2615 2797 2671 quam
2832 2601 2931 2671 ipsi
2957 2600 3229 2658 habebant
3250 2604 3530 2672 opinione,

1924 2686 2311 2755 propemodum
2352 2690 2538 2747 dicens
2570 2709 2583 2746 :
2614 2694 2659 2747 si
2689 2695 2741 2748 iu
2780 2694 2916 2750 caelo
2946 2697 3276 2766 cognoscitis
3308 2712 3403 2753 vos
3434 2696 3529 2752 ha-

1924 2774 2055 2835 bere
2117 2782 2397 2840 meliorem
2463 2784 2858 2855 substantiam,
2923 2789 3055 2844 nihil
3118 2790 3204 2845 hic
3248 2791 3523 2861 quaerite:

1923 2873 2177 2941 patientia
2222 2878 2366 2933 enim
2411 2879 2565 2934 vobis
2613 2896 2751 2952 opus
2798 2891 2921 2947 est,
2983 2900 3092 2939 non
3155 2884 3526 2945 additametm

1920 2967 2266 3034 certaminis,
2319 2979 2379 3024 ut
2423 2971 2477 3026 in
2521 2974 2723 3029 eisdem
2778 2978 3079 3044 maneatis,
3131 2994 3201 3035 ne
3241 2980 3385 3051 quod
3440 2992 3526 3039 est

1922 3058 2074 3113 vobis
2113 3061 2364 3117 traditum
2405 3063 2690 3136 altjiciatis.
2733 3065 2893 3123 Nullo
2922 3070 3031 3125 alio
3072 3071 3227 3126 vobis
3256 3083 3339 3128 est
3363 3089 3524 3144 opus,

1919 3164 2078 3218 quam
2107 3163 2163 3206 ut
2206 3152 2280 3208 ita
2326 3156 2518 3221 stetis,
2565 3166 2622 3212 ut
2664 3159 2931 3224 stetistis,
2986 3170 3045 3216 ut
3090 3177 3212 3218 cum
3243 3163 3310 3218 ad
3358 3164 3521 3219 liuent

1920 3245 2274 3309 pervencritis
2299 3288 2313 3310 ,
2356 3248 2633 3317 accipiatis
2662 3251 3101 3319 promissionem.
3137 3251 3229 3311 56.
3267 3255 3526 3312 Patientia

1918 3334 2081 3399 enim,
2129 3335 2302 3407 inquit
2321 3380 2335 3403 ,
2367 3340 2508 3394 vobis
2541 3343 2831 3397 necessaria
2859 3353 2968 3409 est,
3007 3356 3064 3399 ut
3086 3348 3397 3403 voluntate»:
3429 3349 3526 3404 Dei

1918 3426 2158 3493 facientes
2182 3470 2198 3495 ,
2257 3433 2525 3501 προτιειῦ
2583 3436 2992 3503 promissionem.
3048 3435 3169 3495 Uno
3230 3441 3350 3496 solo
3392 3459 3526 3515 ergo

1920 3520 2074 3575 vobis
2100 3536 2239 3592 opus
2259 3533 2433 3588 est,ut
2454 3528 2774 3597 exspectetis
2802 3526 3116 3587 dilationem
3137 3574 3156 3599 ,
3182 3548 3289 3589 non
3318 3544 3376 3590 ut
3403 3552 3524 3591 ruro

1916 3626 2009 3668 sus
2050 3616 2291 3677 certetis.
2318 3618 2401 3673 Ad
2449 3619 2622 3687 ipsam
2648 3661 2663 3687 ,
2708 3619 2911 3691 inquit,
2951 3620 3064 3695 jam
3103 3624 3327 3683 venistis
3361 3642 3522 3684 coro-

1916 3720 2040 3760 nam
2066 3720 2089 3770 ;
2113 3707 2294 3762 omnia
2322 3710 2522 3765 tulistis
2549 3712 2843 3768 certamina
2864 3755 2881 3782 ,
2908 3716 3147 3785 vincula,
3175 3716 3523 3789 afﬂictiones,

1916 3806 2086 3869 rapta:
2110 3808 2234 3855 sunt
2267 3810 2463 3857 vestra:
2492 3801 2774 3862 facultates
2807 3823 2821 3860 :
2854 3808 2984 3878 quid
3012 3812 3189 3881 ergo?
3218 3813 3292 3868 De
3321 3827 3524 3871 caetero

1914 3892 1979 3947 ad
2032 3892 2136 3948 hoc
2182 3893 2374 3961 statis,
2426 3904 2483 3950 ut
2528 3898 2867 3954 coronetniui
2912 3917 2928 3955 :
2973 3900 3079 3957 hoc
3124 3904 3301 3961 solum
3348 3906 3519 3975 ferte,

1913 4000 2131 4042 corona:
2174 3985 2369 4044 futura:
2394 3988 2735 4048 dilationem.
2766 3992 2813 4048 Ο
2842 3995 3161 4065 magnitudo
3190 4001 3519 4056 consolatio-

1914 4080 2041 4134 nis!
2089 4077 2163 4136 Ut
2198 4080 2244 4135 si
2287 4079 2410 4152 quis
2436 4080 2585 4139 dicat
2624 4082 2842 4139 athleta:
2884 4086 2974 4156 qui
3004 4103 3196 4145 omnes
3227 4095 3522 4161 prostravit

1912 4180 1968 4227 et
2004 4174 2361 4244 expugnavit,
2390 4189 2566 4247 neque
2602 4175 2770 4231 ullum
2803 4177 2968 4234 habet
2994 4180 3365 4239 adversarium
3396 4201 3520 4247 cum

1911 4280 2020 4335 quo
2040 4253 2317 4336 decertet,
2349 4276 2404 4324 et
2433 4268 2628 4325 deinde
2654 4270 2724 4325 sit
2754 4273 3098 4331 c‘oronandus
3116 4317 3135 4343 ,
3163 4286 3217 4332 et
3243 4294 3352 4334 non
3384 4278 3523 4338 ferat

1913 4358 2045 4415 illud
2075 4370 2285 4432 tempus
2310 4377 2418 4433 quo
2446 4364 2594 4418 venit
2620 4366 2945 4435 agonotheta
2970 4408 2988 4435 ,
3019 4378 3075 4426 et
3100 4370 3332 4441 imponit
3358 4388 3518 4430 coro-

1914 4466 2036 4505 nam
2069 4467 2085 4506 :
2119 4451 2209 4506 illo
2250 4461 2433 4507 autem
2469 4470 2577 4509 non
2622 4456 2861 4513 tolerans
2888 4459 3004 4514 vult
3028 4462 3177 4517 exire
3212 4474 3265 4520 et
3296 4464 3516 4536 fugere,

1913 4554 1973 4600 ut.
1997 4546 2085 4614 qui
2130 4560 2238 4600 non
2267 4544 2405 4600 ferat
2446 4547 2591 4601 sitim
2619 4558 2675 4604 et
2699 4563 2913 4607 aesmm.
2944 4551 3064 4624 Ipse
3092 4569 3221 4627 ergo
3251 4556 3355 4614 hoc
3384 4561 3519 4616 sub-

1913 4638 2157 4694 indicans
2178 4639 2307 4710 quid
2327 4640 2457 4696 dicit
2480 4641 2504 4694 7
2525 4643 2617 4698 '57.
2644 4643 2828 4700 Adhuc
2848 4646 2982 4701 enim
3009 4650 3265 4704 modicum
3286 4653 3521 4724 aliquan-

1730 4781 1746 4804 ν
1776 4742 1821 4797 εί
1912 4730 2206 4803 tutumque,
2252 4728 2344 4801 qui
2388 4744 2627 4791 venturus
2672 4748 2745 4792 est
2790 4740 2987 4809 veniet,
3035 4751 3084 4797 et
3127 4761 3229 4798 non
3269 4748 3517 4805 tardabit.

1730 4830 1773 4886 is
1806 4850 1820 4887 ε
1909 4822 2044 4879 Nam
2078 4841 2145 4881 ne
2184 4826 2459 4899 dicerent,
2491 4838 2543 4886 et
2581 4834 2797 4903 quando
2834 4836 3059 4893 veniet?
3086 4854 3181 4895 eos
3210 4844 3523 4901 consolatur

1909 4932 1977 4974 ex
2005 4918 2322 5008 Scripturis.
2359 4919 2574 4978 Etenim
2605 4925 2822 4997 quando
2848 4927 2978 4984 dicit
3003 4930 3170 4999 alibi,
3200 4930 3422 5008 Prnpior
3448 4949 3521 4993 est

1906 5010 2081 5057 nostra
2102 5004 2261 5061 salus.
2285 5008 2595 5060 consolatur
2620 5024 2740 5074 eos,
2773 5019 2958 5079 utpote
2982 5028 3105 5068 cum
3133 5004 3516 5089 reatet'parum

1908 5093 2185 5164 temporis.
2232 5093 2342 5151 Nec
2388 5110 2458 5151 ex
2503 5111 2561 5152 se
2609 5096 2717 5154 hoc
2757 5100 2924 5168 dicit,
2953 5103 3047 5159 sed
3089 5119 3154 5161 ex
3198 5105 3515 5179 Scripturis.

1903 5186 1960 5255 Si
1986 5186 2130 5243 enim
2169 5187 2239 5242 ab
2280 5188 2371 5243 illo
2399 5199 2643 5261 tempore
2689 5193 3002 5264 dicebatur,
3037 5198 3219 5255 Adhuc
3258 5204 3516 5258 modicum

1905 5280 2274 5348 aliquantulum
2295 5323 2310 5347 ,
2357 5284 2444 5353 qui
2478 5299 2718 5342 renturtts
2760 5299 2832 5343 est
2864 5291 3023 5344 veniet
3043 5334 3057 5358 ,
3088 5302 3134 5346 et
3164 5310 3265 5347 non
3292 5298 3514 5351 tardabit

1904 5371 2101 5442 (Rom.
2147 5374 2238 5429 i5.
2266 5377 2323 5431 il
2353 5378 2409 5447 ),
2441 5388 2523 5433 est
2567 5382 2911 5452 perspicuum
2943 5384 3086 5455 quod
3114 5402 3255 5442 nunc
3280 5388 3348 5443 sit
3382 5405 3512 5460 pro-

1907 5465 2174 5535 pinquior.
2220 5467 2582 5535 Quamobrem
2621 5482 2675 5526 et
2719 5484 3036 5544 exspectare
3085 5493 3193 5533 non
3236 5494 3397 5551 parva
3429 5493 3515 5537 mt

1905 5572 2132 5612 merces.
2156 5557 2247 5615 28.
2268 5559 2448 5616 Justus
2467 5572 2655 5627 autem,
2688 5564 2887 5636 inquit,
2912 5584 2975 5622 ex
2995 5570 3101 5638 ﬁde
3120 5575 3285 5629 vivet:
3309 5578 3449 5646 quod
3467 5580 3513 5633 si

1902 5648 2207 5705 subtraxerit
2222 5668 2294 5718 se,
2327 5670 2428 5708 non
2462 5655 2677 5725 placebit
2694 5659 2884 5714 anima:
2904 5677 3043 5715 mete.
3072 5662 3197 5721 iltcc
3216 5680 3405 5740 magna
3429 5682 3512 5725 est

1901 5742 2231 5810 Consolatio,
2265 5760 2387 5800 cum
2419 5748 2666 5803 ostendat
2693 5766 2792 5807 eos
2827 5754 2917 5825 qui
2949 5763 3118 5811 totum
3146 5774 3296 5815 rec'e
3321 5778 3508 5833 gesse-

1900 5846 2022 5895 runt
2050 5877 2064 5906 ,
2096 5836 2152 5893 id
2191 5838 2364 5910 ipsum
2413 5856 2507 5913 per
2534 5845 2843 5903 socordiam
2885 5850 3187 5998 amitterti.0
3192 5852 3305 5911 Nos
3338 5867 3509 5913 autem
