4122 6338
646 339 741 400 iiii

656 464 754 501 non
784 462 956 501 sumus
988 446 1335 501 subtractionis
1360 447 1455 515 filii
1482 448 1532 500 in
1554 448 1905 518 perditionem,
1934 451 2021 504 sed
2044 450 2163 519 ﬁdei
2181 453 2232 507 in

654 538 1502 611 acquisitionemanimat.(Cap.i1)
1535 543 1584 595 1.
1603 539 1694 595 Est
1714 553 1877 597 autem
1892 544 2017 611 ﬁdes
2034 560 2235 613 speran-

653 632 834 685 darum
858 632 1131 685 substantia
1151 647 1320 684 rerum
1337 671 1350 695 ,
1375 642 1717 702 argumctt.‘ttm
1740 650 1838 686 non
1859 638 2229 705 apparentiutn.

651 720 705 773 2.
751 720 817 774 in
864 722 957 775 hac
1000 722 1133 774 enim
1187 723 1523 776 testimonium
1568 726 1865 793 consequuti
1909 736 2026 779 sunt
2068 744 2229 784 senes.

653 815 839 884 Papae:
872 814 1011 884 quali
1053 813 1283 870 dictione
1308 825 1391 871 est
1417 830 1571 879 usus,
1605 816 1790 872 dicens
1810 858 1826 884 ,
1864 817 2232 889 Argumentum

652 923 750 958 non
776 910 1125 975 apparentium
1142 947 1155 971 ,
1180 906 1295 962 sive
1318 907 1581 963 convictio
1602 923 1785 963 eorum
1810 924 1927 980 qua:
1952 926 2058 967 non
2087 912 2232 970 vide~

650 994 883 1049 bantur:
914 1005 1286 1066 argumentum
1332 998 1473 1052 enim
1512 997 1707 1053 dicitur
1747 999 1814 1057 tle
1856 1001 1920 1055 iis
1946 1017 2066 1073 quae
2109 1015 2234 1061 sunt

652 1083 802 1138 valde
830 1084 1157 1141 manifestat
1178 1086 1335 1142 Fides
1357 1102 1508 1158 ergo,
1541 1090 1729 1160 inquit,
1759 1100 1842 1146 est
1867 1103 2114 1163 aspectus
2135 1110 2230 1152 eo-

650 1193 767 1231 rum
793 1193 912 1247 quai
940 1193 1045 1233 non
1072 1189 1195 1233 sunt
1218 1179 1514 1246 manifesta,
1533 1190 1587 1237 et
1611 1196 1673 1237 ea
1690 1198 1809 1252 qua:
1829 1200 1934 1240 non
1962 1187 2227 1257 videntur,

650 1267 917 1323 deducunt
941 1269 1006 1324 ad
1036 1269 1281 1325 eumdem
1312 1282 1512 1326 certam
1540 1276 1961 1343 persuasionem,
1980 1277 2045 1332 ad
2069 1295 2229 1350 quam

649 1374 768 1430 qua:
789 1360 1049 1423 videntur.
1070 1360 1252 1431 Neque
1277 1376 1403 1431 ergo
1432 1362 1485 1417 in
1515 1363 1577 1417 iis
1595 1379 1713 1434 qua:
1739 1365 1984 1423 videntur
2013 1368 2138 1425 licet
2167 1370 2229 1426 ii-

647 1451 769 1507 dem
801 1466 904 1506 non
932 1450 1146 1518 habere,
1174 1460 1334 1523 atque
1365 1470 1567 1519 rursus,
1602 1456 1735 1511 side
1762 1457 1827 1512 iis
1852 1474 1969 1529 quae
1995 1477 2102 1516 non
2132 1477 2223 1517 ca-

648 1544 777 1599 dunt
792 1545 891 1601 sub
914 1556 1185 1617 aspectum
1210 1561 1315 1601 non
1336 1548 1567 1617 apertius
1588 1547 1745 1604 fuerit
1766 1554 1993 1621 cuipiam
2011 1568 2229 1622 persua-

647 1651 787 1699 sum,
809 1651 966 1707 quam
985 1638 1050 1691 de
1081 1637 1144 1691 iis
1171 1653 1288 1707 qua:
1305 1637 1569 1704 videntur,
1599 1656 1703 1696 non
1735 1651 1908 1709 potest
1932 1658 2049 1701 esse
2072 1646 2222 1703 ﬁdes.

645 1726 777 1781 Nam
817 1727 1064 1797 quoniam
1100 1743 1220 1798 qua:
1258 1738 1383 1783 sunt
1427 1730 1479 1784 in
1519 1744 1615 1800 spe
1647 1746 1751 1785 non
1791 1733 2040 1791 videntur
2067 1752 2225 1806 posse

646 1818 978 1882 cnnsistere;
1027 1818 1156 1873 fides
1184 1819 1261 1873 cis
1294 1818 1461 1874 donat
1495 1821 1841 1877 substantiam
1869 1842 1883 1882 :
1934 1826 2015 1881 vel
2046 1829 2222 1897 potius

642 1924 750 1965 non
795 1909 993 1977 donat,
1039 1911 1133 1966 sed
1181 1913 1282 1967 ltoc
1322 1915 1493 1983 ipsum
1520 1925 1604 1971 est
1640 1932 1825 1973 eorum
1857 1923 2089 1976 essentia
2120 1940 2132 1977 :
2166 1934 2223 1979 ut

645 2001 872 2071 exempli
916 2016 1104 2067 causa,
1149 2017 1255 2058 non
1287 2004 1504 2060 advenit
1531 2010 1890 2076 resurrectio,
1935 2026 2105 2083 neque
2142 2022 2226 2069 est

645 2092 695 2145 in
724 2090 1015 2146 substantia
1036 2135 1051 2158 ,
1087 2094 1137 2149 id
1166 2106 1249 2150 est
1280 2110 1385 2151 non
1416 2098 1695 2167 consistit,
1734 2100 1829 2156 sed
1864 2117 1989 2173 spes
2018 2103 2140 2160 facit
2168 2112 2225 2161 ut

644 2190 706 2227 ea
733 2177 984 2232 consistat
1011 2180 1063 2232 in
1094 2190 1271 2236 nostra
1295 2186 1490 2237 anima.
1520 2184 1633 2240 Hoc
1658 2198 1737 2241 est
1766 2204 1942 2244 rerum
1973 2207 2089 2263 qua:
2106 2208 2225 2263 spe-

646 2276 828 2323 rantur
868 2270 1184 2325 substantia.
1232 2273 1287 2328 Si
1334 2284 1412 2329 est
1452 2291 1581 2346 ergo
1622 2291 1991 2349 argumentum
2036 2298 2225 2340 eorum

645 2375 763 2425 qua:
810 2375 913 2414 non
962 2362 1246 2431 videntur,
1290 2366 1414 2436 quid
1447 2382 1509 2421 ea
1538 2368 1697 2425 vultis
1726 2372 1941 2441 videre,
1975 2388 2087 2430 uta
2121 2376 2225 2433 fide

643 2450 899 2507 excidatis
918 2461 970 2506 et
991 2468 1019 2505 a
1039 2453 1243 2523 justitia
1267 2498 1281 2522 ,
1312 2457 1356 2511 si
1384 2459 1596 2527 quidem
1614 2460 1791 2529 justus
1812 2478 1876 2519 ex
1908 2465 2009 2521 title
2041 2465 2225 2522 vivet?

648 2539 751 2594 Vos
797 2554 972 2597 autem
1021 2548 1063 2597 si
1103 2559 1166 2600 ea
1206 2541 1365 2603 vultis
1410 2549 1627 2618 videre,
1675 2567 1780 2607 non
1824 2556 1953 2610 estis
1994 2559 2225 2629 amplius

641 2632 847 2687 fideles.
875 2633 1213 2705 Laborastis,
1248 2639 1419 2710 inquit
1442 2682 1457 2707 ,
1488 2642 1809 2700 decertastis
1839 2663 1851 2698 :
1883 2662 1983 2717 ego
2012 2664 2224 2720 quoque

644 2722 880 2779 ltocdico
908 2742 921 2779 :
953 2726 1046 2781 sed
1076 2739 1416 2800 exspectate;
1449 2733 1549 2789 ltoc
1578 2736 1718 2791 enim
1746 2746 1829 2792 est
1850 2739 2027 2795 tides:
2057 2741 2222 2799 nolite

643 2812 947 2869 universum
981 2814 1065 2870 Itic
1092 2834 1356 2887 qumrere.

710 2904 761 2957 3.
792 2904 916 2961 lltec
935 2908 1075 2963 dicta
1106 2910 1318 2980 quidem
1345 2923 1469 2970 sunt
1493 2916 1561 2971 ad
1584 2918 1875 2990 Hebraeos;
1904 2932 1987 2979 est
2036 2935 2214 2982 autem

636 3000 940 3053 communis
969 3000 1263 3060 admonitio
1294 3007 1454 3063 etiam
1482 3010 1551 3065 ad
1580 3011 1773 3069 multos
1799 3032 1867 3073 ex
1914 3017 1979 3073 iis
2008 3017 2099 3088 qui
2130 3018 2218 3076 hic

641 3096 1116 3183 stmtcongregati.
1133 3096 1375 3166 Quonam
1403 3104 1563 3158 modo
1581 3106 1605 3158 't
1625 3105 1705 3161 Ad
1725 3122 1817 3163 eos
1849 3111 1937 3179 qni
1964 3120 2090 3167 sunt
2121 3129 2220 3183 pu-

632 3181 742 3234 silli
765 3177 818 3236 ει
842 3184 1034 3253 abjecti
1057 3187 1241 3243 animi.
1276 3190 1406 3245 Nam
1429 3195 1643 3264 quando
1670 3177 1904 3255 viderint
1932 3204 2102 3258 malos
2122 3177 2217 3261 res

640 3285 763 3326 suas
784 3273 919 3330 bene
946 3291 1151 3346 gerere,
1175 3295 1234 3336 se
1258 3291 1434 3338 autem
1456 3299 1580 3340 suas
1601 3287 1756 3355 male,
1782 3289 1986 3361 dolent,
2010 3295 2220 3353 tristitia

639 3361 699 3414 af
697 3362 944 3421 ficiuntur
958 3376 1011 3422 et
1025 3382 1166 3439 (εει-ε
1184 3369 1528 3445 ferunt,quod
1547 3376 1755 3433 illorum
1771 3379 2081 3440 desiderent
2097 3401 2216 3456 snp-

640 3452 855 3519 plicium
878 3468 931 3511 et
958 3458 1234 3527 ultionem,
1257 3474 1311 3519 et
1338 3466 1479 3534 quod
1510 3466 1750 3525 laborum
1778 3486 1995 3530 suorum
2025 3452 2216 3549 exspe-

636 3552 783 3599 ctent
812 3549 1136 3605 mercedem.
1169 3554 1348 3609 Adhuc
1374 3558 1507 3610 enim
1533 3560 1785 3615 modicum
1812 3564 2211 3636 aliquantulum,

636 3635 723 3704 qui
739 3646 976 3694 venturus
992 3651 1064 3697 est
1076 3643 1257 3711 veniet,
1270 3653 1316 3699 et
1337 3663 1437 3701 non
1455 3650 1697 3721 tardabit,
1712 3635 1920 3711 dicebat
1938 3666 2062 3715 tunc
2078 3659 2219 3717 Dau-

638 3726 741 3784 lus.
770 3728 838 3784 Et
864 3747 961 3787 nos
981 3748 1108 3805 ergo
1134 3734 1251 3793 ltznc
1270 3737 1513 3796 dicamus
1544 3743 1751 3813 ignavis
1775 3756 1829 3803 et
1855 3751 2173 3808 socordibtis
2199 3772 2211 3809 :

638 3818 867 3877 Omnino
895 3827 995 3879 crit
1012 3828 1236 3895 punitio,
1255 3832 1475 3889 omnino
1491 3836 1669 3893 veniet
1684 3854 1699 3905 ;
1708 3837 1820 3908 jam
1841 3844 1996 3898 estin
2019 3842 2219 3904 foribus

634 3918 976 3972 resurrectio.
1032 3919 1330 3992 Undenam,
1361 3927 1553 3999 inquit,
1586 3936 1837 3991 constat?
1860 3936 1977 3993 Non
2005 3940 2127 3997 dico
2151 3958 2218 3999 ex

635 4006 944 4078 prophetis:
969 4026 1073 4068 non
1096 4016 1237 4071 enim
1266 4018 1333 4074 ad
1358 4018 1692 4082 Christianos
1718 4027 1893 4085 solum
1917 4045 2059 4088 nunc
2076 4049 2106 4089 a
2129 4051 2216 4092 me

632 4098 795 4189 verba
817 4099 985 4167 fiunt;
1008 4105 1103 4159 sed
1126 4106 1334 4165 etiamsi
1358 4110 1429 4167 sit
1452 4111 1692 4183 Graecus,
1716 4119 1930 4177 conﬁdo
1960 4124 2133 4192 plane,
2159 4135 2214 4181 et

622 4180 811 4246 certas
831 4195 1171 4262 probationes
1188 4200 1375 4268 ati'ero,
1391 4211 1579 4261 eteum
1601 4180 1807 4266 docebo
1823 4228 1837 4265 :
1856 4223 1911 4268 et
1924 4180 2212 4285 quomodo,

626 4283 779 4340 audi.
803 4284 963 4342 Multa
995 4290 1241 4359 prtcdixit
1265 4293 1532 4354 Christus.
1564 4298 1620 4355 Si
1651 4300 1740 4357 illa
1761 4319 1871 4360 non
1893 4283 2213 4378 evenerunt,

633 4389 735 4431 nec
762 4375 877 4434 [nec
895 4379 1220 4439 credideris:
1242 4387 1323 4441 sin
1347 4398 1523 4445 autem
1548 4393 1725 4449 omnia
1750 4410 2068 4466 evenerunt,
2087 4375 2215 4472 quid

631 4468 845 4525 dubitas
872 4472 939 4529 de
965 4474 1229 4547 reliquis?
1252 4481 1411 4552 Atqui
1442 4484 1622 4541 minus
1650 4496 1796 4545 esset
1826 4468 2128 4563 probabile,
2170 4497 2214 4552 si

631 4560 764 4615 nihil
810 4567 1093 4633 evenisset,
1130 4569 1234 4625 illis
1258 4573 1481 4632 credere
1504 4618 1519 4641 ,
1547 4594 1705 4647 quam
1727 4560 1849 4639 cum
1878 4588 2058 4643 omnia
2085 4605 2213 4647 eve-

626 4664 843 4718 nerunt,
860 4654 943 4711 Itis
957 4673 1059 4712 non
1078 4660 1318 4718 credere.
1336 4664 1499 4737 Magis
1517 4679 1692 4726 autem
1705 4675 1950 4746 exemplo
1966 4693 2081 4735 rem
2100 4682 2212 4736 red-

620 4743 752 4799 dam
771 4749 1127 4807 manitestam.
1144 4752 1283 4810 Dixit
1297 4755 1544 4815 Christus
1565 4759 1797 4820 futurum
1816 4743 1876 4821 ut
1889 4781 2209 4839 caperentur

626 4835 992 4910 Jcrosolyma,
1028 4844 1116 4897 tali
1144 4847 1451 4916 captivitate
1470 4893 1485 4917 ,
1513 4860 1573 4907 ut
1602 4855 1742 4911 nulla
1771 4835 2020 4931 umquam
2047 4862 2207 4921 fuerit

627 4926 922 4995 ejusmodi,
954 4940 1011 4987 et
1039 4948 1100 4989 ea
1135 4950 1239 4992 non
1278 4941 1507 5008 amplius
1532 4956 1715 5002 essent
1740 4926 2019 5009 excitanda
2048 4953 2202 5028 (Luc.

634 5018 719 5073 t9.
750 5020 843 5092 M)
868 5041 881 5076 :
905 5031 960 5079 et
982 5025 1050 5079 ad
1091 5024 1339 5085 effectum
1366 5031 1593 5091 deducta
1622 5048 1706 5094 est
1736 5043 2033 5112 prmdietio.
2055 5018 2203 5105 Dixit

631 5127 873 5181 magnam
900 5115 1128 5172 futuram
1158 5120 1506 5181 aﬂlictioncm
1534 5147 1547 5183 :
1575 5138 1630 5183 et
1656 5134 1853 5187 evenit.
1882 5134 2028 5191 Dixit
2064 5147 2199 5193 ιιηιι

630 5218 786 5267 quam
816 5207 986 5274 sinapi
1017 5212 1334 5270 scminatum
1360 5219 1746 5276 extendendum
1789 5239 1909 5284 esse
1936 5230 2195 5299 pradica-

626 5292 844 5392 tiottent
872 5295 1062 5369 (Marc.
1090 5298 1620 5366 13.2;llattlnﬂ31
1658 5312 1819 5379 ;Luc.
1858 5292 1951 5375 ιδξ
1978 5320 2067 5392 is)
2099 5340 2112 5378 ε
2141 5332 2195 5380 et

622 5400 742 5441 eam
761 5386 999 5443 videmus
1036 5393 1271 5461 quotidie
1302 5406 1467 5452 totum
1493 5403 1676 5457 orbem
1707 5416 1860 5464 terra:
1878 5386 2186 5481 pervadere.

618 5476 763 5534 Dixit
790 5478 1022 5549 futurum
1044 5486 1208 5555 utqui
1236 5498 1459 5558 patrem,
1478 5504 1571 5550 aut
1594 5507 1839 5569 matrem,
1862 5476 1953 5559 aut
1972 5504 2185 5576 fratres,

685 5633 968 5725 1111.59.93
982 5634 1828 5725 ΞὶεῗῈΞέεΞξε-ριεςεεξειέίῖεεα·
1854 5653 1951 5725 δρα
1971 5662 2195 5725 «ιυοιιιιιη

617 5706 668 5773 ἓξέ
691 5700 893 5773 γειιειίξ
906 5706 961 5773 9‘
982 5701 1265 5773 Ροξιεῖίοτίε
1293 5705 1382 5773 avi
1402 5705 1655 5761 faucibus
1675 5700 2196 5773 tbctm'iit'ctlit'

620 5759 755 5820 (esto,
781 5759 851 5808 sic
870 5759 1203 5813 incunctanter
1224 5767 1489 5826 piissimus.

1442 326 1502 383 ε.
1545 326 1820 386 ΙΟᾹΝΧΙΒ
1844 322 2314 387 CIIRYSOSTOMI
2350 320 2660 385 MlCiﬂEP.
2704 324 3233 387 CONSTANTINOP.

3796 318 3900 374 περ.

2335 462 2425 505 aut
2473 464 2687 504 sorores
2732 450 3085 518 reliquerint,
3131 456 3308 517 patres
3359 456 3412 502 et
3452 455 3651 503 matres
3670 447 3914 502 habeant

2336 542 2547 609 (Matth.
2580 539 2783 609 19.29)
2815 550 2914 594 :ct
2969 538 3072 592 hoc
3121 538 3361 593 videmus
3408 554 3467 592 re
3521 540 3632 609 ipsa
3676 539 3909 607 impleri.

2337 631 2505 693 Dixit,
2543 631 2608 684 In
2637 631 2824 684 mundo
2853 631 3169 701 aﬁiictionem
3200 630 3483 695 habebitis;
3527 631 3615 683 sed
3640 630 3905 698 conﬁdite,

2331 737 2422 790 ego
2448 722 2539 773 viri
2573 722 2817 775 mundum
2845 720 3026 793 (Joan.
3050 722 3137 775 16.
3161 721 3251 790 55)
3277 736 3291 785 ;
3321 719 3423 774 hoc
3452 729 3533 774 est
3558 761 3572 785 ,
3611 719 3785 775 Nemo
3814 734 3910 773 vos

2331 814 2604 883 superabit
2630 832 2643 869 :
2677 824 2729 869 et
2751 813 2853 869 hoc
2874 813 3118 868 videmus
3146 813 3321 883 reipsa
3345 813 3606 867 evenisse.
3632 812 3774 866 Dixit
3796 812 3910 866 fore

2322 915 2389 963 ut
2416 905 2702 960 inferortun
2725 912 2893 974 portae
2917 902 3174 957 adversus
3193 903 3483 957 Ecclesium
3509 917 3612 957 non
3637 905 3745 956 sint
3768 919 3909 973 prae-

2328 998 2570 1053 valiturte
2622 997 2834 1065 (.ilattlt.
2867 995 2955 1050 ιϐ.
2988 996 3111 1060 18),
3152 996 3394 1064 quamvis
3439 996 3906 1065 persequutioncm

2328 1090 2577 1160 patiatur,
2606 1098 2659 1141 et
2681 1087 2950 1142 neminem
2980 1086 3367 1143 exstincturum
3400 1100 3520 1140 esse
3571 1086 3909 1155 prtctlicatio—

2327 1197 2446 1235 nem
2480 1197 2493 1231 :
2522 1188 2576 1233 et
2618 1179 2741 1233 huic
2786 1177 3118 1248 prtedictioni
3162 1177 3523 1232 testimonium
3571 1177 3673 1233 fert
3726 1195 3906 1233 rerum

2323 1271 2671 1339 experientia.
2707 1270 2864 1343 Atqui
2915 1278 3037 1323 tunc
3067 1284 3187 1324 cum
3230 1267 3343 1323 hinc
3370 1269 3618 1345 diceret,
3658 1285 3761 1325 neu
3791 1279 3907 1323 etut

2322 1362 2605 1415 admodum
2640 1360 2745 1415 nde
2774 1361 2989 1429 dignus.
3020 1359 3236 1426 Quare?
3259 1359 3519 1427 Quoniam
3548 1362 3724 1415 omnia
3750 1372 3906 1415 erant

2323 1453 2481 1506 verba
2505 1495 2517 1515 ,
2551 1462 2605 1505 ct
2634 1467 2818 1505 eorum
2848 1467 2967 1522 qua:
3007 1451 3149 1507 dicta
3191 1452 3439 1517 fuerunt,
3463 1452 3699 1507 nondtun
3734 1454 3902 1506 ullam

2323 1543 2591 1613 praebebat
2614 1543 3008 1612 probationem.
3038 1542 3397 1609 Quamobrem
3424 1556 3563 1598 nunc
3579 1554 3704 1598 sunt
3733 1545 3842 1619 mul
3870 1560 3903 1599 ο

2319 1636 2680 1690 credibiliora.

2392 1730 2540 1795 Quod
2574 1730 2727 1797 ﬁnem
2760 1730 2935 1783 mundi
2981 1730 3267 1799 proximum
3287 1729 3554 1812 credidqrit
3596 1729 3904 1802 Chrysosfo-

2317 1837 2449 1874 ntus.
2484 1850 2551 1862 —-
2584 1821 2755 1885 Dixit,
2800 1835 2919 1876 cum
2971 1822 3319 1891 prmdicatum
3366 1821 3523 1877 fuerit
3547 1821 3896 1892 Evangelium

2315 1911 2561 1965 omnibus
2587 1911 2853 1982 gentibus,
2884 1921 3009 1966 tunc
3034 1912 3195 1967 tinem
3223 1926 3345 1967 esse
3388 1922 3667 1967 venturum
3707 1914 3922 1975 (Matth.

2313 2005 2404 2060 ει.
2430 2006 2519 2075 tit)
2556 2024 2568 2059 :
2601 2019 2727 2060 ecce
2768 2004 2833 2058 ad
2866 2004 3022 2059 linem
3062 2007 3170 2074 jam
3204 2006 3564 2075 pervenimus.
3595 2003 3721 2059 Fuit
3749 2007 3895 2061 enim

2319 2097 2661 2165 prietlicatum
2691 2096 2883 2167 majori
2916 2098 3053 2166 parti
3109 2098 3255 2152 orbis
3287 2107 3443 2152 terra:
3475 2116 3488 2153 :
3516 2098 3625 2167 jam
3657 2113 3789 2167 ergo
3817 2099 3899 2153 in-

2313 2197 2417 2242 stat
2439 2186 2578 2242 ftttis.
2615 2187 2966 2251 Horreamus,
2998 2206 3031 2241 ο
3060 2187 3261 2243 dilecti.
3287 2188 3421 2256 Quid
3445 2204 3594 2253 vero,
3614 2188 3701 2244 dic
3723 2187 3897 2244 mihi?

2312 2276 2378 2332 de
2408 2276 2511 2333 fine
2536 2288 2586 2332 tit
2614 2293 2673 2333 es
2690 2278 2985 2333 sollicitus?
3008 2277 3120 2349 Ipse
3143 2280 3356 2349 quidem
3380 2280 3489 2348 jam
3518 2296 3683 2350 prope
3703 2280 3893 2346 adest;

2320 2352 2736 2422 uniuscujusque
2774 2363 2953 2409 autem
2980 2357 3082 2410 vita
3113 2366 3169 2412 et
3206 2374 3353 2416 mors
3381 2371 3464 2416 est
3494 2364 3850 2433 propinqttior
3880 2387 3894 2419 :

2318 2440 2437 2496 Dies
2460 2444 2623 2509 enim,
2659 2445 2849 2515 inquit,
2882 2458 3167 2502 nostrorum
3192 2467 3439 2506 annorum
3456 2454 3507 2507 in
3534 2456 3655 2524 ipsis
3687 2468 3900 2525 septua-

2316 2535 2454 2604 ginta
2473 2537 2596 2590 amti
2614 2554 2631 2600 ;
2648 2539 2693 2592 si
2704 2554 2825 2592 vero
2847 2541 2897 2593 in
2918 2542 3275 2611 potentatibus,
3298 2548 3549 2617 octoginta
3564 2551 3705 2603 anni.
3724 2550 3899 2622 Prope

2316 2624 2429 2679 dies
2476 2637 2557 2681 est
2594 2626 2809 2695 judicii,
2843 2630 3122 2686 timeamus
3150 2633 3383 2692 tandem.
3417 2636 3601 2690 Frater
3629 2656 3731 2693 non
3761 2645 3901 2695 redi-

2317 2719 2425 2779 mit,
2467 2718 2675 2773 redimet
2712 2721 2862 2776 Itomo
2905 2720 3296 2793 (Psoi.89.10.
3325 2737 3373 2781 et
3419 2728 3507 2784 48.
3532 2729 3629 2798 8)?
3667 2732 3896 2789 Multum

2317 2808 2598 2873 pmnitebit
2623 2826 2719 2865 nos
2764 2812 2908 2877 illic;
2938 2815 3031 2869 sed
3073 2817 3123 2871 in
3155 2830 3326 2875 morte
3351 2823 3527 2878 nullus
3551 2826 3897 2884 conﬁtebitur

2314 2898 2436 2965 ipsi.
2456 2898 2747 2969 Propterea
2778 2903 2925 2970 dicit,
2951 2905 3324 2965 Prtnteniamus
3337 2916 3516 2983 faciem
3542 2918 3654 2988 ejus
3684 2920 3736 2974 in
3768 2939 3899 2977 con-

2314 2990 2527 3059 fessione
2556 2993 2791 3063 (1501.6.
2810 2996 2859 3051 6.
2889 3008 2934 3051 et
2949 2998 2992 3055 ‘9
3004 3001 3043 3054 ι.
3062 3000 3148 3070 Ξ);
3180 3002 3279 3057 hoc
3308 3016 3407 3083 est.
3438 3011 3555 3077 ejus
3578 3012 3893 3071 adventum.

2313 3077 2443 3134 Nam
2474 3081 2559 3138 hic
2588 3084 2799 3154 quidem
2828 3087 2878 3141 id
2900 3090 3041 3158 quod
3072 3077 3395 3163 fecerimus,
3430 3100 3537 3153 vim
3563 3100 3746 3169 liabet,
3782 3106 3897 3164 illic

2313 3181 2490 3228 autem
2511 3189 2866 3247 nequaquam.
2899 3180 2992 3235 Dic
3018 3197 3220 3252 quasso,
3249 3186 3293 3241 si
3325 3190 3445 3258 quis
3468 3205 3568 3245 nos
3598 3192 3650 3247 in
3672 3196 3894 3255 ardenti

2313 3264 2450 3334 ignis
2493 3265 2706 3324 fornace
2750 3286 2918 3339 parvo
2972 3282 3215 3345 tempore
3241 3285 3522 3348 statuerit,
3558 3300 3661 3340 non
3709 3295 3890 3349 omnia

2311 3357 2691 3413 sustinebimus
2722 3376 2819 3431 pro
2849 3362 3187 3432 liberatione,
3216 3369 3425 3427 etiamsi
3444 3378 3703 3445 pecunias
3729 3397 3892 3454 Oper.

2313 3453 2420 3500 teat
2449 3446 2773 3516 profundere
2794 3493 2809 3517 ,
2858 3454 3069 3509 etiamsi
3119 3461 3430 3517 servitutem
3461 3462 3690 3524 subire?
3718 3446 3894 3539 Quam

2311 3539 2467 3593 multi
2496 3541 2547 3595 in
2594 3556 2784 3612 graves
2816 3548 3033 3601 morbos
3082 3549 3419 3621 inciderunt,
3454 3567 3509 3612 et
3539 3564 3707 3629 parati
3736 3581 3895 3625 erant

2309 3628 2438 3686 dare
2486 3635 2665 3688 omnia
2718 3635 2783 3689 ad
2830 3637 3223 3707 valetudinem,
3268 3646 3313 3699 si
3360 3661 3756 3725 proponeretur
3810 3661 3892 3714 eis
3938 3656 3941 3663 ’

2306 3722 2497 3792 optio?
2525 3724 2583 3779 Si
2610 3740 2737 3797 ergo
2768 3729 2985 3783 morbus
3006 3728 3155 3786 brevi
3187 3732 3385 3792 durans
3411 3722 3657 3811 tempore
3686 3746 3755 3799 ita
3792 3764 3891 3804 nos

2310 3825 2465 3870 vexat
2489 3826 2543 3871 et
2573 3818 2814 3874 molestia
2844 3819 3033 3887 afficit,
3063 3824 3191 3893 quid
3225 3826 3333 3882 illic
3358 3827 3643 3901 faciemus,
3668 3841 3889 3907 quando

2308 3907 2488 3962 nullus
2514 3908 2612 3963 erit
2643 3925 2770 3965 usus
2798 3912 3346 3985 pmnitetttimiQuam
3368 3924 3547 3978 multis
3575 3942 3718 3985 nunc
3747 3932 3888 4000 pleni

2305 4015 2492 4058 sumus
2522 4003 2697 4070 malis,
2722 4015 2777 4060 et
2816 4020 2921 4061 non
2952 4009 3215 4065 sentimus
3239 4010 3262 4066 i
3289 4013 3427 4069 alter
3455 4017 3684 4075 alterum
3735 4041 3883 4081 mor-

2304 4093 2514 4165 demus,
2542 4098 2679 4155 altt-r
2694 4103 2921 4158 alterum
2946 4106 3314 4164 consumimus
3336 4109 3583 4179 injuriatn
3604 4116 3880 4189 iacientes.

2303 4200 2638 4254 accusantes,
2663 4192 3077 4262 calumniantes,
3106 4198 3473 4268 proximorum
3495 4206 3721 4277 gloriam
3741 4229 3884 4284 agre

2305 4278 2556 4336 ferentes.
2586 4283 2653 4337 Et
2697 4285 2816 4342 vide
2848 4302 2961 4343 rem
3009 4305 3225 4361 gravent
3256 4311 3269 4348 :
3314 4310 3439 4351 cum
3469 4299 3699 4358 voluerit
3730 4278 3880 4376 quis-

2304 4370 2443 4440 piam
2472 4372 2670 4431 lardere
2697 4380 2925 4447 proximi
2951 4382 3429 4457 existimationem,
3450 4390 3583 4447 dicit
3613 4411 3626 4447 :
3656 4370 3761 4452 llic
3795 4400 3880 4456 vet

2302 4458 2392 4516 ille
2422 4461 2524 4519 hoc
2545 4465 2680 4521 dixit
2708 4485 2722 4521 :
2748 4468 2911 4537 Deus,
2938 4469 3040 4528 hoc
3062 4473 3192 4529 mihi
3222 4478 3464 4539 condona
3491 4522 3506 4547 ,
3552 4499 3619 4539 ne
3641 4500 3727 4542 me
3754 4503 3882 4545 exa-

2300 4553 2493 4620 mines,
2522 4572 2648 4612 reus
2668 4572 2787 4615 sum
2817 4564 3075 4622 rumoris.
3106 4566 3217 4624 Cur
3241 4585 3371 4642 ergo
3399 4577 3619 4632 omnino
3645 4578 3799 4648 dicis,
3834 4586 3880 4641 sl

2304 4659 2409 4699 non
2437 4648 2654 4702 credis?
2683 4666 2780 4707 cur
2806 4654 2946 4711 dicis
2975 4657 2999 4711 τ
3024 4674 3122 4714 cur
3169 4662 3340 4719 multo
3391 4681 3608 4725 rumore
3636 4669 3769 4729 facis
3820 4685 3881 4732 ut

2297 4745 2368 4801 sit
2396 4744 2694 4801 credibile?
2724 4761 2821 4802 cur
2848 4762 3152 4805 sermonem
3182 4750 3497 4805 transmittis
3524 4750 3616 4822 qui
3662 4766 3766 4807 non
3795 4763 3883 4809 est

2297 4836 2494 4893 verus?
2521 4847 2578 4893 tu
2604 4853 2706 4893 nott
2720 4838 2913 4907 credis,
2932 4848 2986 4895 et
3010 4840 3176 4895 Deum
3193 4854 3351 4912 rogas
3374 4848 3429 4897 ut
3446 4856 3553 4897 non
3570 4843 3839 4899 examinet
3864 4879 3880 4899 .

2296 4926 2414 4985 Noli
2435 4944 2563 5000 ergo
2586 4929 2766 4987 dicere
2785 4972 2802 4998 ,
2832 4930 2924 4986 sed
2946 4940 3080 4998 tace,
3110 4940 3164 4986 et
3188 4932 3256 4985 ab
3283 4931 3428 4987 omni
3458 4942 3603 4989 metu
3628 4933 3883 4990 liberare.

2366 5021 2422 5078 ι.
2462 5020 2566 5078 Sed
2595 5024 2774 5078 nescio
2792 5024 2931 5079 unde
2954 5024 3041 5080 hic
3063 5025 3281 5080 morbus
3310 5026 3502 5081 incidit
3528 5027 3579 5081 in
3605 5026 3882 5084 homines:

2295 5129 2482 5170 sumus
2524 5126 2811 5187 negatores
2836 5157 2851 5182 ,
2903 5116 2954 5171 in
2997 5117 3171 5172 anima
3216 5127 3398 5173 nostra
3432 5120 3561 5174 nihil
3612 5134 3881 5179 remanet.

2295 5207 2435 5264 Audi
2459 5207 2743 5279 quemdam
2768 5208 3063 5277 sapientem
3090 5209 3469 5267 admonentem
3498 5221 3552 5268 et
3573 5212 3839 5268 dicentem
3866 5234 3881 5270 :

2298 5300 2495 5356 Audisti
2521 5301 2721 5353 verbum
2743 5300 2769 5355 γ
2792 5301 2844 5367 in
2874 5310 2921 5354 te
2949 5302 3197 5356 moriatur
3222 5320 3242 5370 ;
3269 5304 3487 5373 conﬁde,
3517 5322 3619 5359 non
3652 5309 3885 5360 terum-

2292 5402 2374 5462 pet
2394 5409 2413 5457 ,'
2430 5400 2487 5448 et
2502 5408 2690 5447 rursus
2714 5434 2729 5457 ,
2750 5392 2956 5449 Audiuit
2972 5395 3173 5450 verbum
3192 5398 3399 5465 stultus,
3418 5408 3465 5452 et
3488 5400 3725 5468 parturiit
3743 5410 3883 5454 tam-

2289 5500 2443 5553 quam
2471 5502 2501 5538 a
2527 5484 2661 5554 [acie
2686 5485 2897 5555 infantis
2913 5500 2971 5539 ea
2991 5501 3103 5556 qua
3122 5487 3252 5553 perit
3273 5486 3292 5559 (
3314 5486 3587 5545 EcciiJ9.
3621 5488 3705 5545 10.
3741 5490 3794 5545 ll
3832 5489 3882 5559 ).

2291 5578 2489 5630 Sumus
2505 5576 2734 5646 prompti
2758 5576 2823 5629 ad
2849 5578 3238 5643 accusationes,
3271 5580 3439 5649 parati
3456 5579 3522 5635 ad
3544 5580 3847 5637 condemna
3862 5613 3881 5623 -

2293 5671 2486 5726 tiones.
2520 5668 2737 5724 Etiamsi
2770 5668 2973 5723 nullum
3004 5668 3147 5726 aliud
3178 5669 3376 5725 malum
3428 5670 3623 5727 factum
3668 5682 3815 5729 esset
3846 5690 3879 5731 a

2294 5764 2448 5820 nobis
2470 5803 2485 5831 ,
2521 5761 2623 5817 hoc
2666 5762 2795 5819 satis
2824 5771 2971 5820 esset
3000 5761 3067 5820 ad
3113 5777 3212 5823 nos
3240 5764 3579 5835 perdendos,
3622 5776 3677 5824 ct
3702 5766 3879 5825 abdu-
