4122 6338
180 416 273 473 I53

179 508 366 568 eendos
395 508 451 565 in
492 507 795 580 gehennam
822 522 838 557 ι
868 504 969 559 hoc
1016 519 1114 559 nos
1168 504 1404 573 implicat
1443 512 1498 559 et
1550 501 1773 560 involvit

180 604 324 659 malis
384 585 895 657 innumerabilibus.
976 595 1041 651 Et
1089 606 1146 649 ut
1203 594 1506 651 accuratius
1553 594 1787 663 discas»

180 691 652 762 audil‘rophetam
700 689 1001 753 dicentem,
1034 687 1229 743 Sedens
1270 691 1512 742 adversus
1557 689 1771 760 fratrem

178 802 309 844 utqu
344 784 639 857 loquebaris
681 781 853 853 (Psal.
884 780 968 836 49.
1001 778 1116 849 20).
1148 781 1217 833 At
1244 794 1348 834 non
1373 795 1474 850 ego
1497 820 1512 844 ,
1560 780 1731 851 inquit
1752 822 1768 846 ,

176 883 264 939 sed
304 882 415 937 ille.
449 880 567 935 Imo
608 892 738 933 vero
768 885 823 932 tu
858 894 870 931 :
903 877 947 932 si
983 886 1036 930 tu
1062 876 1206 931 enim
1239 891 1344 931 non
1372 876 1605 931 dixisses
1628 917 1644 943 ,
1679 875 1771 931 ille

176 993 272 1031 non
298 972 601 1028 audivisset
631 988 644 1025 :
677 967 818 1040 quod
848 968 893 1023 si
922 968 1085 1023 etiam
1110 977 1223 1022 erat
1252 968 1558 1033 auditurus,
1590 960 1686 1024 sed
1715 978 1769 1023 tu

176 1085 272 1125 non
304 1067 509 1122 fuisses
530 1074 716 1120 auctor
744 1063 965 1134 peccati.
984 1062 1118 1117 Cum
1145 1070 1387 1131 oporteat
1416 1062 1644 1131 proximi
1674 1061 1768 1117 de-

175 1165 289 1217 licta
318 1159 506 1215 velare
533 1166 589 1214 et
618 1166 801 1228 tegere
826 1196 842 1219 ,
877 1164 930 1209 tu
961 1162 1224 1224 prmtextu
1261 1152 1546 1222 probitatis
1573 1169 1634 1209 ea
1661 1163 1769 1208 tra-

172 1254 355 1311 ducis?
395 1250 521 1307 Non
567 1265 628 1306 es
661 1243 982 1311 accusator,
1028 1244 1125 1301 sed
1158 1255 1391 1316 nugator
1415 1288 1431 1312 ,
1486 1245 1689 1300 delirus
1714 1256 1773 1303 et

179 1347 388 1402 stultus.
422 1342 471 1400 Ο
496 1338 716 1398 solertia
741 1340 756 1393 ε
792 1340 1017 1408 teipsum
1048 1352 1171 1391 cum
1202 1337 1291 1391 illo
1318 1337 1523 1406 pudore
1549 1336 1721 1393 affluis
1747 1379 1762 1405 ,

172 1451 223 1495 et
263 1454 369 1493 non
406 1433 620 1491 sentis?
661 1431 793 1487 Vide
822 1438 999 1484 autem
1046 1439 1176 1499 quot
1205 1428 1342 1482 mala
1384 1426 1509 1483 hinc
1536 1442 1767 1483 nascan-

173 1545 253 1587 tur
284 1550 299 1587 :
332 1530 503 1585 Deum
536 1524 737 1587 irritas,
770 1522 1076 1592 proximum
1102 1521 1287 1576 dolore
1313 1521 1505 1588 afllcis,
1556 1532 1607 1577 te
1632 1536 1765 1593 sup-

174 1624 323 1694 plicio
350 1621 649 1686 obnoxium
679 1614 880 1672 reddis.
909 1614 1023 1669 Non
1051 1614 1207 1669 audis
1239 1614 1463 1670 Paulum
1489 1614 1764 1672 dicentem

171 1720 235 1773 de
277 1714 455 1772 viduis
498 1710 814 1767 mulieribus
863 1725 878 1762 :
933 1708 1053 1763 Non
1106 1708 1273 1763 solum
1314 1718 1485 1763 autent
1538 1712 1761 1778 otiosa,

174 1810 371 1879 inquit,
425 1807 668 1867 discunt,
716 1802 805 1857 sed
835 1810 880 1856 et
921 1801 1207 1872 nttgatriccs
1248 1810 1297 1855 et
1340 1802 1561 1857 curiosa
1587 1845 1603 1871 ,
1654 1804 1761 1858 cir-

178 1908 467 1953 cumeuntes
496 1895 692 1957 domos,
717 1901 764 1947 et
808 1894 1061 1962 lcquentcs
1086 1907 1198 1961 quae
1225 1908 1324 1947 non
1354 1892 1492 1947 decet
1518 1894 1596 1965 (I.
1629 1892 1761 1948 Tim.

178 1983 228 2038 ε.
257 1982 325 2038 13
348 1986 392 2055 ).
436 1983 799 2053 Quamobrem
830 1985 992 2042 etiam
1019 2028 1033 2053 ,
1076 1986 1294 2057 quando
1324 1986 1622 2043 credideris
1651 1983 1770 2059 quin

177 2072 427 2131 dicuntur
455 2075 718 2132 adversus
765 2076 987 2134 fratrem
1016 2120 1032 2145 ,
1074 2094 1141 2135 ne
1170 2079 1251 2135 sic
1294 2080 1512 2150 quidem
1560 2090 1776 2155 oportet

177 2166 391 2235 dicere,
451 2170 653 2227 nedum
700 2171 747 2227 si
792 2187 900 2227 non
934 2172 1148 2228 credas.
1190 2176 1260 2228 At
1308 2173 1452 2243 quod
1505 2184 1653 2230 tuum
1686 2184 1770 2230 est

176 2271 385 2331 semper
411 2272 662 2332 spectas,
697 2264 893 2319 timens
918 2280 985 2320 ne
1014 2272 1071 2321 te
1099 2264 1241 2320 Deus
1270 2266 1586 2322 examinet?
1618 2267 1773 2323 Time

176 2366 299 2422 ergo
346 2368 417 2410 ne
456 2353 529 2411 de
576 2358 682 2411 tuis
733 2357 891 2428 nugis
938 2358 1289 2413 examineris.
1334 2360 1431 2415 Ilic
1476 2362 1619 2416 enim
1662 2376 1774 2421 non

179 2451 324 2511 potes
372 2444 597 2515 dicere,
648 2446 725 2503 Ne
770 2464 857 2504 me
908 2449 1052 2505 Deus
1100 2451 1371 2506 examinet
1418 2468 1514 2521 pro
1563 2456 1764 2525 nugis:

180 2534 326 2603 plane
342 2538 489 2593 enim
524 2554 609 2594 res
639 2540 751 2610 ipsa
778 2551 857 2597 est
880 2557 1053 2613 nugze.
1076 2541 1185 2598 Cur
1209 2558 1301 2598 eas
1325 2545 1604 2600 traduxisti
1629 2547 1653 2599 ἲ
1677 2564 1775 2604 cur

180 2628 371 2684 malum
417 2631 804 2702 amplificasti‘?
850 2633 954 2689 hoc
995 2651 1096 2689 nos
1124 2644 1301 2705 potest
1340 2637 1595 2707 perdere.
1630 2638 1765 2694 Pro-

181 2732 355 2789 pterea
409 2722 627 2779 diccbat
684 2724 929 2780 Christus
959 2767 976 2793 ,
1026 2725 1203 2783 Nolite
1241 2729 1516 2798 judicare,
1566 2741 1622 2785 ut
1671 2748 1774 2787 non

169 2812 491 2881 jndicemini.
535 2814 640 2870 Sed
699 2833 727 2869 a
760 2818 914 2872 nobis
961 2818 1103 2873 nulla
1141 2818 1259 2891 ejus
1296 2820 1527 2877 habetur
1594 2825 1771 2891 ratio,

180 2918 275 2958 nec
317 2921 440 2973 qua:
487 2905 762 2963 Pharisazo
792 2910 1140 2974 acciderunt,
1192 2928 1291 2967 nos
1335 2913 1618 2985 Castigant,
1671 2932 1775 2971 nec

178 2996 450 3055 modestos
506 3000 741 3056 reddunt
786 3017 849 3057 ac
904 3003 1237 3059 moderatos.
1286 3005 1381 3062 Ille
1424 3024 1537 3062 rem
1590 3024 1771 3063 veram

177 3088 419 3160 dicebat,
470 3090 591 3148 Non
622 3108 733 3149 sum
778 3096 905 3149 sicut
948 3096 1042 3151 iste
1093 3096 1416 3167 publicanus,
1463 3108 1518 3153 et
1560 3099 1774 3157 dicebat

180 3184 318 3241 nullo
367 3185 661 3252 audiente,
733 3196 787 3243 ct
840 3188 935 3243 fuit
984 3192 1391 3246 condemnatus.
1446 3192 1501 3248 Si
1540 3195 1630 3264 qui
1676 3210 1773 3251 ve-

180 3291 287 3329 rum
334 3277 501 3341 dixit,
565 3280 659 3334 fuit
696 3279 1115 3344 condemnatus,
1168 3291 1223 3336 et
1272 3283 1408 3339 dixit
1452 3285 1601 3340 nullo
1644 3302 1762 3341 rau-

1033 392 1098 448 IN
1140 390 1351 449 EPIST.
1386 389 1484 446 {AD
1523 387 1887 445 IIEBRJSOS.
1927 388 2083 445 CAP.
2125 388 2213 445 XI.
2258 389 2486 446 HOMIL.
2530 389 2695 448 XXII.

3383 402 3483 457 f5!

1871 505 2056 562 diente
2103 523 2119 561 :
2160 506 2252 576 qui
2296 504 2428 560 falsa
2470 504 2624 561 etde
2649 503 2846 576 quibus
2886 516 2992 559 non
3042 511 3170 559 sunt
3209 504 3384 571 certi,
3419 509 3473 561 In

1871 612 2059 654 omnes
2090 606 2268 668 partes
2300 597 2712 665 transmittunt,
2745 596 2889 652 sicut
2921 597 3235 666 nugatrices
3264 608 3314 653 et
3349 612 3475 653 ver-

1873 690 2019 746 bosas
2044 689 2299 747 mulieres
2324 732 2341 756 ,
2383 689 2515 760 quid
2546 704 2654 744 n0n
2684 687 2811 743 mali
2845 689 3165 764 patientur?
3209 688 3337 761 quid
3368 705 3476 745 non

1870 782 2214 839 sustinebunt
2239 782 2265 836 τ
2290 779 2385 837 Ori
2411 791 2603 837 nostro
2627 779 2886 852 deinceps
2911 782 3110 837 ostium
3137 781 3479 852 imponamus

1871 883 1926 933 et
1956 885 2161 931 vectem
2193 891 2208 930 :
2237 889 2303 932 ex
2336 875 2507 946 nugis
2537 875 2685 929 enim
2717 882 3019 929 nascuntur
3044 874 3183 929 mala
3222 875 3480 932 innume-

1870 966 2061 1023 rabilia
2096 983 2110 1021 :
2140 974 2459 1023 evertuntur
2488 966 2682 1020 domus
2705 1005 2721 1031 ,
2753 964 3166 1036 disrumpuntur
3185 968 3435 1023 amicitia:
3457 1009 3474 1035 ,

1836 1090 1841 1094 ’
1870 1068 1927 1115 et
1954 1058 2238 1114 innumera
2271 1058 2376 1113 alia
2410 1057 2555 1113 mala
2584 1056 2853 1113 oriuntur.
2903 1058 2980 1113 De
3020 1059 3183 1114 rebus
3210 1060 3475 1128 proximi,

1870 1169 1904 1209 ο
1936 1154 2118 1216 homo,
2151 1167 2219 1209 ne
2255 1154 2331 1207 sis
2362 1151 2632 1207 curiosus.
2668 1151 2738 1205 At
2762 1165 2824 1207 es
2859 1150 3080 1222 loquax,
3113 1160 3168 1207 et
3197 1151 3300 1207 hoc
3328 1152 3479 1208 Iaboc

1870 1262 1958 1305 ras
1985 1246 2159 1302 vitio?
2206 1256 2293 1300 tua
2334 1244 2403 1300 ad
2445 1244 2613 1300 Deum
2655 1242 2880 1315 loquere
2912 1261 2927 1299 :
2957 1243 3038 1301 sic
3066 1260 3174 1300 non
3216 1245 3321 1301 erit
3357 1249 3478 1299 am-

1869 1342 2013 1414 plius
2043 1341 2229 1395 vitium
2261 1353 2362 1394 nec
2390 1337 2810 1405 detrimentum,
2838 1336 2935 1393 sed
2966 1337 3342 1395 commodum.
3376 1338 3477 1395 Die

1870 1443 1957 1489 tua
1981 1432 2191 1498 amicis,
2218 1431 2472 1502 etjustis,
2501 1440 2555 1485 et
2574 1430 2767 1501 quibus
2812 1429 3060 1491 conlidis.
3111 1438 3168 1484 ut
3195 1440 3352 1486 orent
3376 1446 3477 1502 pro

1868 1527 1975 1582 tuis
2005 1524 2261 1597 peccatis.
2288 1523 2345 1579 Si
2373 1538 2494 1594 qua:
2526 1531 2653 1577 sunt
2690 1522 2914 1578 aliorum
2942 1520 3167 1590 dixeris,
3214 1524 3347 1580 nilul
3383 1524 3481 1581 tibi

1875 1619 2098 1691 prodest
2113 1632 2289 1688 neque
2314 1616 2560 1683 lucraris,
2574 1615 2669 1671 sed
2695 1614 2858 1671 etiam
2876 1615 3019 1687 peris
3038 1632 3056 1673 :
3074 1615 3121 1673 si
3143 1624 3233 1673 tua
3250 1616 3481 1674 Domino

1878 1703 2252 1761 enuntiaveris
2273 1724 2311 1768 ,'
2337 1702 2561 1756 multant
2601 1702 2766 1758 habes
2803 1701 3146 1758 mercedem:
3170 1700 3297 1757 Dixi
3315 1701 3485 1770 enim,

1881 1796 2073 1869 lnquit,
2101 1795 2437 1865 pronuntiabo
2452 1792 2819 1849 adversum’mc
2839 1794 3156 1864 iniquitatem
3180 1810 3344 1849 meant
3374 1793 3488 1849 Do-

1874 1893 2033 1956 mino,
2052 1900 2095 1943 et
2114 1900 2165 1943 tu
2183 1888 2418 1944 remisisti
2434 1889 2742 1958 impiettitem
2782 1887 2950 1942 cordis
2979 1888 3077 1941 mei
3085 1885 3487 1957 .Visjudicare?

1887 1991 1974 2037 tua
2002 1982 2181 2052 judica
2208 2000 2222 2037 :
2252 1996 2411 2037 nemo
2443 1992 2493 2036 te
2518 1990 2751 2045 accusat,
2805 1980 2849 2036 si
2874 1982 3100 2051 teipsum
3123 1979 3483 2047 condemnes;

1875 2085 2095 2132 accusat
2114 2086 2313 2144 autem,
2338 2077 2381 2131 si
2406 2086 2581 2131 tenon
2621 2074 2863 2146 iudices;
2911 2082 3149 2141 accusat,
3179 2075 3223 2128 si
3256 2074 3484 2144 teipsum

1883 2184 1992 2225 non
2029 2184 2241 2238 arguas;
2270 2178 2506 2235 accusat,
2538 2170 2583 2223 si
2612 2184 2718 2223 non
2746 2168 2951 2223 doleas.
2976 2167 3141 2223 Vides
3176 2167 3483 2239 quempiam

1880 2260 2062 2328 irasci,
2088 2260 2306 2327 irritati,
2334 2271 2425 2315 aut
2450 2260 2649 2331 aliquid
2687 2260 2829 2316 aliud
2878 2259 3057 2316 facere
3102 2274 3269 2331 grave
3293 2270 3347 2313 et
3397 2260 3482 2314 in-

1880 2352 2137 2423 dignum?
2157 2352 2335 2407 statim
2362 2361 2415 2407 tu
2436 2353 2609 2423 cogita
2630 2368 2748 2423 qum
2765 2361 2889 2407 sunt
2908 2362 3015 2418 tua;
3039 2361 3094 2407 et
3116 2352 3186 2406 ita
3210 2365 3313 2406 nec
3330 2351 3480 2406 illum

1887 2443 2045 2500 valde
2065 2444 2451 2499 condemnabis
2470 2487 2483 2509 ,
2511 2453 2611 2498 eta
2638 2450 2979 2514 peccatorum
3008 2456 3175 2499 onere
3200 2451 3252 2498 te
3281 2441 3481 2498 Ilbera-

1884 2539 1990 2595 bis.
2036 2540 2092 2597 Si
2118 2540 2197 2596 sic
2226 2540 2391 2596 vitam
2433 2550 2673 2597 nostram
2703 2556 3099 2614 componamus
3126 2586 3142 2614 ,
3183 2546 3230 2603 si
3258 2561 3378 2602 eam
3409 2549 3494 2603 εῗο

1884 2647 2276 2699 exerceamus,
2322 2634 2367 2688 si
2396 2634 2647 2705 nosipsos
2691 2636 3141 2705 condemnemus,
3186 2653 3293 2695 non
3320 2641 3489 2696 multa

1886 2723 2025 2779 forte
2046 2734 2265 2804 peccata
2294 2724 2665 2795 admittemus,
2690 2727 2857 2785 multa
2887 2739 3070 2785 autem
3093 2730 3235 2787 bona
3263 2742 3319 2788 et
3350 2748 3489 2804 pra-

1883 2816 2029 2872 clara
2051 2802 2341 2883 faciemus,
2366 2818 2410 2872 si
2444 2818 2601 2874 mites
2622 2820 2792 2875 simus
2813 2830 2867 2876 et
2890 2821 3145 2893 modesti,
3167 2832 3232 2879 et
3248 2802 3491 2893 fruentur

1882 2909 2133 2965 omnibus
2176 2926 2297 2981 qua:
2326 2920 2453 2965 sunt
2485 2913 2750 2982 promissa
2780 2914 2846 2970 iis
2874 2915 2969 2986 qui
3001 2916 3167 2972 Deum
3199 2892 3472 2989 diligunt:

1883 3017 2002 3070 qua:
2032 3002 2191 3057 detur
2220 3003 2376 3058 nobis
2402 3004 2657 3059 omnibus
2682 3008 2988 3076 consequi,
3036 3008 3208 3079 gratia
3237 3018 3293 3064 et
3332 3010 3489 3065 heni-

1881 3092 2083 3161 gnitate
2129 3094 2339 3150 Domini
2372 3096 2544 3151 nostri
2575 3096 2701 3152 Iesu
2741 3097 2986 3165 Christi,
3034 3115 3156 3154 cum
3189 3116 3297 3172 quo
3331 3101 3481 3156 Patri

1886 3201 1991 3239 una
2025 3201 2145 3241 cum
2178 3197 2368 3243 sancto
2399 3188 2600 3258 Spiritu
2632 3190 2699 3244 sit
2724 3190 2916 3261 gloria,
2947 3192 3256 3262 imperium,
3287 3195 3476 3264 honor,

1884 3293 2022 3331 nunc
2053 3287 2107 3333 et
2135 3293 2370 3346 semper,
2402 3289 2455 3333 ct
2488 3280 2539 3333 in
2573 3281 2771 3335 smeula
2802 3283 3151 3339 smculornm.
3186 3287 3384 3341 Amen.

1803 3376 3493 3409 .___._______________

1514 3436 1858 3499 IIOMILIA
1906 3441 2116 3502 XXII.

188 3563 309 3619 Car.
358 3564 447 3617 II.
496 3577 549 3613 ν.
595 3561 659 3616 5..
699 3556 832 3613 Fide
877 3554 1209 3626 intelligimus
1247 3560 1427 3624 aptata
1457 3566 1562 3604 esse
1592 3548 1783 3603 scutula

258 3657 402 3710 uerbo
430 3654 546 3719 Dei,
572 3662 625 3706 ut
648 3668 709 3706 ea:
732 3648 1064 3704 inuisibilibus
1083 3647 1300 3701 visibilia
1325 3644 1503 3714 ﬁerent
1526 3683 1538 3696 .
1565 3643 1619 3695 ι.
1651 3638 1782 3693 Fide

260 3746 536 3815 plurimam
564 3743 783 3797 hostiam
811 3741 935 3795 Abel
962 3756 1116 3810 quant
1146 3736 1273 3793 Cain
1301 3736 1480 3789 obtulit
1515 3734 1621 3787 Deo
1648 3774 1662 3797 ,
1696 3748 1787 3802 per

263 3854 415 3907 quam
451 3835 798 3890 testimonium
849 3840 1189 3900 consequutus
1214 3838 1286 3881 est
1318 3844 1422 3881 esse
1454 3827 1623 3895 justus
1647 3866 1662 3891 ,
1714 3834 1788 3877 le-

261 3931 559 3985 stitnont'nnt
591 3928 884 4001 perbibente
935 3924 1226 3978 muneribus
1257 3922 1369 3992 ejus
1413 3919 1522 3975 Deo
1558 3934 1576 3973 :
1606 3926 1650 3972 et
1695 3932 1786 3988 per

263 4022 406 4076 illam
438 4022 707 4090 defunctus
736 4018 905 4071 adltuc
934 4016 1178 4082 loquitur.

260 4115 309 4169 1.
342 4115 419 4186 (a)
452 4113 611 4167 Fides
633 4126 893 4183 generosa
915 4119 969 4165 et
988 4106 1219 4178 juvenili
1242 4122 1375 4177 opus
1396 4104 1552 4160 habet
1578 4104 1784 4171 anima,

188 4218 238 4263 ct
286 4225 401 4279 qua:
471 4206 649 4261 omnia
694 4212 981 4274 exsuperet
1028 4201 1282 4265 sensilia,
1329 4207 1383 4254 et
1432 4199 1783 4252 humanarum

187 4303 448 4357 rationum
512 4304 849 4370 pertranseat
912 4294 1352 4371 imbecillitatem.
1441 4290 1582 4346 Fieri
1636 4290 1783 4345 enim

190 4412 286 4450 non
326 4404 504 4465 potest
547 4403 604 4447 ut
644 4391 800 4446 aliter
830 4390 899 4446 sit
939 4388 1131 4454 fidelis,
1176 4386 1277 4441 nisi
1306 4386 1395 4453 qui
1427 4401 1486 4465 se
1531 4383 1783 4440 extulerit

188 4501 338 4557 supra
378 4501 594 4543 omnem
648 4498 990 4540 communem
1022 4481 1486 4536 consuetudinem.
1517 4477 1779 4546 Quoniam

186 4596 304 4651 ergo
351 4586 638 4636 evaserant
676 4577 957 4633 imbecilla:
988 4576 1332 4631 IIebrreorum
1354 4574 1566 4638 animae,
1590 4583 1642 4628 et
1665 4588 1780 4629 cm-

189 4683 375 4740 perant
408 4672 620 4742 quidem
664 4686 690 4723 a
716 4670 836 4733 lide,
872 4686 901 4724 a
932 4671 1160 4740 negotiis
1216 4678 1416 4733 autem,
1470 4667 1539 4722 ab
1591 4667 1777 4734 animi,

191 4763 424 4834 inquam,
454 4762 943 4834 perturbationibus
964 4773 1013 4817 et
1042 4761 1421 4816 afﬂictionibus
1436 4760 1782 4817 elfcctierant

188 4858 356 4925 pusilli
400 4865 455 4912 et
511 4856 701 4925 abjecti
769 4854 953 4921 animi,
1004 4864 1059 4909 et
1110 4854 1485 4922 labaseebant,
1547 4856 1776 4924 primum

188 4950 398 5015 quidem
441 4964 535 5005 eos
563 4948 632 5003 ab
666 4947 796 5019 ipsis
827 4947 1133 5002 consolatus
1161 4956 1314 5003 estet
1353 4948 1693 5007 exhortatus.
1723 4948 1793 5004 di-

186 5053 305 5095 cens
328 5081 348 5108 ,
386 5038 813 5093 Rcmemorantini
840 5042 1083 5110 pristinos
1113 5044 1220 5098 dies
1252 5060 1270 5099 :
1300 5044 1498 5103 deinde
1527 5063 1557 5102 a
1588 5050 1775 5119 Scrip-

190 5144 323 5199 tura,
358 5146 478 5202 qua:
504 5131 633 5186 dicit
658 5173 673 5195 ,
704 5131 885 5186 Justus
931 5144 1100 5187 autem
1130 5152 1194 5189 ea:
1223 5137 1326 5204 [ide
1366 5139 1493 5193 vivet
1525 5141 1543 5207 (
1574 5139 1772 5196 llabac.

185 5222 235 5276 2.
268 5224 318 5280 4.
353 5225 375 5293 )
406 5241 419 5277 :
451 5222 645 5278 deinde
666 5238 731 5278 ex
761 5224 1056 5281 rationibus
1082 5226 1288 5293 dicens,
1318 5228 1413 5283 Est
1442 5241 1609 5285 autem
1642 5233 1770 5301 ﬁdes

187 5330 348 5370 rerum
377 5331 492 5385 quis
535 5324 806 5385 sperantur
834 5316 1121 5371 substantia
1144 5360 1158 5386 ,
1208 5332 1570 5391 argumentum
1600 5340 1771 5377 rerum

190 5423 293 5476 quis
321 5425 425 5462 non
456 5409 705 5462 videntur.
746 5407 897 5464 Nunc
922 5419 1099 5465 autem
1131 5428 1320 5468 rursus
1357 5431 1385 5467 a
1440 5415 1734 5484 majoribus
1759 5458 1775 5483 ,

198 5500 395 5573 tnagnis
420 5500 528 5555 illis
556 5500 683 5555 \iris
712 5510 765 5556 et
796 5501 1199 5558 admirabilibus
1224 5546 1238 5570 ,
1272 5506 1662 5576 propemodum
1691 5508 1778 5561 di.

197 5609 315 5651 cens
346 5614 359 5649 :
392 5597 453 5653 Si
496 5597 587 5651 ubi
619 5613 727 5667 pra:
759 5599 980 5668 pedibus
1025 5610 1151 5654 sunt
1194 5600 1331 5655 bona
1359 5643 1375 5669 ,
1413 5617 1602 5658 omnes
1646 5603 1776 5659 salvi

192 5687 401 5745 fuerunt
431 5689 559 5757 lide,
606 5692 775 5747 multo
803 5694 970 5764 magis
994 5709 1110 5749 nos.
1146 5693 1369 5763 Quando
1396 5684 1539 5755 enim
1568 5714 1776 5755 carum-

240 5827 315 5891 (η)
332 5826 527 5880 Initium
554 5839 643 5890 pro
667 5838 801 5877 more
828 5827 1063 5878 omittitur
1088 5841 1114 5875 ει
1140 5825 1278 5878 Colb.

1895 3546 2019 3603 dem
2070 3548 2477 3618 perpessionum
2530 3550 2736 3628 socium
2812 3549 3077 3605 invenerit
3143 3550 3362 3619 anima,
3415 3566 3500 3607 re-

1898 3641 2129 3710 quiescit
2177 3650 2232 3697 et
2280 3643 2529 3711 respirat.
2580 3642 2691 3699 Hoc
2722 3651 2777 3699 et
2827 3643 3017 3700 inﬁde
3046 3653 3100 3699 et
3128 3643 3178 3698 in
3208 3643 3501 3700 afflictione

1894 3732 2022 3787 licet
2070 3733 2250 3789 videre
2280 3752 2294 3788 :
2328 3733 2393 3790 Ut
2456 3736 2559 3801 sit,
2606 3736 2811 3806 inquit,
2866 3737 3004 3790 vobis
3060 3735 3341 3792 consolatio
3412 3755 3501 3807 per

1892 3842 2005 3881 eam
2029 3842 2142 3897 quce
2170 3834 2239 3880 est
2270 3826 2398 3880 inter
2428 3842 2512 3881 vos
2539 3828 2749 3882 inuicem
2799 3827 2953 3896 ﬁdens
3004 3825 3025 3901 (
3050 3827 3199 3883 Rom.
3251 3830 3303 3884 1.
3363 3829 3430 3884 I2
3452 3830 3494 3901 ).

1887 3917 1987 3973 Est
2062 3918 2206 3974 enim
2280 3919 2566 3974 admodum
2638 3920 2853 3975 inﬁdele
2925 3936 3099 3992 genus
3165 3921 3497 3986 humanum,

1887 4022 1941 4067 et
1966 4012 2069 4067 sibi
2116 4028 2221 4068 non
2259 4020 2431 4083 potest
2481 4013 2789 4080 confidere,
2837 4023 2894 4070 et
2946 4015 3098 4071 timet
3148 4030 3245 4086 pro
3274 4016 3337 4070 iis
3379 4033 3501 4086 qua:

1886 4104 2109 4175 judicat,
2152 4108 2404 4175 quoniam
2454 4116 2537 4162 est
2587 4121 2777 4177 magna
2822 4107 2872 4163 ei
2913 4122 3042 4163 cura
3088 4107 3158 4164 de
3206 4110 3498 4166 multorum

1890 4196 2164 4266 opinione.
2197 4192 2338 4260 Quid
2386 4213 2515 4269 ergo
2561 4197 2758 4255 Paulus
2807 4197 2908 4268 (a)!
2962 4197 3069 4253 Eos
3104 4200 3411 4255 consolatur
3448 4212 3503 4257 ct

1886 4288 2242 4341 exhortatura
2264 4281 2521 4353 patribus,
2540 4295 2593 4335 et
2620 4290 2774 4335 antea
2788 4279 2936 4335 abiis
2956 4294 3077 4351 quae
3102 4288 3232 4335 sunt
3253 4277 3308 4332 in
3336 4291 3488 4331 com-

1890 4379 2037 4434 muni
2066 4377 2301 4433 notione.
2329 4374 2464 4431 Nam
2499 4375 2752 4446 quoniam
2787 4374 2919 4429 fides
2948 4372 3443 4445 reprehendebatur
3468 4413 3486 4438 ,

1890 4480 2160 4540 tamquam
2186 4486 2271 4524 res
2296 4483 2415 4539 qua:
2442 4465 2656 4538 probari
2683 4476 2732 4521 et
2762 4465 3128 4521 demonstrari
3143 4480 3253 4520 non
3294 4463 3485 4534 possit,

1892 4574 1948 4617 et
1975 4578 2094 4631 qua:
2120 4562 2188 4615 sit
2216 4561 2393 4631 petius
2447 4559 2652 4613 fallacia
2678 4600 2695 4625 ,
2744 4569 3026 4628 propterea
3076 4557 3311 4613 ostendit
3343 4558 3487 4627 quod

1890 4668 1979 4721 res
2024 4653 2270 4707 maximze
2316 4667 2411 4721 per
2457 4651 2617 4708 fidem
2664 4660 2809 4706 recte
2868 4650 3003 4705 ﬁunt
3032 4692 3048 4717 ,
3100 4666 3208 4705 non
3260 4665 3356 4720 per
3403 4666 3488 4705 ra-

1890 4747 2282 4802 tiocinationes.
2312 4745 2379 4801 Et
2404 4744 2685 4817 quomodo
2711 4744 2814 4801 hoc
2838 4746 3093 4810 ostendit,
3125 4745 3211 4800 dic
3258 4746 3489 4816 quzcso?

1892 4838 2022 4894 Fide
2049 4839 2377 4909 intelligimus
2402 4879 2418 4903 ,
2454 4838 2623 4907 inquit
2650 4880 2666 4905 ,
2702 4846 2878 4906 aptata
2902 4878 2917 4902 ,
2955 4855 3061 4893 esse
3104 4838 3295 4893 stecula
3340 4840 3490 4893 rerbo

1890 4931 2023 4997 Dei,
2085 4940 2139 4984 ut
2202 4947 2265 4984 ea;
2307 4931 2638 4984 inuisibilibus
2683 4929 2900 4984 uisibilia
2946 4931 3144 4997 ﬁerent.
3205 4929 3489 5001 Liquidum

1886 5007 1969 5078 est
1997 5065 2012 5088 ,
2056 5024 2243 5094 inquit,
2283 5022 2423 5093 quod
2472 5040 2540 5079 ex
2589 5022 2654 5078 iis
2694 5038 2813 5093 quae
2855 5039 2958 5077 non
3003 5034 3128 5077 sunt
3171 5023 3310 5079 Deus
3362 5022 3490 5079 fecit

1889 5133 2088 5187 caquu:
2111 5124 2361 5182 sunt;ex
2387 5116 2450 5169 iis
2484 5131 2726 5186 qumnon
2758 5125 3053 5186 apparent,
3086 5130 3147 5171 ea
3174 5130 3294 5186 qua:
3320 5130 3488 5186 appa-

1891 5220 2039 5273 rent;
2075 5226 2139 5264 ex
2176 5208 2237 5264 iis
2269 5224 2388 5278 quae
2430 5224 2536 5261 non
2579 5208 2877 5263 consistunt
2914 5223 2975 5264 ea
3010 5224 3127 5279 qua:
3162 5209 3483 5264 consistunt.

1894 5302 2167 5357 Undeuam
2198 5318 2327 5357 vero
2378 5301 2546 5371 liquet
2574 5300 2714 5371 quod
2750 5301 2851 5357 hoc
2888 5302 3053 5356 verbo
3092 5300 3313 5357 fecerit?
3363 5315 3492 5354 nam

1890 5396 2027 5449 ratio
2099 5394 2313 5465 quidem
2365 5394 2494 5448 nihil
2550 5395 2654 5450 tale
2698 5395 2953 5465 suggerit,
3003 5394 3098 5449 sed
3144 5394 3305 5449 etiam
3360 5409 3489 5448 con-

1892 5499 1986 5543 trai
2005 5489 2112 5543 ium
2142 5488 2284 5558 quod
2316 5504 2383 5543 ex
2410 5488 2795 5557 apparentibus
2825 5488 2929 5543 sint
2959 5502 3022 5541 ea
3053 5503 3172 5556 quae
3200 5496 3485 5557 apparent.

1891 5585 2179 5656 Propterea
2229 5566 2463 5640 maxime
2495 5582 2804 5654 philosophi
2856 5582 2988 5638 nihil
3039 5597 3161 5638 esse
3190 5581 3375 5637 dicunt
3418 5596 3495 5636 ex.

1939 5755 2011 5817 (η)
2036 5754 2110 5802 Ab
2135 5753 2209 5802 his
2233 5753 2398 5801 verbis
2416 5751 2664 5817 homiliam
2694 5750 2864 5817 incipit
2880 5748 3015 5801 Colb.
3044 5763 3056 5798 :
3082 5757 3133 5799 et
3151 5763 3237 5812 per
3258 5752 3499 5815 paginam

1874 5813 2018 5867 uuam
2042 5818 2200 5866 omnia
2225 5818 2272 5865 in
2294 5818 2384 5866 isto
2410 5816 2575 5866 codice
2600 5827 2683 5865 sus
2708 5813 2871 5878 deque
2898 5826 3037 5864 versa
3061 5820 3191 5865 sunt.
