4122 6338
624 337 725 399 155

622 447 807 512 nihilo,
843 453 904 502 ιιι
940 446 1029 517 ιιιιὶ
1059 444 1165 501 sint
1192 442 1470 507 animales,
1501 450 1557 497 et
1585 441 1716 496 nihil
1759 440 1989 495 tribuant
2019 438 2141 496 lidel
2174 456 2189 493 :

620 539 1012 595 cnuviucuntur
1052 545 1228 590 autent
1276 534 1377 605 ipsi
1426 548 1677 604 quoque,
1725 531 1937 601 quando
1988 530 2191 601 aliquid

623 644 871 699 magnum
920 637 975 683 et
1020 608 1330 697 praeclarum
1373 624 1629 690 dixerint,
1674 623 1724 678 id
1756 623 1991 679 tribuere
2020 621 2188 677 fidei:

621 731 675 773 ιιι
704 720 904 787 dicunt,
950 718 1089 772 Deus
1132 716 1502 785 estprincipio
1548 728 1737 769 carens
1779 721 1831 767 et
1877 712 2141 782 ingenitus
2175 734 2191 764 :

621 811 752 863 ratio
777 808 918 863 enim
962 821 1069 862 non
1103 805 1202 860 hoc
1249 806 1503 876 suggerit,
1543 804 1636 859 sed
1674 803 2020 859 contrarium.
2050 800 2190 858 Cons

617 901 791 965 sidera
819 907 994 960 autem
1022 898 1152 961 mihi
1183 898 1403 955 multum
1446 897 1658 953 illorum
1686 896 1984 950 stultitiam.
2022 895 2188 950 Deum

616 994 795 1047 dicunt
822 1004 943 1048 esse
965 989 1084 1050 sine
1109 989 1368 1059 principio
1402 1006 1415 1043 :
1444 986 1585 1057 quod
1616 995 1697 1042 est
1720 985 1876 1057 longe
1901 986 2191 1043 admirably

618 1086 717 1146 ILus
746 1097 904 1154 quam
934 1082 1075 1153 quod
1107 1082 1173 1137 sit
1218 1096 1283 1137 ex
1326 1080 1512 1136 nihilo.
1542 1078 1674 1135 Nam
1717 1080 1897 1135 dicere
1938 1079 2081 1149 quod
2121 1078 2191 1133 sit

616 1182 728 1246 sine
757 1178 1036 1253 principio,
1082 1177 1224 1250 quod
1268 1177 1339 1232 sit
1378 1175 1667 1247 ingenitus,
1716 1176 1857 1243 qttod
1902 1188 2074 1245 neque
2120 1188 2189 1230 ex

614 1287 696 1335 se,
728 1285 901 1341 nequc
929 1285 995 1325 ex
1024 1269 1131 1324 alio
1155 1267 1223 1323 sit
1241 1266 1475 1338 genitus,
1498 1273 1582 1321 est
1604 1267 1773 1336 magis
1795 1264 2187 1335 inexplicabile,

616 1378 775 1430 quam
806 1360 1009 1427 dicere,
1040 1359 1179 1431 quod
1211 1358 1352 1415 Deus
1379 1373 1442 1414 ea
1486 1372 1607 1429 qua:
1635 1368 1758 1413 sunt
1800 1356 1987 1413 fecerit
2013 1370 2077 1422 ex
2108 1356 2191 1415 ni-

617 1450 747 1505 hilo.
778 1450 907 1505 Nam
935 1450 1021 1519 hic
1044 1449 1257 1521 quidem
1299 1447 1463 1503 multa
1490 1456 1615 1504 sunt
1642 1445 1937 1515 credibilia,
1967 1454 2024 1500 ut
2049 1445 2191 1516 quod

616 1543 801 1609 iecerit
840 1526 1230 1617 aliquid,'qpod
1265 1541 1317 1606 id
1354 1541 1494 1611 quod
1541 1540 1600 1594 lit
1642 1539 1890 1605 habuerit
1933 1539 2141 1601 initium
2174 1576 2189 1599 ,

614 1637 755 1709 quod
785 1637 1001 1691 omnino
1032 1634 1227 1691 factum
1259 1634 1330 1689 sit
1358 1651 1372 1687 :
1402 1633 1511 1688 illic
1555 1642 1732 1688 autem
1765 1633 1899 1698 lucc,
1934 1646 2027 1701 per
2052 1646 2108 1686 se
2136 1639 2192 1686 et

614 1747 707 1794 sua
722 1739 911 1801 sponte
927 1738 1028 1795 est,
1052 1728 1336 1800 ingenitus,
1359 1740 1531 1797 neque
1550 1724 1757 1781 initium
1793 1724 1990 1788 habuit,
2019 1737 2192 1793 neque

616 1835 846 1895 tempus,
875 1823 1011 1889 hrcc,
1039 1821 1125 1878 dic
1147 1819 1297 1886 mihi,
1329 1833 1437 1874 non
1466 1826 1626 1889 egent
1654 1816 1758 1872 fide
1779 1817 1803 1870 ’ἱ
1823 1816 1926 1873 Sed
1954 1816 2055 1871 hoc
2084 1830 2191 1871 non

616 1916 792 1987 posuit
820 1914 959 1981 quod
987 1922 1071 1970 est
1113 1913 1266 1984 longe
1295 1912 1545 1981 amplius,
1575 1910 1670 1967 sed
1714 1909 1857 1981 quod
1888 1910 2081 1973 minus,
2110 1907 2194 1963 dio

614 2015 743 2067 cens
772 2016 787 2055 :
818 1999 953 2057 Fide
979 2001 1306 2072 intelligimus
1331 2010 1507 2072 aptata
1530 2017 1637 2059 esse
1680 2002 1866 2058 secula
1892 2002 2040 2062 verba
2064 2000 2186 2069 Dei.

612 2092 890 2149 Undenam
902 2092 1035 2163 jam,
1051 2092 1239 2161 inquit,
1256 2091 1389 2163 dicis
1405 2092 1543 2162 quod
1573 2092 1711 2153 Deus
1736 2093 1900 2149 verbo
1909 2094 2087 2149 omnia
2103 2091 2188 2151 fe-

611 2184 785 2239 cerit?
808 2198 929 2246 cum
957 2182 1009 2239 id
1039 2183 1175 2239 ratio
1201 2198 1304 2237 non
1335 2191 1613 2255 suggerat,
1644 2184 1924 2256 nullusque
1959 2184 2190 2251 adfuerit

613 2271 826 2342 quando
878 2272 1018 2339 facta
1063 2283 1206 2334 sunt.
1269 2272 1549 2330 Undenam
1590 2277 1836 2331 constat?
1865 2275 1993 2332 Fide
2022 2295 2036 2331 :
2065 2276 2190 2333 fidei

611 2365 755 2419 enim
771 2375 999 2434 epusest
1027 2365 1536 2437 intelligentiaJdeo
1573 2367 1702 2423 dicit
1732 2367 1899 2424 :Fide
1943 2368 2185 2441 intelligi-

610 2472 737 2509 mus.
759 2455 894 2529 Quid
913 2455 1016 2521 hoc
1037 2457 1220 2525 verbo,
1243 2457 1367 2527 ﬁde,
1395 2458 1785 2531 intelligimus?
1810 2459 1961 2529 Quod
1990 2476 2055 2518 ex
2078 2478 2186 2518 non

609 2548 987 2614 apparentibus
1014 2548 1148 2605 facta
1167 2560 1301 2611 sunt
1324 2566 1445 2621 qua:
1473 2564 1731 2627 apparent
1762 2571 1777 2609 :
1805 2554 1906 2610 hoc
1926 2556 2069 2612 enim
2104 2566 2188 2611 est

609 2640 758 2702 lides.
788 2639 919 2701 Cum
946 2654 1120 2706 autem
1138 2644 1360 2703 dixisset
1376 2646 1427 2700 id
1452 2638 1590 2716 quOd
1616 2657 1695 2701 est
1716 2663 2017 2713 commune,
2048 2649 2100 2716 id
2117 2649 2185 2707 de

609 2744 805 2789 caetero
833 2734 997 2805 agitat
1048 2737 1097 2790 in
1123 2742 1383 2807 personis.
1410 2737 1507 2793 Vir
1532 2740 1675 2795 enim
1707 2739 1934 2813 inclytus
1949 2750 2002 2796 et
2020 2742 2188 2813 gloria

610 2824 832 2897 insignis
869 2835 952 2882 est
994 2826 1159 2883 instar
1203 2830 1349 2885 orbis
1374 2840 1527 2887 terra;
1556 2849 1569 2884 :
1599 2832 1737 2903 quod
1786 2844 1966 2904 postea
2021 2835 2181 2890 etiam

608 2916 983 2972 subindicavit.
1018 2918 1301 2990 Postquam
1329 2923 1471 2977 enim
1502 2923 1552 2977 in
1582 2934 1793 2979 centum
1821 2936 1914 2981 aut
1943 2926 2186 2983 ducentis

609 3012 852 3077 personis
882 3010 983 3065 hoc
1004 3026 1071 3066 ex
1092 3012 1321 3077 adverso
1348 3016 1552 3080 statuit,
1584 3017 1775 3073 deinde
1829 3018 1959 3073 vidit
1997 3035 2185 3076 nume-

609 3113 726 3157 rum
749 3100 1040 3169 quantitate
1068 3117 1187 3157 csse
1210 3118 1452 3173 paucum,
1481 3104 1692 3162 dicitde
1719 3119 1916 3163 caztero
1944 3127 1958 3163 :
1995 3110 2187 3177 Quibus

608 3191 791 3261 dignus
819 3209 920 3253 non
948 3204 1054 3248 erat
1084 3198 1298 3251 mundus
1325 3196 1504 3266 (Hebr.
1529 3200 1611 3254 ll.
1632 3201 1741 3271 58).
1763 3200 1892 3257 Fide
1915 3202 2187 3273 plurimam

608 3285 820 3340 hostiam
842 3286 964 3344 Abel
982 3304 1132 3357 quam
1158 3288 1281 3343 Cain
1307 3290 1482 3347 obtulit
1512 3291 1639 3348 Deo.
1660 3293 1789 3349 Vide
1817 3304 1997 3355 autem
2025 3314 2182 3375 quem

609 3377 835 3445 primum
860 3380 1161 3447 ponit,eum
1189 3380 1275 3450 qui
1298 3381 1435 3446 male
1453 3392 1535 3438 est
1558 3399 1763 3453 pa.~sus,
1786 3386 1942 3457 idque
1967 3403 1997 3444 a
2021 3389 2183 3446 fratre

606 3467 739 3523 nihil
768 3468 917 3533 hcso,
947 3469 1039 3527 sed
1069 3471 1158 3526 Dei
1184 3485 1341 3527 causa
1359 3473 1526 3529 livore
1553 3487 1769 3530 vexato.
1796 3478 1936 3549 Ergo
1967 3482 2178 3551 propria

605 3569 721 3627 erat
751 3560 983 3629 ipsorum
1013 3563 1208 3632 passio.
1244 3563 1437 3618 Etenim
1458 3582 1544 3620 vos
1559 3584 1753 3639 quoque
1777 3570 1970 3636 eadem,
1992 3574 2185 3645 inquit,

607 3655 743 3719 passi
784 3654 901 3708 estis
925 3670 957 3706 a
982 3655 1151 3716 uestris
1179 3655 1534 3713 cantribulibus
1564 3658 1636 3730 (l.
1663 3658 1837 3729 Tltess.
1866 3662 1920 3717 2.
1956 3664 2062 3735 ll).
2097 3664 2182 3721 δι-

605 3743 715 3801 tnul
737 3745 968 3799 ostendit
986 3745 1103 3799 illos
1116 3761 1324 3816 quoque
1342 3748 1542 3803 invidia
1557 3762 1609 3804 et
1627 3750 1790 3816 livore
1814 3756 2067 3821 torqueri.
2090 3755 2184 3813 llle

607 3834 771 3889 lleum
801 3836 1097 3900 honoravit,
1122 3849 1175 3893 et
1199 3848 1437 3894 mortuus
1470 3851 1573 3909 est,
1601 3844 1849 3913 quoniam
1880 3846 2182 3918 honoravit,

604 3937 657 3981 et
685 3927 916 3982 nondum
938 3940 1019 3983 est
1046 3940 1360 4001 assequutus
1386 3936 1828 3996 resurrectionem
1852 3955 1867 4005 ;
1898 3943 1991 3997 scd
2014 3922 2184 4000 mani;

606 4019 796 4081 festum
815 4021 1027 4090 quidem
1050 4022 1144 4076 fuit
1167 4034 1467 4095 promptum
1484 4037 1537 4082 ct
1552 4030 1726 4087 aluere
1740 4033 1855 4103 ejus
1886 4037 2046 4093 animi
2079 4049 2183 4095 stn-

606 4112 750 4163 dium
786 4130 798 4165 :
828 4123 881 4167 et
910 4129 1029 4182 qua:
1072 4115 1234 4183 ipsius
1280 4119 1613 4177 erant.faeta
1656 4132 1810 4189 sunt;
1838 4140 1956 4196 qure
2002 4140 2179 4186 autem

607 4220 675 4258 ex
697 4214 843 4273 parte
862 4206 950 4261 Dei
974 4218 1121 4271 sunt,
1140 4210 1369 4269 nondtun
1386 4221 1507 4267 sunt
1524 4214 1573 4266 in
1590 4229 1713 4269 eum
1731 4218 2184 4279 collata.llostiam

607 4307 782 4349 autem
812 4295 897 4351 hic
920 4298 1045 4353 dicit
1064 4300 1365 4369 plurimam,
1389 4318 1505 4372 qua:
1528 4315 1645 4359 erat
1674 4306 2050 4379 honorabilior,
2068 4330 2186 4382 qua:

610 4386 931 4453 prteclarior,
962 4404 1079 4458 qum
1103 4391 1268 4461 magis
1289 4395 1609 4450 necessaria.
1629 4397 1737 4455 Nec
1768 4415 2069 4472 possumus,
2095 4406 2180 4460 in-

608 4478 738 4545 quit,
770 4479 947 4535 dicere
976 4482 1117 4547 quod
1150 4499 1253 4536 non
1292 4482 1447 4539 fuerit
1481 4500 1692 4558 accepta
1725 4508 1739 4546 :
1770 4491 1869 4548 fuit
1908 4496 2050 4550 enim
2095 4512 2188 4553 ac-

608 4580 783 4638 cepta,
802 4580 853 4625 et
869 4570 1001 4625 dixit
1016 4573 1080 4626 ad
1100 4574 1383 4639 Cain,Non
1398 4578 1441 4631 si
1454 4590 1585 4633 recte
1604 4582 1857 4653 obtuleris,
1876 4598 2008 4641 recte
2018 4600 2186 4644 autent

610 4679 710 4716 non
736 4664 963 4717 diviseris
994 4663 1146 4735 (Gen.
1172 4666 1223 4720 4.
1249 4668 1323 4739 7).
1358 4670 1492 4724 Abel
1513 4686 1638 4742 ergo
1664 4682 1716 4727 et
1733 4678 2101 4747 recteobtulit,
2131 4691 2187 4737 et

610 4763 755 4811 recte
766 4754 963 4809 divisit.
976 4755 1078 4810 Sed
1099 4765 1271 4813 tamen
1290 4774 1386 4828 pro
1404 4759 1485 4816 his
1502 4778 1780 4831 quamnam
1794 4772 1996 4839 accepit
2010 4787 2119 4826 rem
2129 4789 2188 4828 ιι-

612 4849 945 4902 nerationent
970 4848 992 4901 ?
1022 4847 1241 4904 Occisus
1288 4851 1384 4905 fuit
1411 4868 1438 4904 a
1474 4868 1630 4907 manu
1660 4855 1840 4912 fratris
1866 4876 1880 4924 ;
1910 4871 1963 4913 et
1986 4863 2185 4919 conde-

616 4945 943 4991 mnaltonem
992 4950 1149 5004 quam
1204 4944 1352 5003 pater
1398 4936 1558 4989 subiit
1606 4948 1824 5005 propter
1879 4945 2189 5005 peccatum,

616 5041 734 5079 eam
779 5026 979 5094 primus
1030 5026 1267 5095 suscepit
1308 5025 1483 5094 quise
1529 5036 1673 5079 recte
1723 5034 1983 5095 gesserat,
2034 5034 2086 5080 et
2131 5039 2198 5081 eo

614 5117 854 5189 graviora
873 5126 957 5172 est
980 5132 1188 5187 passus,
1208 5117 1346 5188 quod
1369 5126 1462 5171 eta
1492 5116 1652 5173 fratre
1678 5126 1730 5170 et
1759 5118 1977 5187 primus.
2001 5118 2064 5171 Et
2082 5117 2197 5171 hmo

617 5219 764 5263 recte
786 5210 967 5279 gessit,
997 5208 1065 5262 ad
1091 5209 1291 5262 nullttnt
1324 5208 1612 5277 respiciens
1632 5209 1725 5262 :atl
1756 5224 1911 5277 quem
1940 5210 2081 5262 enim
2110 5222 2195 5263 re-

619 5300 813 5366 spexit.
834 5309 887 5351 et
908 5300 985 5353 sic
1010 5299 1173 5359 Deum
1200 5299 1522 5353 honoravit?
1549 5299 1613 5353 ad
1641 5309 1840 5369 patrem
1866 5310 1918 5354 et
1936 5298 2193 5355 matrem?

619 5388 710 5442 sed
744 5389 816 5442 illi
845 5404 937 5457 pro
961 5389 1229 5444 beneﬁciis
1256 5405 1376 5447 cum
1410 5390 1701 5444 all‘eceruut
1748 5390 2089 5445 contumelia.
2128 5392 2196 5445 At

619 5480 685 5533 ad
717 5479 973 5534 irati-emi
1001 5482 1093 5533 sed
1126 5480 1237 5548 ipse
1281 5497 1489 5548 quoque
1520 5496 1639 5535 cum
1684 5482 1857 5536 aiTecit
1888 5482 2195 5551 ignominia.

620 5577 661 5625 Λ
698 5585 755 5623 se
786 5572 962 5640 itaque
1006 5572 1201 5633 bonum
1254 5571 1544 5625 adinvcuit.
1576 5573 1640 5626 Ει
1681 5574 1768 5641 qui
1820 5584 1965 5625 tanto
1996 5573 2199 5628 honore

622 5674 741 5717 erat
773 5664 982 5734 dignus,
1014 5665 1135 5734 quid
1164 5665 1399 5741 pztlilttr?
1434 5664 1773 5719 interimitur.
1812 5665 2010 5719 Deinde
2042 5666 2196 5718 aliam

624 5758 770 5827 punit
801 5756 1029 5823 laudent,
1065 5758 1247 5813 dicens
1282 5778 1287 5783 τ
1328 5755 1423 5812 l’cr
1454 5774 1606 5826 quam
1662 5758 1989 5813 testinmuiutu
2020 5772 2199 5819 Const“

1370 337 1426 393 Β.
1453 331 1726 399 ιιιΑιιχιε
1764 322 2222 387 CIIRYSOSTOMI
2261 319 2569 377 ARCIIIEP.
2610 316 3137 376 CONSTANTINOP.

3779 314 3895 375 156

2296 448 2481 508 quutus
2522 448 2595 493 est
2638 454 2747 493 esse
2779 440 2974 510 justus,
3023 440 3363 496 testimonium
3410 443 3700 509 perhibente
3744 445 3900 499 donis

2296 532 2407 597 eius
2428 528 2568 595 Deo;
2596 538 2643 584 et
2670 546 2760 599 per
2798 530 2941 583 illaut
2968 530 3242 601 defunctus
3280 532 3447 586 adhuc
3475 534 3718 600 loquitur.
3746 536 3882 603 Qui»

2297 621 2457 677 modo
2482 629 2658 677 autem
2688 621 2847 677 aliter
2869 636 3082 692 quoque
3108 624 3319 694 accepit
3348 626 3712 680 testimonium
3745 627 3896 697 quod

2291 717 2366 770 sit
2383 714 2560 784 justus
2584 713 2838 770 l--Dicitur
2863 714 3001 783 ignis
3023 714 3373 773 descendisse
3400 729 3454 774 et
3482 721 3896 790 consumpsisse

2291 808 2409 878 ejus
2438 806 2643 863 hostias
2672 825 2686 863 :
2720 822 2843 862 nam
2875 822 2970 877 pro
3000 807 3111 874 illo,
3147 808 3228 862 Art
3255 810 3459 866 Abeletn
3486 812 3704 882 aspexit,
3737 824 3786 867 et
3810 814 3887 867 ad

2290 900 2404 969 ejus
2428 898 2685 967 sacriﬁcia
2713 897 3001 954 Dominus:
3029 899 3165 955 dixit
3189 902 3429 971 quidam,
3461 902 3524 958 Et
3547 904 3769 958 incendit
3783 906 3891 977 (α).

2289 990 2389 1059 Qui
2435 1006 2562 1061 ergo
2592 989 2774 1047 verbis
2821 1002 2875 1048 et
2922 991 3078 1049 factis
3117 993 3267 1058 justo
3312 996 3431 1048 tulit
3475 998 3888 1064 testimonium,

2292 1080 2479 1136 videns
2507 1096 2628 1135 eum
2659 1090 2878 1152 propter
2908 1086 3083 1152 ipsum
3127 1083 3197 1140 de
3227 1084 3405 1139 medio
3450 1087 3743 1155 sublatum,
3777 1104 3890 1144 non

2289 1186 2413 1227 eum
2441 1171 2748 1242 vindicavit,
2772 1172 2868 1228 sed
2893 1173 3036 1227 sivit.

2357 1264 2410 1319 ‘2.
2448 1264 2630 1319 \‘cstra
2653 1273 2832 1319 autem
2850 1280 2955 1319 non
2976 1265 3045 1318 ita
3070 1279 3130 1320 se
3151 1264 3349 1321 habent
3379 1283 3393 1320 :
3422 1266 3692 1337 quomodo
3712 1270 3884 1336 enim,

2287 1356 2375 1426 qui
2404 1363 2461 1410 et
2487 1353 2774 1426 prepbetas
2795 1354 3009 1410 habetis
3034 1366 3087 1411 et
3109 1356 3358 1428 exempla
3382 1369 3435 1413 et
3462 1360 3888 1419 innumerabiles

2286 1445 2679 1503 consolationes
2707 1454 2760 1501 et
2789 1448 2939 1518 signa
2983 1456 3037 1503 et
3087 1445 3228 1503 facta
3280 1450 3534 1505 miracula
3558 1452 3581 1505 ?
3609 1452 3889 1519 Quamob-

2286 1555 2402 1597 rem
2424 1549 2541 1596 erat
2576 1539 2709 1595 illud
2739 1556 2863 1595 vere
2892 1540 3046 1597 fides.
3079 1541 3336 1610 Qnmnatn
3368 1544 3510 1598 enim
3556 1545 3687 1600 vidit
3717 1548 3886 1602 mira-

2286 1631 2431 1697 cula,‘
2454 1639 2512 1686 ut
2536 1632 2782 1691 crederet
2806 1632 2905 1687 sibi
2930 1630 3163 1701 futuram
3194 1634 3455 1689 bonorum
3489 1640 3883 1694 remuneratio-

2282 1724 2447 1777 netn'!
2471 1737 2649 1778 annon
2690 1736 2758 1778 ex
2804 1723 2915 1777 sola
2949 1722 3055 1780 (ide
3102 1724 3265 1795 eleg't
3294 1726 3583 1782 virtutem»?
3612 1729 3748 1796 Quid
3794 1743 3885 1787 est

2282 1813 2434 1882 illud,
2465 1815 2529 1868 Et
2559 1831 2648 1877 per
2676 1814 2824 1866 illam
2850 1814 3122 1870 defunctus
3150 1817 3318 1873 adhuc
3340 1816 3602 1885 loquitur?
3626 1821 3702 1877 Ne
3735 1823 3884 1895 ipsos

2282 1908 2337 1964 in
2366 1907 2586 1962 multam
2629 1907 2872 1978 injiceret
2898 1914 3354 1978 desperationem,
3401 1915 3635 1967 USlendil
3660 1928 3782 1968 eum
3808 1931 3877 1970 ex

2278 2011 2430 2072 parte
2450 2001 2724 2071 accepisse
2753 2002 3268 2069 compensationem.
3301 2001 3625 2072 Quomodo?
3653 2006 3868 2077 Magna,

2280 2093 2470 2164 inquit,
2498 2092 2613 2163 ejus
2661 2090 2892 2157 habetur
2933 2091 3060 2146 cura
3089 2105 3145 2147 et
3170 2094 3532 2152 censideratio
3558 2114 3571 2149 :
3597 2096 3700 2153 hoc
3729 2102 3873 2161 enim

2282 2164 2640 2241 subindicavit
2666 2182 2874 2251 dicens,
2906 2182 2972 2238 Et
2999 2183 3169 2239 adhuc
3199 2184 3440 2256 loquitur.
3471 2187 3584 2242 Hoc
3608 2198 3715 2255 est,
3748 2204 3874 2244 erm

2277 2278 2519 2345 sustulit,
2550 2276 2647 2334 sed
2677 2292 2785 2332 non
2826 2292 2947 2332 cum
2989 2292 3056 2334 co
3094 2279 3312 2335 sustulit
3357 2280 3584 2351 gloriam
3615 2294 3668 2338 et
3696 2282 3876 2339 benn-

2296 2385 2408 2425 rcm
2436 2388 2450 2425 :
2476 2383 2582 2425 non
2608 2378 2689 2439 est
2719 2369 2807 2441 ille
2830 2378 3075 2426 mortuus
3108 2388 3121 2427 :
3151 2387 3251 2427 nec
3277 2388 3373 2429 vos
3398 2390 3527 2445 ergo
3549 2377 3875 2432 moriemini.

2283 2451 2492 2516 Quanto
2517 2452 2659 2507 enim
2685 2451 2931 2521 graviora
2963 2454 3083 2524 quis
3116 2468 3304 2523 passus
3336 2454 3518 2519 fuerit,
3552 2468 3617 2509 eo
3643 2463 3728 2510 est
3758 2469 3875 2507 ma—

2279 2539 2363 2610 jor
2383 2541 2501 2612 ejus
2514 2540 2700 2614 gloria.
2728 2542 3006 2613 Quomodo
3018 2544 3193 2601 adhuc
3220 2545 3489 2617 loquitur?
3504 2546 3613 2602 Hoc
3634 2556 3714 2601 est
3732 2558 3787 2601 et
3806 2547 3878 2601 si-

2278 2646 2441 2705 gnum
2462 2621 2759 2706 vivendi,et
2779 2637 2918 2709 quod
2940 2639 3007 2694 ah
3027 2638 3276 2695 omnibus
3302 2648 3543 2705 canatur,
3562 2640 3614 2693 in
3637 2639 3871 2694 admiru-

2284 2724 2425 2785 tione
2461 2726 2717 2784 habeatur
2766 2738 2821 2785 et
2860 2729 3047 2784 beatus
3085 2740 3402 2786 censeatur:
3432 2732 3518 2801 qui
3563 2730 3704 2786 enim
3753 2730 3878 2783 aliis

2282 2817 2467 2873 suadet
2485 2827 2542 2874 ut
2561 2819 2668 2874 sint
2684 2821 2835 2890 justi,
2864 2820 3119 2891 loquitur.
3154 2820 3269 2876 Non
3314 2832 3515 2875 tantum
3535 2823 3677 2876 enim
3704 2821 3878 2876 efticit

2280 2908 2472 2974 oratio,
2500 2920 2752 2979 quantum
2774 2911 2914 2967 illius
2968 2912 3263 2981 perpessio.
3311 2912 3455 2967 Sicut
3496 2914 3637 2967 enim
3681 2911 3875 2965 cut-lum

2287 3000 2657 3056 tantummodo
2685 3016 2945 3072 apparens
3006 3002 3259 3073 loquitur,
3298 3002 3365 3057 ita
3398 3003 3558 3057 etiam
3597 3003 3704 3070 ille,
3746 3002 3878 3059 dum

2285 3086 2510 3145 habetur
2550 3092 2603 3146 in
2660 3092 2937 3148 memoria.
2977 3091 3093 3147 Non
3134 3093 3180 3147 si
3219 3098 3453 3163 seipsum
3512 3094 3879 3162 prrdtcasset.

2286 3196 2392 3241 non
2418 3182 2464 3237 si
2494 3182 2640 3238 mille
2681 3183 2888 3255 linguas
2914 3185 3207 3249 habuisset,
3240 3195 3296 3241 et
3345 3186 3589 3250 vixisset,
3624 3186 3675 3240 in
3727 3197 3877 3241 tanta

2286 3273 2494 3340 fuisset,
2542 3285 2601 3329 ut
2630 3292 2770 3331 nunc
2796 3287 2900 3341 est,
2930 3277 3305 3334 admiratione.
3337 3279 3450 3334 lloc
3494 3288 3595 3345 est,
3628 3279 3741 3335 huc
3770 3297 3879 3334 non

2287 3368 2420 3435 fiunt
2469 3368 2685 3438 impune
2726 3385 2824 3425 nec
2869 3379 3094 3436 temere,
3127 3386 3229 3427 nec
3274 3380 3624 3441 praetereunt.
3656 3372 3707 3427 5.
3747 3372 3883 3426 Fide

2286 3459 2463 3515 Enoch
2490 3462 2768 3516 translatus
2794 3473 2866 3517 est
2892 3506 2905 3527 ,
2953 3481 3017 3517 ne
3041 3464 3229 3519 videret
3268 3476 3479 3519 mortem
3500 3482 3520 3529 ;
3549 3476 3595 3519 et
3620 3483 3719 3519 non
3750 3466 3883 3519 inve-

2286 3553 2535 3620 niebatur,
2566 3555 2685 3625 quia
2712 3554 2825 3607 tulit
2853 3555 2998 3607 illum
3038 3554 3287 3609 Dominus
3321 3572 3339 3609 .'
3366 3573 3484 3609 nam
3516 3567 3634 3610 ante
3660 3558 3881 3609 transla-

2289 3645 2472 3711 tionem
2507 3647 2844 3700 testimonium
2874 3647 3017 3699 liabet
3046 3649 3181 3717 quod
3222 3649 3472 3717 placuerit
3502 3647 3632 3702 Deo.
3664 3648 3717 3703 6.
3754 3648 3884 3703 Sine

2288 3736 2391 3806 ﬁde
2428 3748 2595 3801 autem
2628 3737 2937 3803 impossibile
2978 3750 3052 3792 est
3083 3740 3284 3809 placere
3318 3738 3423 3793 Deo
3454 3756 3472 3794 :
3500 3741 3703 3793 credere
3744 3742 3883 3793 enim

2289 3838 2483 3897 oportet
2513 3829 2827 3887 accedentem
2855 3830 2921 3882 ad
2954 3828 3113 3883 Deum
3138 3831 3259 3900 quia
3300 3840 3389 3893 est,
3422 3842 3469 3884 et
3513 3833 3886 3899 inquirentibus

2289 3935 2341 3973 se
2370 3930 2713 3973 remunerator
2743 3922 2818 3988 ﬁt.
2860 3920 2952 3973 llic
2980 3921 3235 3991 majorem
3266 3922 3500 3977 ostendit
3533 3922 3689 3977 ﬁdem
3717 3938 3884 3991 quam

2291 4010 2446 4064 Abel.
2475 4009 2690 4077 Quare?
2741 4010 3004 4077 Quoniam
3051 4012 3262 4070 etiamsi
3304 4022 3424 4082 post
3475 4013 3625 4066 illum
3671 4012 3838 4066 fuerit
3869 4052 3887 4076 ,

2293 4111 2467 4155 tamen
2499 4118 2617 4171 qua:
2642 4102 2693 4155 in
2732 4102 2824 4154 illo
2852 4101 2986 4156 facta
3022 4102 3233 4156 fuerant
3281 4100 3620 4157 sufﬁciebant
3662 4104 3727 4157 ad
3756 4119 3885 4156 eum

2290 4192 2659 4247 avertendum.
2684 4192 2964 4260 Quomodo
2987 4192 3009 4245 ?
3040 4193 3390 4248 Praesciverat
3414 4194 3552 4249 Deus
3574 4192 3715 4264 quod
3737 4206 3888 4249 esset

2294 4284 2556 4353 periturus
2589 4300 2601 4336 :
2634 4284 2767 4337 dixit
2795 4284 2938 4337 enim
2966 4283 3029 4338 ad
3070 4283 3200 4339 Cain
3234 4302 3247 4338 :
3285 4282 3534 4349 Peccasti,
3568 4301 3628 4338 ne
3662 4287 3890 4355 amplius

2291 4374 2560 4444 adjeceris.
2592 4376 2675 4431 Ab
2705 4375 2820 4445 ipso
2852 4376 2947 4429 fuit
2975 4374 3285 4443 honoratus,
3327 4388 3381 4433 et
3426 4378 3596 4447 ipsum
3645 4394 3751 4432 non
3801 4390 3888 4434 est

2293 4466 2453 4517 ultus.
2486 4465 2553 4519 Et
2577 4480 2675 4519 nec
2702 4466 2802 4531 hoc
2831 4481 2950 4520 eum
2990 4467 3171 4536 injrcit
3199 4469 3248 4521 in
3277 4468 3503 4538 aliquam
3532 4470 3695 4525 animi
3722 4473 3886 4541 :egri-

2294 4557 2545 4610 tudinem.
2567 4556 2680 4610 Non
2707 4556 2840 4611 dixit
2864 4557 3002 4631 apud
3032 4572 3113 4623 se,
3146 4560 3275 4625 Quis
3345 4573 3472 4613 usus
3523 4571 3607 4615 est
3642 4560 3887 4618 laborum

2292 4656 2345 4701 et
2372 4648 2766 4715 periculorum?
2794 4650 2928 4702 Abel
2945 4648 3108 4703 Deum
3129 4648 3427 4717 honoravit,
3454 4664 3503 4705 et
3532 4652 3579 4705 ei
3606 4667 3759 4721 opem
3780 4672 3888 4708 nun

2296 4740 2426 4793 tulit.
2446 4741 2508 4793 Ei
2538 4740 2679 4793 enim
2705 4740 2791 4809 qui
2813 4736 3140 4808 excesserat,
3170 4741 3293 4810 quid
3328 4742 3524 4811 profuit
3554 4745 3885 4813 supplicium

2294 4846 2399 4900 quo
2420 4830 2701 4886 damnatus
2728 4830 3035 4885 fuitfrater?
3065 4832 3333 4901 quomodo
3358 4842 3535 4887 autem
3567 4836 3679 4888 fieri
3712 4847 3891 4905 potest

2295 4933 2350 4975 ιιι
2380 4924 2491 4985 ‘pse
2530 4925 2650 4979 inde
2694 4925 2922 4995 aliquam
2970 4925 3229 4998 acceperit
3278 4925 3890 4985 utilitatem?Pon.tmus

2294 5031 2415 5069 eum
2433 5032 2621 5086 graves
2635 5016 2847 5071 dedisse
2866 5032 3048 5086 poenas
3070 5035 3081 5070 :
3099 5015 3235 5084 Quid
3254 5017 3318 5070 ad
3341 5032 3462 5072 eum
3487 5020 3572 5088 qui
3593 5028 3673 5074 est
3695 5021 3759 5074 de
3785 5039 3891 5076 tne-

2298 5110 2385 5161 dio
2412 5108 2690 5162 sublatus?
2719 5108 2858 5163 Nihil
2894 5109 2998 5165 tale
3032 5126 3129 5163 nec
3153 5110 3307 5174 dixit,
3354 5126 3451 5164 nec
3491 5114 3763 5182 cogitavit,
3792 5115 3886 5168 sed

2302 5201 2382 5254 his
2411 5203 2660 5263 omnibus
2700 5203 3070 5271 prartermissis
3101 5202 3348 5271 cognovit
3380 5203 3520 5271 quod
3552 5205 3594 5256 si
3613 5216 3693 5258 est
3726 5205 3888 5268 Dens,

2305 5311 2315 5361 ι
2340 5311 2454 5355 tunc
2468 5306 2543 5347 ιτθςι
2560 5298 2717 5348 etiam
2735 5304 3106 5350 remuneratur
3125 5312 3136 5346 ;
3156 5309 3475 5364 quamquam
3495 5296 3726 5349 nondum
3747 5301 3890 5365 quid.

2304 5401 2440 5453 pam
2464 5386 2787 5441 scieliantdc
2819 5385 3229 5442 resurrectione.
3261 5388 3313 5441 Si
3333 5398 3510 5443 autem
3535 5388 3601 5443 de
3650 5405 3891 5445 resurre-

2369 5498 2441 5561 (u)
2460 5496 2697 5546 Hebralca
2718 5494 2866 5544 verba
2897 5502 3009 5543 sunt
3030 5500 3146 5553 rm?
3162 5498 3292 5552 rem
3313 5495 3392 5541 ubi
3412 5494 3711 5545 'l‘heodotion
3740 5502 3902 5559 vertit,

2307 5581 2368 5620 νιὶ
2391 5582 2588 5630 imbrs!"
2614 5577 2631 5615 ι
2663 5578 2772 5630 εισς,
2803 5566 3076 5630 ctincendtt
3119 5573 3271 5621 Deus,
3308 5573 3359 5630 ut
3392 5566 3561 5613 videas
3598 5567 3642 5613 in
3669 5566 3902 5628 llexapls

2308 5626 2506 5687 nostris,
2530 5630 2652 5677 Gen.
2676 5630 2722 5683 1,
2750 5627 2804 5685 4ς
2834 5637 2885 5677 et.
2904 5629 3210 5677 continuatur
3238 5641 3297 5673 ex
3320 5626 3599 5688 Hieronymi
3627 5626 3902 5679 testimonia

2306 5692 2505 5742 ibidem.
2547 5692 2696 5750 Syrus
2734 5698 2895 5740 autem
2939 5696 3085 5740 vertit
3124 5705 3182 5738 tu;
3208 5698 3399 5748 τέξτιηρω
3426 5700 3441 5739 ξ
3472 5703 3570 5749 ιρις,
3620 5698 3665 5741 et
3701 5692 3899 5741 libenter

2308 5762 2493 5806 τις.Μὲ
2524 5760 2663 5802 έτειιδ.
