4122 6338
239 406 345 466 157

225 520 406 572 ctione
433 517 563 571 nihil
592 517 767 573 adhuc
789 518 1025 573 sciebam
1048 526 1103 573 et
1138 518 1223 573 hic
1252 517 1505 575 videbant
1528 521 1821 596 contraria,

232 610 315 664 sic
345 609 457 665 Deo
488 610 807 680 placuerunt
832 627 846 666 :
884 622 1087 681 quanto
1110 612 1279 681 magis
1307 611 1443 666 nos?
1473 626 1647 680 neque
1676 613 1818 666 enim

232 702 312 758 illi
342 701 590 759 sciebant
632 698 704 759 de
748 688 1187 763 resurrectione,
1243 714 1419 769 neque
1465 698 1533 753 ad
1586 698 1832 768 exempla

233 801 487 865 poterant
521 794 812 862 reSpicere.
838 790 949 846 lloc
967 789 1183 860 quidem
1213 791 1386 861 ipsum
1420 788 1548 846 fecit
1575 806 1695 846 eum
1721 790 1835 861 pla-

230 900 358 941 cere
380 926 397 953 ,
432 883 577 954 quod
610 883 745 937 nihil
774 882 1045 952 receperit
1067 923 1083 946 ,
1115 882 1211 937 Dic
1242 882 1375 937 mihi
1404 900 1419 935 :
1452 883 1661 939 sciebat
1684 880 1831 953 quod

232 976 378 1034 Deus
431 982 579 1031 esset
641 982 1037 1029 remunerator.
1106 971 1427 1030 Undenam?
1481 973 1636 1029 Abeli
1684 963 1830 1029 enim

230 1069 475 1125 nondum
546 1066 877 1123 reddiderat.
937 1065 1299 1134 Quamobrem
1352 1067 1457 1123 alia
1511 1068 1827 1138 suggerebat

230 1164 409 1227 ratio.
468 1160 604 1217 fides
646 1168 829 1215 autem
880 1159 1153 1214 contraria
1209 1159 1275 1213 iis
1321 1175 1441 1229 qua:
1488 1159 1827 1215 videbantur.

230 1252 346 1311 Etsi
383 1269 515 1324 ergo
540 1268 633 1307 vos
658 1293 674 1318 ,
706 1252 895 1320 inquit,
921 1250 1145 1306 videatis
1172 1264 1267 1306 vos
1293 1251 1379 1305 hic
1410 1251 1539 1305 nihil
1564 1252 1826 1322 recipere,

227 1360 297 1400 ne
329 1343 736 1415 perturbemini.
764 1342 1044 1410 Quomodo
1065 1342 1169 1398 fide
1196 1341 1487 1398 translatus
1503 1340 1830 1399 fuitEnoeh?

223 1436 493 1505 Quoniam
534 1435 895 1490 translationis
918 1448 1077 1490 causa
1108 1433 1208 1489 fuit
1234 1436 1392 1507 quod.
1415 1436 1523 1491 Deo
1548 1438 1825 1508 placuerit.

223 1528 369 1598 quod
394 1536 575 1582 autem
617 1525 731 1581 Dea
751 1524 1050 1596 placuerit,
1095 1540 1256 1582 causa
1294 1525 1396 1581 fttit
1428 1526 1583 1583 fides.
1616 1527 1748 1585 Nam
1779 1530 1826 1585 si

224 1621 544 1677 nescivisset
570 1618 714 1690 quod
755 1602 1076 1689 accepturus
1114 1630 1261 1676 esset
1290 1623 1824 1689 remunerationem,

222 1715 501 1788 quomodo
533 1714 643 1769 Deo
666 1712 999 1783 placuisset?
1028 1712 1156 1769 Sine
1185 1714 1287 1781 ﬁde
1312 1724 1483 1769 autem
1511 1715 1826 1783 impossibile

222 1820 295 1863 est
324 1810 529 1878 placere
567 1805 695 1860 Dro.
741 1806 1062 1873 Quomodo?
1106 1805 1160 1862 Si
1186 1808 1328 1863 enim
1370 1808 1659 1865 crediderit
1680 1810 1827 1881 quis-

225 1904 363 1971 piam
395 1916 518 1956 esse
547 1900 713 1955 Deum
741 1907 798 1955 et
824 1900 1342 1965 remunerationem,
1404 1901 1490 1957 hic
1517 1902 1821 1959 mercedem

221 1991 477 2062 accipiet,
502 1991 642 2046 Hinc
671 1991 855 2047 evenit
903 2000 960 2046 ut
991 1991 1101 2047 Deo
1131 1992 1417 2062 placuerit.
1447 1992 1664 2062 Credere
1687 1987 1823 2051 enim

221 2092 420 2152 Oportet
446 2083 768 2137 accedentem
803 2081 872 2136 ad
916 2080 1077 2137 Deum
1099 2084 1237 2155 quod
1264 2096 1337 2140 est
1356 2127 1373 2151 ,
1435 2101 1542 2142 non
1569 2087 1697 2158 quid
1727 2090 1817 2144 sit.

219 2178 325 2233 Sed
348 2180 417 2245 si,
451 2176 517 2232 ad
550 2176 882 2233 credendum
900 2178 1039 2248 quod
1057 2179 1147 2246 sit,
1167 2194 1300 2251 opus
1320 2180 1390 2236 sit
1412 2182 1511 2237 fide
1529 2192 1707 2240 etnon
1730 2201 1818 2241 ra-

219 2272 486 2337 tionibus;
530 2286 599 2325 an
636 2269 763 2341 quid
790 2272 860 2326 sit
885 2271 1092 2327 ratione
1112 2273 1493 2344 comprehendi
1514 2279 1731 2346 potest?
1750 2277 1820 2346 si,

217 2363 363 2433 quod
381 2365 451 2419 sit
472 2371 861 2429 rennmerator,
888 2363 990 2421 fide
1008 2379 1142 2436 opus
1164 2365 1345 2434 habet,
1386 2378 1439 2424 et
1466 2386 1574 2426 non
1610 2372 1823 2428 rationi-

220 2460 319 2515 bus
338 2477 353 2513 :
373 2458 644 2530 quomodo
658 2474 779 2530 quae
795 2460 1177 2515 suntessentize
1194 2462 1577 2533 comprehendi
1597 2474 1823 2536 possunt

217 2553 671 2608 ratiocinatione?
719 2568 969 2625 quaenam
996 2554 1137 2609 enim
1166 2555 1510 2611 ratiocinatio
1537 2573 1601 2614 ea
1645 2570 1821 2630 potest

217 2645 485 2717 assequi?
532 2645 749 2715 quidam
808 2646 952 2701 enim
1011 2647 1197 2702 dicunt
1241 2663 1369 2704 casu
1433 2652 1558 2706 ferri
1608 2654 1812 2708 omnia.

218 2735 384 2793 Vides
412 2736 556 2807 quod
584 2736 629 2790 si
655 2738 708 2791 in
740 2737 993 2792 omnibus
1024 2754 1130 2793 non
1161 2739 1471 2807 credamus,
1504 2757 1610 2796 non
1642 2744 1816 2799 solum

219 2828 271 2881 in
328 2810 799 2894 remuneratione,
876 2828 972 2884 sed
1020 2830 1181 2885 etiam
1224 2831 1277 2885 in
1337 2831 1438 2887 hoc
1490 2834 1607 2903 ipso
1670 2836 1815 2906 quod

216 2921 288 2975 sit
345 2920 522 2982 Deus,
589 2930 816 2990 pereunt
916 2921 1073 2976 nobis
1132 2924 1353 2979 omnia?
1421 2926 1575 2981 Multi
1638 2940 1817 2985 autem

215 3023 466 3084 quan-unt
487 3013 758 3085 quomodo
788 3014 1078 3069 translatus
1105 3015 1172 3069 sit
1197 3016 1405 3081 Euoch,
1440 3027 1493 3071 et
1514 3033 1609 3073 cur
1632 3028 1812 3073 trans-

217 3107 393 3170 latus.
441 3118 621 3162 eteur
663 3120 771 3161 non
817 3114 1061 3161 mortuus
1114 3106 1183 3162 sit
1230 3123 1403 3179 neque
1450 3109 1599 3177 ipse,
1644 3126 1819 3182 neque

218 3198 404 3263 Elias;
432 3207 488 3253 et
532 3198 577 3252 si
617 3197 792 3254 adhuc
847 3198 1069 3266 vivunt,
1114 3200 1387 3270 quomodo
1429 3201 1644 3268 vivant,
1676 3202 1812 3258 etin

218 3299 327 3353 quo
347 3284 551 3340 habitu.
571 3283 679 3342 Sed
701 3287 921 3342 omnino
946 3301 1405 3356 supervacaneum
1428 3296 1510 3341 cst
1532 3287 1647 3340 haec
1673 3300 1819 3356 qum-

220 3391 362 3431 rere.
402 3376 536 3432 Nam
584 3380 728 3448 quod
781 3378 872 3433 ille
919 3377 1171 3449 quidem,
1223 3394 1419 3450 nempe
1467 3377 1656 3433 Enoch
1685 3418 1699 3442 ,
1748 3376 1818 3431 sit

222 3468 513 3524 translatus
539 3486 554 3534 ;
610 3469 697 3525 hic
733 3486 895 3537 vero,
940 3486 1133 3540 nempe
1156 3470 1336 3536 Elias,
1363 3471 1435 3526 sit
1463 3477 1775 3539 assumptus
1801 3508 1817 3532 ,

221 3560 480 3616 dixerunt
525 3560 825 3633 Scriptura:
859 3582 873 3618 :
902 3564 990 3619 ubi
1034 3574 1213 3619 autem
1255 3564 1402 3631 sint,
1461 3572 1516 3619 et
1545 3562 1821 3632 quomodo

219 3654 351 3719 sint,
383 3670 488 3709 non
507 3656 689 3711 itidem
717 3655 1068 3732 adjecerunt:
1090 3672 1194 3711 non
1215 3656 1442 3726 amplius
1470 3656 1612 3711 enim
1634 3654 1823 3708 dicunt

220 3761 381 3816 quam
408 3764 528 3817 qua:
554 3759 677 3803 sunt
706 3749 1029 3804 necessaria.
1054 3748 1187 3804 Nam
1212 3749 1327 3804 hzrc
1351 3748 1566 3818 quidem
1590 3745 1820 3801 transla-

222 3836 296 3891 tio
338 3837 477 3892 facta
506 3837 606 3893 fuit
652 3840 834 3894 statim
869 3841 937 3893 ah
971 3839 1229 3906 exordio;
1277 3848 1336 3894 ut
1366 3840 1597 3893 humana
1628 3846 1816 3892 natura

222 3945 376 3998 spem
427 3932 736 4001 acciperet,
786 3931 930 4001 quod
984 3941 1039 3987 et
1087 3946 1237 3987 mors
1285 3931 1707 3993 dissolveretur,
1767 3938 1825 3983 ct

220 4021 420 4076 diaboli
493 4023 736 4093 tyrannis
793 4023 1068 4079 deleretur
1114 4039 1129 4077 :
1172 4022 1350 4094 quod,
1403 4024 1618 4094 inquam
1673 4038 1821 4077 mors

221 4111 613 4167 dissolveretur
665 4131 681 4168 :
748 4113 1042 4169 translatus
1118 4114 1262 4168 enim
1331 4115 1428 4168 fttit
1497 4130 1605 4169 non
1670 4128 1822 4172 Juor-

223 4211 381 4269 tuus,
439 4201 536 4258 sed
582 4218 650 4257 ne
706 4204 913 4259 videret
957 4212 1205 4259 mortem.
1252 4204 1539 4274 Propterea
1576 4203 1821 4271 addidit,

223 4291 392 4348 Vivus
456 4300 541 4348 est
620 4294 965 4357 translatus,.
1010 4295 1133 4364 quia
1209 4295 1414 4365 placuit
1467 4296 1600 4350 Deo.
1672 4296 1825 4351 Sicut

226 4388 374 4443 enim
405 4396 559 4458 pater
587 4388 850 4458 quispiam
880 4388 1114 4442 minatus
1138 4386 1249 4442 filio
1273 4428 1288 4453 ,
1330 4395 1447 4442 vult
1468 4389 1684 4459 quidem
1711 4400 1825 4443 sta-

225 4480 322 4533 tim
352 4480 528 4533 minas
556 4480 840 4535 remittere
863 4520 879 4544 ,
910 4480 1124 4550 quando
1153 4479 1314 4535 fuerit
1342 4482 1611 4558 minatus;
1656 4466 1823 4536 sustie

223 4582 317 4627 net
368 4582 547 4627 autem
603 4582 657 4628 et
695 4583 1009 4629 constanter
1060 4574 1421 4644 pertlurat,ut
1448 4577 1661 4632 interim
1695 4592 1825 4633 eum

223 4668 452 4736 castiget
479 4674 535 4721 et
563 4666 886 4735 admoneat,
930 4668 1153 4723 stabiles
1180 4678 1234 4723 et
1288 4669 1471 4725 firmas
1498 4671 1681 4725 sinens
1710 4687 1828 4726 ma-

225 4774 359 4814 nere
386 4758 599 4825 tninas;
637 4760 709 4813 ita
740 4760 1073 4824 etiamDeus
1094 4802 1109 4828 ,
1141 4777 1291 4817 ntere
1324 4763 1433 4817 fere
1461 4763 1687 4817 dixerim
1719 4765 1821 4817 hn-

226 4867 392 4907 mano
414 4893 429 4916 ,
464 4868 569 4907 non
599 4853 875 4917 sustinuit,
906 4854 1001 4909 sed
1028 4855 1208 4909 statim
1241 4855 1475 4909 ostendit
1509 4857 1649 4927 quod
1680 4872 1828 4911 mors

227 4948 299 5000 sit
326 4947 528 5001 soluta.
584 4946 652 5001 Et
683 4947 912 5016 primunt
956 4948 1085 5003 sinit
1116 4963 1237 5003 esse
1269 4949 1397 5019 justi
1429 4960 1689 5013 mortem,
1734 4967 1829 5019 per

228 5039 400 5092 tiiiunt
429 5037 618 5091 volens
650 5047 856 5096 terrere
881 5048 1106 5108 patrent.
1138 5039 1337 5094 Volens
1366 5042 1508 5094 enim
1538 5042 1826 5096 ostendere

226 5131 376 5201 quod
408 5145 595 5185 revera
626 5138 707 5185 est
737 5131 887 5185 firma
933 5140 987 5188 et
1013 5133 1221 5187 stabilis
1249 5136 1512 5188 sententia
1536 5182 1549 5199 ,
1580 5151 1684 5188 non
1715 5144 1829 5189 sta—

231 5226 328 5278 tim
375 5222 545 5276 malos
572 5263 586 5285 ,
629 5222 722 5278 sed
752 5224 915 5277 etiam
960 5240 1081 5279 eum
1110 5226 1199 5295 qui
1233 5227 1332 5295 ipsi
1366 5226 1566 5297 placuit
1597 5229 1830 5297 subjeCit

230 5318 499 5387 supplicio
521 5358 536 5381 ,
569 5315 783 5371 beatum
809 5358 823 5379 ,
852 5319 1102 5388 inquam,
1136 5320 1280 5372 illum
1308 5321 1531 5376 Ahelcm
1570 5340 1580 5374 :
1613 5334 1663 5377 et
1698 5338 1837 5391 pene

231 5412 414 5466 statim
446 5418 566 5479 post
594 5410 744 5463 illum
778 5412 1052 5465 transutlit
1084 5411 1267 5467 Enoch
1297 5415 1590 5469 viventem.
1631 5416 1696 5469 Et
1730 5433 1834 5471 non

233 5502 383 5556 illum
428 5500 748 5563 suscitavit,
789 5518 857 5554 ne
890 5502 1137 5571 protinus
1189 5503 1414 5558 nimium
1467 5493 1836 5573 centiderent;

233 5594 328 5649 sed
358 5593 501 5647 hunc
549 5594 819 5647 transtulit
852 5594 1159 5661 viventem;
1208 5611 1302 5663 per
1347 5596 1568 5653 Abelem
1611 5600 1833 5669 quidem

237 5696 483 5751 terrens,
538 5700 634 5755 per
664 5684 807 5740 hunc
850 5697 1029 5741 autem
1066 5687 1202 5743 dans
1228 5690 1408 5744 zelum
1433 5702 1488 5746 et
1532 5695 1839 5750 aemulatio-

240 5795 361 5834 nem
387 5787 444 5831 ιιι
488 5778 599 5831 Deo
627 5777 923 5847 placerent.
957 5780 1079 5847 Quo
1108 5780 1165 5834 ﬁt
1196 5790 1253 5834 ut
1285 5782 1394 5837 Deo
1420 5800 1525 5837 uou
1552 5787 1797 5852 placeant
1824 5830 1837 5852 ,

238 5864 532 5940 quiomnia
564 5882 691 5923 casu
745 5870 826 5941 agi
882 5880 935 5927 ct
993 5870 1115 5929 ferri
1148 5871 1350 5939 dicunt,
1385 5881 1438 5928 ct
1488 5886 1593 5925 non
1638 5884 1831 5941 exspe-

912 410 976 467 IN
1018 409 1234 468 EPIST.
1277 408 1370 467 AD
1410 408 1770 469 "EBREOS.
1812 410 1968 469 CAP.
2010 413 2102 471 Xl.
2144 416 2379 475 HOMIL.
2427 417 2595 476 XX".

3416 406 3526 465 158

1926 525 2077 573 ctant
2108 528 2637 591 remunerationem,
2688 531 2828 580 utet
2855 531 3067 598 gentes.
3121 523 3190 580 lis
3238 524 3385 581 enim
3432 525 3526 595 qui

1924 610 2099 681 ipsum
2125 612 2402 684 inquirunt
2431 630 2530 687 per
2554 631 2723 687 opera
2752 625 2809 673 et
2834 617 3203 691 cognitionem
3231 627 3316 674 est
3344 632 3530 674 remn-

1928 715 2149 762 nerator
2179 705 2277 782 (a).

1999 800 2055 854 3.
2082 800 2217 857 Cum
2260 816 2391 873 ergo
2417 800 2682 859 habemus
2708 813 3199 871 remuneratorem,
3229 802 3410 859 omnia
3441 800 3526 859 h-

1924 893 2153 961 ciamur,
2176 907 2244 949 ne
2272 893 2545 964 privemur
2566 894 2812 951 mercede
2827 910 2947 966 qum
2972 896 3131 951 datur
3147 896 3217 951 ob
3235 889 3486 953 virtutem
3508 913 3524 951 :

1922 992 2004 1039 est
2030 986 2172 1041 enim
2192 985 2376 1041 multis
2406 986 2837 1057 prosequendum
2875 988 3128 1060 lacrymis
3152 988 3313 1043 talem
3340 988 3526 1059 despi-

1920 1092 2045 1135 cere
2066 1082 2583 1138 remunerationem.
2601 1080 2671 1139 Ut
2691 1083 2835 1138 euim
2854 1083 2919 1139 iis
2934 1084 3023 1154 qtti
3050 1083 3226 1153 ipsum
3244 1094 3524 1155 qurerunt,

1929 1180 2013 1227 est
2057 1172 2302 1229 redditor
2327 1174 2594 1231 mercedis
2615 1217 2630 1238 ,
2660 1175 2730 1230 ita
2760 1176 2847 1239 iis,
2887 1178 2979 1246 qui
3019 1176 3194 1247 ipsum
3228 1191 3334 1231 non
3377 1190 3525 1247 quas.

1922 1273 2080 1328 runt,
2119 1267 2501 1332 contrarium;
2579 1267 2844 1336 Qucrite,
2896 1268 3103 1340 inquit,
3160 1278 3210 1324 et
3261 1268 3524 1323 invenietis

1921 1353 2115 1427 (Haut.
2142 1358 2195 1413 7.
2222 1359 2302 1429 7).
2334 1358 2621 1429 Quomodo
2645 1370 2825 1415 autem
2859 1370 3037 1431 potest
3066 1360 3297 1417 inveniri
3332 1360 3524 1416 Domi-

1919 1451 2058 1505 nus?
2082 1449 2268 1522 Cogita
2297 1452 2575 1523 quomodo
2615 1436 2887 1510 invenitur
2912 1468 3106 1508 aurum
3131 1494 3149 1520 ς
3182 1468 3305 1509 cum
3335 1451 3524 1507 multis

1918 1540 2213 1599 laboribus.
2246 1541 2518 1611 Manibus,
2547 1544 2742 1617 inquit,
2771 1546 2899 1601 meis
2927 1554 3076 1604 noctu
3103 1554 3282 1599 contra
3302 1560 3442 1610 eum,
3474 1552 3523 1597 et

1918 1651 2019 1689 non
2045 1652 2159 1689 sum
2186 1634 2427 1706 deceptus
2471 1636 2644 1709 (Psal.
2672 1638 2764 1693 76.
2790 1638 2870 1711 3).
2903 1636 3018 1693 [Ioc
3045 1646 3127 1693 est
3150 1677 3166 1703 ,
3197 1638 3342 1692 sicut
3369 1651 3522 1707 qna:-

1921 1729 2093 1784 rimus
2119 1728 2263 1800 quod
2293 1731 2473 1800 periit,
2495 1731 2566 1785 ita
2586 1730 2753 1786 Deum
2782 1743 3114 1803 quzcramus.
3133 1732 3328 1785 Annon
3353 1738 3520 1784 totam

1921 1831 2158 1878 mentem
2194 1823 2321 1879 illuc
2348 1824 2758 1881 convertimus?
2800 1840 2980 1880 annon
3010 1839 3203 1880 omnes
3245 1824 3521 1879 examina-

1920 1912 2081 1968 mus?
2105 1928 2285 1968 annon
2308 1929 2535 1984 peregre
2557 1913 2985 1984 proﬁciscimur?
3024 1930 3206 1970 annon
3240 1913 3519 1977 pecuniam

1919 2007 2275 2078 pollicemur?
2324 2007 2390 2065 Ut
2416 2010 2651 2079 exempli
2673 2024 2835 2065 causa
2858 2051 2873 2075 ,
2904 2011 2947 2064 si
2978 2010 3203 2081 perierit
3230 2010 3388 2067 nobis
3416 2010 3519 2064 ali-

1918 2099 2043 2167 quis
2085 2098 2265 2167 ﬁlius,
2310 2100 2438 2171 quid
2466 2116 2575 2156 non
2598 2102 2855 2174 agimus?
2908 2117 3069 2174 quam
3097 2110 3331 2167 terram,
3374 2100 3519 2172 quod

1922 2210 2073 2250 mare.
2101 2211 2207 2252 non
2236 2195 2482 2252 obimus?
2535 2212 2717 2252 annon
2748 2197 3007 2267 pecunias
3028 2238 3044 2263 ,
3100 2204 3154 2252 et
3192 2195 3421 2262 domos,
3466 2200 3522 2251 et

1910 2290 2100 2343 omnia
2127 2289 2361 2359 denique
2381 2290 2538 2361 hujus
2567 2290 2882 2345 inventione
2906 2288 3206 2362 posteriora
3232 2288 3523 2343 ducimus?

1918 2390 1976 2438 et
2001 2384 2045 2437 si
2071 2382 2441 2439 invenerimus
2465 2424 2481 2444 .
2529 2382 2837 2439 detinemus
2859 2424 2875 2447 ,
2918 2382 3343 2451 constringimus
3363 2423 3378 2442 .
3411 2394 3521 2435 nou

1919 2474 2296 2545 relinquimus.
2350 2472 2418 2531 Et
2448 2475 2732 2547 qumsituri
2762 2474 2942 2529 omnia
2983 2474 3233 2545 gerimus
3283 2484 3339 2528 ut
3364 2475 3521 2529 inve-

1921 2568 2132 2623 niamus
2154 2567 2207 2622 id
2228 2567 2369 2639 quod
2397 2569 2655 2637 qumritur
2681 2584 2697 2623 :
2725 2574 2929 2639 quanto
2946 2566 3115 2636 magis
3144 2566 3194 2620 id
3220 2566 3271 2620 in
3303 2566 3414 2621 Deo
3441 2576 3524 2621 est

1920 2662 2252 2729 faciendum,
2282 2678 2403 2718 eum
2453 2661 2747 2733 qumrendo
2773 2671 3054 2730 tamquam
3077 2659 3276 2732 aliquid
3315 2676 3383 2717 ex
3430 2676 3523 2715 ne.

1918 2756 2203 2812 cessariis!
2257 2757 2365 2823 imo
2393 2771 2521 2813 vero
2551 2770 2657 2811 non
2708 2754 2814 2821 ita,
2857 2755 2953 2809 sed
3000 2754 3379 2825 multomagis.
3416 2754 3522 2809 Sed

1919 2850 2175 2919 quoniam
2211 2862 2400 2903 sumus
2450 2846 2745 2911 imbecilli,
2800 2847 2996 2901 saltem
3048 2845 3191 2901 sicut
3237 2856 3292 2901 tu
3322 2846 3523 2916 quatris

1926 2941 2181 3011 pecunias
2214 2950 2370 3008 tuas,
2392 2950 2485 2996 aut
2514 2940 2704 3006 filium,
2737 2954 2921 3010 qumre
2955 2939 3145 2996 Deum.
3201 2939 3307 2995 Pro
3334 2955 3400 2994 eo
3424 2955 3525 2994 an-

1924 3047 2031 3087 non
2066 3033 2462 3104 peregrinaris?
2511 3048 2694 3088 annon
2724 3047 2822 3103 pro
2864 3031 3110 3102 pecuniis
3136 3046 3199 3088 es
3224 3031 3517 3103 aliquando

1929 3131 2155 3187 peregre
2184 3117 2497 3187 profectus?
2523 3134 2704 3174 annon
2751 3118 2933 3173 omnia
2973 3118 3187 3174 curiose
3221 3119 3525 3178 scrutaris?

1925 3222 2104 3263 annon
2146 3208 2362 3280 quando
2414 3210 2725 3276 inveneris,
2770 3219 2896 3265 tunc
2936 3208 3201 3265 confidis?
3254 3211 3520 3280 Quanta,

1925 3298 2135 3369 inquit,
2188 3310 2236 3355 et
2280 3301 2545 3356 invenietis
2574 3301 2791 3373 (Matth.
2827 3303 2882 3355 7.
2908 3288 2987 3373 7).
3036 3302 3169 3356 Nam
3216 3317 3336 3372 qua:
3377 3318 3529 3374 qua-

1924 3402 2139 3456 runtut,
2167 3406 2356 3461 magna
2384 3402 2543 3462 egent
2567 3391 2925 3448 sollicitudine
2948 3433 2964 3457 ,
3019 3392 3072 3447 in
3102 3392 3216 3449 Deo
3244 3394 3479 3448 maxime
3504 3412 3519 3447 :

1927 3484 2092 3538 multa
2160 3486 2303 3540 enim
2367 3494 2494 3540 sunt
2564 3501 2685 3557 qua:
2752 3486 3085 3556 prohibent,
3145 3487 3315 3543 multa
3386 3498 3515 3544 sunt

1927 3591 2048 3645 qure
2090 3575 2373 3631 offundunt
2420 3577 2707 3644 tenebras,
2757 3578 2926 3632 multa
2963 3588 3089 3632 sunt
3135 3593 3257 3648 qua:
3302 3593 3526 3635 sensum

1928 3678 2172 3723 nostrum
2213 3678 2419 3723 arcent.
2443 3669 2596 3724 Sicut
2639 3669 2785 3724 enim
2832 3669 2916 3724 sol
2954 3679 3039 3725 est
3076 3668 3433 3737 manifestus,
3478 3680 3542 3727 et.

1928 3761 2179 3817 omnibus
2210 3762 2262 3815 in
2299 3762 2479 3816 medio
2509 3763 2865 3832 proponitur,
2893 3778 2997 3820 nec
3036 3778 3172 3834 opus
3201 3773 3288 3821 est
3318 3774 3378 3821 ut
3407 3780 3535 3821 eum

1929 3869 2236 3925 qttmramus
2266 3872 2281 3919 ;
2312 3855 2394 3909 sin
2425 3866 2607 3911 autem
2637 3872 2735 3912 nos
2762 3856 2913 3926 ipsos
2936 3856 3289 3925 infodiamus,
3316 3858 3537 3916 etiamsi

1930 3947 2110 4001 omnia
2143 3948 2475 4003 invertamus
2497 3989 2510 4013 ,
2552 3949 2722 4005 multo
2752 3950 2937 4007 labore
2985 3951 3143 4007 nobis
3181 3967 3318 4023 opus
3356 3963 3441 4009 est
3477 3965 3538 4011 ut

1929 4039 2416 4095 solemintueamur
2438 4059 2451 4096 :
2470 4041 2540 4096 ita
2570 4040 2656 4099 hic
2679 4057 2913 4113 quoque,
2936 4042 2982 4097 si
3013 4043 3065 4097 in
3092 4044 3357 4114 profundo
3381 4046 3543 4101 mala-

1932 4148 2047 4187 rum
2077 4134 2446 4203 cupiditatum,
2468 4134 2516 4190 si
2542 4134 2849 4190 intenebris
2878 4135 3043 4191 animi
3079 4138 3540 4205 perturbationum

1933 4234 1987 4279 et
2013 4240 2191 4280 rerum
2236 4242 2359 4296 qua:
2379 4227 2444 4281 ad
2467 4226 2607 4282 hanc
2628 4227 2788 4281 vitam
2822 4230 3095 4298 pertinent!
3143 4245 3243 4285 nos
3292 4231 3544 4285 infuderi-

1933 4328 2075 4383 mus,
2109 4316 2196 4371 vix
2216 4332 2427 4373 sursum
2450 4319 2759 4389 aspicimus,
2781 4321 2864 4374 vix
2891 4335 2990 4374 nos
3015 4322 3291 4391 erigimus.
3322 4322 3422 4390 Qui
3453 4333 3537 4377 est

1934 4409 2145 4466 inferne
2170 4410 2425 4478 infossus,
2446 4427 2551 4483 quo
2578 4413 2749 4483 magis
2768 4428 2983 4468 sursum
3013 4414 3307 4483 aspexerit,
3334 4430 3400 4470 eo
3428 4431 3540 4469 ma-

1934 4504 2016 4575 gis
2053 4505 2202 4559 venit
2255 4505 2323 4560 ad
2379 4507 2575 4562 solem.
2624 4506 2911 4562 Pulverem
2960 4522 3091 4578 ergo
3150 4506 3492 4564 excutiamus
3525 4550 3542 4571 ,

1934 4596 2408 4668 nobisimpositam
2437 4598 2717 4669 caliginem
2743 4598 3134 4669 perfringamus
3158 4616 3171 4654 τ
3196 4600 3362 4655 densa
3389 4612 3471 4654 est
3492 4612 3546 4657 et

1937 4689 2259 4758 constipata,
2284 4698 2340 4745 et
2354 4705 2457 4745 non
2480 4690 2609 4745 sinit
2635 4705 2733 4745 nos
2749 4706 2962 4746 sursum
2980 4692 3244 4762 aspicere.
3262 4691 3546 4758 Quomodo

1938 4790 2147 4842 autem.
2182 4781 2370 4853 inquit,
2402 4782 2753 4853 perfringitur
2798 4797 2861 4837 ea
2891 4782 3098 4837 nubes?
3145 4782 3202 4838 Si
3252 4786 3543 4839 attraxeri-

1938 4890 2059 4929 mus
2086 4873 2265 4929 radios
2312 4875 2569 4946 spiritalis
2597 4875 2728 4930 solis
2755 4917 2771 4942 ,
2823 4875 2955 4930 solis
2986 4874 3232 4945 iustitia),
3279 4876 3323 4930 si
3355 4891 3546 4933 manus

1939 4968 2005 5023 ad
2028 4970 2217 5023 cmlttm
2249 4969 2559 5024 attollamus
2586 4987 2599 5022 :
2634 4969 2888 5033 Elevatio,
2916 4968 3106 5037 inquit.
3129 4986 3370 5022 manuum
3402 4986 3541 5023 utet;-

1940 5078 2055 5115 rum
2092 5060 2399 5129 sacriﬁcium
2450 5061 2785 5131 vespertinum
2826 5060 3000 5131 (Psal.
3034 5060 3161 5116 HO.
3193 5060 3253 5128 Ξ)
3285 5079 3297 5115 :
3327 5061 3370 5115 si
3420 5077 3541 5116 cum

1951 5155 2197 5209 manibus
2243 5165 2477 5208 tuentem
2524 5168 2739 5223 quoque
2788 5153 3160 5208 Sustollamus.
3208 5152 3373 5209 Scitis
3426 5169 3541 5223 qum

1944 5248 2087 5314 dico,
2138 5261 2237 5301 vos
2265 5246 2353 5317 qui
2396 5248 2662 5317 myStcriis
2694 5246 2823 5302 estis
2860 5246 3051 5301 initiati
3078 5265 3090 5300 :
3122 5244 3347 5301 fortasse
3378 5261 3539 5317 agno-

1944 5340 2094 5396 scitis
2133 5338 2276 5410 quod
2319 5339 2518 5393 dictum
2546 5346 2648 5405 est,
2682 5337 2984 5408 perspicitis
3011 5337 3154 5409 quod
3183 5337 3343 5393 tacite
3372 5338 3539 5392 inani.

1948 5433 2171 5487 Sursum
2201 5432 2446 5485 tollamus
2469 5440 2701 5485 nostram
2719 5430 3121 5500 cogitationem.
3141 5430 3270 5484 Novi
3292 5446 3390 5500 ego
3420 5433 3563 5485 muf-

1949 5536 2031 5582 tos
2049 5527 2191 5581 viros
2218 5541 2246 5579 a
2268 5537 2403 5581 term
2422 5523 2534 5581 fere
2551 5523 2868 5595 pendentes,
2884 5533 2937 5579 et
2957 5523 3093 5578 ultra
3116 5522 3333 5579 modum
3359 5537 3551 5576 manus

1950 5619 2329 5682 extendentes,
2376 5629 2429 5673 et
2472 5632 2615 5687 aegre
2656 5615 2891 5671 ferentes
2932 5615 3073 5685 quod
3106 5631 3208 5667 non
3240 5616 3406 5684 pessit
3438 5614 3552 5668 limi

1951 5723 2011 5769 ut
2035 5714 2142 5768 sint
2174 5715 2224 5767 in
2260 5728 2385 5767 aere
2415 5711 2663 5778 sublimo,
2714 5719 2768 5765 et
2793 5712 2860 5765 ita
2885 5716 3165 5778 precantes
3200 5724 3321 5761 cum
3346 5724 3538 5777 magna

2026 5814 2099 5877 (η)
2128 5814 2177 5862 1η
2210 5813 2321 5877 haec
2345 5814 2493 5863 verba
2531 5813 2713 5863 desinit
2742 5811 2957 5862 humilia.
2996 5812 3058 5863 Et
3089 5810 3309 5877 (μετίωσι
3335 5824 3388 5863 tn
3421 5810 3563 5866 οου.

1962 5875 2085 5928 mire
2107 5875 2302 5927 confusa
2329 5885 2377 5927 ct
2402 5880 2641 5941 permixta
2666 5884 2796 5926 sunt.
