4122 6338
604 330 708 386 159

608 436 1074 491 animialacritate.
1093 436 1178 492 Sic
1202 452 1294 492 vo.
1320 438 1442 493 volo
1461 452 1671 508 semper
1698 451 1847 501 esse;
1881 437 1961 490 sin
1995 442 2179 491 autem

606 539 714 583 non
754 540 985 597 semper,
1034 526 1220 584 saltem
1272 528 1557 597 smpezsin
1610 543 1717 583 non
1759 542 1935 596 saepe.
1980 526 2167 581 snitum

598 625 793 693 rarius,
839 625 1028 683 saltem
1060 637 1234 687 mane,
1267 622 1456 679 saltem
1482 622 1714 693 vesperi.
1744 620 1876 677 Nam
1907 620 1995 679 dic
2022 620 2178 689 mihi,

597 732 795 773 nmnus
822 732 925 773 non
955 725 1105 786 potes
1148 713 1491 771 extendere?
1539 712 1766 771 extende
1802 721 2060 784 quantum
2099 713 2181 770 vis

601 809 822 865 liberam
871 806 1034 862 animi
1090 805 1456 869 voluntatem;
1486 819 1605 861 eam
1655 804 1884 860 extende
1910 819 2082 875 usque
2114 805 2180 859 ad

600 902 773 970 ipsum
803 898 993 954 caelum
1018 913 1035 953 :
1062 898 1270 954 etiamsi
1296 897 1428 953 velis
1454 898 1623 968 ipsum
1645 906 1862 968 tangere
1887 895 2177 969 faStigium.

604 1002 656 1045 et
693 990 942 1060 superius
980 980 1287 1057 ambulare,
1316 989 1440 1045 licet
1480 988 1573 1044 libi
1619 1004 1633 1042 :
1675 989 1861 1060 quavis
1888 988 2034 1044 enim
2078 1002 2179 1043 ave

596 1083 765 1138 levior
808 1090 861 1135 et
899 1080 1061 1137 altior
1126 1089 1212 1136 est
1254 1096 1406 1135 mens
1461 1089 1662 1135 nostra.
1722 1079 1945 1147 Quando
1992 1088 2173 1134 autem

593 1175 754 1231 etiam
798 1174 1072 1243 acceperit
1101 1188 1218 1229 eam
1252 1187 1374 1243 qua:
1413 1187 1446 1225 a
1493 1170 1699 1241 Spiritu
1726 1170 1883 1226 datur
1913 1170 2174 1242 gratiam,

595 1281 780 1337 papa),
805 1280 966 1337 quam
997 1274 1076 1322 est
1109 1265 1264 1320 velox
1284 1306 1299 1329 ,
1332 1278 1490 1335 quam
1518 1265 1657 1320 acris
1682 1306 1698 1330 ,
1729 1274 1786 1319 ut
1815 1265 1994 1319 omnia
2023 1263 2175 1330 obit,

595 1368 654 1414 ut
696 1372 801 1413 non
851 1356 1018 1413 fertur
1064 1358 1350 1423 deorsum,
1406 1371 1582 1427 neque
1622 1356 1769 1412 humi
1817 1356 1997 1412 cadit!
2053 1356 2162 1411 llas

594 1465 798 1521 pennas
834 1447 991 1505 nobis
1018 1456 1421 1515 comparemus;
1466 1462 1561 1518 per
1588 1462 1684 1503 eas
1714 1449 2022 1519 poterimus
2042 1462 2177 1516 [δινω-

594 1540 866 1597 tervolare
898 1540 1056 1594 etiam
1089 1538 1304 1609 pelagus
1331 1536 1593 1601 ﬂuctuum.
1614 1537 1770 1607 hujus
1796 1536 2001 1593 mundi.
2028 1540 2174 1593 Aves

597 1633 983 1703 pernicissimte
1008 1640 1064 1687 et
1102 1639 1311 1693 montes
1361 1640 1417 1687 et
1444 1630 1614 1686 saltus
1640 1640 1696 1685 et
1745 1630 1914 1686 maria
1956 1641 2013 1686 et
2053 1645 2176 1686 sco-

595 1724 749 1792 pulos
769 1723 914 1780 brevi
952 1732 1222 1778 momento
1268 1723 1523 1792 temporis
1566 1722 1745 1777 illreste
1778 1724 2171 1793 prtetervolant.

597 1814 746 1869 Talis
772 1823 856 1869 est
898 1814 1059 1869 etiam
1087 1829 1240 1869 mens
1271 1830 1285 1867 :
1315 1828 1437 1868 cum
1461 1810 1623 1869 fuerit
1647 1814 1804 1879 alata,
1839 1813 2050 1883 quando
2074 1814 2173 1869 ab-

595 1908 852 1963 scesserit
893 1906 961 1961 ab
986 1906 1057 1961 iis
1077 1921 1198 1976 qua:
1218 1906 1285 1961 ad
1327 1906 1466 1962 hanc
1488 1908 1649 1960 vitam
1680 1907 1947 1978 pertinent
1972 1949 1989 1975 ,
2037 1907 2172 1963 nihil

594 2013 712 2052 eam
737 2006 910 2069 potest
928 1997 1364 2069 apprehendere,
1397 1998 1650 2053 omnibus
1690 2008 1775 2054 est
1796 1999 1979 2067 altior,
2006 2000 2173 2055 etiam

595 2088 776 2159 ignitis
800 2089 990 2159 iaculis
1015 2089 1235 2145 diaboli.
1283 2090 1399 2146 Non
1428 2099 1533 2146 tam
1569 2102 1713 2147 recte
1742 2093 1902 2149 telum
1948 2093 2176 2164 coniicit

594 2182 861 2246 diabolus,
903 2189 960 2237 ut
1015 2184 1183 2253 possit
1210 2183 1348 2239 hanc
1388 2185 1652 2255 attingere
1679 2186 2173 2252 altitudinem;sed

589 2274 763 2343 iacula
792 2275 1006 2343 quidem
1051 2275 1283 2341 emittit,
1312 2284 1396 2330 est
1415 2278 1558 2331 enim
1588 2277 1905 2348 impudens:
1935 2294 2042 2334 non
2069 2294 2171 2334 au-

598 2374 703 2417 tem
740 2364 1066 2434 assequitur,
1118 2364 1215 2420 sed
1247 2364 1410 2420 telum
1438 2366 1504 2420 ad
1533 2367 1705 2436 ipsum
1747 2368 1906 2423 inane
1943 2370 2176 2424 reverti-

598 2464 706 2520 tur,
736 2465 791 2510 et
821 2470 925 2510 non
961 2456 1137 2511 solum
1174 2457 1333 2511 inane
1353 2499 1370 2524 ,
1400 2456 1496 2513 sed
1528 2459 1690 2513 etiam
1721 2460 1771 2513 in
1804 2469 1965 2529 caput
2006 2461 2175 2531 ipsius

594 2546 921 2602 revertitur:
954 2546 1109 2601 feriat
1148 2548 1290 2602 enim
1332 2548 1551 2605 omnino
1584 2560 1803 2620 oportet
1846 2550 1901 2605 id
1925 2551 2068 2621 quod
2105 2554 2175 2609 ab

596 2637 715 2707 ipso
752 2638 997 2693 mittitur.
1027 2637 1175 2694 Sicut
1199 2653 1328 2709 ergo
1348 2639 1487 2710 quod
1504 2641 1704 2711 iactum
1736 2651 1819 2697 est
1843 2641 1911 2696 ab
1938 2642 2172 2698 homini-

596 2732 710 2795 bus,
734 2738 825 2785 aut
845 2728 967 2786 ferit
989 2743 1114 2786 eum
1142 2731 1403 2787 adversus
1423 2749 1583 2804 quem
1608 2734 1856 2799 mittitur,
1876 2720 1970 2791 aut
1991 2750 2172 2803 avem,

594 2840 685 2884 aut
711 2829 1005 2900 parietem,
1057 2840 1150 2886 aut
1177 2841 1403 2899 vestem,
1444 2841 1537 2888 aut
1584 2834 1820 2904 lignum,
1863 2844 1955 2889 aut
1992 2836 2163 2904 ipsum

596 2934 940 2978 secatsercm
970 2940 983 2977 :
1033 2922 1106 2978 ita
1128 2924 1290 2979 etiam
1331 2924 1570 2994 iaculum
1598 2924 1820 2989 diaboli,
1875 2925 2033 2979 feriat
2055 2927 2173 2994 qui-

602 2996 724 3067 dizm
751 3018 970 3070 omnino
991 3026 1201 3082 oportet
1229 3035 1242 3081 ;
1282 3019 1324 3071 si
1347 3028 1527 3075 autem
1553 3021 1699 3075 illum
1724 3037 1881 3091 quem
1909 3024 2041 3092 petit
2068 3037 2174 3078 non

606 3106 970 3172 percusserit,
1019 3109 1241 3163 omnino
1272 3110 1397 3165 ferit
1435 3128 1557 3167 eum
1609 3113 1699 3183 qui
1742 3115 1955 3169 emittit.
2012 3115 2077 3169 Et
2106 3130 2172 3171 ex

600 3196 783 3251 multis
808 3196 1025 3266 quidem
1053 3198 1154 3255 hoc
1172 3210 1345 3268 potest
1372 3204 1616 3275 intelligi,
1650 3204 1791 3274 quod
1822 3207 2036 3277 quando
2074 3221 2175 3262 nos

599 3304 705 3342 non
740 3291 993 3345 fuerimus
1019 3293 1257 3360 percussi
1286 3334 1301 3359 ,
1326 3295 1419 3350 ille
1444 3298 1666 3351 omnino
1694 3300 1990 3367 percutitur
2020 3317 2031 3351 :
2066 3306 2123 3351 ut
2148 3338 2163 3362 ,

597 3380 827 3449 exempli
852 3396 1035 3446 causa,
1068 3383 1350 3439 insidiatus
1371 3396 1454 3440 est
1479 3386 1652 3452 Jobo;
1696 3404 1816 3442 eum
1861 3405 1964 3442 non
2000 3386 2164 3453 feriit,

598 3472 690 3525 sed
718 3472 833 3543 ipse
858 3472 957 3527 fuit
985 3475 1123 3529 ictus
1155 3476 1473 3533 :iusidiatus
1495 3489 1574 3533 est
1606 3480 1808 3546 Paulo;
1854 3481 2025 3550 ipsum
2056 3494 2162 3533 nou

596 3562 764 3628 feriit,
794 3562 888 3617 sed
918 3565 1031 3632 ipse
1062 3561 1162 3619 fuit
1199 3565 1489 3622 sauciatus.
1543 3568 1613 3623 Et
1637 3568 1761 3631 hoc,
1806 3570 1849 3624 si
1876 3548 2171 3640 sapiamus;

601 3651 3150 3697 ________________________

1341 340 1393 395 S.
1423 340 1704 397 JOANNIS
1732 340 2214 399 CHRYSOSTOMI
2244 342 2557 402 ARCIIIEP.
2590 346 3137 411 CONSTANTINOP.

3754 347 3861 408 £00

2285 436 2411 532 licet
2437 438 2619 495 videre
2642 443 2835 514 ubique
2865 445 2999 502 fieri.
3048 451 3274 517 Quando
3313 456 3457 513 enim
3487 465 3821 529 percusserit
3842 504 3859 532 ,

2284 524 2506 593 feritur;
2536 532 2703 586 multo
2729 543 2908 590 autem
2950 540 3150 611 magis,
3180 546 3395 614 quando
3420 524 3679 609 adversus
3708 524 3859 611 illuni

2284 619 2499 675 ensibus
2527 631 2583 679 et
2623 634 2777 681 scuto
2800 627 2922 687 tldei
2943 635 3134 689 annali
3160 646 3214 694 et
3240 640 3431 698 muniti
3452 685 3467 709 ,
3513 654 3631 703 tuto
3670 663 3864 707 cavea-

2284 726 2404 767 mus
2434 730 2501 769 ne
2542 717 2820 786 capiamur
2854 729 2911 776 et
2954 739 3344 798 rxpugnemur.
3389 732 3634 793 Jaculum
3679 749 3862 797 autem

2280 801 2477 899 diaboli
2506 815 2592 860 est
2615 808 2753 863 mala
2781 811 3067 881 cupiditas.
3113 815 3193 873 Ira
3225 824 3458 881 maxime
3478 835 3561 883 est
3588 828 3746 899 ignis.
3776 843 3861 888 est

2279 897 2522 965 damma,
2550 902 2776 972 arripit,
2801 906 2942 962 tollit
2968 950 2983 973 ,
3037 910 3273 970 incendit
3303 934 3317 970 :
3362 933 3461 977 nos
3483 897 3864 982 vero—lenitate

2278 996 2333 1041 et
2377 990 2633 1059 patientia
2675 1009 2797 1051 eam
2835 1000 3262 1073 exstinguamus.
3311 1008 3382 1067 Ut
3427 1015 3573 1071 enim
3621 1017 3861 1074 (audens

2281 1076 2480 1136 ferrum
2507 1099 2647 1156 aqua
2698 1089 2921 1145 tinctum
2968 1093 3142 1159 ignem
3172 1099 3385 1169 perdit:
3415 1104 3483 1159 ita
3518 1107 3593 1162 ira
3633 1109 3679 1164 si
3706 1111 3759 1165 in
3786 1111 3863 1167 le-

2274 1186 2399 1226 nem
2447 1182 2503 1267 et
2548 1178 2840 1245 patientem
2873 1183 3164 1254 inciderit,
3217 1190 3348 1246 nihil
3393 1208 3516 1249 eum
3544 1198 3727 1267 la-dit,
3768 1202 3862 1257 sed

2274 1267 2443 1337 magis
2474 1262 2648 1336 iuvat,
2693 1279 2750 1326 et
2801 1272 2917 1342 ipse
2958 1277 3139 1333 evadit
3174 1279 3332 1355 longe
3366 1283 3579 1344 fortior.
3628 1262 3859 1347 Lenitati

2271 1356 2417 1413 enim
2454 1367 2511 1415 et
2561 1362 2833 1431 patientia:
2882 1366 3014 1421 nihil
3070 1380 3245 1440 potest
3298 1378 3622 1448 :equiparari
3665 1399 3680 1436 :
3732 1399 3859 1441 nam

2271 1449 2362 1543 qui
2415 1459 2501 1543 est
2550 1451 2834 1522 ejusmodi,
2862 1462 3185 1517 contumelia
3236 1479 3531 1538 numquam
3579 1473 3851 1543 afficitur;

2271 1540 2364 1595 sed
2391 1541 2530 1597 sicut
2568 1559 2672 1599 non
2712 1549 3023 1605 sanciantur
3069 1568 3293 1625 corpora
3344 1560 3687 1619 adamantina
3712 1607 3726 1629 ,
3780 1540 3855 1622 ita

2271 1647 2370 1725 nec
2390 1631 2695 1706 huiusmodi
2736 1640 2931 1697 anima:
2964 1661 2977 1696 :
3007 1656 3135 1701 sunt
3179 1650 3322 1704 enim
3354 1655 3665 1725 superipres
3705 1659 3863 1725 jacu-

2269 1723 2355 1821 lis.
2404 1726 2662 1784 Excelsus
2692 1732 2834 1787 enim
2856 1775 2872 1800 ,
2917 1742 2972 1790 et
3018 1736 3155 1793 adeo
3180 1713 3435 1799 excelsus
3452 1713 3621 1803 est’is
3648 1713 3741 1821 qrii
3775 1713 3861 1808 est

2271 1814 2513 1911 lenisget
2562 1821 2811 1911 patiens,
2864 1835 2922 1880 ut
2978 1842 3046 1883 ne
3109 1831 3317 1903 plagam
3362 1836 3577 1905 quidem
3630 1814 3682 1894 δ’
3709 1840 3860 1911 iactu

2266 1907 2516 1977 accipiat.
2544 1909 2768 1979 Quando
2790 1914 2882 1977 ille
2916 1916 3190 1988 ell‘eratur,
3235 1932 3290 1993 tu
3337 1926 3452 1983 ride
3482 1946 3496 1983 :
3528 1930 3644 1987 ride
3671 1907 3857 1992 autem

2266 2016 2373 2059 non
2435 2017 2653 2075 aperte,
2700 2019 2759 2065 ut
2804 2028 2910 2068 non
2973 2016 3188 2089 irritos,
3241 1998 3336 2079 sed
3394 2027 3447 2082 in
3505 2030 3686 2089 anima
3758 2049 3857 2092 seu

2265 2096 2406 2167 apud
2440 2106 2492 2154 te
2535 2101 2651 2157 ride
2690 2114 2911 2175 propter
2952 2117 3022 2165 te.
3073 2111 3285 2171 Etenim
3329 2117 3397 2176 de
3423 2123 3605 2192 pueris
3631 2128 3853 2197 quando

2266 2201 2366 2242 nos
2386 2203 2509 2244 cum
2539 2206 2613 2245 ira
2646 2198 3008 2262 percusseriut
3027 2239 3045 2263 ,
3094 2210 3364 2272 tamquam
3395 2218 3455 2257 se
3486 2206 3810 2258 ulciscentes
3835 2244 3852 2268 ,

2267 2276 2521 2335 ridemus.
2557 2280 2615 2338 Si
2636 2299 2764 2354 ergo
2802 2287 2987 2343 riseris
3006 2332 3021 2355 ,
3044 2298 3249 2346 tantum
3281 2293 3419 2348 inter
3447 2303 3499 2348 te
3524 2302 3579 2349 et
3594 2291 3743 2349 illum
3774 2294 3853 2346 iu-

2270 2372 2459 2426 tererit
2479 2414 2496 2439 ,
2524 2386 2779 2445 quantum
2808 2378 2948 2435 inter
2971 2397 3192 2451 puerum
3221 2392 3277 2439 et
3307 2387 3477 2440 virum
3507 2402 3521 2439 :
3561 2386 3643 2441 sin
3670 2393 3853 2439 autem

2268 2461 2531 2530 eﬂ‘eraris,
2554 2468 2723 2524 factus
2750 2485 2809 2527 es
2862 2486 2996 2542 puer
3024 2491 3039 2530 :
3070 2476 3249 2545 pueris
3273 2477 3417 2533 enim
3456 2477 3857 2548 insipientiorcs

2269 2556 2519 2626 suntqui
2571 2558 2895 2616 irascuntur.
2949 2565 3041 2621 Dic
3087 2568 3233 2622 enim
3281 2569 3449 2633 mihi,
3490 2569 3536 2625 si
3590 2569 3854 2641 quispiam

2270 2660 2495 2714 puerum
2534 2649 2729 2706 viderit
2749 2654 3031 2711 elferatum
3051 2700 3066 2724 ,
3090 2675 3271 2729 nonne
3298 2662 3527 2716 irridet?
3558 2662 3667 2716 lloc
3694 2664 3856 2716 etiam

2270 2737 2326 2792 in
2359 2739 2510 2795 iratis
2535 2741 2856 2802 observatur
2889 2766 2902 2802 :
2930 2751 3064 2805 tales
3094 2763 3216 2806 sunt
3254 2754 3415 2808 etiam
3446 2753 3855 2823 pusillanimes;

2269 2830 2313 2884 si
2348 2840 2525 2887 autem
2552 2836 2918 2904 pusillanimes
2949 2852 3091 2910 Sunt,
3133 2845 3281 2899 stulti
3309 2860 3521 2915 quoque
3562 2853 3720 2899 sunt:
3755 2844 3854 2910 Qui

2270 2926 2435 2969 autem
2455 2921 2647 2987 pusilli,
2669 2923 2854 2992 inquit,
2880 2937 2951 2981 est
2966 2930 3144 2994 animi,
3159 2943 3231 2985 est
3251 2936 3397 2989 valde
3415 2936 3656 3018 insipiens
3676 2937 3856 3011 (Prov.

2274 3006 2359 3101 μ.
2390 3006 2707 3101 29).Quiest
2730 3013 2885 3083 igitur
2914 3018 3191 3087 insipiens,
3211 3034 3292 3077 est
3322 3006 3519 3082 infans.
3550 3028 3616 3082 Et
3644 3006 3732 3100 qui
3748 3042 3820 3087 est
3842 3079 3855 3101 ,

2267 3096 2455 3161 inquit,
2474 3107 2687 3172 patiens,
2709 3117 2784 3160 est
2804 3111 2991 3166 utullus
3007 3112 3057 3165 in
3072 3116 3361 3183 prudentia.
3382 3118 3526 3176 lianc
3544 3096 3705 3192 igitur
3721 3096 3858 3181 tnui;

2269 3199 2375 3243 tam
2420 3206 2799 3264 persequamur
2829 3203 3155 3271 patientiam,
3202 3209 3341 3264 unde
3385 3212 3550 3266 multa
3598 3229 3626 3268 a
3682 3216 3859 3285 probis

2268 3288 2399 3337 viris
2425 3288 2716 3355 acquiritur
2739 3295 3028 3361 sagacitas;
3076 3309 3497 3371 ntasscquamur
3534 3306 3669 3361 bona
3707 3310 3857 3365 nobis

2270 3375 2528 3441 promissa
2553 3420 2570 3441 ,
2594 3378 2646 3432 in
2674 3381 2887 3437 (Ihristo
2917 3385 3043 3440 Jesu
3077 3389 3305 3445 Domino
3325 3404 3514 3451 nostro
3535 3438 3550 3460 ,
3592 3414 3719 3454 cum
3752 3416 3857 3470 quo

2272 3463 2410 3517 Patri
2441 3484 2539 3520 una
2576 3486 2696 3525 cum
2735 3485 2922 3529 sancto
2951 3478 3153 3547 Spiritu
3184 3483 3351 3552 gloria
3375 3529 3387 3549 ,
3416 3488 3724 3557 imperium,
3755 3463 3851 3546 lio-

2273 3569 2371 3609 nor
2398 3574 2539 3613 nunc
2560 3572 2613 3615 et
2640 3579 2874 3635 semper,
2898 3580 2949 3623 ct
2981 3570 3031 3623 in
3055 3575 3249 3627 sarcula
3283 3581 3631 3633 swcnlorum.
3662 3585 3850 3637 Amen.

3174 3687 3410 3699 ...υ-..-

1896 3730 2237 3794 HOMILIA
2284 3736 2524 3800 XXII].

601 3842 732 3899 Cu.
768 3846 853 3900 ll.
886 3862 937 3900 v.
965 3848 1017 3902 'l.
1048 3847 1179 3903 Fide
1221 3847 1355 3916 Noe,
1398 3866 1639 3919 responso
1666 3860 1869 3922 accepto
1896 3854 1957 3905 de
1984 3854 2047 3908 iis
2070 3870 2183 3924 qua:

673 3940 841 3993 adhuc
886 3957 986 3995 non
1033 3942 1345 4009 uidebantur,
1406 3956 1627 3998 metuens
1679 3950 1871 4015 aptavit
1911 3962 2081 3999 arcam
2129 3948 2183 4000 in

672 4030 885 4085 salutem
913 4032 1094 4087 domus
1118 4049 1260 4099 sint;
1302 4051 1391 4103 per
1430 4052 1579 4104 quam
1606 4036 1862 4089 denotarit
1894 4038 2137 4089 mundum
2170 4054 2182 4066 ·

676 4132 722 4174 et
752 4123 977 4187 iustitiw,
1001 4140 1115 4194 qua:
1140 4140 1229 4194 per
1253 4126 1405 4193 ﬁdem
1431 4135 1523 4190 est,
1550 4127 1689 4180 heres
1716 4138 1791 4181 est
1817 4128 2093 4182 institutus.

679 4216 730 4265 l.
777 4212 924 4280 Fide,
956 4232 1214 4286 responso,
1241 4218 1428 4287 inquit,
1455 4228 1657 4286 accepto
1686 4218 1819 4273 Noe.
1844 4221 1993 4275 Sicut
2020 4220 2187 4275 Filius

612 4303 703 4358 Dei
733 4303 801 4359 de
830 4319 930 4358 suo
973 4305 1197 4375 loquens
1226 4306 1454 4361 adventu
1485 4308 1717 4372 dicebat,
1757 4308 1823 4362 In
1858 4311 2031 4364 diebus
2075 4310 2189 4364 Noe

606 4397 852 4451 nnbebant
882 4406 930 4451 et
958 4407 1167 4468 nuptum
1198 4399 1386 4453 dabant
1422 4400 1573 4470 (Luc.
1606 4402 1692 4455 i7.
1731 4402 1840 4471 27)
1874 4420 1885 4454 :
1921 4403 1987 4457 ita
2022 4413 2071 4457 et
2100 4402 2189 4459 hic

610 4488 760 4543 dicit.
787 4488 977 4545 Merito
1002 4489 1289 4560 Apostolus
1311 4508 1523 4562 quoque
1565 4495 1642 4548 eis
1681 4496 2085 4550 convenientem
2135 4498 2187 4551 in

605 4583 913 4637 memoriam
932 4583 1996 4643 revocavitsimilitudiuem.Enochienim
2016 4605 2187 4643 exem-

606 4675 750 4742 plum
768 4682 885 4729 erat
908 4676 1078 4728 solum
1101 4676 1401 4747 exemplum
1429 4677 1569 4743 fidei,
1594 4679 1706 4735 Noe
1722 4697 1847 4735 vero
1880 4683 2186 4751 exemplum

604 4766 764 4819 etiam
796 4764 1194 4821 incredulitatis.
1230 4766 1303 4821 Ea
1345 4776 1522 4823 autem
1575 4780 1655 4825 est
1704 4772 1936 4843 perfecta
1992 4790 2189 4830 conso-

605 4856 733 4913 latio
780 4864 836 4917 et
886 4857 1217 4925 exhortatio,
1246 4860 1460 4929 quando
1488 4876 1594 4916 non
1625 4864 1796 4918 solum
1835 4866 1924 4935 qui
1944 4866 2188 4922 credide-

605 4956 731 5002 rnnt
769 4948 1110 5005 inveniuntur
1141 4951 1351 5020 probari
1382 4961 1437 5005 et
1465 4954 1517 5006 in
1566 4954 1705 5010 bona
1751 4971 1867 5012 esse
1917 4959 2189 5014 existima-

606 5040 751 5095 tione
775 5081 791 5105 ,
832 5040 926 5095 sed
966 5041 1127 5095 etiam
1176 5042 1265 5111 qui
1298 5058 1401 5097 non
1432 5045 1655 5098 credunt
1683 5047 1954 5114 patiuntur
1974 5058 2188 5105 contra-

608 5132 707 5185 ria.
756 5131 891 5199 Quid
932 5132 1075 5186 enim
1123 5133 1292 5187 dicit?
1337 5133 1468 5188 Fide
1510 5153 1751 5207 resplnso
1795 5151 1997 5210 accepto
2047 5140 2183 5198 Noe.

610 5220 741 5287 Quid
768 5222 866 5275 hoc
890 5224 1011 5277 est?
1042 5223 1362 5281 Praedictum
1390 5226 1463 5280 illi
1491 5226 1683 5295 fuerat,
1713 5230 1899 5299 inquit.
1938 5232 2186 5303 Respon-

610 5328 723 5365 sum
755 5320 930 5365 autem
964 5312 1224 5382 signiﬁcat
1255 5314 1587 5385 prophetiam
1623 5334 1635 5368 :
1674 5333 1794 5371 nam
1827 5320 1950 5372 alibi
1976 5336 2187 5391 quoque

611 5407 679 5457 ita
708 5403 837 5459 dicit
867 5402 1092 5458 :Fuerat
1130 5406 1172 5459 ei
1207 5423 1502 5474 responsum
1536 5410 1777 5478 aSpiritu
1822 5422 1994 5469 sancto
2036 5412 2185 5482 (an.

612 5498 663 5554 Ξ.
694 5497 766 5552 26
792 5499 847 5566 );
896 5508 950 5552 et
996 5514 1201 5565 rursus,
1254 5499 1315 5553 Et
1350 5501 1474 5571 quid
1512 5500 1633 5554 dicit
1674 5520 1967 5573 responsum
2010 5505 2187 5575 (Rom.

617 5590 703 5652 il.
732 5589 763 5643 4
784 5588 840 5659 )?
865 5586 1031 5644 Vides
1062 5605 1241 5659 parem
1283 5590 1541 5650 honorem
1581 5593 1852 5661 Spiritus?
1880 5596 2017 5650 sicut
2045 5598 2187 5652 enim

619 5683 757 5745 Deus
787 5684 1092 5759 respindet,
1120 5685 1189 5741 ita
1219 5686 1380 5742 ctiam
1421 5687 1653 5759 Spiritus
1680 5699 1914 5746 sanctus.
1956 5691 2063 5747 Cur
2093 5708 2189 5747 au-

2288 3865 2395 3910 tem
2434 3855 2511 3911 sic
2538 3854 2710 3911 dixit?
2739 3855 2805 3911 Ut
2830 3855 3076 3911 ostendat
3116 3870 3430 3925 responsum
3473 3873 3593 3915 esse
3631 3861 3868 3933 prophe-

2289 3948 2435 4001 tiam.
2464 3946 2609 4001 Deiis
2638 3962 2749 4015 qum
2768 3947 2933 4001 adhuc
2960 3963 3059 4000 non
3086 3946 3395 4011 videbantur,
3416 3950 3615 4018 inquit;
3642 3952 3747 4009 hoc
3766 3964 3865 4025 est,

2286 4040 2354 4092 de
2396 4038 2832 4109 pluviazveritus
2858 4050 2912 4094 ct
2954 4039 3055 4095 sibi
3084 4054 3279 4095 cavens
3327 4045 3629 4098 construxit
3668 4060 3859 4102 arcam.

2289 4130 2445 4184 Ratio
2487 4130 2699 4200 quidem
2748 4131 2878 4184 nihil
2926 4130 3030 4186 tale
3080 4132 3344 4202 suggessit
3396 4151 3411 4187 :
3463 4144 3686 4206 nuptum
3728 4139 3864 4193 enin.

2286 4222 2480 4278 dabant
2508 4231 2560 4276 et
2590 4222 2880 4285 nubebant,
2910 4237 3003 4277 aer
3019 4232 3132 4277 erat
3162 4239 3346 4292 purus,
3376 4229 3524 4295 signa
3552 4242 3656 4281 non
3682 4239 3865 4287 erant:

2288 4313 2380 4367 sed
2410 4323 2584 4367 tamen
2610 4314 2701 4368 ille
2720 4322 2803 4368 est
2830 4314 3031 4369 veritus
3063 4330 3078 4364 :
3116 4313 3237 4369 ideo
3267 4317 3345 4370 sic
3372 4316 3504 4370 dixit
3536 4335 3549 4370 :
3580 4316 3714 4374 Fide
3738 4319 3866 4387 Noe,

2288 4423 2527 4475 responso
2574 4418 2781 4473 accepto
2824 4408 2887 4460 de
2938 4408 3001 4461 iis
3042 4424 3155 4475 qua:
3193 4408 3362 4462 adhuc
3411 4426 3511 4465 non
3556 4414 3871 4481 ridebantur,

2287 4510 2528 4562 metuens,
2554 4500 2835 4554 construxit
2864 4518 3033 4554 arcam
3060 4503 3113 4554 in
3140 4502 3352 4555 salutem
3376 4503 3553 4559 domus
3581 4523 3707 4561 sum.
3733 4509 3874 4576 Quo-

2290 4590 2485 4645 modo?
2524 4589 2627 4644 Per
2658 4609 2811 4661 quam
2838 4592 3189 4647 condemnavit
3220 4596 3481 4648 mundum.
3510 4597 3756 4655 Ostendit
3782 4616 3873 4656 ent

2290 4681 2479 4751 dignos
2505 4683 2792 4752 supplicio,
2834 4684 2924 4753 qui
2966 4698 3065 4738 nec
3094 4699 3189 4753 per
3217 4685 3363 4739 illam
3391 4686 3606 4755 quidem
3628 4703 3876 4747 constru-

2288 4773 2519 4827 ctionem
2550 4774 2974 4843 corrigebantur,
3010 4789 3110 4827 nec
3136 4773 3543 4843 resipiscebaut.
3580 4779 3645 4833 Et
3659 4783 3863 4851 justitin

2302 4878 2415 4934 qua
2445 4882 2532 4934 per
2559 4865 2711 4929 ﬁdem
2742 4872 2833 4929 est,
2864 4864 3004 4916 heres
3028 4873 3099 4917 est
3127 4863 3418 4928 institutus;
3444 4863 3545 4916 hoc
3581 4873 3683 4926 est,
3714 4879 3778 4918 ex
3809 4879 3872 4918 eo

2288 4957 2467 5026 iustus
2511 4958 2779 5026 apparuit,
2830 4956 2971 5025 quod
3017 4956 3129 5010 Deo
3170 4955 3416 5010 credidit.
3460 4955 3574 5011 Hoc
3610 4956 3753 5010 enim
3793 4966 3876 5011 est

2294 5048 2489 5102 animm
2532 5049 2741 5103 sincere
2771 5048 2820 5101 in
2851 5062 2973 5101 eum
3007 5046 3233 5112 aifectm,
3279 5054 3334 5099 et
3368 5061 3488 5116 quae
3513 5045 3715 5113 iudicat
3746 5046 3875 5101 nihil

2294 5154 2414 5196 esse
2442 5139 2558 5209 eius
2585 5138 2765 5193 verbis
2794 5135 3126 5200 credibilius,
3174 5137 3312 5191 sicut
3340 5137 3667 5191 contrarium
3703 5137 3875 5192 incre-

2292 5232 2508 5286 dulitas.
2541 5232 2633 5285 Est
2668 5240 2845 5285 autem
2876 5231 3237 5299 perSpicuum,
3278 5228 3420 5301 quod
3464 5228 3599 5283 ﬁdes
3627 5240 3875 5298 operatur

2289 5324 2569 5393 iustitiam.
2598 5323 2747 5378 Sicut
2781 5322 2920 5375 enim
2965 5337 3062 5375 nos
3108 5337 3427 5391 responsum
3474 5321 3783 5390 accepimus
3811 5322 3873 5377 de

2292 5414 2558 5485 gehenna,
2607 5415 2674 5467 ita
2727 5413 2814 5467 ille
2861 5428 3098 5483 quoque.
3146 5413 3305 5482 Atqui
3358 5422 3484 5467 tunc
3530 5412 3872 5479 irridebatur,

2295 5517 2418 5560 tunc
2458 5505 2667 5574 probris
2708 5504 3041 5559 afﬁciebatur
3071 5514 3125 5558 et
3163 5505 3631 5569 subsannabatur;
3678 5505 3771 5560 sed
3802 5516 3871 5559 ta-

2293 5614 2413 5653 men
2456 5597 2520 5651 ad
2562 5597 2687 5651 nihil
2736 5596 2922 5651 horum
2981 5596 3190 5663 aspexit
3221 5615 3234 5651 :
3266 5596 3317 5653 8.
3378 5596 3507 5651 Fide
3547 5599 3633 5666 qui
3674 5612 3871 5652 vocatur

2293 5691 2547 5747 Abraham
2571 5692 2782 5747 obcdirit
2810 5691 2859 5745 in
2888 5690 3051 5745 locum
3073 5692 3230 5760 exire,
3258 5708 3409 5765 quem
3437 5702 3742 5763 accepturus
3773 5703 3874 5750 erat
