4122 6338
556 356 653 417 161

544 472 761 543 «stipa
790 470 1030 543 Ἕλληνα
1062 464 1174 542 εἶχε
1211 471 1302 526 καὶ
1336 470 1732 542 εἰδωλολάτρην
1759 511 1775 535 ,
1838 469 2134 541 προφητῶν

544 557 645 608 οὐκ
692 552 961 624 ἠκηκόει,
1021 553 1142 607 οὐδὲ
1190 552 1308 623 ᾔδει
1362 552 1467 605 ποῦ
1514 554 1734 623 ἤρχετο.
1780 552 2000 622 Ἐπειδὴ
2030 552 2138 621 γὰρ

545 642 626 702 εἰς
670 638 895 701 τούτους
950 636 1140 708 ἐώρων
1187 637 1237 688 οί
1280 636 1340 701 ἐξ
1369 636 1639 707 Ἐϐραίων
1684 636 2133 701 πεπιστευκότες,

545 722 623 785 ώς
677 721 886 793 μυρίων
933 720 1359 782 ἀπολαύσαντας
1408 718 1674 788 ἀγαθῶν,
1729 720 2006 773 δείκνυσιν
2054 718 2137 771 ὅτι

547 806 722 866 οὐδεὶς
770 804 981 856 οὐδέπω
1027 802 1180 856 οὐδὲν
1226 802 1556 873 ἐκομίσατο,
1606 802 1743 856 ἀλλά
1773 804 1972 866 πάντες
1997 801 2135 854 εἰσὶν

548 888 864 959 ἀγέραστοι,
895 888 989 938 καὶ
1012 886 1096 938 ὅτι
1140 884 1313 948 οὐδεὶς
1340 885 1553 938 οὐδέπω
1575 885 1795 951 ἐδέξατο
1826 886 1924 949 τάς
1968 886 2137 954 ἀμοι-

557 971 675 1029 ϐάς.
702 968 814 1036 Τῆς
846 966 1103 1037 πατρίδος
1141 966 1346 1029 ἐκεῖνος
1378 969 1471 1020 καὶ
1514 967 1613 1033 τῆς
1654 966 1828 1028 οἰκίας
1874 964 2124 1029 ἐξέπεσε,

556 1055 650 1105 καὶ
674 1051 894 1121 ἐξῆλθεν
914 1053 1014 1107 οὐκ
1029 1051 1184 1116 εἰδὼς
1200 1051 1301 1105 ποῦ
1326 1052 1563 1122 ἔρχεται.
1588 1053 1695 1104 Καὶ
1714 1051 1767 1103 τί
1784 1048 2122 1119 θαυμαστὸν,

555 1139 604 1191 εἰ
638 1137 818 1205 αὐτὸς,
840 1140 974 1193 ὅπου
1017 1155 1080 1207 γε
1113 1138 1208 1191 καὶ
1247 1136 1306 1191 τὸ
1342 1137 1564 1207 σπέρμα
1597 1134 1765 1188 αὐτοῦ
1804 1134 1948 1188 οὕτω
1993 1150 2129 1187 κατε

556 1221 810 1293 ᾠκησενς
844 1222 1017 1293 Ὁρῶν
1059 1216 1595 1290 γοῦνἛλεγχομένην
1634 1219 1735 1289 τὴν
1769 1216 2127 1286 ἐπαγγελίαν.

546 1304 605 1353 ού
634 1301 1064 1373 κατενάρκησεν·
1099 1296 1222 1352 εἷπε
1251 1302 1380 1369 γάρ·
1411 1298 1514 1351 Σοὶ
1536 1296 1707 1350 δώσω
1729 1296 1841 1364 τὴν
1862 1296 1981 1367 γῆν
2001 1298 2139 1352 ταύ-

547 1400 679 1450 την,
710 1382 811 1438 καί
842 1381 920 1448 τῷ
947 1382 1244 1450 σπέρματί
1268 1397 1405 1436 σου.
1437 1377 1559 1433 Εῐδε
1589 1379 1680 1433 τὸν
1709 1379 1838 1433 Υἰὸν
1864 1380 1982 1432 ἐκεῖ
2007 1396 2136 1432 κατ-

544 1467 819 1533 οικοῦντα,
840 1468 935 1519 καὶ
958 1467 987 1519 ὁ
1010 1466 1230 1535 ἔκγονος
1259 1464 1419 1517 πάλιν
1444 1461 1581 1517 εἶδεν
1604 1463 1793 1515 ἑαυτὸν
1812 1464 1868 1523 ἐν
1882 1461 2139 1534 ἀλλοτρία

548 1552 949 1619 κατοικοῦντα,
1008 1550 1103 1605 καὶ
1155 1550 1311 1605 οὐδὲν
1364 1547 1694 1621 ἐθορυϐήθη.
1753 1548 1827 1600 Τὸ
1883 1548 1984 1617 μὲν
2029 1547 2140 1619 γὰρ

547 1636 640 1689 τοῦ
697 1634 953 1705 Ἀϐραὰμ
1000 1632 1225 1696 εἰκότως
1274 1632 1563 1700 ἐγεγόνει,
1620 1630 1718 1684 ἆτε
1776 1632 1914 1699 μετὰ
1965 1629 2142 1683 ταῦτα

552 1720 855 1791 μελλούσης
913 1719 1013 1789 τῆς
1072 1717 1407 1785 ἐπαγγελίας
1466 1717 1547 1779 εἰς
1598 1714 1757 1785 ἔργον
1811 1711 2143 1783 ἐκϐήσεσθαι

550 1807 630 1867 εἰς
664 1807 723 1856 τὸ
752 1804 909 1871 γένος
938 1800 1125 1855 αὐτοῦ’
1160 1800 1337 1855 καίτοι
1366 1817 1429 1868 γε
1458 1802 1554 1852 καὶ
1584 1799 1719 1867 πρὸς
1742 1797 1904 1849 αὐτὸν
1933 1796 2141 1867 εῖρητο,

549 1888 631 1940 ὅτι
686 1886 787 1941 Σοὶ
819 1886 915 1939 καί
948 1884 1028 1950 τῷ
1058 1884 1354 1952 σπέρματί
1383 1898 1519 1936 σου·
1557 1884 1618 1933 οὐ
1642 1920 1656 1941 .
1703 1881 1802 1933 Διά
1849 1878 1943 1931 τοῦ
1974 1880 2144 1950 σπέρ-

553 1972 723 2041 ματός
773 1986 866 2023 σου
918 1969 1041 2031 σοὶ,
1099 1966 1255 2030 ἀλλά,
1312 1964 1540 2020 Σοίτκαί
1572 1963 1968 2032 τῷοσπέρματί
1995 1976 2142 2017 σου⁶

551 2055 644 2106 καὶ
698 2050 822 2105 οὔτε
869 2050 1029 2114 αὐτὸς
1054 2093 1069 2117 ,
1129 2048 1254 2102 οὔτε
1288 2050 1315 2101 ὁ
1354 2048 1569 2113 Ἰσαὰκ,
1602 2046 1726 2099 οὔτε
1756 2049 1785 2099 ό
1819 2044 2013 2099 Ἰακὼϐ
2040 2048 2147 2100 ἁπ-

552 2141 793 2205 ήλαυσαν
846 2136 947 2206 τῆς
1005 2136 1375 2205 ὑποσχέσεως.
1414 2134 1470 2187 Ὀ
1507 2132 1607 2201 μὲν
1634 2132 1742 2202 γάρ
1792 2129 1969 2200 μισθῷ
1996 2129 2148 2183 ἐδού-

554 2222 742 2273 λευσεν
769 2258 784 2284 ,
845 2221 873 2273 ὁ
923 2218 982 2272 δὲ
1038 2216 1410 2288 ἐξηλαύνετο,
1470 2210 1624 2277 οὗτος
1656 2214 1713 2266 δὲ
1759 2215 1854 2266 καὶ
1887 2213 2148 2279 ἐξέπιπτε

557 2302 845 2364 δεδοικώς·
884 2302 976 2354 καὶ
1011 2300 1080 2354 τὰ
1113 2300 1211 2370 μὲν
1240 2295 1351 2352 εἷλε
1380 2298 1625 2368 πολέμῳ,
1656 2297 1725 2349 τὰ
1748 2297 1825 2364 δὲ,
1858 2298 1908 2349 εἰ
1941 2296 2015 2367 μὴ
2046 2296 2149 2363 τῆς

558 2386 656 2439 τοῦ
707 2384 841 2439 Θεοῦ
892 2384 1067 2456 ῥοπῆς
1115 2384 1347 2453 ἔτυχεν,
1403 2381 1650 2451 ἀπώλετο
1683 2383 1768 2435 ἀν.
1814 2382 1964 2434 ιΔιά
1990 2380 2148 2433 τοῦτό

561 2486 750 2539 φησιν,
784 2470 865 2522 ὅτι
893 2454 1061 2522 Μετὰ
1090 2465 1210 2521 τῶν
1238 2466 1630 2535 κληρονόμων
1656 2454 2150 2533 τῆςὲπαγγελιάς

554 2553 662 2621 τῆς
708 2551 921 2621 αὐτῆς.
980 2550 1117 2621 Οὐχὶ
1174 2551 1337 2612 αὐτὸς
1388 2550 1575 2619 μόνος,
1628 2549 1816 2618 φησὶν,
1870 2547 2007 2600 ἀλλά
2055 2549 2149 2600 καὶ

552 2640 606 2691 οἰ
651 2637 999 2709 κληρονόμοι.
1066 2628 1202 2688 Εἶτα
1254 2634 1349 2686 καὶ
1393 2633 1578 2704 ἕτερόν
1609 2649 1661 2684 τι
1700 2632 1810 2685 τῶν
1841 2632 2147 2702 εἰρημένων

554 2721 881 2792 τρανότερον
912 2716 1160 2790 ἐπήγαγε
1187 2717 1382 2785 λέγων·
1420 2715 1582 2769 Κατὰ
1612 2716 1819 2769 πίστιν
1846 2716 2151 2769 ἀπέθανον

556 2803 726 2862 οὗτοι
774 2804 1022 2870 πάντες,
1072 2800 1157 2872 μὴ
1199 2798 1592 2871 κομισάμενοι
1631 2799 1735 2865 τὰς
1764 2799 2147 2868 ἐπαγγελίας.

556 2893 662 2944 Δύο
692 2887 924 2943 ἐνταῦθα
951 2888 1186 2960 ζητῆσαι
1212 2884 1385 2951 ἄξιον,
1406 2883 1522 2946 πῶς
1549 2881 1741 2947 εἰπὼν,
1760 2882 1844 2935 ὅτι
1866 2880 2152 2952 Μετέθηκε

558 2974 652 3027 τὸν
685 2970 878 3043 Ἑνὼχ,
910 2969 1002 3023 τοῦ
1040 2969 1114 3039 μὴ
1145 2968 1274 3021 ἰδεῖν
1304 2967 1559 3029 θάνατον,
1594 2966 1690 3018 καὶ
1717 2965 1817 3035 οὐχ
1843 2962 2150 3035 εὑρίσκετο,

561 3059 743 3125 λέγει·
782 3054 941 3110 Κατὰ
988 3052 1200 3105 πίστιν
1224 3048 1531 3104 ἀπέθανον
1554 3043 1721 3105 οὗτοι
1747 3046 1993 3113 πάντες.
2042 3047 2155 3100 Καὶ

564 3142 725 3195 πάλιν
775 3136 983 3191 εἰπών’
1034 3136 1131 3203 Μὴ
1178 3132 1571 3203 κομισάμενοι
1617 3131 1725 3197 τὰς
1769 3131 2153 3201 ἐπαγγελίας,

564 3225 653 3277 τὸν
704 3220 828 3277 Νῶε
881 3219 1154 3274 δείκνυσιν
1205 3216 1485 3287 εἰληφέναι
1523 3214 1713 3285 μισθὸν
1767 3216 1845 3278 εἰς
1877 3212 2155 3287 σωτηρίαν

561 3308 655 3362 τοῦ
686 3308 836 3360 οἴκου
868 3304 1037 3359 αὐτοῦ
1060 3346 1073 3368 ,
1134 3302 1229 3357 καὶ
1256 3302 1349 3355 τὸν
1388 3299 1557 3371 Ἑνὼχ
1590 3299 2027 3369 μετατεθεῖσθαι,
2062 3292 2155 3352 καὶ

563 3394 653 3448 τὸν
684 3391 849 3445 Ἀϐελ
878 3388 957 3443 ἐτι
984 3386 1170 3441 λαϐεῖν
1196 3428 1211 3453 ,
1271 3386 1367 3439 καὶ
1410 3384 1507 3437 τὸν
1546 3384 1796 3453 Ἀϐραὰμ
1828 3381 2157 3451 ἐπειλῆφθαι

562 3477 663 3547 τῆς
690 3475 793 3546 γῆς
818 3490 833 3504 ⁸
887 3471 979 3526 καί
1031 3485 1197 3542 φησι·
1234 3468 1395 3523 Κατὰ
1423 3469 1632 3521 πίστιν
1656 3466 1962 3521 ἀπέθανον
1991 3461 2157 3521 οὗτοι

564 3561 787 3625 πάντες
809 3597 825 3623 ,
884 3554 1037 3629 [212]
1082 3553 1168 3622 μὴ
1209 3552 1601 3621 κομισάμενοι
1632 3551 1739 3617 τὰς
1767 3549 2153 3617 ἐπαγγελίας.

566 3646 633 3697 Τί
672 3638 765 3697 οῦν
815 3642 961 3691 ἐστιν
994 3638 1022 3690 δ
1051 3636 1232 3704 λέγεις
1276 3637 1599 3700 Ἀναγκαῖον
1637 3634 1698 3686 τὸ
1729 3633 1944 3707 πρῶτον
1972 3631 2156 3699 λῦσαι,

570 3723 690 3779 εἶτα
732 3725 794 3776 τὸ
841 3720 1108 3791 δεύτερον.
1168 3717 1329 3772 Κατὰ
1362 3716 1570 3770 πίστιν
1597 3716 1921 3774 ἀπέθανον.
1967 3715 2153 3785 φησὶν,

571 3805 737 3864 οὗτοι
788 3805 1032 3871 πάντες.
1094 3803 1187 3865 Τὸ,
1236 3800 1486 3867 Πάντες,
1546 3800 1781 3855 ἐνταῦθα
1824 3796 2001 3864 εἶπεν,
2059 3799 2157 3851 οὐκ

573 3892 761 3961 ἐπειδὴ
812 3891 1011 3950 πάντες
1059 3886 1327 3940 ἀπέθανον
1352 3926 1367 3951 ,
1423 3884 1540 3937 ἀλλ’
1572 3882 1764 3953 ἐπειδὴ
1817 3881 2156 3953 ἐξῃρημένου

570 3977 805 4037 ἐκείνου,
842 3972 1113 4025 ἀπέθανον
1143 3964 1290 4022 οῦτοι
1322 3969 1543 4031 πάντες,
1581 3964 1677 4029 οὓς
1708 3967 1866 4035 ίσμεν
1896 3964 2151 4035 τεθνηκό-

568 4077 687 4123 τας.
749 4058 825 4111 Τὸ
871 4056 928 4109 δὲ
958 4098 973 4121 ,
1029 4057 1126 4122 Μὴ
1180 4052 1571 4123 κομισάμενοι
1625 4050 1731 4116 τὰς
1775 4049 2153 4117 ἐπαγγελίας,

570 4144 768 4215 ἀληθὲς
817 4140 1113 4211 τυγχάνει·
1175 4139 1237 4191 οὐ
1287 4137 1396 4208 γὰρ
1449 4136 1516 4207 δὴ
1564 4133 1721 4188 τοῦτο
1763 4132 1985 4204 ἔμελλεν
2014 4128 2155 4187 εἶναι

574 4229 609 4298 ἡ
640 4222 942 4294 ἐπαγγελία
972 4221 1050 4294 τῷ
1077 4221 1223 4275 Νῶε.

647 4406 709 4475 β’,
728 4402 892 4465 Ποίας
913 4400 970 4453 δὲ
992 4398 1086 4452 καὶ
1107 4395 1440 4465 ἐπαγγελίας
1461 4393 1655 4464 φησίν;
1674 4394 1702 4447 ὁ
1727 4393 1824 4463 μὲν
1839 4392 1948 4464 γὰρ
1973 4392 2157 4447 Ἰσαὰκ

574 4490 673 4544 καὶ
705 4485 899 4541 Ἰακὼϐ
950 4484 1143 4537 ἔλαϐον
1193 4482 1292 4544 τὰς
1328 4477 1661 4547 ἐπαγγελίας
1694 4478 1792 4547 τῆς
1818 4477 1924 4547 γῆς
1949 4492 1961 4504 ·
2020 4479 2070 4530 οἰ
2099 4478 2157 4531 δέ

575 4591 641 4625 πε
655 4574 705 4643 ρὶ
754 4570 899 4633 Νῶε,
932 4568 1026 4621 καὶ
1057 4565 1243 4630 Ἀϐελ,
1278 4566 1370 4616 καὶ
1411 4562 1601 4632 Ἑνὼχ,
1634 4561 1793 4625 ποίας
1827 4561 2158 4629 ἐπαγγελίας

577 4656 766 4709 ἐλαϐον
789 4673 803 4719 ;
828 4654 900 4705 Ἢ
930 4652 1107 4703 τοίνυν
1141 4649 1269 4719 περὶ
1298 4648 1403 4701 τῶν
1434 4647 1615 4718 τριῶν
1636 4662 1769 4716 φησι
1798 4646 2020 4699 τούτων·
2053 4647 2085 4716 ἢ
2110 4648 2158 4699 εἰ

578 4740 673 4793 καὶ
705 4738 832 4807 περὶ
863 4733 1111 4797 ἐκείνων,
1143 4732 1204 4783 ού
1235 4731 1394 4783 τοῦτο
1421 4726 1489 4799 ἦν
1522 4732 1555 4797 ή
1584 4726 1905 4795 ἐπαγγελία,
1941 4729 2001 4781 τὸ
2026 4730 2158 4782 θαυο

581 4820 854 4893 μασθῆναι
886 4818 977 4871 τὸν
1008 4815 1194 4881 Ἀϐελ,
1228 4814 1348 4867 οὐδὲ
1381 4814 1439 4865 τὸ
1468 4812 1827 4883 μετατεθῆναι
1855 4814 1943 4865 τὸν
1968 4813 2155 4883 Ἑνὼχ,

577 4904 697 4959 οῖ.δέ
746 4902 807 4955 τὸ
854 4898 1187 4968 διασωθῆναι
1235 4898 1326 4951 τὸν
1371 4898 1515 4960 Νῶε,
1575 4895 1710 4949 ἀλλα
1745 4896 2032 4949 καὶταῦτα
2061 4898 2159 4967 μὲν

580 4990 763 5049 αὐτοῖς
791 4986 877 5039 διὰ
905 4984 1002 5054 τὴν
1032 4984 1233 5053 ἀρετὴν
1259 4981 1476 5049 ἐγένετο
1502 5020 1516 5043 ,
1574 4981 1826 5051 γεύματα
1855 4982 1911 5034 δέ
1941 4999 2064 5035 τινα
2092 4979 2159 5054 ῆν

581 5072 689 5125 τῶν
717 5069 1035 5140 μελλόντων.
1052 5068 1108 5121 Ὀ
1131 5066 1239 5137 γὰρ
1263 5066 1393 5128 Θεὸς
1419 5065 1513 5117 ἀπ’
1538 5064 1714 5135 ἀρχῆς
1744 5063 1898 5127 εἰδὼς
1922 5065 1983 5117 τὸ
2005 5065 2159 5133 γένος

582 5155 642 5207 τὸ
657 5153 990 5224 ἀνθρώπινον
1008 5150 1210 5219 πολλῆς
1222 5149 1470 5219 δεόμενον
1492 5148 1969 5217 συγκαταϐάσεως,
1987 5149 2048 5201 ού
2074 5150 2162 5218 μόο

586 5255 673 5290 νον
696 5237 762 5289 τὰ
782 5240 839 5289 ἐν
858 5235 933 5305 τῷ
959 5235 1223 5305 μέλλοντι,
1246 5234 1381 5287 ἀλλά
1404 5233 1498 5287 καὶ
1516 5233 1584 5285 τὰ
1605 5232 1838 5285 ἐνταῦθα
1859 5234 1992 5302 ἡμῖν
2008 5233 2162 5303 χαρί-

587 5320 757 5385 ζεταιο
783 5314 893 5372 οἷον
918 5320 1053 5389 ὅπερ
1083 5319 1177 5371 καὶ
1203 5321 1316 5382 τοῖς
1344 5317 1615 5389 μαθηταῖς
1642 5316 1825 5383 ἔλεγεν
1854 5318 1881 5369 ὁ
1905 5316 2159 5386 Χριστόςο

591 5406 797 5469 Ὅστις
845 5401 1079 5471 ἀφῆκεν
1125 5403 1334 5467 οἰκίας,
1376 5402 1413 5469 ἢ
1446 5400 1772 5468 ἀδελφοὺς,
1804 5400 1841 5467 ἢ
1872 5400 2162 5468 ἀδελφὰς,

590 5488 627 5553 ἣ
678 5486 935 5556 πατέρα,
989 5487 1026 5551 ἢ
1078 5487 1336 5554 μητέρα,
1402 5484 2001 5538 ἑκατονταπλασίονα
2056 5484 2164 5549 λή-

591 5577 786 5643 gem,
813 5571 910 5626 καὶ
937 5570 1088 5639 ζωὴν
1109 5569 1345 5623 αἰώνιον
1370 5570 1829 5639 κληρονομήσειο
1864 5569 1953 5621 καὶ
1981 5567 2159 5620 πάλιν·

655 5859 685 5891 ιι
708 5846 895 5899 Videsis
917 5852 1079 5898 notam
1103 5844 1505 5911 interpretationi
1524 5844 1710 5898 Latina
1746 5839 2037 5905 subjectam.

1287 358 1343 413 s.
1380 354 1667 413 10mm
1705 354 2189 413 αικιεοετοδιι
2228 355 2545 413 Αιιυιιιερ.
2584 330 3131 413 (ςοὲετλιςτικορ.

3715 350 3817 409 ἱϐὶ

2246 470 2294 528 Ζ
2300 471 2485 540 ητεῖτε
2509 470 2623 539 τὴν
2639 471 2969 537 ,βασιλείαν
2981 469 3085 525 τοῦ
3109 466 3276 536 Θεοῦ,
3293 467 3393 521 καί
3416 467 3602 523 ταῦτα
3624 466 3818 521 πάντα

2243 555 2721 623 προστεθήσεται
2746 553 2910 623 ὑμῖν.
2926 553 3208 626 ’ορᾷς,καὶ
3233 554 3291 604 ἐν
3314 550 3636 622 προσθήκης
3660 550 3818 624 μέρει

2240 636 2414 692 ταῦτα
2446 638 2579 707 παρ’
2627 638 2794 692 αὐτοῦ
2826 638 3100 708 διδόμενα,
3155 635 3295 690 ὥστε
3346 636 3421 705 μὴ
3470 634 3816 704 ἀποκαμεῖν;

2243 720 2509 792 Καθάπερ
2540 720 2650 790 γὰρ
2669 722 2716 774 οί
2742 720 2977 791 ἀθληταὶ
3012 718 3349 775 ἀπολαύουσι
3385 716 3486 788 μὲν
3523 714 3820 785 θεραπείας

2241 806 2337 858 καὶ
2365 806 2495 858 ὅταν
2524 805 2921 873 ἀγωνίζωνται,
2953 803 3095 873 πλὴν
3125 803 3243 857 ἀλλ’
3271 802 3333 855 ού
3362 801 3544 871 πάσης
3566 800 3687 853 τότε
3720 799 3819 867 τῆς

2240 887 2482 951 ἀνέσεως
2507 887 2897 950 ἀπολαύουσιν,
2937 886 3044 941 ὑπὸ
3075 887 3259 954 νόμοις
3290 884 3511 949 ζῶντες,
3536 879 3675 934 ἀλλά
3712 881 3820 935 πά-

2250 974 2352 1029 σης
2382 959 2521 1030 μετά
2562 959 2737 1013 ταῦτα
2768 956 3133 1012 ἀπολαύουσιν
3155 974 3169 989 ο
3203 954 3348 1010 οὕτω
3395 956 3489 1010 καὶ
3521 958 3549 1010 ό
3591 954 3728 1018 Θεὸς
3757 955 3818 1008 οὐ

2250 1041 2431 1112 πάσης
2461 1041 2693 1097 ἐνταῦθα
2730 1041 2913 1095 δίδωσι
2945 1038 3268 1110 μεταλαϐεῖν
3296 1039 3396 1111 τῆς
3428 1039 3667 1101 ἀνέσεως
3686 1055 3700 1068 ’
3738 1038 3821 1092 δί-

2247 1125 2378 1181 δωσι
2421 1125 2519 1196 μὲν
2544 1125 2651 1197 γὰρ
2674 1125 2766 1178 καὶ
2791 1124 3044 1184 ἐνταῦθα,
3078 1120 3220 1192 πλὴν
3252 1122 3402 1189 ὅμως
3431 1121 3530 1192 τὴν
3554 1123 3736 1175 πᾶσαν
3763 1122 3821 1173 ἐν

2249 1210 2327 1281 τῷ
2359 1210 2601 1283 μέλλοντι
2630 1208 2942 1279 ἐταμίευσε.
2967 1208 3077 1260 Καὶ
3104 1208 3189 1260 ὅτι
3216 1205 3374 1260 τοῦτό
3406 1208 3576 1270 ἐστιν,
3614 1205 3820 1275 ἐδήλω-

2252 1311 2345 1349 σεν
2395 1296 2527 1349 αὐτὸ
2577 1296 2672 1348 καὶ
2728 1294 2818 1347 διά
2865 1293 2965 1363 τῆς
3005 1292 3335 1361 ἐπαγωγῆς,
3378 1291 3549 1344 εἰπών
3575 1308 3590 1324 ·
3634 1290 3825 1345 Ἃλλὰ

2251 1379 2555 1447 πόρῤωθεν
2593 1376 2781 1441 αὑτὰς
2822 1375 3053 1442 ἰδόντες
3085 1374 3186 1429 καί
3222 1372 3664 1443 ἀσπασάμενοι.
3707 1374 3825 1427 Ἐν-

2251 1462 2427 1516 ταῦθά
2448 1480 2499 1515 τι
2526 1460 2787 1531 μυστικὸν
2815 1459 3142 1514 αἰνίττεται·
3175 1459 3416 1513 δείκνυσι
3446 1459 3551 1529 γάρ
3577 1460 3661 1512 ὅτι
3694 1476 3825 1527 προ-

2253 1548 2444 1601 έλαϐον
2476 1547 2650 1601 πάντα
2685 1546 2752 1599 τὰ
2783 1546 2909 1614 περὶ
2939 1545 3049 1597 τῶν
3091 1543 3395 1614 μελλόντων
3429 1543 3721 1614 εἰρημένα,
3752 1542 3821 1595 τά

2254 1630 2385 1701 περὶ
2414 1629 2783 1693 ἀναστάσεως,
2813 1628 2883 1682 τὰ
2917 1628 3049 1695 περὶ
3094 1626 3372 1697 βασιλείας
3418 1627 3666 1699 οὐρανῶν
3688 1670 3704 1695 ,
3758 1628 3828 1680 τὰ

2256 1714 2384 1784 περὶ
2410 1715 2517 1768 τῶν
2547 1706 2833 1780 allow,th
2859 1712 3029 1766 ἐλθὼν
3057 1714 3086 1766 δ
3115 1712 3349 1782 Χριστὸς
3388 1713 3662 1785 ἐκήρυσσε
3686 1728 3700 1741 ’
3729 1713 3828 1779 τὰς

2254 1800 2363 1867 γὰρ
2390 1797 2724 1866 ἐπαγγελίας
2746 1797 2951 1862 ταύτας
2988 1797 3174 1867 φησίν.
3206 1799 3276 1850 Ἦ
3305 1797 3466 1851 τοῦτο
3497 1793 3592 1852 οῦν
3640 1815 3829 1867 φησιν,

2254 1881 2289 1953 ῆ
2313 1882 2393 1935 ὅτι
2422 1882 2522 1935 οὐκ
2570 1880 2763 1936 ἔλαϐον
2801 1881 2903 1951 μὲν
2950 1882 3141 1945 αύτάς.
3174 1882 3554 1954 θαρρήσαντες
3599 1882 3655 1937 δὲ
3688 1883 3829 1951 ὑπὲρ

2254 1965 2437 2019 αὐτῶν
2458 1966 2698 2034 ἀπῆλθον
2720 1984 2735 1998 ο
2770 1966 3083 2039 ἐθάρρησαν
3108 1966 3164 2019 δὲ
3201 1969 3267 2037 τῇ
3299 1968 3481 2021 πίστει
3509 1966 3664 2039 μόνῃ.
3690 1966 3831 2038 Πόρο

2254 2049 2429 2121 ρωθεν
2470 2049 2527 2102 δέ
2563 2049 2734 2113 αύτάς
2771 2044 3151 2115 ἰόόντες,εἷττε,
3180 2047 3357 2119 δηλῶν
3379 2049 3462 2100 ὅτι
3500 2046 3607 2116 πρὸ
3629 2048 3831 2097 τεσσα-

2254 2152 2364 2204 ρων
2391 2134 2636 2203 γενεῶνο
2674 2133 2814 2203 μετὰ
2861 2132 2972 2204 γὰρ
3018 2134 3290 2195 τοσαύτας
3340 2129 3575 2200 ἀνῆλθον
3627 2128 3689 2191 ἐξ
3732 2129 3831 2186 Αἰ-

2253 2218 2483 2289 γύπτου.
2526 2217 2633 2272 Καὶ
2687 2216 3133 2285 ἀσπασάμενοι,
3185 2214 3339 2286 φησὶ,
3388 2212 3485 2268 καί
3518 2211 3831 2279 ἡσθέντες.

2258 2300 2418 2357 Οῦτω
2452 2301 2812 2372 πεπεισμένοι
2840 2296 2984 2370 ἦσαν
3019 2301 3147 2372 περὶ
3181 2298 3333 2371 [215]
3384 2297 3586 2362 αὐτῶν,
3619 2297 3697 2360 ὡς
3743 2298 3836 2348 καὶ

2255 2384 2606 2442 ἀσπάσασθαι
2634 2383 2807 2447 αὑτάς
2832 2399 2847 2413 ’
2867 2383 2975 2437 ἀπὸ
3000 2384 3319 2456 μεταφορᾶς
3343 2377 3466 2437 εἷπε
3502 2380 3610 2434 τῶν
3634 2378 3833 2433 πλεόν-

2254 2478 2362 2523 των
2388 2470 2485 2521 καὶ
2514 2466 2802 2540 πόρρωθεν
2840 2466 3095 2537 ὁρώντων
3139 2468 3241 2531 τάς
3281 2466 3464 2528 πόλεις
3505 2465 3603 2528 τὰς
3639 2462 3839 2517 ποθου-

2260 2553 2449 2624 μένας,
2478 2553 2543 2617 ἂς
2570 2554 2701 2623 πρὶν
2725 2552 2757 2624 ἢ
2800 2550 3066 2605 εἰσελθεῖν
3091 2553 3172 2614 εἰς
3206 2550 3375 2613 αὑτὰς
3422 2551 3491 2620 τῇ
3522 2549 3834 2620 προσρήσει

2254 2638 2509 2701 λαϐόντες
2536 2636 2709 2699 αὑτὰς
2732 2634 3079 2710 οἰκειοῦνται.
3118 2634 3505 2703 Ἔξεδέχοντο
3521 2633 3651 2702 γὰρ,
3674 2630 3835 2701 φησὶ,

2256 2723 2373 2789 τὴν
2405 2721 2547 2788 τοὺς
2573 2720 2887 2790 θεμελίους
2928 2720 3200 2787 ἔχουσαν
3228 2720 3431 2783 πόλιν,
3461 2712 3537 2787 ἧς
3558 2717 3838 2785 τεχνίτης

2258 2806 2356 2859 καί
2398 2803 2754 2873 δημιουργὸς
2782 2806 2815 2858 ό
2847 2804 3012 2863 Θεός.
3055 2802 3221 2872 Ὁρᾷς
3248 2803 3330 2854 ὅτι
3358 2801 3443 2866 τὸ,
3473 2802 3752 2862 Ἔλασον,
3777 2801 3839 2852 τὸ

2259 2891 2360 2961 ῆδη
2382 2888 2637 2954 δέξασθαί
2685 2889 2803 2940 ἐστι
2852 2887 2946 2941 καλ⁵
2984 2887 3261 2958 θαρσῆσαι
3302 2886 3443 2957 ὑπὲρ
3496 2885 3719 2951 αὑτῶνς
3776 2884 3839 2937 Εἰ

2258 2974 2442 3026 τοίνυν
2470 2973 2529 3025 τὸ
2570 2971 2845 3041 θαρσῆσαι
2883 2971 3072 3025 λαϐεῖν
3112 2972 3293 3034 ἐστιν,
3335 2969 3512 3041 ἔνεστι
3564 2970 3660 3023 καὶ
3710 2968 3840 3039 ὑμῖν

2259 3056 2464 3112 λαϐεῖν.
2496 3035 2655 3110 Οὗτοί
2687 3035 2815 3127 γάρ,
2863 3058 2911 3109 εί
2959 3056 3053 3109 καὶ
3110 3056 3186 3127 μὴ
3236 3035 3562 3127 ἀπήλαυσαν
3608 3035 3839 3117 τούτων,

2260 3141 2377 3196 ἀλλ’
2405 3143 2553 3211 ὅμως
2587 3140 2666 3212 τῷ
2718 3140 2869 3211 πόθῳ
2920 3137 3193 3209 ἐθεώρουν
3232 3140 3423 3202 αὑτάς.
3449 3138 3516 3193 Τί
3561 3138 3625 3208 δὴ
3667 3136 3841 3192 ταῦτα

2260 3223 2511 3295 γίνεταις
2560 3224 2681 3278 Ἵνα
2724 3225 2889 3294 ἡμεῖς
2926 3222 3333 3293 αἰσχυνθῶμεν,
3373 3224 3454 3275 ὃτι
3484 3223 3685 3275 ἐκεῖνοι
3718 3222 3839 3293 μὲν,

2262 3309 2360 3363 καὶ
2382 3307 2869 3378 ἐπαγγελλομένων
2909 3308 3093 3370 αὐτοῖς
3124 3306 3233 3359 τῶν
3265 3307 3323 3358 ἐν
3349 3308 3413 3377 τῇ
3451 3308 3548 3376 γῇ,
3576 3305 3639 3358 ού
3670 3320 3841 3375 προσ-

2262 3394 2429 3463 εῖχον,
2488 3390 2626 3444 ἀλλά
2664 3392 2766 3461 τὴν
2794 3388 3097 3460 μέλλουσαν
3139 3390 3292 3441 πόλιν
3326 3387 3555 3459 ἐζήτουν
3586 3404 3600 3418 ·
3630 3388 3761 3458 ἡμῖν
3786 3387 3843 3441 δέ

2261 3476 2373 3529 ἄνω
2391 3475 2485 3528 καὶ
2508 3474 2658 3527 κάτω
2674 3476 2700 3526 ὁ
2716 3472 2849 3535 Θεὸς
2873 3473 3002 3542 περὶ
3024 3474 3122 3543 τῆς
3144 3472 3257 3525 ἄνω
3277 3471 3588 3539 διαλέγεται
3608 3469 3840 3533 πόλεως,

2263 3560 2358 3612 καὶ
2384 3558 2483 3628 τῆν
2539 3556 2772 3610 ἐνταῦθα
2805 3556 3095 3627 ζητοῦμεν.
3127 3552 3294 3609 Εἶπεν
3321 3556 3525 3619 αὐτοῖς,
3557 3554 3641 3607 ὅτι
3665 3552 3841 3607 Δώσω

2263 3642 2407 3711 ὑμῖν
2450 3642 2521 3696 τὰ
2547 3642 2618 3695 ἐν
2651 3640 2730 3706 τῷ
2756 3641 3005 3710 παρόντι
3031 3656 3044 3668 ·
3087 3639 3351 3710 ἐπειδὴδὲ
3379 3634 3510 3699 εῐδε,
3554 3636 3755 3708 μᾶλλον
3783 3635 3839 3688 δὲ

2264 3725 2453 3797 ἐπειδὴ
2488 3725 2694 3791 ἔδειξαν
2727 3725 2954 3788 ἐαυτοὺς
2988 3725 3252 3794 μειζόνων
3287 3724 3447 3787 ὄντας
3482 3722 3686 3789 ἀξίους,
3717 3721 3836 3775 τότε

2263 3810 2445 3862 οὐκέτι
2479 3810 2672 3871 αὐτοὺς
2705 3809 2900 3877 ἀφίησι
2930 3808 3103 3861 ταῦτα
3155 3807 3364 3873 λαϐεῖν,
3412 3808 3527 3861 ἀλλ’
3556 3811 3739 3861 ἐκεῖνα
3772 3807 3839 3860 τὰ

2267 3894 2509 3965 μείζονα,
2544 3893 2868 3965 βουλόμενος
2898 3895 3029 3964 ἡμῖν
3079 3894 3249 3959 δεῖξαι
3278 3894 3359 3947 ὃτι
3404 3888 3838 3964 μειζόνωνᾶξιοί

2263 3978 2391 4043 εἰσι,
2431 3979 2507 4049 μὴ
2557 3978 2883 4049 θελήσαντες
2936 3978 3296 4049 προσδεθῆναι
3351 3976 3565 4042 τούτοις
3589 3993 3618 4011 οη
3659 3977 3735 4042 ὡς
3772 3977 3839 4031 ἄν

2262 4079 2345 4125 τις
2373 4061 2578 4133 συνετῷ
2599 4061 2989 4130 ἐπαγγέλλοιτο
3018 4061 3266 4126 παιδικὰ,
3307 4050 3407 4132 οτῦχ
3441 4061 3531 4115 ἵνα
3556 4062 3698 4135 λάϐῃ
3722 4061 3837 4115 ἀλλ’

2262 4146 2704 4217 ἐπιδεικνύμενος
2756 4146 2923 4199 αὑτοῦ
2984 4149 3084 4218 τὴν
3135 4147 3495 4215 φιλοσοφίαν,
3558 4148 3843 4211 αἰτοῦντος

2262 4232 2474 4285 ἐκείνου
2501 4232 2572 4283 τά
2604 4230 2848 4300 μείζονα.
2883 4229 3056 4283 Τοῦτο
3092 4232 3201 4300 γάρ
3240 4234 3358 4284 ἐστι
3387 4230 3724 4298 δεικνύντος,
3759 4233 3843 4285 ὅτι

2268 4315 2406 4385 μετά
2431 4314 2701 4383 τοσαύτης
2732 4314 2972 4383 σπουδῆς
3002 4315 3294 4384 ἀπείχοντο
3333 4316 3432 4384 τῆς
3462 4315 3588 4383 γῆς,
3608 4315 3691 4367 ὄτι
3720 4316 3844 4369 οὐδὲ

2262 4398 2515 4467 διδόμενα
2545 4396 2872 4467 ἐλάμϐανον.
2902 4398 3207 4469 Τοιγαροῦν
3240 4399 3328 4451 διά
3359 4398 3521 4450 τοῦτο
3540 4399 3593 4450 οί
3625 4398 3846 4467 ἔκγονοι

2263 4481 2633 4551 λαμϐάνουσιν
2661 4497 2673 4508 ·
2715 4481 2870 4535 αὐτοὶ
2906 4480 3015 4551 γὰρ
3057 4476 3198 4552 ἦσαν
3252 4481 3353 4551 τῆς
3398 4480 3505 4550 γῆς
3558 4480 3724 4546 ἄξιοι.
3778 4482 3848 4536 Τί

2264 4569 2398 4627 ἐστι,
2439 4567 2558 4636 Τὴν
2590 4566 2732 4633 τοὺς
2776 4569 3091 4635 θεμελίους
3130 4568 3400 4636 ἔχουσαν
3446 4567 3667 4634 πόλιν;
3698 4561 3847 4625 οὗτοι

2264 4652 2373 4723 γὰρ
2393 4652 2492 4704 ούκ
2530 4652 2638 4703 είσί
2671 4650 2949 4721 θεμέλιοι;
3000 4651 3143 4722 Πρὸς
3174 4651 3460 4723 σύγκρισιν
3490 4652 3717 4706 ἐκείνων
3744 4654 3849 4707 οὐκ

2264 4738 2423 4815 εἰσίν.
2454 4731 2569 4802 Ἠς
2590 4736 2866 4805 τεχνίτης
2890 4736 2987 4789 καὶ
3010 4736 3373 4806 δημιοιιογὸς
3396 4740 3428 4790 ό
3454 4739 3618 4801 Θεός.
3648 4735 3846 4803 Βαϐαὶ,

2265 4817 2379 4875 οἷον
2408 4822 2470 4875 τὸ
2502 4820 2780 4891 ἐγκώμιον
2826 4822 2925 4891 τῆς
2962 4820 3169 4885 πόλεως
3219 4821 3435 4893 ἐκείνης
3463 4822 3475 4873 1
3510 4822 3717 4876 Πίστει
3744 4825 3848 4878 καὶ

2266 4906 2420 4973 αὐτὴ
2458 4906 2678 4975 Σάρῤα.
2720 4905 3125 4977 Ἑντρεπτικῶς
3162 4904 3398 4959 ἐνταῦθα
3438 4905 3662 4977 ῆρξατο,
3702 4908 3845 4978 εἴγε

2268 4990 2525 5059 γυναικὸς
2549 4988 2991 5059 ὀλιγοψυχότεροι
3020 4992 3257 5057 φανεῖεν.
3295 4988 3436 5041 Ἀλλ’
3469 4992 3615 5043 εἴποι
3650 4992 3717 5045 ἄν
3739 5010 3844 5057 τις

2270 5074 2395 5137 Πῶς
2424 5073 2589 5143 πιστὴ
2636 5075 2667 5142 ή
2713 5073 3030 5141 γελάσασα;
3068 5074 3128 5126 Ὀ
3159 5072 3259 5143 μὲν
3289 5066 3382 5126 οῦν
3416 5072 3589 5141 γέλως
3619 5074 3678 5140 ἐξ
3718 5077 3849 5130 ἀπε-

2272 5158 2447 5221 στίας,
2471 5159 2499 5210 ὁ
2530 5156 2585 5208 δὲ
2613 5156 2779 5224 φόϐος
2811 5156 2917 5209 ἀπὸ
2948 5157 3187 5220 πίστεως
3222 5172 3234 5185 ·
3270 5154 3330 5209 τὸ
3355 5155 3465 5225 γὰρ
3496 5157 3697 5223 εἰπεῖν,
3719 5161 3847 5215 οὐκ

2268 5241 2551 5308 ἐγέλασα,
2588 5239 2695 5293 ἀπὸ
2716 5240 2951 5303 πίστεως
2981 5240 3195 5309 γέγονε.
3223 5238 3525 5307 Τοιγαροῦν
3558 5241 3647 5293 διὰ
3666 5242 3846 5310 τοῦτο,

2271 5324 2602 5394 κενωθείσης
2632 5326 2732 5394 τῆς
2764 5323 3046 5388 ἀπιστίας,
3079 5324 3403 5395 ἐπεισῆλθεν
3434 5325 3466 5395 ή
3500 5324 3707 5387 πίστις.
3744 5330 3848 5381 Πί-

2271 5426 2401 5463 στει
2439 5409 2537 5461 καί
2592 5408 2745 5475 αὐτὴ
2806 5407 3005 5475 Σάρῤα
3060 5407 3319 5477 δύναμιν
3364 5411 3453 5474 εἰς
3504 5412 3850 5480 καταϐολὴν

2271 5495 2611 5563 σπέρματος
2637 5492 2837 5555 ἔλαϐε,
2870 5493 2965 5545 καί
2990 5497 3148 5562 παρὰ
3173 5494 3382 5561 καιρὸν
3402 5494 3645 5563 ἡλικίας
3659 5496 3845 5553 ἔτεκε.

2272 5581 2337 5633 Τί
2373 5581 2537 5638 ἐστιν,
2572 5580 2674 5641 Εἰς
2715 5576 3055 5644 καταϐολὴν
3083 5577 3462 5647 σπέρματοςς
3517 5580 3611 5641 Εἰς
3660 5580 3719 5634 τὸ
3746 5599 3848 5635 κα-

2274 5665 2493 5731 τασχεῖν
2527 5661 2587 5711 τὸ
2622 5660 2865 5729 σπέρμα,
2915 5663 2991 5723 εἰς
3020 5661 3288 5731 ὑποδοχὴν
3321 5661 3551 5733 δύναμιν
3584 5662 3780 5718 ἐλαϐεν
3813 5667 3849 5733 ή

2274 5744 2675 5815 νενεκρωμένη,
2704 5746 2735 5813 ἡ
2770 5746 2978 5815 στεῖρα.
3014 5744 3183 5815 Διπλῆ
3220 5746 3327 5815 γὰρ
3354 5742 3419 5816 ἦν
3453 5748 3781 5817 ήπήρωσις,
3816 5752 3850 5814 ἡ

2286 5831 2380 5900 μὲν
2406 5828 2509 5885 ἀπὸ
2534 5827 2623 5882 τοῦ
2655 5827 2867 5897 χρόνου,
2903 5831 3247 5900 γεγηρακυῖα
3272 5828 3380 5901 γὰρ
3402 5824 3469 5903 ῆν
3503 5830 3672 5898 ὅντως
3701 5846 3713 5863 ·
3740 5830 3851 5903 ἡδὲ
