4122 6338
280 362 367 422 ibi

280 491 331 542 in
358 481 729 545 hereditatem;
770 488 818 533 et
856 476 979 531 exiit
1008 474 1236 530 nesciens
1260 488 1360 543 quo
1384 471 1497 525 iret.
1526 470 1582 526 9.
1623 468 1755 523 Fide
1782 467 1876 521 de-

278 586 501 631 moratus
526 584 600 627 est
625 573 678 625 in
708 582 851 624 terra
870 565 1279 638 repromissionis
1310 574 1569 633 tamquam
1598 562 1650 616 in
1680 560 1886 626 aliena,

276 670 325 722 in
354 668 544 722 casulis
586 661 863 717 habitando
896 676 1013 713 cum
1053 656 1205 711 Isaac
1244 664 1292 709 et
1334 652 1497 707 Iacob
1533 651 1868 705 coheredibus

277 754 682 829 repromissionis
708 750 955 824 ejusdem.
982 749 1152 817 Quem
1176 748 1319 804 enim
1349 745 1503 811 vidit,
1526 742 1614 800 dic
1639 743 1791 808 mihi,
1816 753 1873 796 ut

275 868 390 906 eum
418 845 813 903 a-mularetur?
842 853 1047 911 patrem
1098 839 1283 894 habuit
1322 837 1576 909 gentilem
1616 845 1670 891 et
1702 834 1874 888 idolo-

276 942 480 1007 latnun,
515 956 622 993 non
656 936 900 992 audierat
937 931 1248 1004 prOphetas,
1293 928 1569 985 nesciebat
1598 942 1705 998 quo
1747 922 1870 981 iret.

273 1034 397 1088 Nam
426 1032 682 1103 quoniam
720 1028 785 1083 ad
822 1041 916 1083 eos
940 1022 1278 1096 aspiciebant
1308 1022 1397 1091 qui
1430 1018 1775 1077 crediderant
1805 1034 1870 1074 ex

274 1125 511 1181 llebneis
536 1165 552 1190 ,
598 1131 657 1177 ut
698 1120 789 1192 qui
828 1119 966 1175 bona
1012 1116 1386 1187 pereepissent
1430 1111 1868 1174 innumerabilia.

270 1217 505 1274 ostendit
539 1213 685 1285 quod
711 1213 887 1269 nullus
914 1210 1091 1266 adhuc
1119 1209 1409 1280 quidquam
1442 1205 1749 1276 acceperit,
1772 1206 1869 1261 sed

270 1327 453 1366 omnes
499 1309 609 1364 sint
636 1323 664 1361 a
697 1305 919 1377 prtemio
951 1305 1243 1369 immunes,
1276 1311 1330 1355 et
1371 1301 1548 1355 nullus
1578 1298 1871 1357 adhnc‘ul-

272 1406 371 1459 lam
415 1401 667 1456 habuerit
700 1397 1214 1453 remunerationem.
1259 1391 1474 1448 Excidit
1519 1392 1608 1446 ille
1635 1400 1691 1447 et
1718 1405 1748 1445 a
1777 1407 1872 1461 pa-

271 1498 365 1551 tria
394 1507 449 1552 et
477 1513 505 1550 a
539 1496 722 1560 domo,
768 1504 823 1550 et
868 1494 999 1548 exiit
1039 1490 1289 1547 nesciens
1330 1504 1437 1559 quo
1475 1489 1594 1543 iret.
1634 1487 1699 1542 Et
1741 1486 1868 1556 quid

272 1590 457 1642 mirum
491 1589 534 1643 si
570 1589 705 1657 ipse,
738 1602 858 1641 eum
884 1584 998 1650 eius
1025 1597 1239 1655 quoque
1266 1596 1451 1635 semen
1477 1580 1557 1635 sic
1579 1577 1869 1633 habitarit?

273 1682 465 1737 Videns
497 1682 712 1753 quidem
743 1690 889 1735 certe
922 1693 1025 1731 non
1058 1676 1263 1745 impleri
1290 1674 1725 1745 promissionem,
1757 1688 1861 1726 non

273 1776 537 1846 elanguit;
571 1774 704 1827 dixit
734 1773 876 1829 enim
912 1789 925 1824 :
962 1769 1073 1824 Tibi
1096 1767 1225 1822 dabo
1248 1778 1433 1821 terram
1450 1765 1600 1831 hanc,
1621 1773 1665 1819 et
1686 1764 1867 1818 semini

268 1882 347 1925 tuo
376 1868 529 1938 (Gen.
566 1866 653 1922 l2.
677 1866 754 1935 7).
782 1863 925 1917 Vidit
957 1861 1123 1916 [ilium
1163 1860 1271 1913 illic
1298 1857 1653 1922 habitantem,
1684 1865 1738 1910 et
1768 1868 1866 1909 ne-

267 1978 357 2031 pos
386 1976 574 2016 rursus
599 1974 659 2015 se
690 1958 819 2013 vidit
847 1956 1173 2010 habitantem
1222 1952 1273 2005 in
1305 1950 1502 2016 aliena,
1536 1957 1589 2003 et
1643 1962 1749 2002 non
1782 1944 1865 2003 est

267 2055 530 2107 turbatus.
571 2038 705 2107 Nam
742 2047 884 2121 quod
912 2046 978 2102 ad
1005 2042 1279 2101 Abraham
1313 2040 1530 2112 quidem
1560 2040 1775 2104 attinet,
1809 2037 1862 2093 id

267 2146 357 2201 fuit
399 2147 533 2198 satis
575 2152 1020 2205 consentancmn,
1064 2145 1250 2207 utpote
1289 2133 1431 2204 quod
1464 2130 1749 2201 promissio
1778 2129 1846 2184 ad

266 2238 506 2290 ell'ecutm
541 2242 726 2304 postea
769 2239 915 2287 esset
961 2225 1279 2284 deducenda
1311 2225 1363 2278 in
1404 2236 1604 2293 genere
1650 2220 1857 2291 ipsius;

272 2331 595 2389 quamquam
636 2319 734 2389 ipsi
781 2332 995 2389 quoque
1042 2317 1242 2371 dictum
1288 2322 1392 2380 est,
1437 2313 1553 2367 Tibi
1598 2326 1643 2369 et
1681 2309 1866 2369 semini

276 2420 355 2464 tuo
385 2428 404 2465 :
430 2426 560 2484 nn,
595 2411 698 2465 Per
727 2426 911 2465 semen
945 2419 1091 2463 tmun
1125 2406 1240 2470 tibi,
1273 2404 1390 2470 sed,
1438 2403 1555 2459 Tibi
1589 2414 1637 2457 et
1682 2398 1869 2454 semini

277 2514 357 2557 tuo
385 2520 405 2558 :
433 2513 486 2560 et
515 2519 617 2559 nec
656 2502 792 2573 ipse.
842 2517 942 2557 nec
984 2499 1150 2563 lsaac,
1200 2513 1299 2554 nec
1327 2494 1494 2552 Jaeob
1522 2491 1703 2563 adepti
1743 2499 1870 2546 sunt

279 2597 709 2666 promissionem.
763 2590 899 2650 Nam
950 2594 1038 2649 hic
1082 2591 1299 2662 quidem
1355 2586 1607 2644 mercede
1661 2581 1867 2644 serviit,

278 2690 407 2745 alios
437 2704 569 2747 vero
598 2700 679 2744 est
704 2688 978 2758 expulsus,
1012 2686 1149 2741 alius
1177 2698 1305 2738 vero
1343 2680 1505 2736 etiam
1548 2677 1743 2733 timens
1772 2689 1871 2728 ex-

278 2782 442 2847 cidit;
472 2793 527 2838 et
556 2781 659 2836 alia
692 2782 908 2852 quidem
939 2778 1085 2835 bello
1128 2778 1291 2847 cepit,
1321 2774 1424 2829 alia
1454 2779 1633 2827 autem
1678 2766 1873 2839 periis-

279 2873 555 2939 sent,'nisi
599 2872 693 2928 Dei
728 2872 829 2942 ipsi
874 2870 1136 2927 adfuisset
1166 2866 1421 2923 auxilium
1451 2862 1549 2938 (a).
1580 2862 1875 2932 Propterea

280 2967 404 3022 dicit
436 2985 449 3021 :
483 2966 613 3020 Cum
643 2964 913 3020 heredibus
936 2961 1161 3032 ejusdem
1193 2956 1564 3031 promissionis.
1592 2953 1709 3009 Non
1736 2952 1874 3021 ipse,

283 3062 471 3131 inquit,
516 3060 686 3125 solus,
720 3058 813 3115 sed
854 3058 1016 3113 etiam
1049 3057 1165 3126 ejus
1196 3052 1443 3109 heredes.
1489 3046 1696 3105 Deinde
1732 3043 1875 3100 aliud

282 3169 345 3208 es
373 3152 537 3209 dictis
576 3152 773 3208 clarius
810 3150 1073 3213 enuntiat,
1120 3148 1307 3203 dicens
1337 3162 1349 3198 :
1380 3144 1544 3198 Juxta
1584 3141 1738 3210 fidem
1786 3137 1876 3193 de-

284 3247 437 3314 functi
481 3254 602 3302 sunt
645 3262 817 3300 omnes
859 3244 946 3299 isti
992 3260 1094 3297 non
1139 3240 1361 3310 acceptis
1404 3233 1881 3307 repromissionibus

286 3337 431 3412 (Ceu.
453 3339 539 3394 12.
565 3338 875 3409 l3).0per:e
898 3337 1127 3407 pretium
1138 3347 1222 3391 est
1239 3332 1325 3389 lsic
1345 3332 1451 3386 duo
1472 3339 1883 3400 qumrere,quo—

287 3432 443 3487 modo
479 3447 605 3487 eum
645 3430 841 3485 dixerit
866 3428 1008 3501 quod
1043 3426 1313 3483 transtulit
1340 3421 1549 3488 Enoeh,
1579 3430 1639 3476 ut
1668 3434 1774 3475 non
1804 3417 1885 3473 vi-

285 3524 433 3579 deret
481 3532 736 3587 mOrtem,
778 3532 832 3577 et
886 3536 992 3576 non
1047 3517 1442 3582 inveniebatur,
1500 3514 1633 3570 dicit
1671 3510 1880 3567 :Juxta

284 3618 432 3686 ﬁdem
475 3617 704 3687 defuncti
745 3626 865 3671 sunt
894 3630 1067 3669 omnes
1096 3612 1199 3668 isti.
1230 3612 1300 3667 Et
1329 3624 1537 3673 rursus,
1567 3622 1689 3663 eum
1729 3604 1880 3661 dixe-

288 3711 375 3773 rit,
408 3709 534 3765 Non
564 3709 784 3778 acceptis
816 3705 1257 3780 promissionibus,
1300 3702 1430 3760 dicit
1457 3701 1569 3756 Noe
1610 3697 1884 3768 accepisse

288 3803 593 3859 mercedem
625 3800 851 3856 salutem
877 3799 1070 3854 domus
1098 3812 1232 3861 sum,
1263 3808 1316 3852 et
1347 3794 1530 3850 Enoch
1560 3806 1681 3848 esse
1712 3800 1886 3844 trans-

289 3895 472 3961 latum,
510 3905 567 3950 et
608 3893 741 3950 Abel
785 3892 963 3947 adhuc
1001 3891 1166 3961 loqui,
1211 3899 1266 3944 et
1296 3885 1564 3944 Abraham
1600 3883 1879 3953 accepisse

290 3997 508 4053 terram,
564 3996 621 4041 et
660 3985 834 4041 dicit:
868 3983 1031 4045 Juxta
1073 3984 1228 4052 ﬁdem
1274 3980 1504 4052 defuncti
1552 3985 1670 4033 sunt
1713 3992 1886 4031 omnes

288 4082 385 4145 isti,
418 4097 523 4136 non
557 4079 775 4148 acceptis
824 4075 1261 4149 promissionibus.
1300 4071 1441 4141 Quid
1488 4085 1619 4141 ergo
1654 4069 1770 4131 vult
1797 4066 1883 4121 di-

288 4171 448 4227 cere?
467 4170 705 4227 Necesse
730 4175 813 4223 est
836 4167 1065 4237 primum
1092 4165 1326 4229 solvere,
1353 4160 1548 4218 deinde
1566 4157 1884 4216 secundum.

288 4266 445 4324 Juxta
486 4267 645 4337 [idem
688 4264 875 4318 mortui
916 4267 1054 4329 sunt,
1089 4260 1282 4331 inquit,
1325 4274 1497 4312 omnes
1535 4256 1637 4309 isti.
1676 4253 1885 4320 Omnes,

288 4376 392 4416 non
421 4358 676 4431 quoniam
704 4370 895 4411 omnes
940 4364 1063 4409 sunt
1095 4351 1311 4415 mortui,
1358 4349 1453 4406 sed
1498 4347 1752 4417 quoniam
1786 4345 1890 4431 illo

286 4460 511 4523 excepto
524 4464 716 4505 onlnes
734 4448 823 4504 isti
847 4444 1212 4509 suntmortui,
1225 4455 1364 4514 quos
1376 4440 1582 4495 scimus
1598 4448 1719 4490 esse
1733 4422 1883 4487 mor-

292 4554 432 4599 tuos.
452 4541 593 4598 lllntl
614 4540 949 4605 antem,Non
964 4540 1191 4609 acceptis
1214 4527 1770 4605 promissionibus,esl
1787 4540 1882 4581 ve-

288 4652 401 4692 rum
423 4654 436 4691 :
457 4650 570 4691 non
590 4636 689 4688 hoc
704 4631 847 4689 enim
866 4630 1099 4686 futurum
1128 4627 1343 4682 enuntia
1352 4626 1436 4679 bat
1452 4622 1563 4679 Noe
1578 4618 1886 4693 promissio.

355 4729 410 4785 2.
452 4728 603 4797 Quas
633 4733 813 4779 autem
850 4721 982 4777 dicit
1015 4715 1440 4790 promissiones-t
1482 4716 1630 4770 lsaac
1664 4709 1882 4782 quidem

289 4832 337 4876 et
362 4820 535 4877 Jacob
564 4823 885 4886 .tt'Ct‘pet‘lml
913 4822 1067 4868 terra:
1091 4808 1514 4881 promissiones;
1538 4804 1650 4861 Noe
1676 4810 1887 4867 autem,

292 4901 424 4957 Abel
470 4911 528 4955 et
560 4898 749 4954 Enoch
789 4910 1047 4967 quasnam
1092 4900 1416 4962 acceperunt
1459 4887 1894 4960 promissiones‘t

295 5000 397 5052 Aut
420 5008 557 5067 ergo
599 4992 730 5047 dicit
772 4990 841 5046 de
884 4990 968 5045 his
1000 4988 1170 5043 tribus
1204 5005 1217 5040 :
1250 4996 1341 5040 aut
1374 4986 1419 5040 si
1452 4985 1615 5041 etiam
1656 4983 1722 5037 de
1765 4980 1891 5046 illis,

296 5104 399 5143 non
430 5088 681 5144 hocerat
727 5082 1035 5155 promissio,
1084 5080 1228 5152 quod
1269 5079 1404 5135 Abel
1450 5077 1547 5132 fuit
1585 5077 1797 5131 habitus
1841 5075 1893 5129 in

297 5179 689 5241 admiratione,
758 5177 902 5249 quod
962 5176 1151 5230 Enoch
1220 5172 1321 5229 fuit
1374 5171 1684 5238 translatus,
1750 5169 1894 5241 quod

299 5285 553 5331 servatus
602 5272 697 5325 fuit
727 5269 1006 5335 Noe;sed
1056 5268 1172 5323 haec
1220 5265 1436 5338 quidem
1489 5265 1569 5320 eis
1600 5272 1894 5319 evenerunt

303 5376 520 5438 propter
541 5366 819 5428 virtutem,
851 5370 1005 5418 erant
1026 5369 1207 5414 autem
1233 5358 1449 5430 quidam
1478 5365 1667 5429 gustus
1688 5355 1898 5410 futuro-

302 5472 442 5514 rum.
472 5459 620 5513 Deus
657 5455 801 5509 enim
844 5468 965 5508 eum
1001 5451 1207 5506 videret
1233 5451 1300 5506 ab
1330 5450 1487 5504 initio
1513 5462 1685 5520 genus
1706 5447 1899 5502 huma-

304 5567 428 5606 num
458 5564 599 5621 Opus
626 5547 827 5602 habere
854 5556 911 5600 ut
939 5543 1006 5599 ad
1036 5544 1156 5613 ejus
1182 5552 1398 5613 captum
1430 5556 1490 5597 se
1518 5538 1901 5596 accommoda-

304 5653 407 5714 ret,
437 5659 547 5701 non
593 5642 767 5697 solum
815 5639 1012 5703 futura,
1043 5636 1139 5692 sed
1184 5644 1240 5692 et
1282 5650 1403 5701 quia:
1446 5633 1532 5689 hic
1575 5640 1700 5689 sunt
1744 5631 1901 5687 nobis

354 5840 428 5904 (α)
448 5837 539 5892 me
564 5833 734 5898 incipit
754 5828 951 5882 bomilia
967 5839 1108 5887 mn,
1122 5824 1172 5874 in
1196 5822 1374 5876 Codice
1392 5820 1527 5873 Colb.

1050 348 1114 404 IN
1158 345 1369 402 EPIST.
1412 344 1502 399 AD
1542 339 1907 397 "Hm/EOS.
1948 337 2103 392 C.\P.
2150 335 2240 391 XI.
2286 336 2519 393 HOMIL.
2563 333 2755 393 XXIII.

3478 323 3579 380 iiii

1970 458 2183 513 donat:
2221 464 2277 508 nt
2322 451 2467 523 quod
2515 450 2765 505 Christus
2811 445 3027 501 dicebat
3081 440 3365 513 discipulis
3407 456 3420 494 :
3474 439 3578 507 Qui

1969 546 2163 602 dimisit
2205 545 2409 607 domos,
2453 552 2543 596 aut
2577 546 2786 611 fratres,
2834 547 2922 591 aut
2965 552 3185 600 sorores,
3230 543 3319 587 aut
3360 544 3577 603 patrem,

1968 650 2059 693 aut
2086 647 2318 702 matrem,
2348 634 2644 703 centupium
2667 632 2898 701 accipiet,
2928 641 2976 685 et
3003 629 3156 683 vitam
3182 636 3424 681 (meritam
3456 640 3579 695 pos-

1969 731 2149 786 sidebit
2179 727 2395 800 (Matth.
2430 726 2519 781 19.
2560 723 2709 794 29);
2755 730 2810 778 ct
2840 729 3049 785 rursus,
3101 719 3327 787 Quarrite
3368 710 3582 787 regnum

1972 823 2090 888 Dei,
2134 833 2182 876 et
2226 824 2334 875 haec
2377 821 2550 874 omnia
2590 817 2904 888 adjicientur
2940 815 3077 869 vobis
3116 812 3333 883 (Matth.
3365 811 3419 865 6.
3463 810 3581 878 55).

1976 918 2134 972 Vides
2165 916 2279 970 haec
2303 914 2465 970 etiam
2498 914 2547 967 in
2578 920 2730 981 parte
2751 908 3082 965 secessionis
3106 909 3175 962 ab
3196 922 3262 961 eo
3289 920 3410 961 esse
3433 904 3579 968 data,

1976 1027 2042 1065 ne
2080 1005 2485 1079 defatigemur?
2516 1004 2647 1059 Nam
2681 1013 2739 1057 ut
2770 1002 3015 1066 athleta‘,
3048 1000 3212 1055 etiam
3246 997 3463 1069 quando
3489 995 3585 1051 de-

1975 1112 2220 1167 certant,
2265 1102 2513 1156 fruuntur
2557 1097 2773 1168 quidem
2814 1097 3115 1159 curatione,
3155 1092 3252 1148 sed
3300 1107 3406 1146 non
3460 1100 3584 1145 utne

1974 1196 2121 1250 omni
2180 1192 2366 1260 requie
2410 1198 2465 1244 et
2511 1188 2843 1244 relaxatione
2888 1186 3156 1250 fruuntur,
3205 1185 3445 1238 viventes
3485 1182 3585 1236 sub

1973 1290 2110 1357 lege,
2144 1283 2237 1339 sed
2271 1294 2453 1352 postea
2474 1281 2724 1335 fruantur
2750 1280 2998 1334 universa
3031 1295 3044 1331 :
3077 1278 3157 1333 sic
3191 1278 3332 1333 Deus
3370 1290 3584 1346 qumque

1975 1396 2079 1433 non
2129 1378 2219 1432 dat
2254 1375 2341 1430 hic
2389 1384 2446 1428 ut
2507 1373 2675 1427 simus
2716 1372 3003 1443 participes
3049 1369 3224 1425 omnis
3277 1369 3474 1439 quietis
3531 1374 3587 1420 et

1976 1470 2340 1527 relaxationis.
2386 1464 2519 1520 Nam
2566 1464 2653 1518 hic
2694 1467 2855 1520 etiam
2901 1464 2991 1518 dat
3044 1462 3281 1533 quidem,
3321 1470 3379 1517 at
3419 1470 3583 1516 totam

1975 1564 2386 1636 promissionem
2418 1562 2466 1613 in
2505 1557 2743 1614 futurum
2786 1559 3102 1613 reservavit.
3133 1557 3199 1611 Et
3226 1556 3366 1627 quod
3401 1571 3487 1613 res
3513 1556 3584 1610 ita

1976 1659 2066 1724 sit,
2094 1658 2386 1713 declaravit
2422 1659 2503 1712 his
2535 1658 2749 1713 verbis:
2779 1656 2885 1710 Sed
2925 1671 3009 1708 eas
3040 1669 3070 1705 η
3111 1654 3258 1723 longe
3289 1654 3587 1719 aspicientes

1977 1760 2022 1804 et
2070 1750 2369 1804 salutantes.
2422 1751 2516 1806 llic
2571 1750 2856 1821 mysticum
2897 1745 3170 1818 quidpiam
3230 1743 3533 1800 subindieat
3566 1785 3581 1808 ,

1979 1857 2175 1912 nempe
2203 1840 2342 1912 quod
2375 1851 2699 1911 acceperunt
2726 1838 2904 1893 omnia
2946 1855 3064 1907 qua:
3105 1836 3173 1892 de
3229 1835 3420 1891 futuris
3445 1837 3585 1890 dicta

1976 1943 2119 1997 sunt,
2148 1932 2215 1988 de
2238 1932 2651 1999 resurrectione,
2670 1932 2738 1987 de
2762 1946 2927 2001 regno
2948 1930 3227 1994 carlorum,
3250 1927 3318 1982 de
3348 1926 3487 1993 aliis,
3517 1926 3590 1985 de

1977 2026 2169 2096 quibus
2186 2026 2453 2091 Christus,
2487 2042 2611 2082 cum
2659 2016 2915 2090 venisset,
2961 2021 3589 2095 prmdicavitzhasenim

1977 2117 2107 2171 dicit
2137 2117 2546 2187 promissiones.
2588 2118 2695 2172 Aut
2724 2117 2827 2171 hoc
2853 2116 3002 2181 dicit,
3035 2124 3127 2169 aut
3164 2114 3307 2186 quod
3344 2129 3439 2171 eas
3466 2116 3591 2187 qui-

1981 2210 2103 2264 dem
2153 2225 2261 2264 non
2309 2221 2655 2280 acceperunt,
2695 2219 2844 2265 certa
2873 2218 3051 2280 aptent
3104 2207 3173 2263 de
3203 2208 3283 2263 eis
3328 2220 3591 2279 concepta

1982 2301 2173 2357 Inlucia
2229 2312 2617 2368 excesserunt;
2668 2302 2782 2357 sola
2837 2272 3016 2357 auiem
3049 2300 3152 2355 tide
3180 2310 3385 2358 certam
3408 2302 3476 2358 de
3515 2304 3595 2358 eis

1980 2404 2356 2463 conceperuut
2409 2393 2682 2460 ﬁduciam,
2743 2394 2932 2463 procul
2977 2407 3070 2447 eas
3120 2391 3389 2462 videntes,
3422 2395 3596 2466 inquit

1992 2497 2190 2551 nempe
2234 2494 2361 2539 ante
2414 2493 2646 2554 quatuor
2684 2484 3065 2553 generationes
3110 2498 3125 2537 :
3176 2501 3299 2539 nam
3348 2495 3470 2556 post
3519 2494 3597 2539 tot

1982 2574 2357 2644 generationes
2396 2572 2756 2628 ascenderunt
2788 2587 2856 2627 ex
2885 2569 3142 2643 Egypte.
3176 2569 3242 2625 Et
3271 2571 3556 2626 salutantes
3578 2598 3593 2623 ο

1981 2667 2175 2737 inquit,
2202 2675 2249 2719 et
2280 2665 2458 2719 luetati.
2486 2663 2619 2719 Tam
2648 2672 2795 2720 certa
2824 2662 2894 2719 de
2935 2658 3070 2733 ipsis
3098 2671 3218 2717 erat
3246 2662 3331 2718 eis
3360 2677 3589 2732 persua-

1981 2758 2085 2823 sio,
2117 2768 2177 2814 ut
2204 2773 2298 2814 eas
2334 2759 2499 2813 etiam
2529 2757 2832 2812 salutarent
2863 2773 2879 2809 ~:
2911 2769 2941 2810 a
2971 2755 3288 2827 metaphora
3330 2756 3591 2826 navigan-

1984 2853 2114 2907 tium
2144 2853 2295 2918 dicit,
2327 2861 2381 2907 et
2410 2852 2596 2922 procul
2644 2850 2941 2906 videntium
2984 2850 3233 2906 civitates
3272 2865 3407 2922 quas
3453 2849 3597 2904 desi-

1983 2944 2196 3009 derant,
2248 2958 2385 3014 quas
2438 2943 2750 3015 priusquam
2804 2942 2856 2997 in
2909 2943 3054 3017 ipsas
3095 2941 3327 3013 ingressi
3374 2940 3595 3006 fuerint,

1984 3038 2396 3107 compellatiOnc
2414 3046 2600 3106 captas
2620 3036 2720 3090 sibi
2748 3036 3071 3091 attribuunt.
3101 3034 3190 3091 10.
3219 3033 3597 3105 Exspectabam

1985 3132 2140 3195 enim,
2190 3130 2383 3200 inquit,
2432 3130 2767 3202 fundamenta
2812 3131 3079 3184 habentem
3121 3130 3408 3195 civitatem,
3450 3129 3601 3199 cujus

1984 3223 2174 3293 artifex
2195 3232 2240 3277 et
2261 3222 2497 3277 conditor
2524 3220 2689 3276 Deus.
2721 3221 2883 3278 Vides
2906 3222 3048 3294 quod
3077 3222 3229 3287 illud,
3254 3222 3597 3291 Acceperunt,

1985 3326 2067 3371 est
2093 3326 2408 3387 exspectare
2440 3327 2493 3373 et
2528 3316 2595 3371 de
2632 3316 2712 3372 eis
2741 3315 3054 3372 conlidere?
3083 3316 3137 3373 Si
3164 3331 3295 3392 ergo
3326 3315 3601 3371 conlidere

1986 3419 2069 3464 est
2094 3410 2391 3480 accepisse,
2425 3410 2587 3463 nobis
2621 3424 2833 3480 quoque
2863 3408 2988 3465 licet
3018 3408 3287 3479 accipere.
3313 3408 3405 3464 lsti
3428 3408 3599 3476 enim,

1986 3504 2087 3558 etsi
2120 3503 2185 3557 iis
2213 3518 2320 3556 non
2354 3510 2479 3557 sunt
2510 3502 2686 3571 potiti,
2716 3499 2990 3558 desiderio
3021 3511 3198 3556 tamen
3232 3516 3324 3555 eas
3353 3509 3600 3556 contem-

1986 3593 2297 3665 plabantnr.
2340 3592 2451 3648 Cur
2500 3601 2682 3648 autem
2733 3593 2847 3647 haec
2896 3593 3075 3647 ﬁunt?
3115 3591 3184 3649 Ut
3232 3607 3332 3647 nos
3381 3591 3597 3661 pudeat,

1987 3686 2130 3757 quod
2176 3686 2251 3740 illi
2299 3684 2540 3755 quidem,
2574 3699 2697 3739 cum
2733 3684 3182 3753 promitterentur
3226 3699 3347 3753 qua:
3387 3696 3513 3739 sunt
3543 3684 3597 3738 in

1989 3786 2153 3841 terra,
2182 3794 2288 3832 non
2319 3776 2693 3840 attendebant,
2732 3776 2827 3830 sed
2862 3774 3094 3829 futuram
3136 3774 3411 3832 civitatem
3451 3792 3600 3846 qureo

1988 3868 2180 3925 rebant
2211 3886 2224 3922 :
2260 3869 2419 3923 nobis
2449 3878 2629 3922 autem
2673 3868 2812 3921 Deus
2840 3880 3039 3937 susque
3061 3865 3238 3940 deque
3265 3867 3333 3924 de
3362 3883 3599 3938 superna

1989 3962 2226 4033 loquitur
2250 3962 2490 4025 civitate,
2522 3970 2576 4014 et
2617 3974 2735 4014 eam
2773 3973 2895 4028 qua:
2930 3966 3015 4013 est
3041 3957 3129 4015 hie
3159 3961 3475 4030 qu:t.~rimus.
3508 3958 3602 4014 Di-

1989 4055 2066 4111 xit
2108 4056 2186 4110 eis
2220 4075 2232 4109 :
2264 4053 2412 4109 Dabo
2442 4054 2579 4121 vobis
2621 4069 2743 4125 qtae
2784 4053 3001 4109 sunt-in
3035 4054 3273 4123 pra-senti
3300 4070 3318 4107 :
3348 4053 3603 4124 quoniam

1989 4158 2170 4204 autem
2197 4148 2349 4213 vidit,
2395 4148 2478 4203 vel
2514 4147 2693 4217 potius
2721 4146 2981 4217 quoniam
3010 4150 3222 4218 seipsos
3251 4146 3607 4203 ostenderunt

1990 4241 2181 4313 dignos
2226 4256 2348 4296 esse
2391 4240 2711 4311 majoribus,
2761 4251 2887 4297 tunc
2930 4257 3038 4297 non
3071 4241 3304 4313 amplius
3333 4241 3461 4296 sinit
3488 4240 3607 4295 hzrc

1990 4331 2256 4402 accipere.
2301 4330 2398 4387 sed
2447 4332 2539 4388 illa
2586 4333 2832 4402 majora;
2889 4333 3081 4388 volens
3120 4333 3277 4387 nobis
3317 4331 3607 4387 ostendere

1990 4424 2133 4495 quod
2165 4423 2310 4495 digni
2344 4432 2473 4481 sunt
2496 4425 2815 4496 majoribus,
2854 4434 2911 4479 ut
2936 4424 3028 4495 qui
3060 4423 3334 4480 noluerint
3364 4424 3448 4479 his
3490 4425 3609 4479 alli-

1992 4516 2104 4586 gari
2140 4531 2153 4568 :
2190 4524 2247 4568 ut
2272 4516 2319 4573 si
2350 4518 2472 4587 quis
2500 4517 2823 4588 intelligenti
2853 4516 3204 4587 polliceretur
3226 4516 3476 4587 puerilia,
3500 4532 3608 4573 non

1992 4616 2053 4662 ut
2100 4606 2349 4681 accipiat,
2400 4609 2498 4665 sed
2529 4610 2649 4679 ejus
2695 4611 2994 4666 ostendens
3042 4609 3466 4680 philosophiam,
3520 4610 3610 4665 iilo

1997 4712 2213 4770 petente
2244 4702 2471 4773 majora.
2506 4702 2619 4758 lloe
2644 4703 2789 4759 enim
2818 4714 2899 4759 est
2926 4703 3266 4760 ostendentis
3294 4705 3435 4775 quod
3463 4706 3612 4760 tanto

1996 4794 2178 4850 studio
2204 4793 2550 4849 abstinebant
2578 4810 2608 4849 a
2643 4805 2807 4857 terra,
2838 4806 2895 4850 ut
2928 4811 3029 4851 nec
3064 4812 3184 4866 qua:
3225 4797 3495 4853 dabantur
3523 4813 3614 4853 ac-

1998 4890 2265 4959 ciperent.
2319 4889 2614 4959 Propterea
2664 4904 2796 4961 ergo
2854 4890 3129 4962 accipiunt
3184 4901 3452 4961 nepotes;
3511 4893 3612 4962 ipsi

1998 4982 2143 5036 enim
2174 4991 2323 5037 erant
2364 4981 2511 5052 digni
2538 4993 2702 5037 terra.
2730 4983 2867 5051 Quid
2896 4994 2980 5040 est
3012 4994 3217 5052 autem,
3253 4986 3615 5043 Fundamenta

2001 5075 2263 5130 habentem
2292 5076 2589 5129 civitatem?
2617 5075 2731 5132 hcce
2762 5077 2905 5133 enim
2934 5093 3039 5132 non
3064 5088 3191 5137 sunt
3222 5078 3616 5135 fundamenta?

2001 5169 2116 5224 Non
2160 5178 2283 5223 sunt
2326 5170 2371 5223 si
2414 5170 2759 5225 conterantur
2806 5186 2927 5226 cum
2962 5172 3086 5228 illis.
3135 5172 3296 5244 Cujus
3337 5173 3525 5243 artifex
3558 5186 3605 5227 et

2002 5262 2235 5317 conditor
2263 5273 2333 5316 est
2387 5261 2542 5316 Deus.
2589 5263 2765 5333 Papm,
2805 5266 2963 5334 quale
3000 5274 3084 5322 est
3127 5267 3431 5322 encomiutn
3475 5266 3618 5322 illius

2003 5352 2272 5409 civitatis?
2323 5354 2410 5408 11.
2470 5352 2604 5409 Fide
2666 5365 2713 5409 et
2760 5360 2872 5424 ipsa
2917 5354 3072 5412 Sora.
3118 5359 3257 5427 Apte
3307 5356 3396 5412 hic
3452 5358 3618 5425 cmpit

2004 5444 2069 5500 ad
2128 5443 2387 5515 pudorem
2450 5445 2912 5513 suil‘nmlendnm,
2960 5447 3225 5517 siquidem
3271 5452 3620 5518 apparuerint

2000 5538 2162 5593 animi
2217 5538 2389 5609 magis
2452 5536 2628 5608 pusilli
2669 5546 2723 5591 et
2767 5534 2961 5604 abjecti
3016 5550 3177 5606 quam
3224 5537 3434 5589 mulier.
3493 5535 3602 5591 Sed

2003 5633 2199 5687 dixerit
2243 5628 2845 5702 quispiaanuomodo
2881 5629 3051 5684 ﬁdelis
3087 5646 3205 5699 quae
3238 5630 3395 5685 risit?
3441 5631 3601 5686 llisus

2001 5726 2217 5796 quidem
2267 5736 2416 5781 certe
2460 5735 2542 5780 est
2585 5740 2650 5779 ex
2700 5722 3094 5789 incredulitate,
3139 5732 3312 5777 metus
3360 5732 3536 5777 autem
3570 5739 3599 5776 a

2004 5818 2107 5875 tlde
2138 5836 2149 5873 :
2182 5819 2362 5877 dicere
2388 5819 2554 5889 enim,
2584 5816 2705 5872 Non
2734 5817 2823 5872 risi
2854 5815 3008 5889 (Gen.
3040 5814 3126 5873 18.
3155 5817 3264 5887 15),
3297 5815 3493 5873 factum
3516 5830 3601 5871 est
