4122 6338
572 389 669 446 ltiti

572 518 601 555 a
631 499 755 556 ﬁde.
784 496 1066 567 t‘roptcrea
1084 486 1511 563 ergo,esinauita
1532 482 1916 544 incredulitate,
1939 480 2141 547 ingres-

571 605 628 644 sa
668 597 751 644 est
793 586 941 642 ﬁdes.
960 583 1088 653 Fide
1112 592 1160 637 et
1183 583 1293 650 ipsa
1320 580 1452 634 Sara
1479 578 1704 630 virtutem
1742 575 1794 627 in
1819 571 2139 640 conceptione

571 682 773 735 seminis
814 679 1023 748 accepit,
1074 678 1220 730 etiam
1277 682 1457 743 pra'ter
1494 680 1685 739 tempus
1738 666 1899 720 aetatis
1931 664 2136 734 peperit.

571 773 708 840 Quid
755 780 853 835 est,
882 769 943 823 In
986 767 1303 837 conceptione
1346 762 1589 818 seminis?
1614 759 1691 816 Ad
1706 773 1890 815 semen
1907 757 2145 812 retinen-

573 866 698 917 dum
728 880 743 920 :
769 863 834 916 ad
865 857 1253 928 susceptionem
1285 854 1530 909 virtutem
1566 850 1789 920 accepit,
1824 864 1943 917 qum.
1970 856 2143 902 morte

573 956 757 1010 aﬂecla
807 960 943 1015 erat,
973 965 1093 1020 quae
1137 944 1560 1015 sterilis.Duplex
1581 943 1721 998 enim
1743 949 1858 997 erat
1882 938 2139 998 defectus,

576 1061 711 1099 unus
739 1042 951 1113 quidem
974 1056 1039 1095 ex
1063 1048 1333 1108 tempore;
1367 1049 1551 1091 revera
1581 1034 1722 1088 enim
1751 1039 2103 1085 consenuerat
2126 1043 2140 1088 ;

576 1136 707 1189 alter
735 1141 1009 1193 anatura;
1051 1138 1167 1185 erat
1192 1129 1333 1184 enim
1377 1125 1594 1181 sterilis.
1638 1122 1724 1178 η.
1773 1122 1987 1191 I’rapter
2010 1118 2144 1189 quod

576 1230 722 1283 etiam
760 1226 822 1281 ab
847 1242 947 1280 uno
984 1224 1078 1279 orti
1105 1231 1220 1278 sunt
1247 1238 1436 1284 omnes,
1466 1231 1717 1285 tamquam
1755 1216 1922 1271 sidera
1950 1214 2061 1268 ια’ιὶ
2094 1214 2146 1266 ia

577 1320 962 1381 multitudinem,
1001 1326 1047 1371 et
1080 1316 1207 1371 sicut
1235 1330 1387 1367 arena
1429 1327 1539 1382 qua!
1582 1320 1655 1365 est
1697 1308 1764 1363 ad
1809 1324 1949 1363 orant
1995 1306 2148 1359 maris

576 1407 969 1463 innumerabilis.
1002 1406 1216 1474 Propter
1241 1407 1390 1475 quod,
1423 1402 1607 1471 inquit,
1637 1401 1785 1455 etiam
1821 1415 1883 1453 ea:
1910 1414 2011 1451 uno
2048 1394 2146 1450 orti

575 1508 689 1553 sunt
714 1514 904 1553 omnes.
932 1496 1043 1552 Non
1073 1496 1200 1549 dicit.
1224 1494 1395 1551 solum
1426 1506 1543 1548 eam
1578 1492 1826 1563 genuisse
1854 1532 1868 1555 ,
1902 1486 2007 1543 sed.
2040 1496 2146 1541 tam

577 1590 864 1642 multorum
896 1586 1055 1640 fuisse
1094 1596 1337 1649 matrem,
1387 1594 1514 1654 quot
1544 1598 1644 1638 nec
1686 1580 1917 1638 facundi
1958 1580 2093 1634 uteri
2132 1596 2145 1634 :

580 1680 855 1747 Tamquam
881 1678 1046 1732 sidera
1076 1676 1224 1750 (Gen.
1256 1678 1342 1732 15.
1369 1674 1695 1747 16),ηἰη‹ιιιίῑ.
1719 1673 1999 1743 Quomodo
2020 1686 2148 1743 ergo

577 1786 670 1826 eos
700 1786 844 1842 saepe
870 1780 1132 1834 numerat,
1179 1769 1386 1824 etiamsi
1429 1767 1619 1822 dixerit
1650 1786 1663 1820 :
1692 1765 2146 1835 Quemadmodum

581 1879 686 1917 non
719 1862 1139 1917 numerabuntur
1178 1860 1350 1914 sidera
1391 1861 1507 1914 ca'li
1537 1876 1551 1913 :
1583 1860 1651 1917 ita
1702 1873 1800 1912 nec
1841 1872 2023 1912 semen
2065 1870 2151 1909 ve-

580 1953 771 2006 strum.
802 1953 909 2006 Aut
938 1950 1066 2005 dicit
1094 1966 1188 2018 per
1211 1949 1558 2021 hyperbolen,
1588 1958 1679 2003 aut
1710 1958 1925 2019 prapter
1947 1962 2040 2003 eos
2061 1948 2149 2017 qui

576 2057 789 2111 semper
802 2041 899 2096 sibi
911 2039 1392 2096 succedmtt.Uuius
1407 2041 1600 2110 quippe
1615 2040 1805 2094 domus
1818 2037 2047 2108 majores
2060 2052 2153 2092 nu-

578 2135 770 2187 morari
789 2133 1181 2203 possunt,verbi
1202 2133 1367 2201 gratia
1388 2130 1544 2201 hujus
1562 2132 1644 2187 vel
1666 2131 1825 2198 illius;
1848 2130 1933 2187 hic
1948 2140 2146 2197 autem,

585 2224 671 2277 ubi
700 2238 866 2293 genus
887 2222 1009 2278 illttd
1038 2237 1260 2279 numero
1288 2223 1456 2278 stellis
1481 2232 1839 2293 comparatur,
1871 2237 1975 2277 non
2002 2224 2147 2278 item.

646 2314 698 2368 5.
732 2313 887 2369 Tales
909 2319 1037 2369 “sunt
1083 2314 1173 2369 Dei
1218 2314 1660 2385 pollicitationes,
1694 2324 1797 2370 tam
1826 2316 2072 2384 expedita
2099 2325 2156 2371 et

579 2414 683 2458 tam
710 2403 774 2457 ad
808 2405 1097 2473 parandum
1127 2405 1297 2460 facilia
1327 2419 1447 2461 sunt
1473 2407 1561 2463 Dei
1582 2408 1859 2475 promissa.
1890 2407 1945 2461 Si
1976 2414 2152 2462 autem

500 2521 515 2540 κ
577 2510 695 2563 qua:
713 2494 1052 2551 additamenti
1070 2497 1186 2551 loco
1206 2498 1465 2567 promisit,
1492 2507 1616 2551 sunt
1642 2496 1778 2552 adeo
1796 2496 2151 2565 admirabilia,

576 2584 992 2655 adeomagniiica
1019 2597 1073 2641 et
1088 2588 1381 2657 splendida,
1400 2588 1695 2659 cujusmodi
1721 2599 1875 2644 erunt
1901 2589 2007 2655 illa,
2029 2591 2155 2660 qui-

580 2676 676 2729 bus
706 2676 820 2733 haec
848 2687 971 2734 sunt
1015 2679 1369 2735 additamenta
1408 2695 1474 2736 ex
1513 2679 2155 2753 superabttndantia.(a)?

564 2757 701 2822 Quid
722 2771 849 2826 ergo
871 2759 1076 2816 beatius
1094 2772 1177 2817 est
1207 2763 1270 2818 iis
1298 2765 1388 2834 qui
1418 2779 1770 2837 assequuntur
1786 2772 1811 2823 τ
1834 2770 1959 2841 quid
1982 2770 2052 2827 mi
2061 2787 2121 2829 se

562 2848 673 2902 rius
690 2849 753 2903 iis
768 2849 854 2920 qui
876 2866 983 2905 non
1003 2864 1355 2924 assequuntur
1370 2855 1461 2913 ?Si
1478 2858 1617 2913 enim
1648 2860 1765 2929 ejus
1783 2863 1869 2931 qui
1886 2871 1969 2916 est
1991 2876 2023 2918 e
2045 2878 2142 2932 pa-

565 2939 663 2993 tria
692 2941 893 3009 ejectus
905 2956 1092 2999 omnes
1110 2945 1446 3014 miserentur,
1466 2960 1519 3003 et
1546 2950 1635 3019 qui
1662 2950 1840 3006 amisit
1866 2952 2138 3008 heredita-

564 3039 673 3086 tem
703 3031 912 3088 videtur
929 3036 1175 3091 omnibus
1198 3038 1512 3094 miserabilis
1534 3042 1654 3112 :qui
1675 3056 1703 3095 a
1725 3042 1857 3097 etclo
1873 3044 2138 3101 esciditet

562 3138 594 3177 a
623 3124 773 3179 bonis
797 3141 915 3195 quae
943 3127 1051 3182 illic
1075 3139 1197 3184 sunt
1225 3131 1452 3201 reposita
1482 3174 1496 3197 ,
1533 3149 1689 3203 quam
1721 3136 1900 3191 multis
1933 3136 2127 3204 plorari

560 3213 722 3271 debet
745 3215 1034 3288 Iacrymis?
1063 3220 1170 3275 imo
1190 3235 1319 3277 vero
1347 3237 1445 3278 nec
1472 3224 1668 3294 plorari
1689 3242 1704 3291 ;
1729 3225 1972 3295 ploratur
1992 3227 2134 3282 enim

559 3305 821 3375 quispiam
850 3309 1063 3378 quando
1092 3311 1293 3382 aliquid
1321 3312 1371 3367 ei
1399 3314 1675 3382 acciderit,
1704 3316 1857 3387 cujus
1886 3318 2001 3387 ipse
2026 3334 2135 3373 non

558 3406 641 3451 est
667 3413 824 3453 causa
847 3416 862 3464 ;
892 3401 1107 3469 quando
1130 3412 1309 3458 autem
1336 3403 1503 3460 libero
1530 3420 1627 3460 suo
1650 3408 1873 3463 arbitrio
1896 3409 2130 3477 scipsum

561 3488 693 3541 vitio
714 3489 975 3558 quispiam
1006 3490 1290 3555 dediderit.
1324 3508 1429 3549 non
1456 3494 1731 3566 lacrymis,
1755 3496 1849 3553 sed
1881 3500 2132 3554 lamenta-

557 3578 791 3634 tionibus
820 3590 980 3651 atque
1006 3582 1153 3637 luctu
1182 3592 1307 3639 tunc
1331 3585 1435 3640 crit
1470 3585 1683 3657 dignus.
1710 3586 1841 3642 Nam
1875 3589 2134 3646 Dominus

556 3685 766 3740 quoque
792 3679 972 3726 noster
997 3670 1153 3727 Jesus
1180 3672 1424 3729 Christus
1457 3674 1773 3745 Jerusalem,
1800 3679 1923 3735 licet
1968 3661 2145 3750 impie-

555 3776 615 3817 se
638 3774 910 3833 gerentem
933 3805 946 3829 ,
976 3764 1112 3820 luxit
1137 3774 1192 3821 et
1219 3766 1386 3823 ﬂevit.

628 3853 1027 3926 Quot'lacrgmt's
1052 3856 1209 3927 digna
1233 3858 1519 3927 futurorum
1549 3854 1793 3916 bonoeitm
1822 3862 2135 3917 amissio.—

555 3943 1036 4002 lnuumerabilibus
1082 3958 1265 4003 revera
1306 3949 1620 4020 ejulatihus,
1653 3953 2131 4009 innumerabilibus

553 4036 1024 4092 lamentationibus
1070 4036 1214 4109 digni
1263 4052 1469 4096 sumus.
1522 4042 1578 4098 Si
1639 4043 1920 4099 universus
1978 4045 2129 4101 orbis

554 4135 730 4191 terrai,
760 4137 814 4182 et
841 4127 1065 4197 lapides,
1093 4140 1146 4185 et
1177 4130 1318 4201 ligna
1337 4173 1351 4197 ,
1383 4142 1439 4187 et
1474 4133 1691 4189 arbores
1714 4176 1731 4201 ,
1769 4145 1823 4189 ct
1867 4134 1996 4190 ferte
2019 4176 2035 4203 ,
2078 4146 2133 4192 et

552 4232 699 4281 aves,
726 4227 797 4282 et,
826 4228 883 4273 ut
909 4221 1079 4276 semel
1109 4220 1305 4284 dicam,
1336 4232 1475 4278 totus
1496 4226 1642 4280 orbis
1667 4235 1843 4291 terrm,
1874 4241 2006 4282 voce
2034 4242 2129 4282 ac-

551 4319 704 4380 cepta
744 4324 840 4364 nos
863 4309 1058 4367 deﬂeat
1102 4314 1193 4383 qui
1224 4330 1255 4368 a
1285 4316 1440 4371 bonis
1467 4317 1571 4373 illis
1599 4318 1895 4374 excidimus
1915 4361 1932 4387 ,
1961 4320 2128 4387 nihil,

552 4410 606 4453 ut
638 4416 732 4470 par
766 4411 849 4456 est
872 4444 886 4465 ,
915 4402 1135 4459 deﬂebit
1176 4406 1262 4460 vel
1303 4406 1703 4464 lamentahitur.
1748 4409 1877 4464 Nam
1901 4427 2019 4481 qum
2044 4412 2128 4465 di-

551 4491 703 4544 cendi
751 4491 1009 4560 facultas,
1058 4510 1178 4565 quae
1217 4495 1568 4565 intelligentia
1613 4500 1815 4569 poterit
1861 4502 2130 4568 explicare

550 4580 693 4636 illam
735 4584 1116 4641 beatitudinem
1156 4597 1212 4643 et
1240 4587 1487 4645 virtutem
1534 4591 1677 4647 illam
1701 4634 1717 4657 ,
1756 4592 2087 4663 voluptatem
2111 4634 2127 4659 ,

549 4674 795 4741 gloriam,
828 4676 1089 4743 laetitiam,
1115 4679 1481 4749 splendorem.
1514 4682 1640 4749 Quae
1659 4685 1834 4739 oculus
1856 4702 1953 4740 non
1982 4686 2127 4750 vidit,

551 4764 748 4834 inquit,
779 4781 891 4836 qua
932 4770 1073 4822 auris
1108 4785 1209 4823 non
1249 4771 1440 4825 audivit
1463 4812 1478 4837 ,
1515 4782 1561 4825 et
1589 4772 1642 4825 in
1672 4788 1757 4827 cor
1784 4776 2001 4831 hominis
2028 4792 2129 4830 non

548 4858 903 4924 ascenderunt,
932 4874 1047 4929 quat
1073 4862 1376 4931 prtcparauit
1400 4862 1535 4918 Deus
1563 4864 1626 4919 iis
1653 4866 1740 4935 qui
1767 4864 1987 4937 diligunt
2014 4883 2127 4921 eum

550 4946 629 5016 (l.
657 4946 777 5003 Cor.
804 4948 859 5003 Ξ.
893 4949 947 5021 9)
969 4950 995 5004 'l
1024 4950 1137 5006 Non
1164 4951 1299 5008 dixit
1324 4952 1499 5009 solum
1524 4968 1883 5027 exsuperare,
1913 4958 2005 5014 sed
2028 4972 2128 5014 nec

546 5039 714 5093 ulhun
747 5056 996 5109 umquam
1035 5043 1365 5102 intellexisse
1390 5061 1510 5117 qua:
1536 5047 1675 5104 Deus
1705 5054 1913 5118 paravit
1942 5050 2009 5106 iis
2032 5052 2125 5122 qui

548 5129 722 5199 ipsum
744 5130 988 5203 diligunt.
1021 5131 1330 5205 Cujusmodi
1366 5137 1508 5192 enim
1541 5138 1678 5193 bona
1706 5150 2123 5197 consentaneum

548 5232 633 5277 est
659 5236 777 5278 esse
800 5239 864 5280 ca
895 5240 1013 5296 quae
1040 5226 1182 5283 Deus
1222 5239 1490 5299 prmparat
1534 5239 1591 5285 et
1621 5231 1874 5287 instruit?
1897 5232 1953 5288 Si
1982 5233 2126 5289 enim

547 5325 669 5365 cum
697 5328 797 5368 nos
828 5314 1058 5383 fecisset,
1091 5317 1272 5373 statim
1304 5319 1449 5374 nulla
1477 5336 1537 5377 re
1562 5321 1737 5378 adhuc
1774 5327 1819 5377 a‘
1847 5322 2002 5380 nobis
2026 5339 2122 5395 pe-

550 5412 717 5467 racta,
754 5414 896 5460 tanta
925 5416 1008 5486 est
1037 5409 1273 5482 largitus,
1300 5412 1631 5483 paradisum,
1661 5430 1781 5470 cum
1810 5417 1925 5486 ipso
1951 5418 2121 5472 collo-

552 5486 904 5555 quutionem,
965 5484 1417 5545 immortalitatem
1463 5498 1548 5545 est
1607 5484 1915 5561 pollicitus,
1962 5499 2128 5551 vitam

554 5575 763 5630 beatam
793 5586 846 5633 et
872 5590 902 5631 a
938 5576 1082 5632 curis
1122 5576 1341 5633 liberam
1372 5597 1385 5633 :
1416 5581 1480 5635 iis
1518 5582 1607 5651 qui
1641 5593 1746 5637 tam
1787 5586 1949 5639 multa
1982 5584 2124 5643 fece-

648 5804 721 5864 (a)
741 5803 831 5855 Hic
853 5805 1030 5858 desinit
1050 5808 1242 5860 homilia
1268 5811 1498 5863 vicesima
1522 5813 1666 5865 tertia
1694 5814 1737 5861 in
1762 5814 1937 5867 (tt-live
1961 5818 2092 5875 Colit.

1303 379 1359 439 S.
1398 372 1671 457 miliile
1709 362 2181 425 CllRYSOSTOiII
2247 358 2559 420 ARClllEP.
2601 353 3131 418 CONSTANTINOP.

3738 352 3839 409 164

2251 488 2374 536 rttnt
2398 477 2531 551 ,qui
2554 476 2690 534 adeo
2714 486 2930 533 strenue
2951 475 3302 530 dcccrtarunt
3327 477 3379 526 et
3401 483 3498 542 pro
3524 464 3644 540 ipso
3670 467 3834 521 susti-

2251 580 2503 639 nuerunt,
2527 571 2650 642 quid
2676 586 2779 624 non
2821 568 3082 624 donabit?
3111 563 3396 635 Uuigeuito
3424 576 3522 633 pro
3548 560 3705 615 nobis
3732 574 3836 615 non

2252 665 2514 735 pepercit,
2542 676 2858 734 germanum
2885 674 2948 714 ac
2975 658 3251 729 proprium
3281 654 3474 710 Filium
3499 664 3721 724 propter
3741 665 3838 706 nos

2252 757 2316 811 ad
2349 764 2576 810 mortem
2607 752 2794 808 dedit:
2823 752 2866 805 si
2901 764 2999 805 nos
3026 764 3147 804 cum
3192 746 3395 803 inimici
3423 760 3687 807 essemus,
3721 744 3837 797 tali-

2252 849 2351 901 bus
2374 846 2618 916 dignatus
2641 854 2724 899 cst
2766 843 2941 905 bonis,
2969 856 3202 913 quonam
3252 854 3350 895 nos
3394 853 3501 893 non
3532 836 3837 908 dignabitur

2252 937 2339 1007 qui
2376 935 2496 990 facti
2541 950 2727 991 sumus
2776 932 2979 987 amici?
3010 945 3255 1002 quantam
3302 944 3409 985 non
3456 926 3834 1005 impprtletur,

2251 1043 2373 1083 cum
2415 1042 2515 1083 nos
2557 1026 2655 1082 sibi
2707 1023 3108 1082 reconciliartt?
3166 1024 3260 1079 Est
3297 1037 3455 1095 supra
3494 1019 3709 1075 modum
3758 1018 3839 1075 di-

2250 1136 2366 1189 ves,
2398 1129 2453 1177 et
2492 1120 2762 1176 desiderat
2802 1127 2857 1174 et
2885 1116 3063 1174 studet
3110 1125 3346 1171 nostram
3390 1114 3601 1186 assequi
3647 1112 3833 1169 amici-

2250 1216 2382 1271 tiam
2411 1231 2423 1265 :
2455 1228 2553 1269 nos
2583 1223 2761 1269 autem
2792 1227 2860 1267 ne
2887 1212 2969 1268 vel
3004 1210 3271 1267 tantillum
3303 1210 3583 1266 studemus
3606 1252 3620 1277 ,
3648 1226 3681 1264 ο
3700 1209 3838 1264 dile-

2254 1314 2325 1367 cti
2356 1332 2368 1369 :
2404 1310 2525 1382 quid
2559 1309 2679 1364 dico
2703 1351 2717 1373 ,
2751 1323 2857 1364 non
2888 1307 3211 1363 studemus?
3259 1307 3513 1362 nolumus
3540 1307 3695 1376 plane
3721 1303 3836 1374 ejus

2256 1403 2392 1458 bona
2419 1400 2627 1471 assequi
2654 1442 2669 1465 ,
2714 1412 2773 1454 ιιι
2798 1399 2909 1454 vult
2960 1402 3096 1470 ipse.
3128 1397 3281 1466 Quod
3324 1406 3501 1453 autem
3544 1395 3832 1450 admodum

2250 1495 2380 1550 velit
2429 1493 2477 1548 id
2523 1492 2663 1563 quod
2712 1491 2840 1546 fecit
2882 1492 3132 1547 ostendit.
3182 1492 3314 1546 Nam
3365 1506 3464 1545 nos
3502 1489 3717 1561 quidem
3742 1502 3837 1558 pro

2250 1588 2405 1641 nobis
2451 1585 2579 1657 ipsis
2626 1584 2711 1638 vix
2758 1598 2943 1654 parum
2981 1585 3095 1639 auri
3143 1582 3504 1654 despicimus;
3562 1582 3675 1651 ipse
3728 1595 3824 1635 au—

2269 1686 2375 1733 tem
2407 1692 2502 1746 pro
2528 1676 2680 1731 nobis
2703 1676 2863 1729 etiam
2907 1689 3065 1729 suum
3094 1674 3240 1728 dedit
3283 1673 3498 1729 Filium.
3528 1672 3754 1729 Utamur
3782 1679 3838 1727 ttt

2254 1777 2463 1836 Oportet
2491 1767 2583 1823 Dei
2623 1766 2910 1822 dilectione
2936 1807 2950 1829 .
2986 1766 3227 1821 fruamur
3254 1764 3370 1835 ejus
3414 1764 3649 1829 amicitia
3680 1779 3694 1816 :
3738 1761 3836 1818 Vos

2257 1858 2422 1923 enim,
2454 1857 2618 1928 inquit
2640 1898 2657 1923 ,
2684 1858 2831 1910 amici
2856 1858 2953 1911 mei
2978 1856 3115 1914 estis.
3142 1856 3186 1910 si
3210 1856 3414 1927 faciatis
3436 1871 3551 1926 qua
3569 1855 3681 1909 dico
3702 1856 3837 1909 vobis

2249 1949 2430 2019 (Joan.
2462 1950 2547 2005 l5.
2581 1948 2691 2019 14).
2726 1948 2884 2018 Papa:
2908 1989 2924 2015 ,
2951 1947 3197 2002 inimicos
3218 1946 3308 2017 qui
3336 1944 3543 2001 inﬁnito
3567 1946 3741 2016 spatio
3770 1945 3837 1998 ah

2249 2058 2314 2100 eo
2342 2052 2497 2099 erant
2520 2042 2791 2113 disjuncti,
2816 2056 2953 2111 quos
2981 2040 3476 2111 incomparabiliter
3502 2040 3553 2094 in
3586 2039 3837 2093 omnibus

2248 2135 2607 2192 autcaellehat
2629 2177 2643 2198 ,
2677 2144 2733 2189 et
2776 2133 2903 2189 fecit
2936 2141 3001 2188 et
3026 2132 3238 2187 vocavit
3267 2131 3516 2187 amicos?
3544 2130 3682 2198 Quid
3708 2145 3837 2198 ergo

2247 2245 2353 2285 non
2383 2237 2467 2283 est
2503 2243 2532 2282 a
2562 2227 2720 2283 nobis
2747 2227 2996 2281 lubenter
3024 2223 3334 2296 patiendum
3377 2239 3478 2296 pro
3523 2224 3624 2280 hac
3651 2225 3837 2280 amici-

2252 2319 2368 2375 tia?
2418 2320 2487 2373 At
2527 2333 2628 2373 nos
2675 2332 2773 2388 pro
2823 2317 3099 2371 hominum
3144 2303 3379 2371 amicitia
3424 2329 3569 2386 smpe
3598 2314 3834 2386 pericula

2247 2412 2496 2476 adimus;
2522 2424 2619 2481 pro
2657 2409 2752 2465 Dei
2783 2418 2961 2464 autem
2986 2408 3220 2480 amicitia
3269 2423 3395 2489 ncc‘
3416 2409 3675 2478 pecunias
3706 2422 3835 2479 pro-

2244 2501 2532 2557 fundimus.
2563 2500 2766 2555 Revera
2794 2499 2937 2554 luctu
2966 2499 3140 2569 digna:
3163 2509 3286 2554 sunt
3313 2512 3403 2555 res
3424 2507 3645 2565 nostrae,
3670 2499 3819 2554 luctu

2250 2603 2303 2647 ct
2333 2592 2585 2663 Iacrymis
2627 2599 2683 2647 et
2727 2590 3108 2661 ejulationibus
3152 2598 3209 2645 et
3255 2590 3729 2647 lamentationibus
3778 2601 3833 2647 et

2247 2684 2487 2754 planctu.
2518 2683 2559 2739 Α
2588 2696 2685 2754 spe
2706 2689 2888 2738 nostra
2911 2680 3211 2737 excidimus
3233 2724 3248 2747 ,
3278 2695 3307 2736 a
3336 2690 3518 2737 nostra
3546 2680 3832 2739 altitudine

2250 2775 2441 2843 tlejccti
2472 2787 2677 2838 sumus,
2710 2773 2801 2829 Dei
2827 2772 3030 2828 honore
3059 2771 3259 2843 indigni
3304 2773 3647 2843 apparuimus
3670 2814 3686 2838 ,
3733 2773 3833 2827 im-

2242 2881 2505 2922 memores
2528 2876 2584 2921 et
2604 2866 2795 2938 ingrati
2819 2867 3087 2922 evasimus
3116 2874 3171 2921 et
3199 2865 3323 2921 mali
3349 2868 3508 2921 etiam
3531 2876 3653 2938 post
3673 2867 3833 2923 bene-

2242 2958 2379 3019 ficia,
2406 2955 2561 3012 bonis
2579 2957 2828 3012 omnibus
2851 2972 2949 3013 nos
2970 2956 3217 3026 spoliavit
3242 2956 3485 3013 diabolus
3514 2976 3529 3014 :
3554 2958 3644 3028 qui
3689 2957 3832 3031 digni

2246 3043 2514 3097 fueramus
2531 3042 2695 3099 habiti
2728 3053 2785 3099 ut
2805 3058 3046 3099 essemus
3074 3043 3397 3107 filii,fratr.es
3422 3052 3477 3099 et
3502 3042 3822 3107 coheredes.

2239 3130 2306 3185 ab
2335 3132 2452 3202 ejus
2471 3134 2700 3189 inimicis
2727 3134 2859 3189 nihil
2892 3133 3185 3190 diﬂ'erimus
3208 3174 3225 3201 ,
3252 3134 3341 3204 qui
3386 3133 3557 3205 ipsum
3587 3134 3827 3190 afficiunt

2239 3224 2581 3279 contumelia.
2605 3224 2859 3292 Qumnam
2882 3224 2985 3281 erit
3009 3223 3164 3281 nobis
3183 3224 3250 3281 dc
3271 3234 3467 3282 extero
3485 3225 3823 3282 consolatio?

2242 3312 2357 3382 Ipse
2380 3330 2476 3370 nos
2505 3316 2711 3371 vaeavit
2735 3316 2800 3371 ad
2824 3317 3009 3372 ctelum
3034 3334 3049 3381 ;
3080 3332 3178 3372 nos
3220 3317 3466 3389 nosipsos
3490 3316 3825 3374 delrudimus

2243 3404 2293 3458 in
2316 3403 2641 3472 gehennam.
2663 3408 2971 3465 Exsecratio
3016 3419 3071 3465 et
3118 3410 3475 3477 mendacium,
3528 3409 3729 3467 furtum
3768 3422 3824 3467 ct

2240 3493 2555 3551 adulterium
2573 3498 2824 3554 diiiusum
2837 3509 2921 3557 est
2935 3515 3096 3570 super
3108 3511 3301 3558 terram
3318 3522 3333 3557 :
3350 3502 3439 3558 aiii
3468 3501 3683 3574 quidem
3697 3517 3792 3559 san
3803 3532 3823 3543 -

2239 3590 2451 3659 guinem
2479 3592 2705 3661 miscent
2730 3595 3007 3664 sanguine,
3035 3596 3122 3650 alii
3153 3604 3328 3651 autem
3347 3612 3433 3653 res
3462 3606 3654 3668 gemat
3676 3597 3825 3653 dete-

2241 3683 2410 3739 riores
2448 3685 2725 3755 sanguine.
2754 3686 2901 3741 Multi
2929 3702 2998 3742 ex
3042 3686 3107 3741 iis
3136 3687 3225 3758 qui
3258 3688 3446 3757 injuria
3476 3689 3778 3744 afficiuntur
3803 3728 3819 3755 ,

2242 3777 2391 3833 nmlti
2436 3779 2524 3850 qui
2546 3794 2642 3850 per
2657 3782 2935 3836 avaritiam
2958 3781 3339 3838 detrimentum
3363 3782 3658 3852 patiuntur,
3677 3782 3824 3839 mille

2241 3880 2443 3927 mortes
2467 3873 2638 3943 magis
2657 3880 2844 3944 optant
2862 3890 3021 3945 quam
3049 3874 3162 3931 lucc
3186 3875 3315 3946 pati,
3344 3883 3399 3929 et
3424 3874 3522 3930 nisi
3552 3874 3647 3931 Dei
3669 3876 3824 3931 tim-

2239 3976 2353 4018 rem
2406 3964 2558 4019 veriti
2584 3975 2785 4031 essent,
2827 3965 2927 4020 sibi
2967 3976 3192 4021 mortem
3237 3965 3644 4031 conscivissent,
3691 3968 3824 4022 adeo

2239 4054 2462 4125 cupiunt
2482 4066 2708 4111 mortem
2734 4056 2833 4111 sibi
2863 4056 3076 4113 aﬂ'errc.
3097 4058 3288 4112 Annon
3329 4065 3455 4112 sunt
3500 4057 3614 4112 haec
3644 4057 3821 4128 pejora

2240 4147 2527 4218 sanguine?
2577 4146 2678 4203 Hei
2709 4149 2833 4203 mihi
2877 4150 3068 4215 anima,
3091 4148 3508 4205 dicebatdolens
3540 4145 3820 4219 propheta.

2242 4239 2482 4307 periituir
2504 4240 2619 4309 pius
2644 4256 2675 4293 tt
2704 4251 2857 4308 terra,
2873 4251 2923 4295 et
2948 4242 3000 4295 in
3023 4241 3308 4295 hominibus
3332 4257 3433 4295 non
3463 4250 3534 4294 est
3561 4242 3823 4310 qui'faciat

2242 4329 2430 4383 bonum
2453 4329 2639 4401 (Mich.
2667 4332 2720 4386 7.
2741 4330 2820 4401 2).
2846 4331 2995 4386 Nune
3008 4342 3185 4386 autem
3204 4344 3301 4386 nos
3320 4345 3532 4401 quoque
3551 4329 3619 4385 de
3639 4330 3823 4387 nobis-

2245 4418 2377 4487 ipsis
2399 4422 2627 4489 primum
2650 4420 2752 4476 hoc
2772 4422 3142 4476 clamahimus.
3166 4420 3275 4479 Sed
3298 4420 3365 4475 ad
3388 4421 3825 4478 lamentationem

2245 4526 2339 4566 vos
2361 4512 2489 4567 mihi
2518 4512 2653 4570 ferte
2680 4528 2859 4586 opem.
2890 4514 3156 4571 Fortassis
3182 4516 3398 4587 quidam
3426 4516 3825 4583 abominantur,

2239 4614 2295 4659 et
2319 4604 2531 4670 rident;
2574 4616 2792 4677 propter
2840 4607 2943 4663 hoc
2989 4618 3169 4664 autem
3223 4608 3545 4664 intendenda
3598 4618 3684 4665 est
3747 4610 3827 4665 la-

2241 4699 2517 4766 mentatio,
2558 4700 2701 4770 quod
2731 4702 2866 4757 adeo
2895 4702 3119 4756 furimus
3144 4711 3195 4758 et
3227 4701 3523 4773 desipimus
3549 4712 3603 4759 et
3634 4720 3733 4761 nos
3762 4719 3829 4761 ne

2240 4786 2420 4845 furere
2464 4789 2677 4860 quidem
2721 4792 2960 4857 scimus,
3008 4794 3102 4849 sed
3152 4804 3373 4864 prapter
3402 4810 3523 4866 qua:
3549 4806 3829 4866 oporteret

2241 4895 2341 4934 nos
2362 4895 2602 4951 gemere,
2627 4882 2887 4938 ridemus.
2920 4883 3195 4939 Reuetatu'r
3214 4927 3231 4951 ,
3261 4901 3291 4939 ο
3320 4886 3493 4949 homo,
3523 4887 3601 4940 ira
3626 4902 3653 4941 e
3680 4889 3827 4952 atrio.

2239 4990 2391 5042 super
2410 4991 2605 5029 omnem
2626 4975 2932 5046 impietatem
2955 4986 3001 5029 et
3024 4977 3329 5048 injustitiam
3352 4978 3615 5033 hominum
3643 4978 3830 5051 (Rom.

2240 5067 2293 5121 l.
2327 5066 2438 5135 l8).
2473 5065 2607 5121 Deus
2644 5069 2911 5139 manifeste
2931 5070 3109 5123 veniet.
3134 5066 3279 5138 Ignis
3303 5080 3421 5124 ante
3442 5071 3611 5139 ipsum
3640 5088 3824 5143 praete

2239 5156 2356 5221 det,
2384 5168 2431 5210 et
2458 5157 2595 5211 circa
2633 5174 2750 5211 eum
2780 5168 3049 5229 tempestas
3078 5160 3268 5213 ualida.
3301 5158 3448 5230 Ignis
3476 5160 3527 5214 in
3555 5173 3827 5233 conspectu

2238 5250 2348 5319 ejus
2388 5249 2584 5303 ardebit
2620 5258 2669 5304 et
2716 5250 3052 5319 inﬂammabit
3090 5252 3143 5305 in
3186 5251 3400 5305 circuitu
3439 5252 3672 5307 inimicos
3715 5254 3828 5323 ejus

2243 5341 2415 5413 (Psat.
2447 5342 2538 5398 ‘9.
2566 5342 2623 5398 5.
2649 5353 2695 5398 et
2720 5342 2811 5398 96.
2840 5341 2919 5414 3).
2952 5342 3076 5400 Dies
3094 5340 3299 5397 Domini
3320 5354 3576 5414 tamquam
3601 5345 3827 5403 clibanus

2238 5437 2422 5491 ardens
2451 5434 2607 5508 (Hal.
2635 5436 2691 5491 4.
2722 5436 2795 5507 1).
2828 5434 2897 5491 Et
2939 5450 3101 5491 nemo
3132 5436 3245 5491 haec
3291 5447 3472 5493 mente
3493 5438 3701 5509 agitat,
3731 5440 3827 5495 sed

2238 5529 2407 5599 magis
2436 5542 2597 5599 quam
2652 5526 2845 5583 fabula:
2891 5526 3189 5597 despicatui
3242 5527 3510 5583 habentur
3555 5544 3644 5585 res
3687 5529 3825 5587 adeo

2241 5620 2544 5677 horrendae.
2576 5619 2677 5689 Qui
2708 5618 2909 5683 audiat,
2944 5633 3103 5674 nemo
3132 5627 3252 5681 est;
3282 5620 3375 5690 qui
3419 5629 3597 5677 autem
3646 5621 3823 5679 rident

2238 5725 2293 5772 ct
2311 5714 2659 5780 subsannant,
2682 5727 2890 5769 omnes.
2913 5712 3169 5781 Quaenam
3190 5713 3406 5769 dabitur
3422 5716 3580 5773 nobis
3605 5717 3686 5772 via
3717 5733 3820 5788 qua

2244 5824 2344 5868 nos
2406 5808 2790 5882 expediamus?
2828 5808 3104 5866 Uudenam
3178 5810 3508 5866 inveniemus
3557 5805 3823 5866 salutem?
