4122 6338
222 380 327 437 1ϐ5

213 487 497 549 Periimus,
528 475 831 544 consumpti
858 485 1064 534 sumus,
1103 465 1335 525 ludibrio
1362 479 1458 518 nos
1479 461 1675 516 habent
1699 456 1798 510 ini-

211 577 424 644 mici,et
444 588 543 629 nos
563 571 889 627 subsannant
909 571 964 619 et
987 572 1173 633 gentes
1196 569 1250 614 et
1275 557 1562 611 dminones.

295 638 358 726 ιζ
375 669 631 740 Ingentes
649 661 877 734 Spil’llus
898 671 1044 714 nunc
1069 652 1301 722 suscipit
1325 644 1593 740 diabolus,
1611 638 1810 740 gloria-

217 770 317 816 tur
330 769 381 817 et
398 735 715 821 essultat,et
729 749 1181 808 laetaturJ’udore
1195 753 1248 800 et
1265 739 1483 798 tristitia
1503 735 1813 790 aﬂiciuntur

218 852 402 924 angeli
423 851 624 924 quibus
638 862 736 902 nos
754 857 949 902 sumus
959 839 1151 898 crediti
1168 855 1182 892 :
1200 839 1453 892 nemoest
1473 829 1566 901 qui
1584 837 1813 882 conver-

221 917 583 1006 tatitrmiunia
596 949 802 993 temere
820 944 949 990 sunt
966 934 1376 1005 consumpta,et
1387 939 1485 980 nos
1501 920 1656 977 vobis
1666 917 1816 974 vide-

222 1051 356 1091 mur
377 1029 972 1102 nugsri.0pportunum
989 1032 1235 1080 estnunc
1252 1029 1469 1089 quoque
1488 1024 1685 1067 vocare
1701 1021 1816 1064 cte-

223 1122 364 1186 lum,
383 1121 640 1190 quoniam
660 1131 818 1171 nemo
837 1112 1028 1185 estqui
1063 1110 1270 1173 audiat,
1290 1104 1479 1162 testari
1501 1103 1767 1158 elementa
1795 1115 1813 1155 :

218 1213 384 1278 Audi,
404 1210 608 1275 calum,
621 1216 668 1262 et
680 1205 888 1261 auribus
901 1202 1121 1272 percipe,
1139 1210 1294 1264 terra,
1310 1196 1550 1269 quoniam
1565 1192 1816 1248 Dominus

219 1315 301 1360 est
327 1305 559 1375 loquutus
595 1297 750 1369 (Isai.
799 1297 851 1352 1.
878 1295 956 1366 2).
991 1293 1144 1357 Date,
1193 1289 1445 1361 porrigite
1469 1284 1818 1354 manum,qui

223 1397 467 1452 nondum
484 1395 612 1450 estis
637 1391 834 1456 obruti,
851 1389 916 1443 iis
931 1387 1018 1458 qui
1041 1385 1310 1458 perierunt
1337 1383 1406 1436 ab
1433 1381 1710 1444 ebrietate,
1727 1379 1820 1449 qui

222 1489 348 1544 sani
378 1487 507 1543 estis
533 1481 896 1540 laborantibus
923 1520 939 1544 ,
984 1478 1074 1549 qui
1105 1475 1292 1546 sapitis
1339 1471 1640 1529 furentibus
1665 1509 1681 1535 ,
1728 1468 1821 1538 qui

224 1579 388 1636 statis
423 1579 488 1633 iis
522 1577 612 1648 qui
652 1574 1128 1642 circumaguntur:
1162 1579 1352 1631 nemo,
1380 1563 1628 1627 obsecro,
1662 1560 1823 1632 quid-

223 1688 393 1744 quam
433 1670 681 1742 praeferat
709 1665 867 1722 saluti
908 1662 1066 1719 amici
1093 1679 1107 1716 :
1137 1669 1192 1716 et
1217 1658 1520 1730 objurgatio
1547 1665 1602 1711 et
1635 1669 1821 1726 repre-

228 1765 425 1821 hensio
451 1777 616 1817 unum
649 1759 821 1814 solum
869 1764 1102 1826 SpeCIet,
1147 1766 1344 1822 nempe
1371 1752 1490 1818 ejus
1521 1748 1822 1803 utilitatem.

227 1854 458 1926 Quando
479 1852 642 1910 febris
667 1849 881 1914 invasit,
909 1847 1070 1902 etiam
1099 1845 1238 1900 servi
1268 1843 1551 1912 imperium
1575 1841 1827 1895 obtinent

228 1948 287 2002 in
308 1942 715 2002 dominos.Nam
733 1939 946 2012 quando
959 1938 1046 1993 illa
1063 1937 1276 2008 quidem
1297 1944 1448 2006 urget
1463 1933 1694 1988 animam
1708 1947 1832 1987 eon-

231 2037 632 2104 turbans,adest
647 2045 825 2090 autem
845 2047 1032 2103 agmen
1055 2031 1226 2086 manci
1234 2028 1646 2099 piorum,nullus
1659 2027 1830 2098 legem

230 2130 480 2203 agnoscit
495 2128 815 2184 dominicam
845 2126 898 2179 in
917 2125 1114 2180 damno
1126 2121 1350 2177 domini.
1366 2120 1833 2191 Nos,qu:eso,con-

233 2232 508 2279 vertamus
535 2239 547 2275 :
574 2220 709 2275 bella
733 2217 1062 2289 quotidiana,
1087 2212 1508 2280 submersioncs,
1527 2211 1836 2267 innumera-

231 2315 374 2371 biles
403 2311 747 2368 circumcirca
793 2310 1071 2375 interitus,
1103 2315 1159 2362 et
1201 2307 1277 2360 ira
1323 2306 1416 2361 Dei
1456 2320 1555 2361 nos
1600 2305 1837 2376 undique

236 2403 554 2461 circumdat.
576 2402 682 2458 Nos
697 2411 874 2458 autem
904 2414 1090 2455 sumus
1115 2411 1306 2455 omnes
1328 2407 1436 2453 tam
1453 2399 1709 2464 securi,et
1729 2407 1836 2452 tam

241 2506 386 2553 metu
405 2496 582 2560 vacui,
617 2510 775 2564 quam
801 2494 847 2549 si
889 2493 999 2550 Deo
1027 2494 1360 2564 placeremus
1389 2509 1401 2544 :
1431 2506 1619 2548 omnes
1649 2508 1838 2548 manus

241 2602 499 2660 paramus
531 2586 598 2641 ad
627 2586 778 2655 plura
821 2584 1064 2642 habenda
1108 2597 1209 2655 per
1240 2581 1546 2646 avaritiam,
1581 2598 1743 2639 nemo
1771 2583 1838 2637 ad

243 2695 397 2749 opem
427 2677 696 2734 ferendam
711 2691 727 2742 ;
740 2687 931 2732 omnes
943 2674 1010 2732 ad
1027 2690 1289 2747 rapinam,
1314 2690 1470 2730 nemo
1489 2675 1558 2731 ad
1578 2673 1842 2730 defensio-

245 2786 396 2826 nem:
419 2771 785 2839 unusquisque
801 2768 1035 2822 stud'mm
1055 2782 1208 2823 suum
1219 2768 1372 2838 ponit
1391 2766 1662 2838 quomodo
1683 2765 1845 2821 facul-

245 2870 380 2917 tates
397 2875 522 2918 suas
543 2861 729 2915 reddat
742 2859 1052 2928 ampliores,
1069 2874 1224 2915 nemo
1243 2861 1511 2929 quomodo
1535 2876 1692 2932 opem
1708 2861 1846 2918 ferat

242 2967 413 3023 egeno
436 2971 451 3007 :
472 2953 835 3023 unusquisque
858 2961 942 3007 est
969 2951 1122 3006 valde
1146 2951 1403 3008 sollicitus
1427 2953 1695 3020 quomodo
1734 2954 1844 3009 suis

243 3047 405 3102 addat
427 3045 688 3117 pecuniis,
714 3059 872 3101 nemo
893 3045 1163 3115 quomodo
1183 3059 1331 3099 suam
1361 3053 1540 3101 servet
1566 3045 1798 3108 animam
1827 3064 1838 3098 :

245 3156 383 3195 unus
401 3155 591 3195 omnes
623 3147 768 3194 tenet
806 3147 1002 3205 metus,
1021 3137 1099 3194 Ne
1127 3138 1840 3209 simus,inquit,pauperes;

242 3234 310 3274 ne
361 3230 540 3276 autem
573 3222 624 3277 in
654 3225 954 3295 gehennam
1001 3227 1294 3285 incidamus
1315 3272 1329 3296 ,
1361 3246 1521 3287 nemo
1546 3235 1763 3305 angitur
1785 3245 1841 3292 et

241 3311 524 3367 horrescit.
557 3313 680 3370 Haec
699 3317 857 3388 digna
886 3327 1011 3374 sunt
1035 3322 1655 3390 lamentationibus,h:rc
1681 3342 1838 3383 accu-

237 3404 467 3470 Satioue,
493 3405 606 3461 haec
635 3410 1072 3491 reprehensione.
1104 3411 1207 3469 Sed
1231 3415 1348 3470 hinc
1374 3417 1617 3472 nolebam
1634 3417 1838 3488 dicere,

238 3507 426 3548 verum
465 3495 622 3550 dolor
667 3514 754 3553 me
790 3501 936 3570 cogit
969 3519 982 3554 :
1019 3503 1314 3573 ignoscite;
1359 3508 1501 3576 cogit
1541 3523 1626 3563 me
1665 3493 1840 3564 luctus

239 3585 408 3640 mttlta
438 3586 620 3642 dicere
644 3605 762 3659 quce
797 3591 1065 3647 nolebam.
1100 3595 1268 3652 Video
1296 3613 1488 3668 graves
1516 3601 1711 3666 minas,
1744 3615 1838 3657 ca-

244 3677 537 3734 lamitatem
569 3682 653 3736 cui
693 3682 869 3738 afferri
909 3700 1014 3740 non
1063 3699 1236 3756 p0test
1280 3692 1605 3755 consolatio,
1634 3694 1840 3762 majora

243 3783 338 3866 nos
383 3785 715 3842 occuparunt
757 3778 896 3832 mala
931 3794 1090 3848 quam
1133 3792 1190 3834 ut
1231 3785 1399 3852 possit
1430 3783 1655 3840 inveniri
1692 3787 1839 3841 sola-

241 3863 405 3922 tium;
443 3863 720 3930 periimus.
750 3864 876 3931 Quis
906 3869 1042 3922 dabit
1072 3872 1229 3940 capiti
1266 3890 1376 3929 inoo
1404 3892 1609 3943 aquam,
1642 3889 1688 3931 et
1719 3895 1840 3932 ocn-

239 3949 300 4004 lis
331 3953 453 4008 meis
483 3955 674 4024 fontem
703 3959 1048 4028 lacrymarum
1081 3963 1216 4034 (λεν.
1247 3967 1297 4022 9.
1336 3969 1409 4037 1),
1441 3979 1496 4024 ut
1536 3971 1840 4029 lamenter?

240 4041 511 4112 Fleamus,
540 4063 572 4098 o
595 4048 796 4115 dilecti,
831 4051 1074 4120 ﬂeamus,
1104 4057 1535 4127 ingemiscanms.
1569 4063 1704 4118 Sunt
1730 4066 1838 4121 lor-

240 4140 382 4227 tasse
403 4137 619 4204 quidam
649 4142 738 4210 qui
765 4141 951 4198 dicunt
979 4164 991 4199 :
1020 4146 1156 4201 Nihil
1181 4151 1322 4204 aliud
1353 4154 1506 4207 nobis
1526 4156 1655 4210 dicit
1676 4174 1835 4227 quam

239 4223 650 4285 lamentationes
670 4273 685 4300 ,
717 4233 848 4288 nihil
874 4236 1018 4292 aliud
1050 4255 1210 4310 quam
1237 4244 1411 4298 ﬂetus.
1441 4246 1648 4302 Nollem
1673 4223 1834 4313 ξονο-

250 4457 540 4473 ______...—

1005 357 1066 412 IN
1108 353 1325 414 EPIST.
1368 349 1459 406 ΑΙ)
1499 339 1859 402 ΙΙΕΒΠΑΞΟΒ.
1903 335 2056 391 CAP.
2106 335 2194 388 XI.
2243 329 2472 386 unum.
2518 326 2707 384 XXIV.

3407 327 3507 381 ilit’i

1914 445 2024 500 dite
2045 489 2058 511 ,
2091 444 2288 500 nollem
2311 475 2338 507 ,-
2356 441 2449 498 sed
2483 441 2669 495 laudes
2698 437 2951 509 persequi
2983 443 3038 491 et
3065 433 3344 498 encomia;
3377 447 3520 494 nunc

1914 551 2093 595 autem
2135 547 2219 593 est
2260 536 2454 591 horum
2487 545 2720 603 tempus.
2741 529 2868 593 Non
2896 539 2979 586 est
3013 543 3211 601 grave,
3243 543 3276 580 ο
3302 526 3515 588 dilecti,

1918 633 2234 698 lamentari,
2263 632 2358 689 sed
2405 631 2580 684 facere
2617 641 2739 699 qua:
2778 632 2904 680 sunt
2930 624 3088 695 digna
3121 619 3519 678 lamentationi-

1919 731 2018 783 bus
2049 746 2061 783 :
2095 741 2200 782 non
2233 734 2316 782 est
2342 721 2700 779 aversandum
2727 717 2952 786 deﬂere,
2982 717 3077 774 sed
3122 731 3186 771 ea
3217 728 3376 786 agere
3404 727 3526 783 qua:

1917 833 2044 878 sunt
2084 822 2242 892 digna
2287 818 2525 874 ﬂetilms.
2567 814 2643 871 Ne
2688 812 2971 886 puniaris,
2997 821 3052 867 et
3091 824 3198 866 non
3230 809 3427 880 lugeo;
3461 821 3528 862 ne

1921 915 2172 970 moriaris
2194 955 2208 978 ,
2251 921 2308 967 et
2349 927 2456 966 non
2487 908 2682 965 deﬂeo.
2712 906 2818 963 Sed
2849 907 2894 961 si
2920 919 3118 975 corpus
3144 903 3361 975 quidem
3384 902 3532 972 jacet

1921 1019 2216 1073 mortuum,
2246 1020 2439 1061 omnes
2467 1002 2704 1059 hortaris
2731 1009 2793 1056 ut
2817 999 3324 1063 commisereantur,
3353 1005 3408 1052 et
3434 1010 3532 1052 eos

1922 1103 2012 1173 qui
2043 1116 2148 1156 non
2179 1100 2363 1170 lugent
2392 1111 2554 1152 vocas
2595 1092 3054 1149 immisericordes
3083 1109 3096 1144 :
3133 1098 3392 1158 pereunte
3431 1103 3531 1143 au-

1926 1203 2033 1249 tem
2075 1193 2252 1247 anima
2283 1190 2442 1260 jubes
2476 1203 2583 1242 non
2629 1185 2851 1256 lugere?
2884 1183 2989 1240 Sed
3019 1198 3126 1238 non
3168 1197 3385 1259 possunt
3413 1196 3537 1238 esse

1928 1297 2077 1357 pater
2113 1285 2157 1340 si
2203 1299 2310 1339 non
2343 1281 2500 1337 ﬂeam
2536 1297 2549 1334 :
2580 1287 2735 1350 pater
2761 1293 2879 1332 sum
2911 1292 3098 1332 amans
3127 1286 3184 1332 et
3214 1276 3532 1333 benevolus.

1926 1378 2123 1434 Audite
2150 1374 2423 1448 quomodo
2449 1372 2648 1427 clamet
2678 1370 2877 1425 Paulus
2903 1411 2916 1432 ,
2951 1368 3132 1423 Filioli
3153 1410 3168 1432 ,
3197 1384 3324 1440 quos
3352 1368 3539 1422 iterum

1919 1471 2160 1543 parturio
2181 1466 2327 1539 (Gal.
2351 1466 2405 1520 4.
2431 1463 2546 1534 19).
2573 1461 2831 1530 Qumnam
2857 1468 3030 1515 mater
3059 1460 3366 1531 parturiens
3387 1475 3541 1528 mque

1929 1566 2152 1621 acerbas
2183 1574 2343 1618 voces
2368 1559 2531 1614 mittit
2557 1567 2720 1627 atque
2747 1555 2874 1611 ille?
2900 1554 3112 1626 Utinam
3140 1553 3330 1610 liceret
3359 1553 3542 1608 videre

1933 1661 2104 1728 ipsum
2150 1655 2399 1711 ardorem
2442 1651 2638 1708 mentis
2659 1693 2672 1714 ,
2703 1659 2759 1705 et
2789 1648 3006 1705 videres
3040 1648 3184 1719 quod
3217 1648 3387 1719 magis
3415 1662 3544 1703 uror

1932 1769 2090 1826 quam
2113 1751 2316 1822 qumvis
2337 1748 2546 1812 mulier,
2567 1754 2620 1802 et
2641 1743 2843 1816 qumvis
2866 1743 3040 1814 puella
3059 1757 3180 1815 qua:
3204 1743 3543 1798 immaturam

1937 1864 2089 1922 passa
2114 1857 2196 1903 est
2217 1845 2554 1899 viduitatem.
2580 1840 2696 1895 Non
2722 1840 2794 1894 ita
2815 1839 2963 1909 luget
2982 1838 3068 1892 illa
3091 1851 3247 1892 suum
3267 1837 3544 1902 maritum,

1937 1956 2113 2012 neque
2140 1947 2292 2010 pater
2322 1937 2490 1991 lilium
2516 1976 2532 1999 ,
2561 1941 2620 1987 ut
2659 1947 2763 2004 ego
2805 1931 2947 1987 hanc
2980 1944 3101 2000 quae
3139 1939 3223 1985 est
3265 1929 3406 1998 apud
3449 1945 3547 1984 nos

1938 2032 2359 2090 multitudinem.
2380 2028 2489 2083 Nec
2511 2027 2714 2082 nullum
2739 2023 2895 2080 video
2922 2021 3243 2093 profectum,
3268 2032 3548 2078 vertuntur

1940 2128 2118 2183 omnia
2163 2126 2213 2178 in
2260 2121 2560 2177 calumnias
2603 2127 2659 2174 et
2693 2116 3104 2172 criminationes
3138 2133 3152 2170 :
3182 2115 3362 2172 nullus
3391 2132 3547 2171 suum

1953 2231 2100 2288 ducit
2137 2242 2258 2284 esse
2298 2223 2532 2281 officium
2570 2229 2628 2273 ut
2665 2218 2777 2272 Deo
2805 2217 3041 2287 placeat;
3072 2209 3169 2268 sed
3197 2210 3266 2265 de
3297 2209 3433 2274 hoc,
3465 2206 3552 2261 in-

1950 2326 2096 2400 quit,
2127 2330 2184 2378 et
2210 2319 2279 2374 de
2324 2317 2418 2372 illo
2456 2313 2599 2370 male
2628 2311 2871 2367 dicamus
2901 2325 2913 2362 :
2945 2306 3036 2363 ille
3061 2314 3147 2362 est
3179 2303 3433 2374 indignus
3458 2317 3550 2372 qut

1951 2393 2022 2474 sit
2045 2412 2274 2471 clericus
2295 2450 2311 2476 ,
2345 2407 2432 2463 hic
2458 2405 2684 2475 turpiter
2717 2401 2846 2456 vivit
2875 2411 2929 2454 et
2958 2398 3262 2453 inhoneste.
3293 2395 3424 2450 Cum
3455 2393 3552 2448 de-

1948 2510 2206 2562 beremus
2233 2500 2371 2555 mala
2413 2505 2596 2552 nostra
2640 2494 2853 2563 lugere,
2885 2489 3022 2544 alios
3055 2487 3361 2558 judicamus
3382 2527 3395 2550 ,
3429 2500 3551 2539 cum

1950 2612 2051 2655 nec
2077 2593 2293 2666 quando
2329 2589 2511 2645 mundi
2543 2602 2730 2642 sumus
2767 2599 2798 2638 a
2839 2584 3074 2655 peccatis
3099 2580 3419 2636 deberemus
3450 2576 3553 2632 hoc

1949 2689 2146 2746 facere.
2180 2687 2306 2754 Quis
2327 2685 2460 2738 enim
2485 2691 2531 2735 te
2552 2677 2830 2734 discernit?
2854 2674 3028 2744 inquit
3051 2690 3066 2735 ;
3094 2673 3218 2740 quid
3246 2671 3397 2724 habes
3417 2671 3552 2738 quod

1949 2801 2052 2839 non
2078 2780 2355 2851 accepisti?
2380 2779 2424 2831 si
2463 2785 2632 2830 autem
2673 2771 2950 2841 accepisti,
2979 2767 3102 2840 quid
3131 2767 3368 2840 gloriaris
3405 2767 3554 2836 quasi

1948 2894 2052 2933 non
2077 2869 2330 2948 acceperis
2363 2870 2439 2943 (1.
2469 2868 2586 2923 (ἰον.
2617 2867 2669 2922 4.
2701 2865 2801 2932 7)?
2835 2862 2915 2918 Tu
2952 2871 3132 2916 autem
3175 2859 3302 2947 quid
3341 2857 3554 2928 judicas

1948 2972 2168 3025 fratrem
2197 2943 2366 3027 tuum,
2392 2977 2513 3016 cum
2544 2961 2657 3030 ipse
2687 2957 2760 3012 sis
2791 2955 2983 3030 plenus
3007 2953 3162 3008 malis
3189 2937 3553 3006 innumerabi-

1949 3061 2134 3118 libus?
2160 3056 2385 3127 Quando
2416 3053 2644 3115 dixeris,
2681 3050 2773 3105 Ille
2803 3056 2885 3104 est
2925 3028 3102 3100 inalns
3132 3053 3186 3099 et
3217 3043 3550 3114 perniciosus

1947 3165 2003 3212 et
2027 3154 2343 3214 sceleratus,
2373 3149 2439 3204 de
2465 3157 2517 3202 te
2545 3145 2742 3214 e0gita,
2765 3152 2819 3197 et
2842 3151 2929 3195 tua
2951 3140 3236 3209 diligenter
3264 3137 3474 3207 inquire
3497 3147 3552 3189 et

1941 3246 2211 3310 examina,
2239 3254 2294 3299 et
2321 3252 2371 3298 te
2398 3240 2684 3312 pmnitcbit
2711 3252 2900 3294 eorum
2936 3251 3054 3306 qua:
3085 3232 3287 3288 dixisti.
3318 3231 3434 3285 Non
3460 3239 3544 3284 est

1939 3340 2106 3403 enim,
2139 3353 2246 3392 non
2273 3343 2354 3391 est
2391 3335 2494 3388 ulla
2527 3332 2648 3387 talis
2676 3319 3004 3405 adhortatio,
3038 3327 3212 3400 qualis
3239 3334 3324 3380 est
3353 3338 3543 3395 pecea-

1943 3443 2119 3488 torum
2168 3427 2493 3485 recordatio.
2537 3425 2594 3482 Si
2638 3425 2754 3479 hcce
2789 3423 2899 3478 duo
2926 3421 3067 3492 apud
3101 3434 3200 3474 nos
3225 3431 3503 3489 versemus
3527 3458 3542 3481 ,

1940 3524 2237 3596 poterimus
2278 3519 2537 3590 consequi
2581 3518 2719 3572 bona
2769 3516 3033 3586 promissa
3058 3554 3074 3579 ,
3116 3510 3413 3582 poterimus
3446 3524 3544 3562 nos

1942 3618 2236 3676 emundare
2278 3626 2332 3672 et
2372 3616 2681 3684 abstergere
2713 3629 2724 3664 :
2754 3610 2927 3664 solum
2968 3607 3019 3661 id
3065 3605 3221 3661 nobis
3263 3604 3442 3658 veniat
3488 3602 3541 3655 in

1942 3720 2177 3766 mentem
2197 3750 2211 3772 ,
2251 3719 2306 3764 ct
2339 3706 2405 3761 de
2441 3706 2540 3759 hac
2575 3719 2633 3758 re
2663 3693 2831 3755 simus
2858 3697 3104 3761 solliciti,
3135 3711 3167 3749 ο
3193 3694 3392 3749 dilecti.
3441 3693 3536 3746 llic

1943 3805 2223 3860 doleamus
2250 3801 2450 3861 animo,
2479 3812 2547 3852 ne
2575 3797 2685 3850 illic
2715 3794 2996 3848 doleamus
3024 3789 3305 3859 supplicio,
3332 3785 3424 3840 sed
3453 3784 3544 3837 bo-

1945 3899 2028 3952 nis
2069 3895 2309 3950 fruamur
2353 3891 2604 3953 :eternis,
2650 3887 2737 3941 ubi
2778 3883 2910 3956 fugit
2952 3881 3127 3946 dolor,
3171 3881 3344 3934 luctus
3375 3888 3427 3931 et
3457 3892 3548 3946 ge-

1946 3988 2141 4050 mitus,
2185 3996 2242 4038 ut
2287 3984 2422 4038 bona
2471 3991 2868 4047 consequamur
2906 3982 3106 4047 u-terna
3147 3986 3267 4041 quae
3313 3977 3546 4022 mentem

1946 4088 2270 4148 exsuperant
2314 4074 2637 4134 humanam,
2669 4070 2720 4123 in
2755 4068 2972 4122 Christo
3010 4064 3134 4118 Jesu
3182 4061 3408 4116 Domino
3447 4075 3547 4112 no-

1947 4181 2060 4226 stro
2092 4189 2104 4224 :
2141 4170 2237 4239 ipsi
2268 4169 2336 4222 sit
2366 4165 2534 4236 gloria
2567 4165 2618 4216 in
2649 4161 2844 4215 siccula
2877 4157 3214 4213 saeculorum.
3256 4156 3452 4208 Amen.

547 4439 2836 4465 ..ΝΜ

1580 4485 1926 4546 HOMILIA
1978 4489 2208 4549 XXIV.

244 4619 376 4674 (lar.
407 4621 493 4674 11.
527 4633 581 4671 v.
617 4616 700 4670 13.
731 4614 893 4668 Juxta
922 4613 1074 4679 [idem
1106 4610 1334 4680 defuncti
1373 4616 1490 4660 sunt
1528 4622 1700 4660 omnes
1730 4608 1834 4670 isti,

319 4732 422 4768 non
452 4712 667 4780 acceptis
694 4705 1185 4777 repromissionibns,
1217 4702 1305 4756 sed
1345 4719 1377 4754 a
1407 4703 1556 4772 longe
1583 4718 1669 4754 eas
1696 4703 1839 4769 aspi-

317 4806 504 4856 cientes
557 4811 602 4854 et
647 4800 942 4860 salutantes,
993 4806 1039 4850 et
1077 4796 1370 4862 confitentes
1417 4792 1550 4864 quod
1591 4792 1842 4863 peregrini

317 4908 436 4952 sunt
463 4906 507 4949 et
538 4895 756 4963 hospites
781 4908 934 4961 super
962 4901 1166 4943 terram.
1210 4889 1295 4941 H.
1334 4886 1431 4952 Qui
1462 4886 1593 4938 enim
1622 4888 1726 4938 hazc
1758 4884 1840 4937 di-

315 4999 453 5052 cunt,
486 4987 776 5056 signi/icon!
801 5001 854 5038 se
872 4983 1087 5053 patriam
1125 4981 1401 5051 inquirere.
1437 4979 1522 5031 15.
1561 4977 1625 5030 Et
1655 4978 1698 5031 si
1725 4978 1839 5044 qui-

316 5085 432 5137 dem
467 5081 629 5151 ipsius
662 5076 1001 5131 meminissent
1050 5073 1112 5126 de
1151 5089 1250 5140 qua
1296 5072 1544 5134 exierunt,
1595 5071 1843 5123 habebant

316 5175 490 5242 utique
521 5182 718 5238 tempus
742 5165 1056 5221 revertendi:
1092 5163 1173 5218 16.
1211 5179 1344 5215 nunc
1385 5171 1554 5214 autem
1586 5161 1842 5213 meliorem

319 5273 595 5336 appetunt,
650 5263 701 5314 id
754 5270 826 5315 est
870 5260 1136 5312 ca’lestem.
1190 5255 1315 5310 Ideo
1363 5273 1461 5308 non
1512 5254 1843 5324 confunditur

319 5363 456 5415 Dcus
484 5358 651 5413 uocari
675 5355 811 5408 Deus
832 5369 1006 5407 eorum
1029 5367 1046 5405 :
1075 5352 1269 5422 paravit
1291 5350 1422 5402 enim
1449 5349 1550 5402 illis
1572 5349 1839 5401 civitatem.

321 5457 371 5510 1.
408 5453 487 5524 (o)
530 5450 706 5504 Prima
746 5456 826 5500 est
860 5445 1048 5509 virtus,
1081 5453 1241 5512 atque
1271 5440 1406 5495 adeo
1439 5440 1686 5493 universa
1727 5438 1839 5490 vir-

248 5563 351 5617 tus,
383 5561 510 5603 esse
542 5546 595 5597 in
624 5539 725 5596 hoc
773 5538 972 5594 mundo
1012 5536 1276 5604 hospitem
1303 5544 1357 5590 et
1385 5535 1753 5604 peregrinum,
1786 5543 1843 5587 et

308 5751 382 5813 (al
410 5748 558 5813 lnitii_
591 5743 1073 5813 homllirevigesima:
1096 5749 1280 5804 quarta:
1302 5747 1405 5792 tres
1443 5744 1632 5804 pagina:
1656 5743 1849 5794 deside-

251 5805 421 5867 rantur
448 5813 497 5862 in
524 5809 700 5862 Codice
724 5805 860 5856 ('olb.

578 5901 850 5960 PATnOL.
905 5903 1023 5963 Gn.
1075 5908 1298 5969 LXIII.

1952 4627 2072 4664 eum
2106 4612 2168 4664 iis
2211 4627 2329 4678 quae
2363 4613 2447 4665 hic
2478 4625 2602 4666 sunt
2632 4613 2794 4666 rebus
2835 4622 2887 4665 et
2920 4612 3147 4681 negotiis
3182 4611 3311 4665 nihil
3358 4611 3556 4665 habere

1949 4719 2254 4766 Commune,
2295 4704 2387 4757 sed
2419 4705 2482 4759 ab
2508 4706 2586 4758 eis
2621 4705 2858 4773 pendere
2889 4715 3160 4773 tulitquam
3192 4706 3258 4757 ab
3289 4707 3553 4769 externis,

1950 4798 2087 4850 sicut
2117 4799 2254 4852 beati
2291 4798 2364 4850 illi
2396 4798 2644 4866 discipuli
2689 4797 2756 4851 de
2801 4797 2997 4866 quibus
3029 4798 3157 4850 dicit
3194 4817 3203 4849 :
3236 4797 3556 4850 Circuicranl

1949 4890 1999 4940 in
2021 4890 2235 4951 melotis,
2260 4892 2312 4942 in
2338 4889 2549 4958 pellibus
2568 4890 2814 4958 caprinis,
2842 4898 3061 4960 cgcntcs,
3087 4890 3390 4956 angnstiati,
3424 4889 3554 4958 α]πὲ-

1949 4983 2035 5040 cti,
2091 4981 2270 5049 quibus
2316 4980 2504 5048 (lignus
2547 4997 2646 5032 non
2691 4989 2799 5032 erat
2838 4979 3059 5032 mundus
3089 4978 3276 5048 (Hebr.
3313 4981 3400 5033 11.
3432 4981 3550 5048 57).

1950 5080 2121 5142 Atque
2152 5071 2222 5124 illi
2255 5071 2470 5140 quidem
2501 5071 2756 5125 dicebant
2801 5086 2858 5124 se
2887 5085 3006 5124 esse
3046 5072 3284 5140 hospites
3313 5081 3366 5124 et
3399 5087 3555 5138 pere-

1950 5165 2130 5234 grinos
2179 5183 2191 5215 :
2255 5164 2451 5218 Paulus
2500 5174 2678 5216 autem
2724 5162 2853 5218 dicit
2907 5164 3064 5234 longe
3117 5164 3242 5234 quid
3299 5166 3548 5234 amplius.

1952 5257 2064 5312 Non
2109 5258 2250 5309 enim
2316 5273 2374 5311 se
2419 5271 2538 5312 esse
2578 5257 2714 5310 dixit
2766 5257 3028 5326 hospitem
3071 5268 3124 5312 et
3182 5261 3550 5328 peregrinum,

1950 5350 2042 5402 sed
2075 5349 2276 5402 mundo
2308 5359 2602 5414 mortuum,
2636 5359 2692 5403 et
2738 5349 2840 5404 sibi
2885 5350 3183 5405 mundum:
3223 5350 3354 5403 Milli
3384 5351 3552 5416 enim,

1953 5442 2143 5509 inquit,
2177 5442 2398 5494 mundus
2440 5441 2717 5509 cruciﬁxus
2750 5451 2844 5506 est,
2889 5451 2936 5494 ct
2966 5458 3057 5511 ego
3096 5442 3286 5495 mundo
3315 5441 3451 5513 (Gal.
3495 5443 3550 5498 6.

1955 5533 2065 5603 ll).
2097 5533 2200 5588 Sed
2235 5549 2332 5586 nos
2363 5535 2448 5588 hic
2486 5535 2664 5588 omnia
2709 5534 2947 5604 gerimus
2977 5544 3248 5603 tamquam
3296 5535 3464 5598 cives,
3500 5546 3552 5589 ct

1958 5629 2111 5697 plane
2142 5629 2382 5682 viventes
2421 5637 2479 5682 ut
2513 5629 2660 5684 cives
2689 5645 2702 5681 :
2735 5637 2790 5683 et
2816 5625 2958 5699 quod
2981 5627 3109 5695 justi
3139 5638 3290 5681 erant
3321 5627 3546 5688 mundo,

1953 5737 2148 5792 nempe
2195 5723 2434 5796 hospites
2478 5740 2532 5780 et
2581 5721 2800 5794 mortui,
2844 5742 2943 5783 nos
2981 5729 3082 5784 hoc
3127 5743 3315 5784 sumus
3364 5729 3499 5782 erclo
3537 5748 3550 5785 :

1954 5813 2096 5884 quod
2129 5826 2304 5872 autem
2338 5828 2490 5872 erant
2524 5819 2596 5874 illi
2628 5821 2762 5876 ρει-10
2803 5821 3046 5878 viventes
3089 5831 3144 5878 et
3184 5821 3254 5876 ibi
3285 5819 3558 5878 rationem

3119 5930 3180 5989 11
