4122 6338
593 340 687 395 Hi7

579 432 793 491 vivendi
844 430 1201 495 instituentes,
1248 426 1348 482 hoc
1392 439 1489 479 nos
1534 437 1716 478 sumus
1760 416 1974 475 mundo.
2022 416 2151 471 Pro-

582 536 763 595 pterea
807 524 1000 580 mortui
1045 536 1248 586 sumus,
1280 517 1403 591 quia
1432 532 1551 574 eam
1585 530 1708 570 vere
1734 528 1851 583 qme
1882 521 1963 567 est
1988 512 2149 564 vitam

582 618 980 689 abuegavinnis,
1029 625 1083 669 et
1131 614 1265 667 hanc
1306 610 1653 681 temporalem
1694 606 1947 676 elegimus
1980 620 1992 657 :
2024 616 2150 673 prov

584 721 763 779 pterca
793 709 953 764 Deum
986 704 1332 770 irritavimus,
1359 701 1497 772 quod
1528 714 1646 755 eum
1679 699 1830 753 nobis
1858 703 2000 752 esset
2025 707 2151 763 pro-

585 801 812 870 positum
843 797 945 852 frtti
982 797 1045 871 tis
1072 810 1191 865 qua:
1217 803 1343 848 sunt
1371 794 1425 848 in
1461 791 1627 855 caelis,
1655 804 1727 847 ne
1754 786 1821 842 ab
1850 786 1912 841 iis
1937 784 2150 857 quidem

582 907 700 962 qua:
726 898 850 945 sunt
876 889 927 943 in
961 896 1101 944 terra
1134 886 1378 941 volumus
1404 882 1713 945 discedere;
1745 878 1837 935 sed
1862 893 1966 933 non
1998 889 2153 932 secus

581 1000 643 1039 ac
684 982 899 1054 quidam
932 995 1150 1037 vermes
1177 993 1206 1033 a
1253 990 1395 1033 terra
1424 978 1476 1032 in
1506 985 1721 1039 terram,
1768 982 1823 1028 et
1865 985 2049 1026 rursus
2087 969 2153 1022 ab

585 1077 685 1133 hac
711 1076 762 1131 iu
793 1075 936 1131 illam
968 1071 1414 1141 circumagimur;
1460 1078 1514 1123 et
1542 1067 1695 1137 plane
1724 1080 1791 1119 ne
1823 1078 2007 1135 parum
2033 1063 2153 1131 qui-

583 1171 705 1225 dem
735 1168 982 1223 volomus
1010 1179 1307 1234 emergere,
1332 1175 1504 1231 neque
1542 1174 1638 1214 nos
1665 1173 1694 1211 a
1723 1156 1882 1212 rebus
1910 1154 2155 1211 humanis

584 1261 871 1325 abducere,
904 1255 1001 1313 sed
1028 1254 1186 1311 veluti
1227 1267 1256 1306 a
1285 1251 1513 1323 quodam
1541 1259 1762 1304 veterno
1791 1256 1841 1300 et
1885 1257 2076 1299 somno
2102 1252 2156 1297 et

585 1353 843 1408 ebrietate
865 1349 1060 1413 obruti,
1083 1343 1509 1415 obstupeseimus
1532 1343 1641 1396 visa
1668 1335 2149 1411 apprehendentes.

587 1445 652 1500 Et
680 1445 817 1500 sicut
844 1442 878 1498 ii
904 1442 994 1512 qui
1021 1440 1168 1495 suavi
1197 1446 1446 1494 tenentur
1474 1428 1684 1498 somno,
1727 1447 1832 1488 non
1860 1431 2032 1488 solum
2061 1444 2160 1484 uo-

585 1544 696 1602 ctu,
723 1532 815 1589 sed
842 1533 1000 1589 etiam
1036 1545 1159 1586 cum
1188 1530 1360 1600 ipsum
1393 1542 1549 1582 mane
1576 1524 1873 1588 advenerit,
1904 1532 1958 1578 et
1980 1522 2156 1577 clarus

588 1625 746 1681 fuerit
772 1624 907 1688 dies,
932 1623 1113 1693 jaceut
1137 1621 1192 1677 in
1223 1620 1401 1684 lecto;
1435 1632 1535 1671 nec
1558 1630 1651 1671 eos
1682 1613 1842 1685 pudet
1881 1613 2157 1683 indulgere

587 1714 866 1786 voluptati,
918 1722 971 1769 et
1011 1723 1222 1783 tempus
1268 1708 1521 1780 operaudi
1573 1717 1627 1762 et
1679 1705 1924 1761 studendi
1984 1703 2158 1758 facere

589 1816 796 1877 tempus
822 1803 998 1859 somni
1028 1812 1075 1859 et
1100 1802 1302 1858 inertia:
1327 1814 1387 1855 ac
1414 1798 1750 1854 ltebctudiuis
1775 1814 1789 1851 :
1813 1797 1880 1851 ita
1903 1810 1999 1848 nos
2019 1810 2156 1865 quo-

586 1914 688 1968 que
717 1897 804 1953 die
833 1896 1309 1966 appropinquante,
1342 1900 1497 1946 nocte
1524 1887 1866 1959 procedente,
1894 1885 2001 1941 imo
2032 1900 2158 1961 vero

586 1990 671 2043 die
699 1986 1021 2057 (Operamini
1056 1986 1220 2049 enim,
1268 1982 1458 2052 inqttit,
1492 1982 1613 2034 dunt
1653 1990 1726 2033 est
1754 1979 1860 2033 dies
1893 1976 2071 2051 [Ιοαιι.
2100 1976 2158 2032 9.

586 2077 713 2152 η),
755 2080 934 2132 omnia
964 2075 1186 2131 facimus
1222 2088 1340 2143 qua:
1381 2082 1504 2127 sunt
1544 2071 1715 2126 tmctis
1743 2111 1756 2134 ,
1788 2069 2116 2124 dormientes
2142 2108 2155 2128 ,

588 2171 792 2225 somnia
835 2170 1097 2235 videntes,
1144 2166 1268 2220 visis
1309 2164 1655 2229 dclieiautes;
1701 2172 1754 2217 et
1797 2161 1960 2215 clausi
2008 2159 2161 2214 nobis

587 2272 710 2316 sunt
736 2262 877 2316 oculi
904 2259 1096 2314 mentis
1135 2269 1190 2312 et
1218 2256 1478 2326 corporis,
1514 2269 1788 2325 perperam
1817 2253 2084 2322 loquimur
2108 2262 2162 2307 et

590 2362 789 2407 tentet‘e
814 2352 1098 2422 garrimus,
1126 2358 1180 2403 ct
1209 2348 1251 2402 si
1282 2348 1401 2417 quis
1432 2345 1746 2416 profundam
1775 2344 1926 2399 nobis
1955 2345 2158 2414 plagam

590 2444 858 2507 iut'lixerit,
882 2457 946 2498 ne
970 2441 1228 2497 sentimus
1248 2438 1482 2508 quidem,
1513 2437 1720 2491 etiamsi
1747 2444 1956 2489 nostras
1976 2449 2161 2490 onmcs

587 2537 867 2607 diripuerit
885 2535 1181 2600 facultates,
1205 2532 1413 2587 etiamsi
1440 2531 1607 2599 ipsam
1632 2529 1846 2583 domum
1861 2528 2123 2582 exusserit
2146 2546 2157 2580 :

589 2630 696 2683 imo
729 2642 856 2682 vero
894 2642 961 2681 ne
986 2633 1355 2693 exspectamus
1380 2620 1591 2690 quidem
1622 2632 1675 2673 ut
1702 2618 1788 2673 alii
1819 2619 1918 2673 hoc
1945 2619 2158 2685 faciant,

592 2720 684 2774 sed
707 2718 803 2787 ipsi
829 2716 1182 2781 ltocfacimus,
1209 2727 1304 2770 nos
1332 2712 1565 2783 quotidie
1591 2719 1882 2782 pungeutes
1903 2722 1954 2766 et
1977 2711 2164 2769 ferien-

588 2815 686 2869 tes,
714 2807 933 2876 turpiter
954 2817 1011 2862 et
1031 2808 1277 2861 indecore
1302 2808 1557 2876 jaeeutcs,
1585 2817 1635 2862 et
1654 2808 1831 2863 nudati
1849 2807 1991 2863 omni
2018 2805 2156 2862 bona

586 2895 999 2961 existimatione,
1026 2907 1079 2951 et
1108 2898 1275 2966 turpia
1308 2908 1485 2952 nostra
1535 2913 1697 2968 opera
1743 2916 1913 2969 neque
1945 2901 2040 2971 ipsi
2074 2910 2157 2956 te-

591 2996 793 3055 gentes,
841 3002 1010 3058 neque
1041 2988 1160 3043 aliis
1189 2988 1289 3045 hoc
1317 2988 1492 3044 facere
1532 2992 1930 3060 permittentes;
1981 2992 2072 3046 sed
2106 2993 2157 3045 in

589 3078 763 3133 media
807 3078 1133 3149 turpitudine
1159 3090 1213 3135 et
1250 3081 1313 3134 iis
1342 3082 1429 3151 qui
1462 3081 1660 3146 vident,
1693 3091 1747 3136 et
1776 3083 1840 3136 iis
1884 3084 1968 3152 qui
2008 3098 2160 3137 acce-

590 3168 725 3223 dunt
756 3171 1011 3240 pr0positi
1039 3171 1102 3225 ad
1131 3172 1291 3226 risum
1314 3182 1367 3227 et
1386 3172 1450 3227 ad
1484 3173 1707 3227 ludibria
1736 3175 2161 3229 innumerabilia.

588 3258 814 3315 Nescitis
855 3261 999 3330 ipsos
1037 3276 1251 3332 quoque
1300 3263 1469 3317 malos
1520 3263 1744 3320 irridere
1788 3280 1879 3319 eos
1931 3280 2157 3335 quorum

587 3363 711 3406 sunt
742 3352 898 3407 iidem
955 3369 1152 3419 mores,
1198 3364 1253 3409 et
1294 3369 1388 3409 eos
1418 3354 1710 3411 damnare?
1752 3356 1880 3411 Nam
1910 3360 2159 3427 quoniam

591 3442 733 3497 Deus
760 3444 945 3499 indidit
972 3446 1122 3501 nobis
1140 3444 1414 3515 judicium,
1440 3447 1580 3515 quod
1600 3448 1905 3503 labefactari
1934 3461 1987 3503 et
2009 3466 2161 3503 num-

588 3548 745 3601 quam
786 3537 1054 3603 corrumpi
1088 3547 1283 3604 potest,
1318 3537 1523 3591 etiamsi
1566 3538 1787 3607 ingrcssi
1821 3540 2073 3594 fuerimus
2105 3542 2159 3595 in

598 3624 768 3692 ipsum
821 3625 934 3679 vitii
988 3624 1305 3695 profundum
1340 3644 1352 3679 :
1386 3627 1502 3682 ideo
1543 3638 1596 3683 et
1644 3630 1739 3698 ipsi
1789 3632 1909 3685 mali
1961 3635 2163 3701 seipsos

590 3715 977 3783 condemnant;
1009 3729 1062 3772 et
1104 3720 1146 3773 si
1178 3720 1439 3789 quiSpiam
1470 3736 1565 3775 eos
1594 3720 1641 3775 id
1674 3723 1817 3791 quod
1858 3734 1980 3779 sunt
2010 3742 2162 3782 voca-

593 3807 745 3872 verit,
782 3823 874 3862 eos
905 3808 1084 3879 pudet,
1137 3825 1277 3880 a‘gre
1321 3810 1514 3877 ferunt,
1546 3821 1601 3867 et
1654 3829 1763 3867 rem
1816 3831 1932 3870 eam
1986 3816 2165 3873 dicunt

592 3912 713 3952 esse
756 3901 1158 3956 contumeliam.
1209 3902 1300 3965 Ita,
1357 3902 1400 3957 si
1451 3918 1556 3958 non
1600 3902 1770 3971 factis,
1805 3908 1979 3962 verbis
2021 3920 2165 3965 certe

591 3992 943 4046 condemnant
974 4009 1090 4062 qua:
1122 3995 1318 4049 faciunt
1348 4012 1440 4065 per
1466 3999 1868 4065 conscientiam,
1902 4002 2005 4055 imo
2036 4018 2162 4057 vero

594 4084 753 4135 etiam
787 4085 958 4137 factis.
1006 4085 1137 4141 Cum
1170 4088 1310 4141 enim
1343 4087 1642 4143 clanculum
1674 4099 1725 4146 et
1760 4092 1809 4145 in
1850 4094 2058 4148 occulto
2087 4093 2165 4147 fa~

596 4175 766 4240 ciunt,
796 4177 1074 4230 sententia:
1094 4193 1246 4247 quam
1271 4179 1335 4233 de
1362 4195 1416 4233 re
1449 4180 1647 4235 habent
1673 4183 1959 4237 maximum
1983 4184 2163 4255 profe-

595 4276 720 4320 runt
742 4267 1017 4323 indicium.
1049 4268 1241 4323 Vitium
1274 4272 1415 4326 enim
1448 4281 1530 4326 est
1559 4272 1691 4327 adeo
1718 4276 2077 4341 manifestum,
2110 4288 2167 4333 ut

593 4370 779 4412 omnes
808 4358 923 4427 ejus
953 4360 1058 4413 sint
1084 4369 1439 4427 accusatores,
1470 4363 1629 4419 etiam
1654 4365 1684 4417 ii
1706 4367 1792 4435 qui
1822 4366 1989 4435 ipsum
2016 4382 2168 4421 usur-

598 4456 756 4515 pant:
790 4456 930 4502 tanta
958 4458 1133 4504 autem
1180 4465 1267 4506 res
1296 4461 1377 4506 cst
1408 4454 1595 4518 virtus,
1640 4463 1695 4509 ut
1734 4456 1785 4509 in
1814 4458 2166 4516 admiratione

598 4540 851 4594 habeatur
870 4541 1027 4595 etiam
1053 4542 1119 4596 ab
1144 4543 1267 4608 illis,
1296 4545 1383 4613 qui
1407 4561 1523 4601 eam
1548 4563 1651 4602 non
1674 4551 2011 4605 aemulantur.
2039 4554 2168 4610 Nam

597 4638 651 4683 et
674 4640 932 4685 scortator
964 4631 1197 4687 laudabit
1224 4637 1626 4704 temperantiam
1665 4650 1718 4693 et
1759 4643 2161 4711 continentiam,

597 4733 648 4776 et
670 4738 860 4778 avarus
885 4724 1262 4781 condemnabit
1287 4728 1635 4797 injustitiam;
1680 4741 1732 4786 et
1763 4732 2046 4791 iracundus
2074 4738 2165 4792 ad-

598 4814 874 4869 mit-abitur
921 4816 1251 4885 patientiam,
1295 4828 1349 4873 et
1394 4821 1713 4890 vituperabit
1760 4825 2042 4881 simultatis
2097 4830 2169 4883 vi-

515 4922 529 4935 r
598 4914 747 4969 tium,
794 4916 847 4961 et
877 4906 1106 4962 lascivus
1150 4908 1440 4965 lasciviam.
1473 4912 1749 4977 Quomodo
1788 4930 1932 4985 ergo.
1971 4918 2160 4989 inquit,

602 4994 713 5049 lucc
758 4998 1020 5065 usurpat?
1051 4997 1125 5051 Ex
1171 5001 1334 5054 multa
1383 5002 1647 5067 socordia,
1678 5019 1798 5059 cum
1842 5016 2016 5063 tamen
2063 5027 2165 5067 non

597 5101 715 5141 esse
740 5087 935 5143 bonum
961 5089 1278 5157 judicaverit
1311 5110 1323 5145 :
1353 5090 1548 5162 alioqui
1572 5109 1695 5149 eum
1720 5098 1796 5151 rei
1824 5115 1923 5153 non
1953 5102 2167 5171 puduis-

597 5189 697 5238 set,
730 5195 903 5247 neque
929 5191 1176 5251 negasset
1203 5183 1306 5238 alio
1334 5195 1634 5240 accusante.
1668 5187 1814 5243 Multi
1840 5192 1999 5247 etiam
2035 5210 2141 5249 ora:

597 5271 857 5339 occupati,
892 5286 1013 5327 cum
1042 5274 1274 5330 dedecus
1299 5291 1405 5332 non
1448 5276 1667 5345 ferrent,
1702 5292 1761 5336 se
1786 5258 2114 5339 suffecerunt
2150 5308 2161 5342 :

596 5378 797 5423 tantum
822 5367 974 5423 nobis
1002 5368 1138 5423 inest
1168 5370 1375 5426 honesti
1402 5383 1455 5427 et
1480 5372 1660 5429 decori
1684 5378 2064 5434 testimonium.
2092 5380 2164 5436 ita

592 5476 708 5528 qua:
745 5461 878 5514 bona
910 5469 1053 5526 sunt,
1085 5460 1201 5530 ipso
1230 5462 1343 5517 sole
1384 5464 1765 5533 splendidiora,
1812 5478 1866 5523 et
1892 5485 2013 5541 quae
2041 5484 2165 5529 sunt

590 5554 666 5607 eis
694 5553 981 5615 contraria,
1005 5562 1129 5607 sunt
1156 5552 1391 5609 omnium
1422 5552 1733 5614 foedissima.

657 5645 708 5697 2.
726 5643 967 5715 llospites
984 5653 1039 5701 et
1056 5645 1318 5716 peregrini
1334 5657 1482 5701 erant
1497 5650 1680 5703 sancti.
1702 5649 1979 5717 Quomodo
1991 5664 2043 5709 et
2055 5672 2155 5726 qua

584 5738 828 5792 ratione?
856 5737 941 5793 ubi
969 5738 1249 5795 confitetur
1281 5740 1545 5798 Abraham
1587 5758 1644 5801 se
1680 5759 1795 5801 esse
1825 5745 2081 5817 hospitem
2102 5758 2155 5805 et

1304 336 1357 388 S.
1395 326 1668 387 JOANNIS
1701 315 2163 378 CIIIlYSOSTtNl
2201 310 2508 369 .tlltilllEl’.
2549 295 3073 361 CONSTANTINOP.

3732 283 3844 339 lf-O

2277 407 2604 481 peregrinum
2625 403 2647 456 γ
2670 400 2916 455 Fortasse
2942 393 3155 464 quidem
3180 389 3291 459 ipse
3316 398 3526 457 quoque
3540 392 3621 439 est
3644 386 3861 438 contes-

2272 475 2604 571 sttsppalam
2636 494 2688 550 id
2737 489 3014 548 confessus
3058 495 3140 541 est
3168 493 3341 537 autem
3367 478 3545 543 David,
3596 486 3652 530 ut
3679 475 3861 545 quivis

2271 596 2418 652 novit
2449 612 2461 647 :
2495 589 2614 646 andi
2644 587 2788 641 illum
2819 582 3082 637 dicentem
3114 595 3128 629 :
3155 574 3411 643 Quoniam
3434 571 3628 624 advena
3656 583 3765 621 sum
3802 574 3858 621 et

2268 687 2583 761 peregrinus,
2610 682 2738 736 sicut
2762 690 2933 731 omnes
2960 679 3127 741 patres
3167 668 3261 720 mei
3285 663 3402 737 (Ps.
3446 661 3535 717 58.
3568 660 3681 727 15).
3713 658 3855 713 Nam

2265 751 2355 851 qui
2379 751 2686 833 habitabant
2704 769 2757 824 iu
2778 760 3154 823 tabernaculis,
3176 756 3265 829 qui
3287 752 3507 828 pecunia
3526 751 3683 807 etiam
3700 764 3852 805 eme-

2267 844 2392 930 bant
2418 867 2683 939 sepulcra,
2712 858 2949 929 hospites
2989 854 3168 922 otique
3205 859 3259 904 et
3289 844 3552 917 peregrini
3578 851 3751 905 erant,
3787 850 3854 895 ut

2264 968 2355 1038 qui
2401 933 2769 1020 ne-haberent
2794 950 3009 1020 quidem
3054 943 3142 1000 ubi
3185 954 3312 995 suos
3352 936 3661 1008 sepelirent.
3706 933 3849 1038 Quid

2265 1024 2429 1130 ergo?
2457 1051 2773 1109 dicebantne
2818 1058 2876 1099 se
2920 1053 3040 1094 esse
3070 1032 3308 1104 hoSpites
3338 1037 3543 1085 tantum
3586 1028 3636 1081 in
3666 1024 3847 1080 Palae-

2264 1116 2446 1208 sti‘ua?
2476 1145 2838 1213 Nequaquam,
2868 1131 2963 1188 sed
2992 1130 3042 1184 in
3076 1137 3185 1182 toto
3210 1124 3378 1187 orbe;
3422 1130 3477 1177 et
3503 1118 3716 1175 merito.
3743 1116 3845 1171 Ni-

2264 1244 2340 1299 hil
2359 1240 2502 1297 enim
2528 1210 2586 1289 in
2608 1247 2673 1288 eo
2700 1228 2948 1285 videbant
2977 1235 3162 1277 eorum
3184 1233 3302 1288 qua:
3324 1213 3603 1277 volebant,
3631 1210 3725 1265 sed
3747 1224 3845 1264 ex-

2265 1344 2415 1391 terna
2447 1326 2623 1383 omnia
2654 1332 2708 1378 ct
2735 1319 2928 1374 aliena.
2963 1312 3066 1382 ipsi
3110 1309 3269 1380 igitur
3294 1304 3545 1360 volebant
3582 1314 3844 1357 exercere

2266 1425 2515 1479 virtutem
2540 1435 2555 1481 ;
2586 1416 2671 1469 hic
2694 1421 2870 1467 autem
2898 1401 3251 1463 eratmultum
3278 1396 3485 1460 vitium,
3517 1390 3728 1462 etapud
3743 1404 3842 1445 eos

2260 1525 2416 1575 erant
2433 1529 2517 1569 res
2534 1522 2720 1566 omnes
2740 1512 2975 1560 externa:
3000 1506 3055 1552 et
3075 1494 3282 1549 alienae.
3325 1488 3535 1546 Nullum
3574 1484 3841 1541 habebant

2258 1611 2531 1669 amicum,
2577 1599 2777 1657 nullum
2820 1585 3216 1648 necessitudine
3263 1580 3605 1650 conjunctum
3642 1587 3838 1646 praeter

2269 1713 2484 1773 paucos.
2507 1688 2783 1763 Quomodo
2829 1693 3003 1739 autem
3035 1685 3186 1734 erant
3205 1670 3477 1744 hospites?
3504 1670 3694 1773 Eorum
3708 1681 3840 1773 'quze

2263 1758 2350 1850 hic
2389 1758 2745 1845 sunt—inullam
2770 1776 3024 1848 gerebant
3050 1783 3267 1832 curam;
3302 1764 3459 1833 idque
3484 1758 3837 1816 ostendebant

2266 1902 2369 1940 non
2387 1879 2579 1942 verbis,
2594 1873 2686 1929 sed
2706 1866 3020 1936 rebusipsis.
3037 1856 3350 1930 Quomodo?
3369 1852 3657 1909 DixitDcus
3677 1850 3839 1905 Abra-

2261 1978 2440 2039 hamo,
2474 1970 2687 2026 Dimitte
2722 1978 2839 2019 cam
2886 1973 3002 2030 qua:
3035 1953 3243 2010 videtur
3270 1949 3513 2020 patriam,
3546 1955 3600 2000 et
3622 1944 3739 1998 veni
3766 1942 3833 1997 ad

2255 2070 2480 2123 alienam
2504 2060 2653 2131 (Gen.
2695 2056 2777 2111 η.
2806 2054 2891 2122 l);
2918 2058 3242 2114 suorumque
3272 2040 3687 2096 domesticorum
3726 2050 3831 2088 non

2253 2170 2337 2217 est
2360 2125 2542 2213 amore
2570 2147 2873 2220 impeditus,
2904 2140 2998 2196 sed
3022 2153 3089 2194 eo
3106 2136 3297 2191 affectu
3318 2148 3435 2188 eam
3467 2127 3670 2183 dimisit
3691 2134 3749 2180 ut
3785 2125 3829 2179 si

2253 2261 2398 2310 esset
2425 2217 2743 2304 dimissurus
2768 2238 3021 2291 alienam.
3051 2229 3189 2284 Dixit
3224 2226 3294 2291 ei,
3340 2222 3484 2278 Oﬂ‘cr
3512 2218 3641 2274 mihi
3671 2217 3833 2271 lilium

2255 2342 2405 2415 (Gen.
2436 2343 2523 2397 92.
2551 2341 2647 2411 2);
2692 2347 2744 2395 et
2773 2352 2892 2393 eum
2952 2331 3176 2405 perinde
3204 2328 3393 2383 obtulit
3433 2334 3593 2394 atque
3633 2320 3677 2376 si
3726 2332 3833 2372 non

2253 2410 2476 2491 haberet
2522 2410 2708 2495 lilium,
2742 2439 2796 2485 ct
2822 2442 2883 2482 ac
2912 2427 2955 2481 si
2978 2432 3163 2479 natura
3195 2437 3300 2476 non
3331 2416 3545 2475 indutus
3564 2420 3729 2478 esset,
3761 2410 3831 2463 ita

2255 2527 2463 2582 obtulit.
2496 2523 2807 2580 Possidebat
2836 2520 3089 2593 pecunias
3130 2527 3439 2570 communes
3468 2506 3716 2564 omnibus
3741 2516 3834 2556 ac-

2253 2619 2582 2683 cedentibus,
2607 2626 2652 2670 et
2681 2631 2789 2670 rem
2820 2612 2966 2667 nihili
2990 2607 3324 2665 existimabat
3352 2622 3365 2656 :
3397 2603 3592 2673 primas
3612 2594 3835 2650 cedebat

2256 2715 2391 2775 aliis,
2447 2713 2497 2765 in
2550 2707 2784 2780 pericula
2840 2719 2897 2759 se
2926 2704 3096 2772 ipsum
3141 2694 3477 2765 conjiciebat,
3536 2688 3835 2760 patiebatur

2268 2805 2402 2859 mala
2429 2777 2701 2856 innumera
2725 2810 2857 2850 :non
2880 2790 3177 2847 :editicabat
3196 2787 3384 2841 domos
3411 2777 3837 2850 splendidas,ne-

2255 2912 2361 2966 que
2391 2892 2688 2961 indulgebat
2714 2886 2935 2949 deliciis,
2963 2896 3132 2951 neque
3157 2892 3336 2931 curam
3358 2871 3573 2953 gerebat
3611 2866 3834 2921 vestium

2258 3001 2431 3057 neque
2447 2984 2670 3039 aliarum
2694 2976 3023 3033 smcularium
3046 2986 3219 3025 rerum
3242 2969 3264 3022 ’ἒ
3291 2968 3391 3023 Sed
3412 2962 3587 3019 omnia
3618 2957 3836 3029 gerebat

2258 3050 2374 3149 quae
2396 3077 2662 3148 pertinent
2677 3072 2739 3124 ad
2760 3085 2873 3123 eam
2890 3083 3007 3137 qua:
3026 3064 3133 3118 illic
3154 3072 3256 3126 est,
3275 3059 3565 3113 civitatem.
3591 3050 3837 3118 llosliita-

2257 3142 2454 3227 litatem
2492 3157 3139 3225 exercebat,dilectionem
3172 3153 3222 3206 in
3259 3150 3497 3213 fratrem,
3529 3142 3837 3199 misericor-

2256 3264 2418 3326 diam,
2450 3258 2777 3329 patirntiam,
2829 3248 3064 3320 pecunia:
3121 3241 3518 3311 despicientiam
3573 3245 3622 3288 et
3656 3231 3837 3303 gloria:

2260 3326 2533 3425 pra-sentis
2560 3358 2613 3403 et
2640 3348 2861 3399 aliorum
2888 3334 3322 3425 omnium.Filiqs
3346 3342 3555 3401 quoque
3584 3326 3694 3394 ejus
3723 3331 3838 3377 erat

2260 3412 2559 3515 luijusmodi
2585 3458 2597 3491 :
2626 3450 2743 3491 cum
2772 3434 3079 3503 agitaretur,
3101 3426 3241 3481 bello
3283 3412 3645 3493 impcleretur,
3687 3413 3841 3468 cede-

2260 3504 2347 3593 bat
2372 3536 2617 3591 ctlocum
2645 3528 2825 3591 dabat,
2853 3534 2906 3576 ut
2950 3521 3038 3592 qui
3081 3525 3223 3571 esset
3275 3514 3326 3567 in
3363 3512 3569 3565 aliena:
3602 3504 3840 3574 hospites

2261 3633 2401 3687 enim
2461 3625 2638 3680 omnia
2703 3621 2990 3690 patiuntur,
3035 3611 3191 3667 veluti
3222 3606 3313 3678 qui
3359 3620 3462 3658 non
3503 3603 3608 3657 sint
3636 3601 3689 3655 in
3741 3613 3839 3667 pa-

2264 3725 2381 3778 tria.
2443 3721 2505 3773 Et
2558 3731 2676 3771 cum
2730 3709 3030 3765 auferretur
3083 3716 3234 3764 uxor,
3282 3698 3381 3751 hoc
3433 3706 3643 3765 quoque
3695 3688 3841 3743 fere-

2263 3821 2352 3874 bat
2386 3824 2649 3883 tamquam
2677 3803 2983 3877 pcregrinus
3017 3818 3028 3853 :
3060 3811 3176 3866 qua:
3218 3804 3446 3860 superna
3494 3793 3672 3840 autem
3712 3790 3841 3835 sunt

2262 3910 2482 3966 curabat
2513 3881 2711 3966 omnia,
2757 3892 3074 3952 modestiam
3118 3886 3431 3945 ostendens,
3478 3881 3843 3933 honestatem-

2261 4019 2365 4074 que
2410 4008 2466 4053 et
2510 3990 2873 4049 omnimodam
2920 3977 3351 4051 temperantiam.
3398 3972 3529 4028 Nam
3560 3979 3844 4039 postquam

2268 4062 2563 4165 procreavit
2582 4087 2771 4148 lilium,
2796 4094 2900 4135 non
2931 4075 3116 4130 habuit
3138 4070 3364 4139 amplius
3394 4062 3843 4119 consuetudinem

2265 4155 2385 4242 cum
2414 4196 2579 4238 uxore
2601 4197 2613 4232 :
2640 4187 2690 4232 et
2712 4191 2830 4228 cum
2849 4166 3194 4242 praeteriisset
3213 4162 3361 4230 vigor
3379 4155 3693 4227 jnventutis,
3718 4161 3867 4206 tuuc'

2267 4294 2383 4335 eam
2405 4276 2571 4338 duxit,
2590 4266 2874 4325 ostendens
2891 4276 2947 4315 se
2968 4274 3073 4314 non
3102 4256 3202 4310 hoc
3230 4255 3402 4307 facere
3432 4256 3643 4318 propter
3674 4243 3850 4298 libidi-

2270 4386 2415 4434 nem,
2432 4365 2525 4421 sed
2547 4373 2602 4417 ut
2630 4359 2723 4415 Dei
2747 4340 3480 4428 promissioniscrvirct.Quid
3507 4333 3848 4392 veroJacob?

2268 4478 2445 4520 annon
2488 4455 2757 4528 qutcrehat
2810 4448 2979 4503 solum
3006 4454 3195 4513 panem
3220 4448 3273 4492 et
3293 4446 3515 4497 vestem,
3544 4444 3662 4500 qua:
3694 4428 3849 4498 plane

2272 4564 2395 4612 sunt
2421 4521 2687 4619 hospitum
2718 4537 2978 4609 desideria
3005 4533 3095 4604 qui
3121 4529 3186 4585 ad
3205 4539 3492 4584 estremam
3521 4521 3849 4577 devenerunt

2273 4612 2674 4718 paupertatem?
2715 4646 2889 4688 annon
2932 4625 3115 4689 pulsus
3146 4631 3199 4676 et
3214 4620 3442 4689 agitatus
3461 4612 3683 4668 cedebat
3712 4619 3849 4663 Latii-

2268 4706 2425 4807 quam
2456 4729 2687 4800 hospes?
2713 4739 2887 4781 annon
2914 4730 3027 4777 erat
3055 4711 3446 4773 mercenarius?
3472 4722 3647 4762 annon
3678 4706 3834 4758 innu-

2272 4797 2544 4883 nterabilia
2560 4797 2765 4889 ubique
2802 4813 3097 4884 patiebatur
3118 4805 3275 4871 mala,
3310 4804 3502 4870 ubique
3522 4797 3845 4853 circumiens

2272 4930 2536 4987 tamquam
2559 4913 2753 4981 hospes
2770 4907 3117 4962 ‘tllzrcautem
3140 4899 3415 4967 patientes,
3436 4889 3855 4946 ostendebantse

2274 4978 2431 5066 aliam
2472 4978 2711 5076 quaerere
2754 5000 2995 5070 patriam.
3045 4994 3223 5056 Papm,
3262 4995 3457 5056 quanta
3503 4978 3839 5035 differentia!

2277 5103 2349 5159 illi
2377 5070 2588 5172 quidem
2617 5092 2854 5165 quotidie
2900 5084 3278 5158 parturiebant,
3311 5078 3549 5130 volentes
3578 5073 3702 5127 hinc
3736 5070 3849 5125 dis-

2274 5170 2505 5256 cedere,
2559 5197 2613 5243 et
2660 5184 2837 5239 redire
2893 5180 2958 5232 ad
3013 5191 3163 5231 suam
3215 5170 3437 5241 patriam
3472 5182 3486 5219 :
3522 5180 3618 5218 nos
3668 5172 3847 5216 autent

2276 5297 2482 5349 contra,
2518 5284 2560 5336 si
2588 5279 2746 5335 febris
2770 5274 3004 5338 irrucrit,
3028 5270 3271 5325 omnibus
3297 5263 3552 5322 dimissis,
3576 5269 3849 5327 tamquam

2281 5377 2487 5450 parvuli
2515 5373 2747 5430 infantes
2775 5364 3091 5440 plorabuudi
3132 5370 3353 5417 mortem
3384 5354 3806 5426 pertimescimus
3836 5366 3851 5403 :

2279 5448 2329 5527 et
2360 5468 2549 5524 merito
2577 5464 2731 5520 nobis
2779 5462 2878 5515 hoc
2904 5456 3112 5513 accidit.
3140 5452 3268 5508 Nam
3302 5448 3550 5520 quoniam
3583 5459 3687 5499 non
3716 5452 3855 5496 tam-

2278 5578 2436 5635 quam
2464 5559 2703 5627 hospites
2737 5556 2825 5610 hie
2851 5550 3110 5635 degimus,
3138 5555 3192 5601 et
3221 5559 3323 5598 non
3361 5551 3628 5608 tamquam
3660 5535 3726 5589 ad
3760 5549 3856 5603 pa-

2283 5624 2449 5708 t'riam.
2461 5650 2788 5712 festinamus,
2813 5643 2904 5699 sed
2922 5624 3188 5709 lamquam
3206 5643 3393 5690 euntes
3413 5630 3478 5683 ad
3500 5626 3817 5697 supplicium
3842 5643 3855 5678 :

2284 5754 2563 5817 propterea
2591 5738 2853 5803 dolemus,
2888 5730 3025 5805 quod
3059 5728 3218 5785 rebus
3256 5741 3361 5780 non
3400 5730 3454 5778 ut
3497 5718 3732 5789 oportuit
3775 5716 3858 5772 usi
