4122 6338
267 412 363 474 169
1013 398 1079 455 IN
1120 393 1337 453 EPIST.
1379 390 1471 447 ΑΙ)
1514 376 1875 444 liEBRzEOS.

267 531 456 581 sanus,
502 517 598 569 sed
645 510 891 565 ordinem
936 502 1230 560 evertimus
1270 503 1597 566 :propterea
1641 491 1854 556 neruus,

268 626 387 665 cum
430 607 675 683 gaudere
714 605 1025 671 oporteret;
1061 602 1342 665 propterea
1388 591 1671 643 horremus
1719 586 1860 640 sicut

271 678 575 764 homicidia,
622 678 762 751 sicut
793 690 1103 763 praedonum
1145 686 1334 750 duces,
1383 679 1607 737 sistendi
1629 678 1854 749 judicio,

272 807 327 853 et
362 805 717 867 quaecumque
744 788 987 843 fecerunt
1023 778 1219 836 animis
1243 773 1573 846 reputantes,
1602 779 1857 842 propter-

272 903 333 942 ea
385 887 577 939 timent
620 888 673 935 et
724 874 1165 933 contremiscunt.
1214 868 1294 923 Illi
1365 881 1494 922 vero
1542 878 1673 945 non_
1705 870 1862 919 erant

280 974 567 1047 ejusmodi,
598 970 693 1026 sed
732 966 1055 1023 festinabant
1088 981 1101 1017 :
1137 960 1334 1017 Paulus
1372 966 1554 1013 autem
1583 955 1742 1011 etiam
1780 954 1863 1009 in-

275 1068 508 1141 gemuit:
530 1064 651 1120 audi
682 1064 829 1118 illum
857 1061 1148 1123 dicentem,
1184 1054 1246 1108 Et
1278 1069 1366 1107 nos
1386 1051 1472 1122 qui
1492 1066 1670 1104 simius
1692 1050 1741 1102 in
1770 1048 1863 1102 hoc

278 1139 623 1221 iubentaculo,
672 1151 1048 1223 ingemiscimtts
1085 1145 1283 1218 gravati
1324 1142 1401 1212 (2.
1432 1142 1548 1197 Cor.
1582 1140 1635 1197 5.
1674 1141 1729 1211 ι)
1761 1139 1861 1210 (a).

276 1251 419 1307 Talis
444 1258 561 1304 erat
586 1245 877 1314 Abraham,
907 1252 962 1296 et
990 1239 1084 1311 qui
1123 1252 1246 1293 cum
1266 1236 1358 1290 illo
1383 1244 1536 1289 erant
1561 1252 1573 1286 :
1602 1232 1862 1301 hospites,

279 1342 472 1413 inquit,
520 1345 673 1393 erant
702 1334 865 1389 totius
896 1331 1043 1387 orbis
1084 1340 1265 1390 terrae,
1317 1335 1371 1382 et
1410 1324 1725 1395 qumrebant
1771 1338 1867 1394 pa-

280 1439 459 1491 triam.
486 1434 742 1502 Quaenam
770 1436 946 1483 autem
976 1441 1041 1482 ea
1082 1423 1204 1480 est?
1247 1436 1314 1477 an
1358 1435 1419 1477 ea
1450 1435 1611 1491 quam
1643 1419 1864 1474 dimise-

280 1526 442 1583 runt?
491 1524 835 1593 Nequaquam
869 1515 1038 1588 :qnid
1090 1514 1236 1570 enim
1280 1512 1531 1568 'obstabat
1583 1511 1869 1581 quominus

283 1621 529 1675 redirent
557 1617 602 1671 si
643 1613 863 1677 vellent,
910 1620 963 1665 et
992 1618 1176 1663 essent
1204 1606 1383 1661 cives?
1409 1603 1503 1659 sed
1548 1603 1694 1658 illam
1724 1618 1873 1673 qua:-

283 1714 475 1767 rebant
502 1724 621 1782 quae
661 1714 745 1761 est
771 1704 822 1761 in
866 1702 1033 1759 cmlis.
1067 1700 1140 1754 Ita
1172 1696 1530 1769 properabant
1557 1696 1680 1751 hinc
1716 1710 1873 1751 exce-

283 1806 436 1870 dere,
469 1814 524 1859 et
548 1800 626 1856 sic
656 1800 766 1854 Deo
793 1795 1110 1867 placebant:
1143 1790 1371 1861 ideoque
1393 1802 1498 1844 non
1523 1788 1877 1844 erubescebat

287 1894 464 1950 vocari
493 1904 677 1948 eorum
721 1888 884 1943 Deus.
932 1884 1110 1954 Papru,
1152 1890 1348 1953 quanta
1395 1879 1667 1951 dignitas!
1717 1892 1872 1933 aere-

288 1996 438 2057 ptum
466 1984 542 2039 illi
570 1981 671 2037 fuit
714 1988 772 2034 ut
800 1984 1088 2033 vocaretur
1130 1988 1317 2030 eorum
1346 1972 1507 2028 Deus.
1535 1970 1669 2041 Quid
1704 1970 1880 2027 dicis?

288 2084 511 2132 vocatur
542 2073 683 2129 Deus
724 2078 880 2126 terra
910 2076 967 2124 et
1004 2066 1143 2131 ezeli,
1176 2074 1231 2121 et
1260 2074 1530 2134 tamquam
1562 2063 1741 2133 magni
1769 2063 1873 2118 ali-

288 2167 417 2239 quid
464 2163 686 2237 posuisti
715 2160 858 2235 quod
897 2174 1005 2215 non
1045 2156 1327 2213 erubescat
1374 2167 1561 2209 eorum
1605 2151 1750 2207 Deus
1774 2164 1872 2205 vo-

286 2260 441 2315 cari?
466 2257 713 2330 Magnum
759 2264 814 2309 et
854 2266 1043 2309 revera
1087 2264 1337 2320 magnum
1368 2256 1453 2303 est
1482 2246 1605 2311 hoc,
1647 2252 1703 2300 et
1733 2242 1876 2298 indi-

288 2356 430 2409 cium
472 2352 655 2407 multm
693 2346 1060 2404 beatitudinis.
1102 2342 1419 2410 Quomodo?
1461 2337 1614 2408 Quod
1659 2344 1874 2391 vocatur

216 2472 221 2477 -
292 2444 505 2513 quidem
541 2441 679 2496 Deus
700 2439 816 2494 cadi
848 2447 901 2492 et
941 2446 1125 2499 terra},
1157 2434 1297 2488 sicut
1325 2440 1380 2485 et
1404 2432 1665 2501 gentium,
1698 2436 1879 2497 quate-

295 2550 395 2591 nus
425 2551 487 2590 ca
515 2534 722 2589 creavit
750 2538 803 2587 et
832 2538 917 2584 est
945 2527 1238 2583 fabricatus
1262 2540 1278 2590 ;
1309 2524 1523 2578 illorum
1555 2530 1736 2577 autem
1769 2534 1881 2574 san-

293 2638 505 2683 ctorum
537 2641 645 2680 non
680 2624 772 2690 ita,
822 2620 915 2677 sed
958 2620 1097 2681 sicut
1124 2617 1317 2688 aliquis
1341 2627 1628 2687 germanus
1656 2612 1883 2667 amicus.

298 2719 559 2789 Exemplo
590 2716 743 2771 vobis
768 2714 872 2769 hoc
902 2710 1124 2768 reddam
1154 2708 1513 2779 perspicuum.
1543 2704 1694 2761 Sicut
1737 2704 1790 2759 in
1824 2702 1886 2757 iis

297 2812 385 2882 qui
418 2818 545 2865 sunt
573 2808 625 2863 in
668 2805 876 2876 magnis
902 2802 1130 2868 uadibus,
1168 2799 1382 2871 quando
1408 2798 1571 2869 aliqui
1611 2812 1678 2853 ex
1706 2797 1771 2852 iis
1798 2796 1889 2866 qui

301 2912 541 2974 [.razsnnt
566 2899 781 2956 familiae
805 2905 929 2953 sunt
956 2896 1008 2950 in
1041 2908 1231 2964 magna
1257 2890 1678 2957 existimatione,
1708 2889 1890 2945 omnia

298 2995 702 3057 administrant,
732 2998 786 3045 et
810 2986 951 3059 apud
978 2986 1227 3042 dominos
1261 2998 1510 3056 magnam
1535 2981 1735 3037 habent
1764 2980 1890 3036 ﬁdu-

298 3091 460 3152 ciam,
489 3087 561 3141 ab
580 3085 709 3157 ipsis
739 3092 961 3140 vocatur
985 3080 1237 3137 dominus
1266 3096 1279 3132 :
1314 3085 1367 3133 et
1396 3076 1595 3133 multos
1622 3074 1895 3129 inveneris

298 3181 380 3236 sic
402 3177 682 3249 appellari.
706 3173 842 3243 Quid
864 3182 1045 3228 autem
1069 3169 1224 3226 dico?
1246 3167 1500 3224 sicutdici
1524 3176 1733 3238 poterat
1758 3166 1897 3220 Deus

305 3290 411 3327 non
436 3271 699 3341 gentium,
727 3267 822 3324 sed
865 3266 1033 3321 totius
1075 3264 1223 3320 orbis
1259 3271 1439 3329 terrae,
1483 3261 1554 3316 ita
1597 3261 1759 3316 etiam
1787 3258 1894 3314 dici

305 3373 515 3436 potth
545 3364 683 3418 Deus
712 3359 1008 3416 Abraham.
1040 3356 1147 3413 Sed
1179 3355 1401 3412 nescitis
1431 3362 1630 3426 quanta
1672 3354 1743 3408 sit
1782 3352 1899 3407 huic

306 3458 560 3527 dignitas,
587 3454 841 3525 muniam
872 3465 975 3507 nec
1004 3464 1121 3505 eam
1172 3448 1529 3518 assequimur.
1572 3444 1725 3502 Sicut
1753 3443 1898 3499 enim

312 3549 453 3604 Dens
481 3561 621 3601 nunc
648 3545 843 3601 dicitur
871 3542 1126 3598 Dominus
1159 3538 1581 3596 Christianorum
1632 3534 1895 3603 omnium,

310 3655 365 3698 et
391 3652 568 3698 tamen
595 3641 697 3698 hoc
732 3655 926 3696 nomen
956 3648 1193 3694 nostram
1221 3645 1437 3707 superat
1467 3634 1782 3706 dignitatem
1814 3635 1898 3690 :si

1914 376 2067 433 CAP.
2114 372 2207 429 Kl.
2254 369 2482 426 llOltllL.
2527 364 2723 424 XXI".

1936 487 2086 560 ‘qnis
2112 480 2375 541 accedens
2416 476 2654 543 dixerit,
2684 472 2782 529 llic
2809 469 2894 527 vel
2930 468 3023 525 ille
3060 465 3202 523 mala
3248 463 3377 520 facit
3407 464 3569 518 innu-

3456 358 3558 412 I70

1971 555 2274 642 inerabilia,
2299 570 2557 643 numquid
2587 577 2672 625 est
2692 578 2884 625 servus
2911 561 3072 618 tuus?
3100 558 3281 615 statim
3313 555 3569 621 dicimus,

1967 666 2352 743 Nequaquam;
2377 665 2638 737 probrum
2669 656 3049 736 propulsantes
3075 670 3089 706 :
3117 660 3203 707 est
3236 649 3382 706 enim
3412 660 3573 743 servo

1968 764 2035 819 ad
2063 736 2343 818 dominum
2366 736 2628 812 habitudo
2649 761 2705 807 et
2732 748 2949 814 relatio,
2976 755 3034 801 et
3062 741 3355 815 ignominia
3386 736 3574 795 abillo

1967 857 2036 911 ad
2066 854 2210 909 hunc
2236 850 2469 906 transit:
2520 845 2691 900 multo
2722 840 2892 913 magis
2932 838 3093 893 Deus.
3143 833 3252 891 Sed
3294 832 3371 888 illi
3415 840 3576 889 erant

1970 949 2108 1006 adeo
2133 943 2378 1018 przeclari
2403 984 2417 1009 ,
2462 950 2518 997 et
2544 948 2686 994 tanta
2716 935 2864 1007 pleni
2895 931 3088 988 ﬁducia
3118 970 3133 996 ,
3167 936 3225 983 ut
3255 942 3363 984 non
3393 926 3572 983 solum

1978 1056 2086 1097 non
2114 1017 2460 1095 erubesceret
2486 1032 2554 1087 ab
2590 1029 2696 1085 illis
2733 1025 2913 1083 vocari
2940 1066 2956 1090 ,
2987 1021 3082 1079 sed
3110 1021 3273 1077 etiam
3305 1018 3375 1076 de
3402 1033 3463 1075 se
3487 1017 3575 1074 di-

1968 1143 2150 1198 ceret,
2182 1128 2295 1203 Ego
2321 1144 2434 1183 sunt
2465 1125 2599 1180 Deus
2628 1121 2888 1177 Abraham
2909 1160 2923 1185 ,
2957 1116 3099 1171 Deus
3141 1113 3327 1181 Isaac,
3357 1121 3406 1168 et
3434 1110 3573 1166 Deus

1971 1225 2135 1283 Iacob
2163 1202 2363 1296 (Exod.
2390 1220 2442 1275 ὅ.
2473 1216 2551 1285 6).
2577 1216 2760 1271 Simus
2789 1226 2920 1282 ergo
2947 1224 3047 1264 nos
3069 1219 3286 1277 quoque
3307 1246 3323 1272 ,
3352 1219 3386 1260 ο
3424 1202 3563 1259 dile-

1971 1323 2042 1378 cti
2067 1363 2082 1389 ,
2114 1318 2359 1389 hospites
2383 1357 2398 1383 ,
2432 1328 2500 1369 ne
2547 1312 2714 1367 Deum
2746 1306 2913 1362 nostri
2954 1302 3149 1375 pudeat
3174 1341 3189 1365 ,
3224 1314 3293 1354 ne
3337 1296 3570 1369 pudeat.

1975 1388 2301 1483 inquam,et
2332 1421 2430 1461 nos
2461 1402 2636 1459 tradat
2662 1401 2945 1471 gehennai.
2986 1394 3148 1451 Tales
3182 1399 3336 1447 erant
3374 1388 3448 1443 illi
3475 1390 3568 1460 qui

1971 1480 2255 1567 dicebant,
2280 1496 2519 1562 Domine,
2549 1508 2716 1548 nonne
2734 1493 2787 1544 in
2809 1488 3011 1544 nomine
3035 1496 3119 1538 tuo
3138 1480 3574 1554 propltetavimus,

1974 1606 2020 1650 et
2047 1595 2099 1649 in
2117 1592 2319 1648 nomine
2340 1599 2426 1643 tuo
2456 1585 2644 1642 multas
2666 1585 2871 1638 virtutes
2893 1580 3103 1651 fecimus
3124 1574 3342 1647 (Halm.
3367 1574 3421 1627 7.
3444 1570 3576 1641 32)?

1980 1688 2086 1744 Sed
2118 1684 2239 1741 vide
2263 1682 2390 1754 quid
2428 1680 2533 1734 illis
2559 1677 2704 1734 dicat
2725 1674 2976 1731 Christus
3008 1686 3025 1730 ι
3062 1668 3248 1724 Nescio
3274 1682 3361 1721 vos
3387 1680 3405 1719 :
3432 1662 3577 1734 quod

1972 1778 2191 1849 quidem
2237 1772 2465 1831 fecerint
2506 1768 2770 1825 malorum
2800 1776 3083 1821 servorum
3125 1758 3327 1815 domini
3368 1757 3436 1811 ad
3482 1770 3579 1810 eos

1974 1846 2402 1934 accurrentium,
2434 1863 2691 1936 probrum
2720 1857 2963 1915 volentes
2998 1853 3349 1926 propulsare.
3386 1846 3577 1904 Nescio

1976 1983 2063 2021 eos
2077 2007 2094 2033 ,
2122 1963 2312 2035 inquit.
2333 1957 2616 2029 Quomodo
2636 1968 2767 2027 ergo
2789 1952 2947 2025 punis
2967 1964 3103 2022 quos
3128 1946 3341 2004 nescis?
3362 1944 3577 2012 Nescio,

1985 2061 2143 2115 aliter
2167 2056 2278 2113 dixi
2304 2074 2317 2111 ;
2350 2054 2452 2111 hoc
2476 2061 2585 2118 est,
2611 2062 2709 2105 vos
2735 2062 2873 2119 nego
2897 2054 2953 2102 et
2980 2058 3195 2100 recuso.
3221 2041 3329 2099 Sed
3351 2039 3495 2097 absit
3520 2046 3580 2093 ut

1982 2167 2081 2208 nos
2106 2149 2387 2206 audiamus
2425 2146 2577 2200 hanc
2604 2154 2792 2197 vocem
2820 2138 3106 2195 exitiosam
3128 2144 3183 2191 et
3214 2130 3575 2204 tremendam.

1976 2245 2112 2319 Nam
2139 2244 2217 2309 si,
2260 2240 2350 2313 qui
2376 2238 2652 2295 daemones
2692 2232 2978 2305 ejiciebant
3018 2241 3071 2287 et
3114 2227 3422 2299 prophetias
3448 2239 3581 2296 pro-

1983 2333 2245 2400 ferebant,
2278 2328 2529 2401 abnegati
2572 2336 2734 2392 sunt,
2764 2323 3017 2394 quoniam
3050 2320 3213 2375 vitam
3254 2333 3361 2373 non
3412 2318 3582 2374 habe-

1987 2439 2116 2491 bant
2146 2431 2329 2488 verbis
2380 2427 2795 2485 convcnientem
2822 2464 2837 2487 ,
2869 2428 3071 2492 quanto
3118 2418 3287 2489 magis
3342 2414 3484 2471 nos?
3520 2414 3583 2470 Et

1987 2522 2282 2597 quomodo,
2318 2520 2514 2590 inquit,
2548 2516 2661 2572 fieri
2692 2523 2868 2586 potest
2900 2521 2957 2567 ut
2987 2509 3077 2581 qui
3103 2507 3414 2580 prophetias
3440 2504 3595 2561 exhi-

1988 2615 2222 2672 buerunt
2248 2656 2262 2679 ,
2292 2622 2347 2667 et
2375 2610 2526 2683 signa
2565 2606 2810 2663 iecerunt
2830 2645 2845 2672 ,
2889 2613 2946 2660 et
2978 2600 3247 2659 daemonia
3273 2602 3554 2669 eiecerunt
3578 2638 3592 2661 ,

1987 2708 2097 2764 sint
2126 2704 2347 2777 negati?
2378 2703 2476 2759 Est
2504 2696 2799 2757 verisimile
2822 2712 2919 2752 eos
2941 2704 3127 2766 postea
3160 2690 3325 2747 fuisse
3351 2696 3592 2744 mutatus

1988 2810 2045 2856 et
2072 2798 2314 2856 evasisse
2343 2794 2516 2851 malos
2542 2809 2556 2846 :
2588 2790 2731 2847 unde
2761 2802 2863 2845 nec
2911 2787 3060 2857 prior
3090 2784 3259 2839 virtus
3286 2783 3395 2838 illis
3434 2778 3594 2851 quid-

1989 2905 2151 2963 quam
2192 2888 2411 2961 proruit.
2452 2886 2566 2943 Non
2596 2884 2770 2941 solum
2822 2881 2968 2937 enim
2994 2878 3462 2947 exordia-oportet
3504 2874 3600 2929 ba.

1991 2982 2123 3039 bere
2151 2981 2409 3053 prmclara
2436 3022 2451 3047 ,
2487 2977 2586 3035 sed
2617 2976 2777 3033 ﬁnem
2819 2974 2982 3031 etiam
3014 2971 3433 3044 pratclariorem.
3465 2968 3599 3025 Nam

1991 3075 2080 3132 dic
2107 3075 2261 3141 mihi,
2285 3089 2465 3130 annon
2493 3083 2680 3129 orator
2702 3077 2883 3141 stupet
2902 3082 2964 3124 ea
2995 3065 3173 3123 facere
3197 3064 3455 3136 prazelara
3479 3078 3601 3135 qua:

1995 3176 2121 3221 sunt
2147 3166 2202 3221 in
2231 3166 2338 3223 line
2362 3164 2645 3227 orationis,
2680 3172 2737 3217 ut
2764 3175 2885 3215 cum
2923 3159 3109 3229 plausu
3134 3154 3392 3213 recedat?
3420 3170 3603 3211 nonne

1996 3259 2089 3330 qui
2117 3259 2303 3315 urbem
2331 3255 2679 3313 administrat
2706 3295 2721 3322 ,
2750 3253 2819 3309 de
2850 3250 3139 3323 splendido
3167 3249 3602 3305 administratio-

1994 3351 2081 3407 nis
2108 3352 2255 3407 exitu
2284 3364 2468 3406 curam
2496 3346 2678 3420 gerit?
2710 3345 2926 3403 Athleta
2965 3345 3012 3399 si
3041 3358 3150 3399 nun
3180 3341 3479 3399 certamina
3511 3354 3603 3397 os-

1996 3441 2183 3499 tendat
2223 3439 2571 3513 pratclariora
2597 3480 2613 3505 ,
2659 3448 2713 3493 et
2740 3436 2808 3493 ad
2840 3436 3002 3493 linem
3052 3450 3224 3506 usque
3254 3434 3473 3500 vincat,
3510 3433 3556 3489 si
3584 3475 3600 3499 ,

1996 3535 2247 3592 omnibus
2269 3533 2426 3589 victis
2448 3574 2463 3599 ,
2496 3531 2659 3586 fuerit
2684 3532 2855 3586 victus
2884 3529 2953 3584 ab
2976 3528 3187 3592 ultimo,
3209 3541 3390 3582 annon
3418 3525 3602 3581 omnia

1996 3638 2124 3685 sunt
2143 3626 2194 3684 ei
2218 3626 2421 3681 inutilia
2447 3625 2471 3679 Υ
2493 3622 2823 3695 gubernator
2841 3622 2886 3676 si
2914 3629 3085 3676 totum
3116 3634 3267 3675 mare
3292 3618 3608 3674 transmise.

313 3744 490 3791 autem
517 3743 741 3790 vocatus
770 3730 929 3787 fuerit
972 3731 1132 3785 unius
1174 3728 1337 3794 Dens,
1369 3727 1546 3796 cogita
1586 3732 1786 3798 quanta
1830 3724 1903 3780 sit
2000 3721 2091 3785 rit,
2124 3732 2264 3774 nave
2292 3718 2345 3771 in
2380 3724 2536 3787 portu
2566 3713 2757 3780 fracta,
2782 3727 2960 3769 nonne
2991 3721 3159 3767 totum
3190 3712 3427 3782 priorem
3460 3709 3609 3766 labo-
3644 3730 3649 3750 ι

315 3825 649 3897 magnitudo.
691 3824 839 3880 Deus
878 3821 1025 3878 orbis
1070 3830 1229 3877 teme
1261 3835 1367 3875 non
1413 3818 1685 3875 erubescit
1725 3817 1908 3874 vocari
2006 3830 2121 3871 rem
2150 3810 2369 3869 amisit?
2411 3810 2547 3879 Quid
2576 3823 2707 3864 vero
2738 3806 3019 3863 medicus?
3045 3806 3091 3860 si
3120 3813 3323 3876 aegroto
3348 3819 3379 3859 a
3407 3802 3601 3859 morbo

317 3921 478 3974 trium
515 3917 689 3984 Deus;
716 3926 772 3972 et
810 3915 1003 3971 merito
1036 3931 1050 3968 :
1081 3928 1190 3969 non
1232 3914 1376 3969 enim
1414 3912 1560 3968 orbis
1602 3921 1779 3976 terrm,
1809 3910 1905 3967 sed
2001 3907 2262 3974 liberato,
2294 3919 2416 3961 cum
2444 3918 2567 3960 eum
2621 3902 2853 3973 perfecte
2877 3900 2946 3955 sit
2977 3898 3301 3955 liberaturus
3326 3939 3342 3965 ,
3376 3906 3505 3954 tunc
3525 3898 3609 3952 in-

321 4009 792 4066 inunmerabilium
824 4005 1091 4079 ejusmodi
1122 4005 1293 4062 instar
1328 4015 1454 4061 sunt
1494 4006 1686 4061 sancti.
1722 4004 1910 4059 Melior
2004 4000 2217 4055 teritum
2268 3997 2489 4064 all'erat,
2518 4011 2695 4052 annon
2746 4004 2915 4079 totum
2944 3991 3216 4064 perdidit?
3256 3992 3331 4047 Ita
3360 3990 3525 4063 etiam
3555 3991 3607 4047 in

828 4054 1091 4079 -,__..--_.
1122 4054 1283 4062 -..μη
1329 4054 1453 4061 -_--_
1494 4054 1686 4061 __---___
2476 4054 2488 4064 ,
2946 4054 2960 4064 _

322 4113 395 4157 est
421 4103 563 4157 enim
586 4117 718 4155 unus
748 4100 941 4171 faciens
967 4100 1274 4153 voluntatem
1310 4097 1538 4165 Domini,
1568 4114 1721 4168 quant
1748 4096 1915 4152 decies
2002 4092 2202 4147 virtute
2224 4133 2241 4160 ,
2286 4090 2609 4162 quicumque
2638 4104 2745 4143 non
2778 4054 2931 4142 initio
2973 4060 3390 4155 consequentem
3439 4082 3603 4139 linem

323 4193 461 4247 inille
503 4192 662 4262 iniqui
706 4188 898 4262 (Eccli.
933 4188 1022 4245 16.
1056 4188 1137 4259 '5).
1165 4186 1319 4255 Quod
1358 4196 1535 4242 autem
1576 4187 1785 4259 seipsos
1831 4188 1911 4245 sic

326 4292 586 4340 vorarent
611 4282 851 4353 hospites
879 4290 973 4348 est
991 4280 1358 4354 perspicuum.
1407 4278 1514 4335 Sed
1564 4290 1705 4346 esto,
1740 4280 1827 4337 isti
1858 4296 1918 4339 se
2005 4278 2295 4349 perierunt.
2346 4275 2506 4331 Tales
2530 4282 2655 4330 sunt
2683 4272 2775 4345 qui
2803 4272 2871 4328 ab
2893 4271 3020 4343 ipsis
3045 4269 3261 4342 quidem
3306 4269 3617 4326 carceribus

329 4375 407 4431 sic
432 4375 699 4430 vocabant
722 4374 965 4444 hospites
989 4382 1212 4444 propter
1240 4372 1474 4428 alienam
1517 4383 1715 4429 terram
1735 4391 1758 4445 3
1792 4376 1919 4446 quid
2008 4369 2254 4442 prazclari
2279 4368 2602 4441 superbiqne
2621 4377 2675 4423 et
2695 4366 2818 4422 elati
2840 4363 3199 4435 prosilierunt,
3228 4371 3413 4433 postea
3430 4370 3616 4417 autem

332 4484 459 4524 vero
487 4468 676 4537 David,
705 4483 883 4523 annon
910 4476 1028 4524 erat
1073 4482 1167 4522 rex
1211 4475 1268 4522 et
1296 4465 1608 4539 propheta?
1650 4482 1831 4524 annon
1864 4470 1921 4526 in
2006 4461 2252 4518 dissoluti
2278 4459 2561 4533 ignavique
2586 4466 2641 4514 et
2668 4456 2876 4513 remissi
2905 4456 3153 4510 ruerunt:
3186 4452 3537 4525 quamobrem
3564 4461 3620 4509 et

334 4577 428 4619 sua
450 4562 681 4635 degebat
699 4560 919 4633 patria?
963 4575 1063 4616 cur
1100 4574 1229 4629 ergo
1258 4560 1389 4614 dicit
1422 4581 1436 4617 :
1468 4558 1673 4631 Hospes
1698 4569 1743 4616 et
1774 4577 1920 4632 pere-
2010 4554 2236 4627 praemio
2259 4563 2384 4608 sunt
2408 4550 2621 4624 privati,
2649 4560 2703 4605 et
2728 4563 2757 4603 a
2788 4547 3013 4604 Domino
3045 4561 3150 4601 non
3203 4555 3328 4601 sunt
3356 4543 3541 4616 agniti.

337 4656 514 4728 grinus
557 4670 649 4726 ego
688 4670 800 4709 sum
832 4651 1007 4720 (Psal.
1034 4651 1123 4709 38.
1154 4650 1287 4721 l5)?
1308 4650 1587 4720 Quomodo
1624 4668 1685 4709 es
1726 4654 1924 4724 hospes
2087 4645 2276 4701 Contra
2298 4660 2478 4699 avaros
2506 4654 2553 4697 et
2572 4642 2800 4715 pecuniae
2824 4639 3059 4711 cupidos.
3084 4666 3157 4680 —
3186 4636 3312 4693 llzcc
3339 4636 3621 4694 audiamus

338 4758 391 4805 et
413 4745 764 4822 peregrinus?
796 4744 943 4801 Sicut
965 4759 1158 4812 omnes,
1183 4741 1382 4814 inquit,
1416 4753 1585 4813 patres
1613 4746 1731 4800 mei.
1759 4744 1925 4801 Vides
2022 4740 2113 4810 Qui
2140 4753 2323 4793 amore
2341 4736 2479 4805 Capti
2510 4750 2695 4790 Sllmus
2725 4732 2997 4802 Ροευιιὶως
3026 4745 3090 4785 cn
3120 4739 3203 4786 θὸι
3222 4729 3364 4787 cili!!!
3387 4730 3620 4784 ωειιὶωᾶ

339 4839 481 4909 quod
510 4838 583 4894 illi
623 4850 839 4908 quoque
881 4843 1036 4891 erant
1080 4833 1364 4904 hospites?
1404 4833 1694 4905 Habentes,
1726 4837 1921 4909 inquit,
2018 4830 2275 4902 iniustitia
2299 4846 2312 4882 :
2334 4826 2474 4883 Nam
2502 4826 2654 4881 rudia:
2676 4824 2899 4881 omnium
2923 4823 3173 4879 malorum
3197 4831 3268 4877 est
3297 4836 3443 4876 amor
3469 4835 3623 4891 pecu-

341 4922 706 5000 palriam,sed
743 4938 845 4985 non
876 4936 997 4978 eam
1020 4939 1141 4996 qua:
1163 4938 1289 4980 vere
1316 4932 1401 4979 eat
1426 4925 1621 4994 patria.
1645 4926 1927 4997 Quomodo
2022 4924 2123 4978 nire
2152 4920 2229 4996 (i.
2249 4919 2380 4976 Tim.
2404 4920 2460 4975 6.
2486 4917 2598 4990 ιο).
2628 4916 2926 4974 Audiamus
2940 4916 3032 4987 qui
3052 4928 3185 4986 quas
3212 4913 3510 4970 habeamus
3539 4910 3623 4968 fa-

705 5014 1169 5119 bospeslT_errai.
1200 5018 1342 5119 Srge
1369 5022 1445 5080 illi
1478 5038 1692 5096 quoque
1719 5036 1877 5083 terra:
1904 5045 1919 5083 ε
2018 5018 2246 5075 cultates
2268 5060 2284 5087 ,
2330 5015 2621 5087 ampliores
2658 5012 2903 5070 volumus
2928 5010 3185 5076 efﬁcere;
3217 5008 3521 5075 audiamus,
3569 5016 3625 5065 et

334 5110 389 5157 ut
403 5103 557 5205 enim
588 5104 684 5170 illi.
708 5106 788 5162 sic
814 5106 936 5176 iste,
964 5116 1021 5164 et
1048 5111 1285 5167 vtctssim
1318 5112 1416 5205 (b).
2020 5111 2235 5169 tandem
2272 5122 2553 5167 cessemus
2579 5122 2609 5163 a
2649 5107 2801 5179 plura
2844 5104 3080 5162 habendi
3105 5102 3431 5176 cupiditate,
3463 5117 3534 5159 ne
3561 5117 3625 5159 ea

402 5192 453 5299 ii.
495 5191 679 5299 Simus
704 5208 836 5266 ergo
864 5209 963 5299 nos
985 5212 1199 5299 quoque
1226 5216 1368 5299 nunc
1397 5202 1659 5299 hospites,
1684 5220 1751 5262 ne
1779 5222 1912 5264 cru-
2032 5219 2153 5275 qua:
2178 5202 2253 5259 illi
2279 5201 2578 5260 audiamus.
2606 5199 2761 5257 Nunc
2784 5199 2901 5255 ιιωο
2928 5196 3211 5255 audiamus
3236 5204 3293 5253 et
3315 5210 3625 5260 caveamus,

313 5281 515 5365 ,bcscat
534 5283 679 5341 Deus
698 5285 879 5342 vocari
902 5298 1087 5346 "0810f
1114 5289 1281 5347 υευε.
1314 5291 1493 5349 Ρυάθΐ
1513 5304 1599 5352 εει
1626 5297 1768 5355 enim
2034 5324 2103 5365 ne
2131 5318 2259 5364 tunc
2298 5304 2582 5363 .udimus
2607 5321 2622 5358 ε
2650 5315 2796 5360 nunc
2835 5314 2959 5357 cum
2991 5299 3184 5356 ιίηιοη
3210 5295 3495 5355 ,υάίωηω
3519 5336 3537 5366 ν
3566 5310 3637 5352 ne

326 5377 542 5481 9w“?
585 5388 808 5481 Ἥρων
850 5380 1115 5481 "mon"?
1153 5383 1335 5481 Petis.
1377 5396 1434 5443 ει
1478 5390 1871 5449 verecundam!“
1896 5433 1914 5462 ο
2036 5414 2164 5457 tunc
2194 5414 2261 5455 ea
2306 5396 2588 5454 audiamus
2633 5409 2755 5451 cum
2796 5391 3100 5464 supplicio:
3136 5388 3393 5446 Discedite
3434 5404 3468 5443 a
3514 5402 3636 5455 nte,

908 5472 1123 5578 quando
1153 5474 1418 5578 bonorum
1446 5487 1501 5534 et
1528 5479 1821 5551 proborum
1864 5492 1921 5540 et
2035 5506 2310 5563 numquam
2363 5489 2482 5545 novi
2524 5505 2612 5544 eos
2652 5486 2869 5558 (Martii.
2897 5485 2950 5541 7.
2980 5484 3074 5557 25)
3098 5525 3115 5550 ,
3156 5497 3226 5538 ne
3255 5491 3387 5538 tunc
3418 5479 3638 5552 quidem

319 5568 583 5704 ἔινιιξιξω
621 5560 938 5619 colentium.
985 5562 1043 5621 Si
1084 5566 1228 5621 enim
1262 5581 1361 5623 nos
1388 5584 1705 5630 recusamus
1733 5576 1915 5631 vocari
2038 5560 2247 5654 quando
2274 5580 2585 5654 prophetias
2606 5577 2944 5636 exhibebatis
2965 5619 2980 5645 ,
3004 5585 3060 5633 et
3088 5574 3367 5631 diemones
3396 5574 3637 5646 expelle-

360 5665 525 5704 omun
551 5656 818 5704 malorum
844 5668 1123 5704 servorum
1146 5697 1161 5704 -
1194 5667 1251 5704 et
1280 5672 1375 5704 nne
1392 5660 1711 5704 (“millich
1732 5681 1745 5693 -
1789 5674 1840 5704 nl
1869 5668 1912 5704 ci
2038 5676 2172 5704 πως..
2246 5675 2554 5704 u..-:..:...:i..
2599 5683 2677 5704 η...
2884 5672 2970 5704 ι.;η
2999 5668 3202 5704 ..ι;,...;.ι
3234 5684 3448 5704 nnnnnn
3493 5670 3637 5704 .t:...t

360 5656 525 5707 omini
551 5656 818 5709 malorum
844 5668 1123 5712 servorum
1146 5697 1163 5726 ,
1194 5667 1251 5714 et
1280 5672 1375 5716 eos
1392 5660 1747 5734 dimittimus;
1789 5674 1877 5724 et:

2036 5676 2195 5731 batis.
2246 5675 2556 5733 Verisimile
2598 5683 2684 5730 est
2710 5689 2833 5729 eum
2884 5672 2973 5727 hic
2998 5668 3203 5741 aliquid
3234 5684 3448 5740 quoque
3492 5670 3639 5725 aliud

371 5752 444 5816 (α)
470 5750 565 5802 Hic
590 5752 759 5818 incipit
779 5752 976 5804 bomilia
998 5754 1123 5817 apud
1148 5754 1365 5807 Colbert.

371 5828 449 5892 th)
470 5831 580 5884 Huc
602 5834 787 5889 desiuit
810 5837 1004 5891 h'nnilia
1027 5841 1265 5892 vigesima
1282 5846 1453 5892 quarta
1478 5839 1527 5889 in
1552 5838 1685 5889 tiulb.

2035 5769 2415 5835 subindicare,
2450 5783 2643 5839 nempe
2675 5764 2819 5837 quod
2854 5775 2981 5821 tunc
3007 5764 3170 5820 etiam
3199 5762 3444 5833 improbo
3471 5764 3637 5818 vitam

2037 5863 2297 5892 ΛηιιηΙι-ηιι
2319 5879 2329 5890 α
2355 5862 2505 5892 inhi“
2529 5871 2704 5892 nolle-Ir.
2731 5862 2889 5892 ntiqu-
2922 5875 3016 5892 ,μιν
3043 5856 3286 5892 indigum
3317 5857 3637 5892 nunmlvslnr

520 5846 580 5884 uc
602 5837 787 5889 desum
810 5837 1004 5891 imm"
1027 5841 1265 5906 “sesama
1282 5846 1453 5905 quam
1478 5839 1527 5889 iu
1552 5838 1685 5889 om“
2036 5863 2329 5920 ducebant:
2352 5862 2505 5921 initio
2528 5837 2707 5919 autem
2730 5862 2891 5918 etiam
2922 5875 3016 5929 per
3042 5856 3289 5931 indignos
3317 5857 3641 5929 operabatur

2005 4184 2376 4255 imposuerunt
2422 4192 2922 4251 consonanteinqne
2948 4188 3004 4235 et
3024 4175 3615 4250 congruentem,plane
3708 4176 3711 4189 ‘
