4122 6338
597 303 688 363 ΠΙ

582 427 772 496 gratia.
799 424 930 482 Nam
954 425 1001 481 si
1031 434 1248 497 operata
1273 437 1356 481 est
1376 442 1471 495 per
1498 426 1713 479 Balaam
1742 466 1757 491 ,
1788 429 1957 481 multo
1986 426 2155 497 magis

582 535 677 589 per
714 519 958 592 indignos
985 561 1001 587 ,
1033 530 1250 591 propter
1276 534 1374 576 eos
1411 519 1499 589 qui
1530 528 1686 574 erant
1714 517 2059 574 lucrifacturi.
2092 518 2151 575 Si

580 621 758 666 autem
786 622 840 667 et
870 612 1017 682 signa
1046 620 1098 666 et
1123 610 1361 681 prodigia
1400 624 1506 665 non
1539 618 1824 680 potuerunt
1852 608 2082 666 liberare
2120 627 2150 665 a

579 702 877 773 supplicio:
905 700 1074 756 multo
1099 700 1287 771 magis,
1317 701 1526 756 etiamsi
1552 702 1674 771 quis
1701 701 1773 755 sit
1813 700 1865 755 in
1896 698 2152 772 dignitate

580 792 931 859 sacerdotali,
962 792 1169 848 etiamsi
1197 793 1262 847 ad
1292 808 1558 848 summum
1586 792 1846 848 honorem
1889 808 2148 863 pervene-

580 886 686 949 rit,
716 885 924 941 etiamsi
956 886 1021 941 ad
1067 901 1319 941 manuum
1374 886 1768 955 impositionem
1816 896 2033 957 operata
2080 887 2153 942 sit

575 978 737 1042 gratia
762 1018 776 1041 ,
815 987 870 1033 et
896 977 961 1032 ad
992 977 1093 1032 alia
1130 979 1304 1033 omnia
1344 986 1561 1048 propter
1588 992 1683 1032 eos
1717 978 1805 1057 qui
1832 987 1990 1049 egent
2028 978 2128 1033 de-

574 1069 813 1125 tensioue
856 1079 912 1126 et
959 1070 1256 1140 patrocinio
1280 1110 1296 1135 ,
1340 1070 1453 1141 ipse
1482 1086 1693 1142 quoque
1718 1070 1897 1127 audiet
1932 1088 1945 1125 :
1976 1070 2146 1127 Num-

572 1178 729 1231 quam
758 1172 811 1218 te
840 1163 983 1228 novi,
1010 1177 1079 1217 ne
1106 1170 1230 1217 tunc
1258 1162 1497 1232 quidem,
1523 1161 1738 1233 quando
1760 1161 1812 1217 in
1840 1172 1893 1218 te
1923 1171 2142 1233 operata

571 1260 654 1307 est
680 1252 871 1321 gratia.
904 1251 1081 1323 Papae,
1108 1262 1301 1322 quanta
1333 1260 1415 1307 est
1443 1251 1551 1308 illic
1576 1252 1699 1307 vita:
1726 1242 1937 1307 munda:
1966 1253 2145 1323 inqui-

571 1344 730 1397 sitio!
762 1342 1034 1415 quomodo
1064 1343 1175 1412 ipsa
1199 1358 1293 1412 per
1322 1356 1379 1397 se
1408 1341 1604 1399 sullicit
1631 1342 1698 1397 ad
1722 1357 1820 1398 nos
1846 1344 1898 1399 in
1923 1358 2142 1415 regnum

571 1434 950 1490 adducendus?
996 1435 1039 1489 si
1080 1435 1218 1489 absit
1244 1446 1424 1491 autem
1449 1477 1466 1502 ,
1494 1435 1665 1490 virum
1683 1434 1867 1514 prodit
1889 1477 1903 1500 ,
1934 1437 2142 1492 etiamsi

572 1528 736 1597 possit
763 1524 1052 1582 ostendere
1081 1525 1226 1581 mille
1252 1526 1402 1597 signa
1431 1534 1485 1581 et
1526 1526 1789 1596 prodigia.
1831 1525 1971 1582 Nihil
1997 1525 2142 1583 enim

569 1618 734 1673 Deum
768 1626 912 1670 tanta
939 1615 1107 1672 ailicit
1138 1616 1341 1679 laetitia,
1372 1626 1566 1688 quanta
1594 1618 1716 1673 vitte
1758 1619 1896 1674 bona
1926 1619 2141 1675 institu-

568 1711 662 1765 tio.
694 1709 756 1766 Si
781 1710 993 1781 diligitis
1022 1725 1129 1773 me,
1164 1709 1372 1780 inquit,
1405 1725 1510 1765 non
1541 1710 1710 1775 dixit,
1748 1712 1907 1782 Signa
1938 1712 2095 1771 facite
2122 1755 2139 1781 ,

567 1801 664 1857 sed
696 1800 860 1871 quid?
904 1800 1147 1854 mandata
1194 1816 1304 1855 mea
1350 1810 1544 1857 servate
1588 1800 1764 1874 (Joan.
1797 1804 1885 1859 14.
1927 1804 2040 1873 15).
2074 1805 2143 1862 Et

565 1905 753 1949 rursus
776 1910 789 1946 :
823 1892 1025 1946 Amicos
1049 1907 1135 1945 nos
1161 1891 1275 1945 dico
1299 1932 1315 1957 ,
1360 1906 1465 1946 non
1496 1893 1709 1963 quando
1734 1894 1997 1950 dmmonia
2026 1897 2142 1967 eje-

564 1984 775 2045 ceritis,
807 1981 902 2038 sed
924 2022 940 2045 ,
970 1982 1016 2037 si
1042 1996 1293 2037 sermones
1317 1998 1453 2036 meos
1487 1985 1797 2039 serrareritis
1827 1980 2020 2056 (Joan.
2048 1987 2137 2043 l5.

567 2073 655 2129 l0.
687 2072 801 2145 15).
844 2072 977 2128 Nam
1028 2071 1117 2126 illa
1144 2071 1359 2143 quidem
1387 2082 1510 2129 sunt
1537 2073 1663 2129 doni
1707 2074 1834 2140 Dei;
1887 2076 2003 2132 [me
2045 2092 2135 2133 au-

565 2174 672 2220 tem
702 2173 823 2233 post
850 2162 1049 2218 donum
1083 2162 1175 2219 Dei
1214 2173 1339 2218 sunt
1365 2163 1525 2219 etiam
1551 2165 1717 2220 nostri
1745 2166 1905 2221 studii
1936 2177 1991 2223 et
2019 2167 2140 2222 dili-

562 2256 781 2327 gentiae.
809 2253 1132 2309 Studeamus
1159 2268 1281 2309 esse
1314 2253 1469 2309 amici
1502 2255 1627 2320 Dei,
1651 2267 1705 2309 et
1731 2272 1796 2311 ne
1830 2272 2139 2315 maneamus

565 2352 790 2411 inimici.
824 2353 949 2411 ιιωο
972 2369 1186 2426 semper
1207 2354 1457 2420 dicimus,
1484 2353 1675 2409 horum
1701 2367 1916 2425 semper
1944 2354 2130 2411 admo-

559 2464 751 2503 nemus
780 2456 836 2502 et
876 2447 1121 2517 nosipsos
1145 2456 1201 2503 et
1239 2461 1371 2512 vos;
1396 2445 1492 2501 sed
1541 2446 1673 2501 nihil
1704 2447 1933 2516 amplius
1962 2446 2133 2503 emcr-

559 2557 715 2606 mus,
736 2548 794 2595 et
838 2538 961 2595 ideo
989 2538 1173 2594 timeo.
1205 2539 1273 2595 Et
1301 2538 1496 2594 vellem
1524 2537 1738 2609 quidem
1787 2538 2037 2603 siluisse,
2070 2555 2135 2594 ne

560 2634 710 2688 vobis
737 2646 961 2703 augeam
1006 2630 1299 2701 periculum
1324 2647 1338 2683 :
1366 2645 1491 2685 nam
1521 2645 1665 2701 smpe
1693 2630 1997 2687 audientem
2031 2648 2135 2688 nec

1272 322 1329 380 s.
1366 320 1640 381 JOANNIS
1675 314 2142 379 CHRYSOSTOMI
2180 314 2489 372 ARClllEP.
2528 313 3055 374 consumma

3714 313 3814 373 ns

2250 424 2354 481 hoc
2379 439 2564 481 mense
2589 439 2958 496 expugqemus
2987 422 3330 480 maledictum
3356 466 3372 492 ,
3403 428 3788 483 contumeliam
3816 470 3831 492 ,

2249 514 2384 571 iram
2417 516 2663 586 injustam
2688 556 2703 578 ,
2731 525 2785 570 et
2812 514 2969 571 nobis
2995 514 3334 585 imponamus
3364 514 3534 587 legem
3556 559 3571 581 ,
3600 528 3655 573 et
3681 518 3829 574 dica-

2249 624 2401 674 mus,
2433 608 2603 664 llodie
2652 608 2753 663 hoc
2780 618 2925 663 recte
2962 607 3223 664 iaciemus
3270 626 3284 663 :
3326 618 3380 665 et
3418 611 3469 665 in
3510 610 3616 664 alio
3645 627 3833 669 menso

2248 715 2347 755 nos
2370 702 2513 773 ipsos
2540 701 2832 755 doceamus
2858 700 3173 769 patientiam
3200 740 3215 767 ,
3243 709 3299 755 et
3327 701 3379 755 in
3406 701 3512 755 alio
3534 702 3693 756 aliam
3720 704 3829 758 viro

2248 802 2413 848 tutem
2440 836 2457 860 ,
2499 803 2553 848 et
2576 807 2699 848 cum
2725 794 2792 847 ad
2817 792 2973 863 hujus
3002 792 3214 849 virtutis
3247 796 3646 864 pervenerimus
3676 797 3830 851 habi-

2247 894 2357 941 tum
2382 927 2398 951 ,
2443 886 2720 941 veniamus
2740 884 2809 941 ad
2838 885 3013 950 aliam,
3045 884 3181 939 sicut
3216 884 3268 940 in
3296 885 3593 956 disciplinis
3621 902 3684 942 ea
3711 904 3831 956 qua:

2247 986 2374 1034 sunt
2403 977 2664 1046 acquisita
2693 984 2971 1032 servantes
2994 1017 3011 1041 ,
3052 985 3109 1030 et
3146 976 3250 1031 alia
3296 988 3653 1034 sssumentes.
3703 978 3832 1034 Pest

2246 1070 2391 1125 illam
2421 1069 2699 1125 veniamus
2741 1067 2808 1123 ad
2852 1076 3220 1137 contempturus
3264 1071 3551 1139 pecuniae:
3595 1070 3827 1142 primum

2245 1175 2434 1217 manus
2476 1160 2847 1217 contineamus
2900 1160 2969 1214 ab
3020 1158 3245 1216 avaritia
3292 1168 3349 1215 et
3396 1161 3547 1231 plura
3596 1162 3831 1218 habendi

2249 1253 2562 1324 cupiditate,
2590 1261 2647 1308 et
2674 1260 2801 1307 tunc
2830 1251 3086 1307 faciamus
3113 1252 3509 1325 eleemosynam
3536 1271 3549 1308 :
3580 1270 3685 1310 non
3712 1271 3831 1310 om-

2245 1344 2332 1399 nia
2364 1354 2567 1399 temere
2592 1341 3006 1409 conl‘undamus,
3040 1341 3225 1398 iisdem
3257 1344 3503 1399 manibus
3530 1353 3585 1400 et
3614 1347 3829 1415 rapien-

2246 1444 2328 1491 tes
2352 1443 2407 1490 et
2436 1434 2627 1489 dantes
2656 1434 3095 1504 eleemosynam:
3129 1444 3311 1504 postea
3355 1434 3423 1490 ad
3470 1436 3626 1493 aliam
3659 1438 3829 1492 virtu-

2248 1536 2354 1582 tem
2376 1569 2392 1591 ,
2421 1534 2477 1581 et
2505 1525 2575 1581 ab
2606 1524 2694 1581 illa
2722 1523 2787 1579 ad
2813 1523 2992 1579 aliam.
3030 1522 3315 1594 Turpitudo
3361 1537 3408 1582 et
3455 1530 3829 1599 stultiloquium

2246 1628 2293 1674 et
2331 1617 2615 1673 scurrilitas
2645 1634 2707 1672 ne
2750 1617 3039 1671 nominetur
3066 1617 3272 1688 quidem
3308 1621 3449 1688 apud
3487 1638 3572 1695 vos
3608 1619 3825 1695 (Ephes.

2246 1708 2300 1765 5.
2361 1707 2441 1779 ι).
2501 1706 2627 1763 llaec
2667 1707 2877 1762 interitu
2914 1716 3060 1763 recte
3108 1723 3382 1779 geramus.
3431 1694 3548 1765 Νυῗι
3580 1727 3714 1782 Opus
3748 1724 3833 1770 est

2246 1808 2460 1868 sumptu
2481 1839 2497 1863 ,
2541 1812 2647 1852 non
2687 1797 2906 1865 labore,
2936 1812 3041 1853 non
3072 1797 3307 1855 sudore:
3337 1799 3533 1857 sufﬁcit
3564 1803 3739 1870 velle,
3776 1815 3831 1862 et

2248 1889 2494 1949 coniecta
2524 1899 2650 1945 sunt
2671 1892 2867 1945 omnia.
2898 1889 3014 1946 Non
3038 1902 3118 1948 est
3147 1907 3282 1962 opus
3310 1910 3555 1965 magnam
3578 1897 3714 1953 viam
3744 1900 3827 1955 iu-

2246 1981 2417 2055 gredi,
2448 1996 2619 2051 neque
2646 1982 2961 2038 immensum
3010 1998 3158 2055 mare
3185 1986 3565 2055 transmittere,
3595 1989 3689 2045 sed
3718 2002 3832 2045 stu-

2241 2074 2382 2128 dium
2418 2072 2672 2130 adhibere
2708 2085 2762 2131 et
2794 2091 2914 2134 esse
2953 2090 3198 2151 prompto
3226 2093 3279 2136 et
3308 2082 3471 2137 alacri
3514 2083 3694 2137 animo
3716 2123 3733 2147 ,
3760 2091 3816 2137 et

2243 2163 2432 2233 linguae
2461 2164 2667 2220 frenum
2687 2168 2957 2238 imponere
2982 2181 3165 2227 contra
3188 2173 3514 2244 importunus
3540 2184 3817 2230 contume-
3880 2220 3885 2225 .

2242 2253 2358 2308 lias.
2393 2252 2533 2318 iras,
2570 2256 2804 2327 impurus
2846 2258 3093 2317 libidines
3114 2304 3128 2326 ,
3154 2262 3374 2318 delicias
3395 2305 3411 2327 ,
3443 2274 3690 2334 sumptus
3732 2263 3816 2318 ni-

2241 2346 2412 2411 inios,
2464 2349 2705 2417 pecuniie
2745 2352 3101 2421 cupiditates,
3138 2354 3368 2424 perjuria
3417 2366 3473 2411 et
3513 2356 3816 2425 iuramenta

2239 2434 2451 2491 assidua
2481 2454 2510 2491 a
2543 2450 2718 2495 nostra
2742 2444 3084 2511 expellamus
3111 2445 3311 2500 anima.
3344 2445 3401 2503 Si
3431 2461 3527 2501 nos
3552 2447 3631 2503 sic
3668 2447 3817 2501 cola-

2241 2541 2393 2594 mus,
2423 2528 2604 2600 spinas
2640 2545 2760 2601 qua:
2803 2532 2950 2601 prius
2977 2545 3131 2590 erant
3173 2536 3466 2593 evellentes
3488 2580 3503 2603 ,
3535 2548 3590 2593 et
3632 2551 3818 2592 semen

2241 2619 2455 2675 cmleste
2486 2619 2807 2691 injicientes,
2837 2608 3135 2694 poterimus
3161 2627 3299 2682 bona
3331 2630 3593 2697 promissa
3624 2641 3820 2683 conse-

561 2726 639 2781 sie
667 2724 880 2795 quidem
912 2723 1086 2779 facere
1106 2764 1124 2788 ,
1168 2726 1273 2779 hoc
1296 2732 1380 2778 est
1428 2722 1709 2777 Dominum
1741 2724 1953 2780 irritare
1983 2742 1997 2777 :
2040 2726 2134 2779 sed
2232 2714 2345 2784 ιιιιῑ·
2394 2715 2592 2773 Veniet
2615 2719 2758 2776 enim
2797 2720 3028 2792 θετῖοοιδ
3056 2764 3072 2788 .
3102 2733 3157 2779 θι
3202 2740 3298 2780 n08
3340 2737 3565 2795 reponet
3613 2727 3667 2783 in
3694 2727 3823 2784 hor-

562 2816 674 2885 ipse
701 2829 913 2886 quoque
947 2814 1110 2869 timeo
1147 2812 1292 2868 aliud
1334 2812 1627 2882 periculum
1657 2812 1892 2877 silentii,
1923 2814 1967 2869 si
2002 2814 2132 2869 taci-

566 2917 714 2959 turus
742 2906 844 2959 sim
869 2947 884 2970 ,
912 2919 1035 2959 cum
1062 2903 1213 2960 verbi
1241 2903 1595 2959 ministerium
1625 2905 1689 2959 sit
1721 2906 1851 2960 mihi
1880 2907 2134 2968 commis-

564 3012 707 3052 sum.
741 2996 877 3065 Quid
905 3011 1035 3067 ergo
1063 2995 1319 3051 iaciemus
1345 3003 1402 3048 ut
1427 2994 1558 3049 salvi
1581 2994 1787 3048 simus?
1816 2995 2138 3065 Incipiamus

563 3106 629 3144 ex
685 3090 879 3144 virtute
923 3089 1136 3154 vivere,
1166 3085 1292 3142 dmn
1339 3096 1549 3156 tempus
1591 3085 2138 3144 habemusnirtutes

566 3180 722 3233 nutus
743 3178 1155 3242 distribuamus,
1179 3176 1322 3231 sicut
1353 3176 1735 3245 agriculturam
1761 3178 2011 3249 agricola:
2035 3196 2050 3235 :
2086 3179 2139 3235 in

2248 2821 2423 2872 reum.
2440 2817 2505 2864 ,et
2530 2810 2667 2864 bona
2696 2812 2874 2867 omnia
2902 2826 3328 2886 consequemur:
3352 2833 3471 2886 qua:
3491 2816 3647 2873 detu'r
3668 2819 3825 2874 nobis

2250 2900 2497 2955 omnibus
2522 2901 2770 2959 obtinere
2792 2943 2809 2971 ,
2838 2907 3009 2974 gratia
3040 2918 3093 2962 et
3124 2908 3450 2981 benignitate
3477 2911 3685 2966 Domini
3720 2928 3823 2967 no-

2250 2991 2347 3045 stri
2376 2990 2502 3047 Jesu
2531 2992 2773 3061 Christi,
2827 3010 2949 3052 cum
2994 3014 3101 3066 quo
3132 2998 3277 3055 Patri
3321 3016 3423 3055 una
3462 3018 3584 3058 cum
3636 3014 3822 3060 sancto

2250 3080 2449 3150 Spiritu
2476 3084 2645 3153 gloria
2672 3127 2686 3152 ,
2719 3087 2999 3157 imperium
3026 3130 3041 3153 ,
3089 3088 3261 3146 honor
3288 3103 3340 3147 et
3367 3092 3609 3149 adoratio
3627 3136 3644 3162 ,
3679 3110 3825 3152 nunc

2248 3183 2302 3229 et
2331 3189 2564 3243 semper,
2590 3186 2645 3231 et
2671 3177 2723 3231 in
2753 3178 2947 3234 sa-eula
2977 3181 3314 3238 saeculorum.
3344 3187 3535 3241 Amen.

568 3333 3800 3366 MM

1955 3360 2302 3476 nonius
2343 3414 2547 3478 xxv.
3469 3398 3512 3451 ⁸

563 3533 689 3588 Car.
725 3534 806 3589 Η.
844 3532 932 3589 17.
968 3532 1098 3588 Fide
1128 3533 1318 3589 obtulit
1344 3535 1598 3589 Abraham
1620 3534 1803 3603 Isaac,
1833 3552 1945 3589 cum
1976 3544 2140 3590 tenta-

632 3634 791 3689 retur,
809 3634 857 3680 et
878 3625 1189 3695 unigenitum
1205 3626 1370 3694 ﬁlium
1385 3624 1645 3693 oﬁ'erebat,
1664 3627 1714 3680 in
1734 3643 1835 3697 quo
1849 3637 2141 3697 susceperat

632 3717 1043 3785 repromissiones
1063 3731 1081 3771 :
1099 3717 1185 3773 18.
1205 3717 1274 3771 ad
1287 3734 1431 3782 quem
1442 3718 1629 3772 dictum
1645 3729 1729 3772 est
1739 3761 1755 3785 ,
1769 3720 1820 3773 in
1835 3717 1985 3773 Isaac
1997 3735 2143 3774 voca-

635 3806 769 3859 bitur
781 3806 871 3859 tibi
886 3822 1050 3860 semen
1068 3821 1087 3860 :
1102 3806 1188 3863 {9.
1206 3807 1455 3862 arbitrans
1470 3808 1605 3880 quod
1615 3818 1662 3864 et
1674 3825 1704 3861 a
1720 3810 1925 3863 mortuis
1938 3809 2141 3865 suscita-

635 3915 689 3953 re
704 3907 875 3967 potens
894 3909 964 3951 est
987 3898 1121 3954 Deus
1144 3899 1316 3955 :uude
1328 3916 1440 3953 eum
1469 3910 1516 3955 et
1541 3901 1592 3954 in
1613 3901 1905 3971 parabolam
1926 3888 2143 3969 accepit.

639 3990 690 4044 i.
721 3990 798 4060 (η)
825 3990 1028 4046 Revera
1050 4005 1238 4060 magna
1269 4005 1359 4046 res
1384 3999 1474 4048 cst
1503 3990 1635 4047 iides
1656 3991 1905 4051 Abrahae.
1932 3990 2064 4049 Nam
2087 3993 2139 4048 in

570 4081 738 4137 Abole
764 4092 819 4136 et
843 4080 954 4136 Noe
982 4089 1037 4136 et
1063 4081 1243 4136 Enoch
1264 4082 1499 4137 solarum
1522 4082 1784 4138 rationum
1805 4092 1919 4139 erat
1944 4097 2138 4155 pugna,

571 4185 625 4227 et
680 4171 936 4227 humanas
970 4171 1214 4227 rationes
1271 4172 1549 4242 oportebat
1597 4187 1851 4241 superare
1886 4190 1902 4230 :
1931 4173 2016 4227 hic
2042 4188 2139 4228 au-

575 4275 679 4320 tem
728 4277 834 4318 non
888 4262 1062 4317 solum
1117 4262 1398 4331 oportebat
1448 4277 1701 4332 superare
1751 4263 2010 4319 humanas
2058 4279 2141 4319 ra-

574 4357 765 4418 tiones,
793 4354 886 4410 sed
910 4353 1068 4410 etiam
1095 4354 1291 4425 aliquid
1318 4353 1547 4424 amplius
1567 4354 1880 4411 ostendere:
1900 4370 2021 4410 nam
2048 4353 2141 4411 Dei

573 4448 711 4502 dicta
739 4446 1049 4501 videbantur
1073 4460 1305 4516 pugnare
1333 4461 1453 4499 cum
1478 4444 1633 4501 dictis
1659 4444 1772 4512 Dei,
1797 4455 1851 4501 et
1878 4445 2012 4501 lides
2042 4460 2139 4516 pu-

573 4538 767 4608 guabai
809 4549 930 4592 cum
979 4535 1079 4590 nde
1105 4575 1122 4600 ,
1165 4546 1217 4590 et
1261 4537 1433 4602 iussio
1478 4551 1600 4591 cum
1646 4536 2000 4606 promissione
2036 4554 2049 4590 :
2082 4545 2142 4590 ut

574 4628 719 4684 verbi
741 4627 931 4699 gratia,
958 4626 1090 4681 dixit
1120 4644 1133 4680 :
1167 4623 1419 4698 Egredere
1435 4626 1499 4681 de
1526 4636 1659 4680 terra
1687 4627 1811 4682 etde
1836 4628 2144 4699 cognatione

574 4732 681 4787 tua,
706 4730 753 4773 et
777 4718 907 4772 dabo
938 4718 1023 4771 tibi
1046 4728 1228 4772 terram
1246 4717 1377 4771 hunc
1402 4716 1557 4788 (Gen.
1593 4716 1680 4771 l2.
1705 4718 1759 4787 i)
1785 4734 1800 4784 ;
1828 4727 1882 4773 et
1908 4734 2014 4774 non
2043 4719 2140 4775 de-

574 4814 653 4869 dit
678 4814 729 4869 ci
770 4812 1117 4867 hereditatem
1149 4811 1200 4864 in
1236 4824 1298 4865 ea
1322 4852 1338 4877 ,
1388 4826 1453 4863 ne
1487 4825 1697 4881 passum
1725 4809 1938 4881 quidem
1967 4811 2137 4881 pedis.

574 4904 737 4960 Vides
761 4901 1034 4972 quomodo
1060 4916 1181 4971 qua:
1208 4900 1344 4955 facta
1371 4911 1499 4955 sunt
1530 4902 1830 4971 pugnabant
1855 4916 1975 4956 cum
2012 4916 2140 4972 pro-

576 4994 871 5051 missione?
904 4992 1105 5048 Bursus
1132 4990 1261 5046 dicit
1287 5033 1303 5055 ,
1335 4990 1399 5045 In
1425 4990 1573 5047 Isaac
1591 4992 1847 5047 vocabitur
1865 4992 1953 5047 tibi
1976 5010 2142 5048 semen

574 5089 740 5159 (Gen.
758 5084 848 5139 21.
879 5084 998 5155 12),
1021 5091 1075 5138 et
1100 5081 1364 5138 credidit:
1391 5091 1445 5136 et
1473 5096 1659 5137 rursus
1682 5081 1854 5148 dicit,
1885 5082 2138 5139 Sacriﬁca

575 5176 705 5233 mihi
749 5172 1035 5243 hunc,qui
1076 5182 1189 5228 erat
1237 5172 1553 5241 impleturus
1598 5172 1905 5227 universum
1955 5173 2141 5228 orbem

578 5278 735 5323 terra:
763 5281 828 5321 ex
853 5264 1059 5321 semine
1100 5278 1217 5320 suo.
1251 5262 1443 5321 Vidisti
1501 5279 1728 5335 pugnam
1770 5265 2042 5334 iussorum
2088 5275 2144 5322 et

582 5356 997 5431 promissionis?
1024 5354 1193 5411 Jussit
1218 5356 1483 5410 contraria
1516 5353 1795 5427 promissis
1822 5370 1837 5418 ;
1880 5364 1935 5410 et
1972 5368 2143 5423 neque

582 5453 658 5506 sic
696 5449 943 5520 caligavit
976 5448 1152 5518 justus
1177 5488 1191 5509 ,
1238 5462 1410 5519 neque
1436 5447 1570 5503 dixit
1604 5464 1664 5503 se
1692 5462 1812 5503 esse
1836 5446 2143 5516 deceptum.

584 5542 715 5599 Nam
746 5555 841 5594 vos
868 5538 1083 5610 quidem
1107 5580 1125 5605 ,
1174 5538 1383 5609 inquit,
1429 5555 1533 5594 non
1563 5537 1806 5606 poteritis
1838 5537 1939 5592 hoc
1967 5537 2147 5593 dicere

585 5632 727 5701 quod
763 5632 1023 5699 pollicitus
1052 5632 1123 5685 sit
1149 5632 1387 5701 requiem
1409 5672 1423 5691 .
1453 5639 1506 5685 ct
1532 5629 1738 5685 dederit
1762 5628 2103 5685 afﬂictionem
2128 5642 2145 5693 ;

653 5729 727 5787 (α)
755 5726 841 5776 ilic
870 5725 1104 5785 ingentes
1137 5720 1296 5787 hiatus
1314 5732 1445 5787 sunt
1471 5722 1518 5769 in
1542 5718 1756 5771 Colbert.
1780 5718 1988 5770 Humilia
2018 5720 2153 5780 \igc-

591 5783 894 5852 smmum;
916 5783 1043 5850 pene
1067 5792 1162 5833 tota
1185 5783 1364 5832 deficit.

2239 3546 2328 3604 hic
2352 3548 2496 3605 enim
2533 3548 2655 3605 iacit
2695 3564 2758 3606 ea
2802 3566 2920 3622 quae
2959 3562 3043 3608 est
3074 3553 3361 3623 pollicitus.
3390 3555 3715 3621 Quomodo?
3742 3560 3811 3614 lu

2240 3642 2454 3705 mundo,
2482 3641 2670 3711 inquit,
2701 3643 3021 3713 amictionem
3050 3645 3291 3701 habebitis
3328 3646 3523 3717 (Joan.
3552 3650 3642 3705 16.
3668 3652 3739 3708 35
3761 3652 3807 3724 ).

2242 3730 2344 3798 Qui
2366 3749 2468 3787 non
2493 3735 2740 3804 acceperit
2762 3751 2958 3790 crucem
2979 3753 3145 3804 suam,
3174 3748 3220 3792 et
3247 3754 3326 3793 me
3352 3740 3504 3809 fuerit
3528 3752 3765 3811 sequutus
3791 3785 3807 3810 ,

2239 3841 2343 3879 non
2369 3835 2439 3881 est
2469 3841 2547 3879 me
2573 3826 2756 3897 dignus
2781 3826 2801 3897 (
2824 3826 3011 3882 Matth.
3042 3828 3129 3884 10.
3158 3830 3226 3885 38
3252 3828 3293 3901 ).
3326 3830 3427 3897 Qui
3450 3848 3551 3887 non
3575 3834 3682 3889 odit
3701 3836 3812 3889 aui-

2239 3933 2374 3972 snam
2412 3934 2556 3973 suam
2578 3959 2593 3984 ,
2622 3934 2721 3973 non
2750 3922 2964 3973 inveniet
2991 3936 3141 3986 eam;
3167 3930 3221 3977 et
3253 3963 3267 3988 ,
3300 3921 3401 3990 Qui
3431 3939 3533 3979 non
3559 3926 3811 3980 renuntiat

2239 4008 2470 4065 omnibus
2499 4010 2640 4064 bonis
2674 4010 2778 4064 suis
2801 4051 2817 4077 ,
2846 4020 2892 4065 et
2922 4028 3002 4066 me
3026 4012 3253 4081 sequitur
3269 4054 3285 4079 ,
3307 4030 3408 4068 non
3434 4024 3506 4069 est
3535 4032 3613 4070 me
3630 4018 3813 4089 dignus

2242 4099 2393 4171 (Luc.
2419 4102 2504 4157 Η.
2534 4100 2686 4157 ‘26.et
2713 4103 2803 4172 55)
2828 4118 2842 4168 ;
2873 4112 2927 4159 et
2950 4118 3135 4159 rursus
3154 4120 3168 4157 :
3188 4104 3315 4159 Ante
3334 4123 3475 4178 reges
3498 4118 3544 4162 et
3571 4108 3815 4178 prmities

2239 4191 2493 4247 ducemini
2519 4204 2730 4263 propter
2759 4210 2871 4256 me;
2907 4204 2961 4249 et
2990 4209 3176 4250 rursus
3199 4235 3214 4258 ,
3252 4194 3460 4251 Inimici
3482 4198 3702 4254 hominis
3723 4201 3815 4255 do-

2240 4286 2433 4341 rustici
2456 4288 2564 4359 ejus
2589 4286 2798 4356 (Matth.
2830 4287 2913 4341 l0.
2948 4288 3017 4343 i8
3041 4297 3085 4343 et
3106 4288 3174 4344 36
3199 4288 3240 4359 ).
3262 4288 3331 4345 Et
3350 4289 3567 4345 alﬂiclio
3595 4290 3682 4347 hic
3709 4302 3812 4361 est,

2239 4378 2391 4449 quies
2415 4387 2592 4433 autem
2621 4386 2677 4434 et
2703 4378 2951 4433 remissio
2976 4378 3087 4433 illic
3111 4387 3194 4435 est
3220 4420 3237 4444 ,
3286 4396 3480 4451 nempe
3507 4382 3559 4436 in
3590 4381 3697 4438 vita
3730 4382 3814 4439 l‘u-

2242 4475 2379 4522 tura.
2430 4465 2489 4521 in
2535 4466 2802 4522 Abraham
2848 4478 3027 4523 autem
3067 4478 3256 4524 contra
3287 4486 3301 4524 :
3324 4453 3613 4539 jubebatur
3640 4473 3817 4531 iacere

2240 4559 2508 4615 contraria
2536 4558 2982 4629 promissionibus
3003 4600 3019 4625 ,
3050 4568 3105 4616 et
3132 4575 3201 4616 ne
3227 4561 3307 4616 sic
3326 4561 3542 4632 quidem
3574 4565 3817 4622 turbatus

2241 4662 2323 4710 est
2348 4666 2521 4724 neque
2545 4651 2824 4721 caligavit,
2857 4666 3032 4722 neque
3061 4652 3393 4708 existimavit
3419 4668 3481 4710 se
3506 4669 3629 4712 esse
3649 4654 3815 4714 dece-

2241 4751 2389 4813 ptum
2415 4761 2429 4797 ε
2456 4755 2551 4797 vos
2570 4749 2749 4796 autem
2778 4739 2913 4796 nihil
2934 4743 3215 4797 sustinetis
3240 4743 3385 4814 quod
3413 4744 3486 4800 sit
3505 4755 3659 4801 extra
3692 4763 3824 4818 pro-

2242 4835 2552 4891 missionem
2585 4874 2601 4899 ,
2653 4842 2709 4889 et
2764 4833 3074 4899 turbamini.
3130 4834 3225 4891 ille
3292 4836 3497 4894 audivit
3549 4841 3818 4898 contraria

2243 4927 2523 4997 promissis
2550 4925 2618 4981 ab
2641 4941 2708 4982 eo
2737 4926 2855 4997 ipso
2881 4928 2971 4997 qui
2998 4936 3117 4983 erat
3138 4928 3402 4998 pollicitus
3428 4973 3446 5001 ,
3480 4942 3535 4989 et
3569 4950 3674 4989 non
3705 4944 3819 4993 tur—

2242 5018 2505 5082 babatur,
2553 5017 2648 5074 sed
2690 5032 2751 5072 ea
2806 5014 3039 5073 iaciebat
3080 5027 3350 5089 tamquam
3397 5023 3818 5082 convenientia:

2249 5117 2402 5166 erant
2428 5107 2569 5165 enim
2590 5104 2959 5163 cuuvenieutia
2987 5126 3001 5162 :
3032 5111 3299 5165 contraria
3332 5112 3547 5183 quidem
3574 5113 3824 5172 humanis

2248 5219 2562 5287 rationibus,
2587 5216 2958 5274 convenientia
2982 5225 3162 5272 autem
3184 5230 3251 5272 ex
3283 5215 3387 5272 llde
3410 5257 3426 5272 .
3459 5224 3515 5273 et
3535 5215 3829 5288 quomodo,

2252 5312 2669 5384 ipseApostolns
2692 5324 2789 5366 nos
2818 5309 3038 5375 docuit,
3069 5308 3256 5363 dicens
3284 5326 3301 5361 :
3333 5308 3600 5362 Arbitrum
3619 5309 3759 5379 quod
3783 5317 3830 5363 et

2249 5421 2282 5459 a
2306 5404 2515 5459 mortuis
2542 5402 2785 5457 suscitare
2814 5411 2989 5470 potens
3012 5410 3085 5455 est
3112 5398 3267 5454 Deus.
3290 5397 3347 5454 ld
3370 5407 3487 5455 est:
3509 5398 3587 5455 Ex
3614 5398 3825 5467 eadem,

2252 5498 2418 5566 inquit
2436 5535 2451 5557 ,
2485 5493 2587 5550 title
2606 5509 2707 5565 qua
2736 5491 2962 5548 credidit
2992 5490 3134 5562 quod
3161 5490 3460 5547 donaturus
3486 5498 3632 5547 esset
3659 5490 3824 5545 lilium

2250 5586 2338 5658 qui
2369 5600 2473 5641 non
2495 5595 2629 5651 erat,
2658 5600 2723 5640 ex
2748 5583 2934 5639 eadem
2964 5584 3125 5637 etiam
3150 5591 3419 5637 mortuum
3448 5583 3824 5637 suscitaturum

2251 5696 2368 5734 cssc
2391 5720 2405 5742 ,
2436 5688 2488 5734 et
2520 5692 2830 5749 persuasum
2863 5675 3047 5730 habuit
3088 5674 3228 5743 quod
3252 5682 3539 5729 mactatum
3567 5685 3684 5729 erat
3706 5688 3822 5728 sus-

2251 5784 2522 5831 citaturus.
2548 5771 2674 5828 Erat
2711 5769 2849 5826 enim
2882 5784 3030 5841 ιιοίμιο
3051 5766 3291 5835 dubium,
3312 5767 3566 5833 humana,
3589 5767 3821 5836 inquam,
