4122 6338
213 438 317 496 1³75

208 544 440 606 ratione,
468 546 523 593 et
562 552 627 591 ex
656 534 877 590 matrice
907 539 1149 587 emortua
1176 528 1438 598 senioque
1468 525 1713 583 confecta
1746 533 1801 580 ct

206 636 273 689 ad
306 634 607 689 liberorum
646 626 1074 699 procreationem
1110 622 1220 694 jam
1258 622 1415 691 plane
1451 620 1621 675 inutili
1670 617 1799 674 dare

211 727 383 783 lilium
408 768 422 790 ,
456 734 511 780 et
537 722 799 777 suscitare
826 718 1063 774 occisum
1098 734 1111 769 :
1139 725 1374 769 attamen
1398 712 1448 767 id
1478 727 1798 784 persuasum

207 820 433 887 habuit;
462 832 583 871 nam
597 829 715 885 quae
733 819 1082 883 praeessent
1104 807 1237 862 ﬁdes
1256 805 1321 860 ad
1340 804 1515 860 futura
1532 803 1798 860 credenda

207 916 347 965 viam
374 907 616 981 pambat.
647 904 895 975 Alioquin
923 910 1101 957 autent
1126 898 1340 955 videbat
1362 898 1453 953 ille
1479 898 1619 951 bona
1653 896 1799 981 prio-

206 1018 265 1059 ra
290 1044 304 1067 ,
352 977 579 1055 molesta
610 1006 789 1053 autem
823 993 1121 1065 posteriora
1162 1000 1217 1046 et
1262 990 1315 1044 in
1346 996 1643 1044 senectute.
1686 977 1797 1042 vos

205 1104 387 1148 autem
414 1132 431 1157 ,
458 1089 662 1161 inquit,
691 1098 881 1144 contra
916 1102 929 1139 :
964 1082 1189 1138 molesta
1211 1080 1423 1137 habetis
1445 1080 1616 1151 prima
1639 1094 1655 1143 ;
1678 1092 1799 1149 qum

205 1196 387 1241 autem
421 1185 559 1239 bona
587 1190 732 1247 sunt,
762 1178 973 1234 ultima.
1005 1176 1119 1232 iloc
1144 1174 1209 1230 ad
1237 1188 1334 1231 eos
1357 1172 1681 1245 qui.audcnt
1709 1170 1797 1225 di-

204 1294 327 1336 cere
352 1296 370 1335 :
405 1278 534 1335 Post
563 1284 789 1330 mortem
821 1271 1067 1343 promisit
1097 1269 1251 1325 nobis
1280 1268 1453 1333 bona;
1478 1281 1578 1322 nos
1607 1264 1799 1321 fortas-

204 1389 262 1430 se
288 1372 526 1441 decepit.
560 1367 813 1425 Ostendit
831 1365 971 1437 quod
999 1364 1161 1420 etiam
1181 1378 1250 1418 ex
1279 1362 1508 1417 mortuis
1537 1362 1799 1416 suscitare

208 1472 399 1535 potens
418 1474 504 1519 est
532 1461 675 1516 Deus
699 1476 712 1514 :
744 1458 787 1513 si
810 1468 988 1511 autem
1006 1470 1070 1508 cx
1096 1453 1323 1508 mortuis
1342 1452 1602 1507 suscitare
1625 1458 1800 1521 potest

207 1556 367 1618 Dens,
398 1552 619 1608 omnino
648 1549 833 1605 reddet
859 1545 1059 1601 omnia.
1086 1544 1141 1601 Si
1172 1552 1349 1600 autem
1378 1542 1648 1597 Abraham
1672 1550 1799 1597 ante

208 1658 285 1703 tot
318 1660 496 1700 annos
532 1641 761 1699 credidit
810 1638 951 1713 quod
1005 1639 1148 1694 Deus
1199 1638 1267 1692 sit
1299 1647 1490 1708 potens
1536 1637 1798 1692 suscitare

204 1757 270 1796 cx
298 1738 531 1795 mortuis
560 1755 574 1791 :
605 1735 775 1790 multo
816 1733 984 1805 magis
1025 1746 1122 1787 nos
1168 1730 1221 1785 id
1262 1729 1521 1785 debemus
1549 1728 1794 1785 credere.

210 1832 371 1888 Vides
390 1829 559 1903 quod,
592 1829 729 1883 sicut
751 1827 897 1897 prius
923 1824 1070 1890 dixi,
1101 1838 1248 1878 mors
1278 1822 1516 1877 nondum
1551 1821 1792 1887 intravit,

205 1935 260 1981 rt
283 1939 383 1981 eos
409 1922 590 1979 statim
615 1919 774 1975 traxit
797 1918 848 1973 in
876 1931 1026 1989 spem
1055 1914 1486 1982 resurrectionis,
1507 1921 1564 1968 et
1592 1912 1659 1966 ad
1689 1922 1796 1967 tam

207 2029 412 2075 certam
441 2014 666 2070 deduxit
707 2008 1160 2083 persuasionem,
1212 2016 1272 2062 ut
1299 2006 1463 2063 etiam
1503 2006 1639 2077 iussi
1668 2000 1799 2060 suos

208 2120 445 2166 mactare
470 2107 633 2171 lilios,
662 2120 727 2161 ex
758 2104 953 2175 quibus
976 2100 1365 2173 exspectabant
1394 2114 1454 2156 se
1481 2099 1798 2170 impleturos

208 2202 394 2256 orbem
427 2207 586 2254 terra:
606 2239 622 2264 ,
649 2195 715 2251 ad
747 2195 798 2249 id
826 2193 1129 2250 faciendum
1166 2192 1337 2262 parati
1369 2191 1600 2247 essent?
1629 2189 1795 2246 Aliud

207 2305 420 2362 quoque
472 2286 558 2343 hic
609 2286 845 2343 ostendit
893 2300 990 2356 per
1039 2286 1141 2339 hoc
1188 2282 1331 2354 quod
1378 2282 1536 2350 dixit,
1567 2281 1799 2338 Tentavit

208 2384 345 2441 Deus
374 2382 654 2438 Abraham.
698 2379 838 2449 Quid
883 2380 1054 2435 vero?
1090 2378 1444 2434 uesciebatne
1498 2378 1642 2434 Deus
1668 2393 1794 2435 eum

207 2492 326 2534 esse
375 2479 552 2531 virum
590 2474 784 2530 fortem
828 2482 883 2529 et
921 2472 1203 2543 probum?
1247 2469 1465 2533 Sciebat
1493 2480 1661 2528 certe.
1688 2471 1799 2527 Cur

210 2586 335 2642 ergo
361 2585 485 2627 eum
522 2567 781 2633 tcntabat,
814 2567 859 2621 si
887 2566 1133 2622 sciebat?
1169 2564 1285 2621 Non
1315 2574 1373 2621 ut
1394 2568 1509 2637 ipse
1539 2565 1793 2635 disceret,

209 2662 300 2719 sed
331 2673 391 2717 ut
415 2662 536 2717 aliis
566 2658 913 2723 ostenderet,
943 2666 997 2712 ct
1019 2658 1273 2713 omnibus
1304 2660 1644 2714 manifestam
1676 2660 1797 2731 ejus

213 2753 462 2810 redderet
487 2752 665 2823 magni
689 2750 855 2807 animi
881 2750 1155 2805 virtutem.
1184 2748 1251 2805 Et
1273 2748 1365 2806 hic
1413 2750 1574 2806 etiam
1606 2761 1793 2807 osten—

204 2833 282 2888 dit
310 2850 528 2890 causam
552 2836 929 2901 teutationum,
949 2848 1017 2887 ne
1038 2833 1411 2889 existimarent
1439 2847 1499 2887 se
1523 2843 1796 2900 tamquam

204 2941 234 2979 a
267 2924 383 2985 Deo
405 2927 695 2984 derelictos
734 2927 853 2983 haec
899 2928 1028 2997 pati.
1072 2926 1205 2981 Nam
1253 2924 1341 2982 hic
1377 2924 1595 2996 quidem
1628 2925 1793 2979 etiam

207 3035 431 3077 necesse
454 3029 539 3077 est
568 3021 783 3083 tentari,
815 3018 958 3091 quod
982 3019 1135 3074 multi
1159 3019 1267 3073 sint
1293 3018 1382 3088 qui
1408 3024 1799 3088 persequuntur

208 3122 262 3165 et
289 3111 378 3180 qui
407 3110 730 3166 insidiantur
759 3128 772 3164 :
807 3110 917 3165 illic
954 3118 1133 3165 autem
1178 3124 1300 3179 qua:
1325 3116 1441 3163 erat
1468 3106 1519 3163 ei
1555 3106 1799 3163 necessi-

211 3210 287 3255 tas
315 3216 409 3258 eas
436 3217 557 3271 qure
594 3217 702 3256 non
731 3210 883 3258 erant
902 3202 1208 3272 excogitare
1234 3197 1599 3255 tentationes?
1624 3199 1803 3271 Atque

214 3297 553 3366 perspicuum
579 3294 791 3365 quidem
818 3304 921 3360 est,
972 3293 1112 3365 quod
1158 3292 1273 3348 lucc
1310 3293 1532 3347 tentatio
1556 3290 1714 3349 ﬁebat
1737 3304 1804 3348 eo

208 3387 446 3458 iubente.
488 3386 556 3443 Et
582 3388 703 3444 alia:
742 3387 955 3459 quidem
985 3386 1183 3443 ﬁebant
1208 3402 1274 3443 eo
1295 3386 1657 3457 permittente,
1688 3385 1805 3441 haec

213 3493 387 3538 autem
419 3483 580 3538 etiam
600 3481 845 3552 iubente.
877 3478 934 3537 Si
958 3495 1088 3552 ergo
1116 3479 1253 3535 adeo
1277 3478 1532 3551 probatos
1560 3479 1805 3535 efﬁciunt

218 3575 559 3638 mutationes,
595 3582 651 3627 nt
679 3573 890 3628 etiamsi
923 3587 1029 3627 non
1061 3570 1132 3626 sit
1160 3584 1318 3627 causa
1344 3612 1361 3640 ,
1388 3572 1528 3628 Deus
1556 3585 1684 3626 suos
1710 3585 1805 3627 ex-

216 3676 391 3723 erceat
416 3665 668 3731 athletas,
701 3664 871 3721 multo
897 3664 1065 3734 magis
1087 3678 1187 3719 nos
1216 3665 1395 3719 omnia
1419 3672 1634 3735 oportet
1663 3663 1806 3720 ferre

216 3757 440 3813 fortiter.
468 3758 604 3815 Cum
638 3772 829 3829 magna
850 3766 1031 3813 autem
1063 3755 1309 3847 emphasi
1341 3755 1429 3812 hic
1458 3755 1596 3811 dixit
1622 3798 1636 3823 ,
1673 3754 1805 3811 Fide

217 3849 390 3903 obtulit
413 3847 589 3917 Isaac,
612 3865 727 3903 runt
744 3858 1026 3903 tentaretur
1050 3864 1071 3904 :
1096 3849 1242 3903 nulla
1269 3849 1412 3905 enim
1440 3856 1556 3903 erat
1585 3848 1690 3903 alia
1717 3847 1804 3904 of-

217 3939 420 3996 ferendi
458 3955 621 3996 causa
651 3955 811 4011 quam
845 3939 977 3995 haec.
1028 3938 1235 3995 Deinde
1259 3940 1582 3997 sententiam
1616 3954 1802 4011 perse-

218 4030 413 4099 quitur.
437 4030 555 4087 Non
586 4040 795 4101 poterat
821 4068 838 4095 ,
887 4030 1101 4102 inquit,
1141 4030 1410 4101 quispiam
1441 4030 1626 4087 dicere
1656 4030 1802 4102 quod

218 4123 377 4179 alium
422 4123 650 4180 haberet
679 4124 846 4180 lilium
874 4164 891 4191 ,
934 4132 990 4179 et
1018 4132 1361 4193 exspectaret
1390 4121 1508 4179 fore
1537 4133 1596 4179 ut
1618 4138 1683 4180 ex
1713 4124 1804 4189 illo

220 4212 532 4285 impleretur
558 4215 867 4287 promissio,
895 4225 949 4272 et
974 4213 1099 4271 ideo
1129 4215 1469 4272 conﬁdenter
1494 4230 1618 4272 eum
1642 4216 1802 4273 obtu-

222 4306 353 4361 lerit.
388 4306 460 4362 Et
480 4308 817 4379 unigenitum,
842 4308 1033 4380 inquii,
1049 4308 1215 4377 filium
1242 4305 1501 4374 offerebat,
1526 4308 1613 4380 qui
1637 4324 1809 4364 susce-

222 4409 354 4467 perat
373 4399 754 4471 promissiones.
774 4400 915 4469 Quid
939 4399 1075 4456 dicis
1101 4399 1471 4471 unigenitum?
1499 4400 1626 4472 quid
1654 4415 1806 4467 vero,

223 4489 410 4547 lsmacl
436 4491 704 4548 undenam
731 4493 887 4549 erat?
917 4492 1263 4564 Unigenitum
1292 4492 1435 4560 dico,
1454 4494 1648 4564 inquit,
1662 4480 1806 4565 quod

224 4580 411 4638 attinet
457 4581 525 4638 ad
578 4583 841 4639 rationem
893 4583 1313 4655 promissionis:
1343 4594 1625 4655 propterea
1665 4584 1808 4640 enim

222 4684 340 4725 cum
369 4671 620 4741 dixisset,
649 4673 998 4746 Unigenitnm,
1026 4674 1269 4742 addidit,
1301 4682 1364 4730 ut
1390 4675 1643 4732 ostendat
1665 4675 1811 4747 quod

224 4771 444 4834 propter
470 4762 617 4821 hunc
643 4764 791 4821 dicat
822 4784 836 4821 :
863 4767 945 4820 Ad
986 4782 1135 4837 quem
1183 4766 1377 4821 dictum
1414 4776 1490 4822 est
1520 4782 1539 4822 :
1565 4766 1633 4822 In
1657 4766 1811 4823 Isaac

224 4855 479 4910 vocabitur
507 4856 596 4911 tibi
610 4873 798 4923 nmen,
830 4856 932 4913 hoc
959 4867 1059 4924 est,
1088 4872 1154 4914 ex
1187 4857 1325 4928 ipso.
1351 4858 1513 4915 Vides
1534 4858 1812 4931 quomodo

225 4948 518 5007 admiretur
545 4950 689 5020 quod
716 4950 917 5007 factum
961 4959 1046 5007 est
1079 4964 1111 5007 a
1139 4951 1443 5023 patriarcha
1470 4952 1495 5007 ?
1523 4952 1593 5007 In
1614 4951 1769 5008 Isaac
1792 4994 1811 5023 ,

226 5040 415 5096 audivit
445 5082 462 5107 ,
494 5040 756 5096 vocabitur
785 5040 874 5096 tibi
902 5058 1076 5097 semen
1103 5083 1119 5108 ,
1147 5050 1203 5099 et
1230 5043 1491 5100 oil‘erebat
1516 5042 1683 5100 ﬁlium
1710 5045 1813 5101 ho-

226 5135 398 5191 stiam.
429 5134 636 5191 Deinde
680 5150 751 5191 ne
796 5136 1141 5193 existimaret
1165 5137 1467 5208 quispiam,
1506 5136 1649 5209 quod
1688 5152 1814 5195 cum

227 5224 569 5297 desperasset
596 5226 700 5284 hoc
726 5228 872 5294 facit,
906 5239 958 5285 et
989 5244 1088 5301 per
1116 5228 1219 5285 hoc
1242 5229 1453 5301 iussum
1480 5229 1629 5285 illam
1655 5230 1814 5302 eiecit

230 5318 404 5388 iidem,
432 5318 532 5376 sed
554 5319 792 5376 disceret
814 5320 957 5391 quod
982 5336 1171 5377 revera
1200 5321 1305 5378 hoc
1325 5337 1543 5393 quoque
1564 5322 1637 5378 sit
1663 5321 1813 5393 ﬁdei,

231 5408 356 5468 dicit
381 5412 528 5484 quod
555 5412 701 5468 illam
735 5429 951 5486 quoque
977 5413 1209 5470 habebat
1236 5412 1395 5470 iidem
1425 5456 1442 5482 ,
1478 5429 1808 5487 quamquam

231 5518 345 5559 cum
368 5503 474 5561 hac
508 5505 778 5562 videretur
798 5521 1068 5579 pugnare;
1102 5505 1197 5563 sed
1239 5522 1347 5561 non
1390 5506 1685 5577 pugnabat:
1707 5522 1815 5562 non

234 5593 368 5652 enim
384 5597 637 5652 humanis
665 5598 959 5653 rationibus
978 5598 1298 5654 metiebatur
1317 5597 1409 5654 Dei
1428 5597 1700 5664 virtutem,
1719 5597 1814 5655 sed

233 5688 400 5742 omnia
432 5687 772 5760 permittebat
789 5688 927 5743 fidei.
954 5688 1105 5745 Unde
1134 5706 1238 5743 non
1268 5699 1351 5744 est
1375 5690 1576 5744 veritus
1596 5689 1778 5745 dicere
1795 5731 1812 5753 ,

232 5774 363 5842 quod
385 5778 552 5833 etiam
568 5792 633 5832 ex
649 5778 873 5833 mortuis
896 5780 1157 5833 suscitare
1171 5787 1362 5849 potens
1377 5788 1463 5835 est
1481 5776 1641 5833 Deus.
1662 5774 1815 5833 Unde

234 5879 345 5921 eum
367 5878 421 5925 et
448 5871 501 5926 in
522 5870 830 5942 [strabolam
849 5871 1078 5943 accepit,
1110 5870 1211 5928 hoc
1234 5881 1337 5940 est,
1364 5871 1417 5929 itt
1440 5870 1688 5931 cxcmttln
1715 5890 1727 5924 :
1762 5871 1812 5929 in

1022 430 1085 485 ΙΝ
1126 424 1343 486 EPIST.
1387 424 1485 483 AD‘
1517 418 1879 481 "EBREOS.
1923 418 2177 477 C\P.XI.
2222 416 2453 474 HOMIL.
2502 413 2671 471 XXV.

3386 408 3495 467 £75

1904 531 2097 600 ariete,
2127 528 2320 601 inquit.
2353 524 2682 597 Quomodo?
2706 522 2891 579 Ariete
2917 519 3064 577 enim
3085 560 3101 586 ,
3135 515 3310 589 inquit
3336 556 3352 584 ,
3382 530 3496 570 ma-

1903 632 2051 679 ctato
2081 665 2097 691 ,
2128 623 2218 678 hic
2252 622 2366 691 fui.
2395 618 2595 691 salvus.
2626 615 2988 683 Quamobrem
3018 612 3227 683 accepit
3257 624 3381 667 eum
3407 623 3505 680 per

1900 688 2151 780 arietem,
2180 721 2240 769 ut
2264 688 2357 784 qui
2379 710 2522 766 hunc
2540 688 2645 779 pro
2674 706 2767 762 illo
2798 705 3139 785 mactaverit.
3167 702 3293 758 Haec
3320 708 3504 757 autem

1904 815 2057 862 erant
2082 804 2297 876 quidam
2329 797 2443 876 typi
2471 817 2486 857 :
2516 800 2605 857 hic
2621 798 2765 855 enim
2786 808 2871 853 est
2895 786 3065 876 Filius
3094 795 3185 851 Dei
3216 802 3501 850 mactatus.

1903 898 2030 954 Mihi
2081 862 2258 953 autem
2312 862 2595 968 considera
2643 901 2841 962 quanta
2886 890 2960 946 sit
3000 862 3321 959 benignitas.
3369 884 3504 942 Nam

1904 990 2159 1061 quoniam
2193 986 2500 1043 hominibus
2524 984 2771 1055 quaedam
2803 997 2995 1053 magna
3020 989 3139 1038 erat
3173 979 3348 1035 danda
3378 994 3506 1050 gra-

1908 1082 2001 1148 tia,
2025 1082 2214 1137 volens
2242 1080 2295 1136 id
2320 1095 2428 1135 non
2458 1079 2636 1134 facere
2661 1092 2729 1132 ex
2757 1075 2952 1146 gratia,
2980 1073 3075 1129 sed
3105 1083 3379 1144 tamquam
3405 1070 3506 1126 de-

1906 1173 2047 1228 bitor
2076 1212 2093 1239 ,
2130 1172 2298 1228 efficit
2325 1170 2558 1242 primum
2600 1179 2657 1224 ut
2694 1168 2855 1222 homo
2894 1166 2990 1221 det
3016 1164 3173 1221 suum
3206 1164 3375 1220 ﬁlium
3408 1178 3506 1237 pro

1906 1266 2108 1337 placito
2154 1264 2246 1320 Dei
2278 1305 2293 1331 ,
2338 1272 2395 1319 ut
2425 1263 2555 1320 nihil
2582 1260 2856 1317 videretur
2881 1273 3132 1329 magnum
3162 1258 3335 1314 facere
3364 1256 3502 1313 dans

1908 1358 2103 1414 Filium
2126 1373 2305 1424 suum,
2338 1355 2607 1427 siquidem
2636 1363 2762 1409 ante
2791 1368 2914 1408 eum
2944 1351 3108 1407 homo
3128 1350 3233 1405 hoc
3260 1349 3411 1416 fecit,
3437 1365 3508 1406 ne

1910 1451 2314 1506 existimaretur
2341 1449 2443 1504 hoc
2471 1448 2651 1503 facere
2674 1461 2743 1502 ex
2772 1444 2943 1517 gratia
2973 1443 3150 1499 solum
3172 1484 3187 1510 ,
3219 1441 3313 1499 sed
3341 1442 3505 1498 etiam

1910 1556 1977 1596 ex
2020 1539 2225 1595 debito.
2254 1538 2385 1594 Nam
2415 1551 2548 1609 quos
2572 1536 2866 1608 diligimus,
2889 1535 2994 1590 hoc
3018 1548 3232 1605 quoque
3259 1533 3510 1589 volumus

1908 1634 1987 1688 eis
2007 1632 2229 1697 donare,
2268 1638 2326 1685 ut
2346 1630 2623 1685 videamur
2635 1628 2704 1684 ab
2724 1629 2788 1684 iis
2806 1628 2953 1698 prius
2968 1625 3287 1697 consequuti
3307 1624 3511 1696 aliquid

1910 1726 2159 1795 exiguum
2186 1766 2202 1790 ,
2250 1723 2330 1779 sic
2387 1723 2465 1777 eis
2507 1729 2679 1776 totum
2709 1719 2883 1785 dare;
2913 1728 2970 1775 et
3007 1719 3178 1790 magis
3218 1718 3512 1789 gloriemur

1912 1815 2054 1887 quod
2085 1813 2652 1886 acceperimus,quam
2674 1812 2817 1883 quod
2847 1810 3191 1875 dederimus;
3217 1818 3273 1865 et
3292 1824 3399 1865 non
3431 1808 3515 1864 di-

1914 1910 2109 1972 cimus,
2143 1907 2256 1962 Hoc
2281 1906 2329 1962 ei
2359 1904 2629 1969 dedimus,
2658 1903 2775 1970 sed,
2804 1903 2917 1959 Hoc
2940 1903 3009 1957 ab
3035 1903 3154 1973 ipso
3174 1901 3508 1972 accepimus.

1917 1999 2066 2057 Unde
2090 2007 2140 2055 et
2162 2015 2310 2065 eum,
2343 1997 2549 2068 inquit,
2580 1998 2776 2069 accepit
2822 1997 2878 2051 in
2914 1995 3161 2066 paraboia
3188 2036 3203 2062 ,
3248 1995 3355 2051 hoc
3380 2004 3465 2052 est
3495 2035 3512 2061 ,

1917 2103 2189 2164 tamquam
2220 2092 2274 2147 in
2302 2091 2590 2161 :enigmate
2623 2107 2638 2144 :
2668 2098 2786 2145 erat
2824 2089 2969 2144 enim
3012 2089 3155 2145 aries
3211 2089 3377 2144 veluti
3410 2103 3511 2159 pa-

1918 2186 2101 2242 rabola
2142 2194 2235 2239 aut
2286 2181 2583 2239 similitudo
2618 2182 2770 2238 lsaae
2801 2198 2815 2236 :
2842 2189 2934 2236 aut
2971 2180 3135 2237 veluti
3185 2181 3238 2237 in
3283 2188 3411 2253 typo
3449 2194 3516 2237 ac

1912 2278 2098 2351 ﬁgura.
2143 2277 2276 2334 Nam
2338 2278 2599 2350 quoniam
2652 2276 2935 2333 voluntate
2991 2275 3158 2332 animi
3214 2276 3513 2346 perfectum

1911 2372 2080 2427 fuerat
2111 2371 2436 2428 sacriﬁcium
2476 2381 2532 2429 et
2571 2371 2785 2428 occisus
2824 2369 3011 2440 lsaac,
3052 2377 3356 2442 propterea
3382 2384 3511 2426 eum

1915 2463 2079 2521 donat
2110 2463 2449 2534 patriarchae.

1977 2549 2033 2609 ‘2.
2068 2554 2228 2610 Vides
2258 2556 2361 2611 hoc
2403 2569 2545 2611 nunc
2571 2569 2785 2627 quoque
2815 2551 3025 2611 ostendi
3050 2594 3069 2622 ,
3096 2553 3239 2626 quod
3281 2569 3505 2626 semper

1909 2647 2063 2705 dico?
2087 2648 2223 2703 Cum
2246 2650 2388 2705 enim
2418 2659 2653 2705 mentem
2686 2655 2927 2705 nostram
2958 2648 3368 2705 exhibuerimus
3390 2665 3516 2721 per-

1911 2738 2125 2807 rectam,
2154 2749 2210 2796 et
2238 2740 2639 2795 ostenderimus
2665 2754 2768 2796 nos
2795 2754 2885 2796 res
2906 2749 3153 2796 terrenas
3187 2740 3470 2813 despicere
3494 2783 3517 2812 ι

1912 2840 2040 2887 tunc
2060 2845 2276 2903 quoque
2306 2833 2464 2889 nobis
2490 2831 2657 2888 donat
2682 2847 2771 2888 res
2795 2841 3047 2888 terrenas
3071 2874 3085 2895 .
3114 2840 3171 2889 et
3201 2849 3305 2889 non
3335 2842 3463 2890 ante
3486 2874 3505 2901 ,

1913 2940 1985 2981 ne
2029 2934 2311 2997 acceptum
2355 2924 2559 2980 donum
2608 2939 2707 2981 nos
2760 2933 2992 2981 terrenis
3037 2925 3296 3004 alligatos
3341 2924 3514 2997 magis

1915 3019 2095 3074 adhuc
2123 3019 2325 3091 alliget.
2353 3018 2515 3076 Solve
2550 3027 2624 3085 te,
2669 3018 2871 3089 inquit,
2898 3011 3131 3091 prirnum
3162 3033 3193 3073 ι
3224 3018 3513 3086 servitute,

1909 3121 1964 3167 et
1991 3122 2118 3168 tunc
2160 3112 2384 3182 accipe,
2416 3122 2474 3167 ut
2515 3126 2622 3167 non
2677 3110 2909 3181 amplius
2950 3110 3186 3182 accipias
3232 3119 3509 3183 tamquam

1913 3216 2104 3259 servus
2128 3245 2144 3271 ,
2172 3202 2268 3259 sed
2297 3212 2568 3274 tamquam
2606 3202 2860 3257 dominus
2889 3219 2903 3255 :
2936 3200 3153 3271 despice
3178 3200 3429 3266 divitias,
3455 3211 3515 3259 et

1911 3296 2021 3351 eris
2046 3294 2232 3359 dives;
2253 3294 2474 3365 despice
2494 3293 2747 3366 gloriam,
2767 3302 2823 3349 et
2838 3291 2948 3348 eris
2966 3293 3265 3366 gloriosus;
3292 3292 3514 3364 despice

1911 3387 2169 3443 ultionem
2202 3388 2578 3454 inimicorum,
2619 3394 2676 3442 et
2720 3394 2847 3441 tunc
2876 3400 2997 3442 eam
3027 3388 3370 3459 assequeris;
3415 3388 3514 3445 de-

1909 3480 2057 3549 spice
2082 3480 2316 3549 quietem
2337 3487 2393 3535 et
2411 3478 2810 3543 remissionem,
2838 3488 2895 3535 et
2924 3486 3055 3534 tunc
3078 3494 3198 3535 eam
3226 3480 3461 3550 accipies
3492 3498 3507 3535 :

1911 3579 1970 3626 ut
1988 3586 2108 3628 cum
2130 3571 2425 3642 acceperis,
2449 3584 2557 3625 non
2582 3582 2854 3643 tamquam
2874 3570 3086 3627 vinctus
3112 3586 3232 3628 eam
3250 3573 3507 3642 accipias,

1912 3678 2086 3735 neque
2116 3672 2385 3734 tamquam
2422 3676 2611 3718 servus
2637 3704 2654 3732 ,
2700 3661 2797 3718 sed
2842 3671 3114 3734 tamquam
3162 3663 3320 3719 liber.
3357 3663 3515 3721 Sicut

1910 3756 2053 3811 enim
2087 3757 2136 3810 in
2164 3755 2343 3827 parvis
2372 3756 2575 3827 pueris,
2602 3756 2821 3827 quando
2839 3771 2974 3827 puer
2988 3756 3207 3829 quidem
3236 3758 3513 3815 desiderat

1912 3848 2117 3904 ludicra
2149 3848 2374 3920 puerilia
2398 3890 2414 3915 ,
2449 3863 2680 3920 prepere
2724 3849 3017 3907 admodum
3065 3866 3128 3908 ea
3176 3852 3515 3909 occultamus

1914 3951 1973 3998 ut
1997 3941 2214 4013 globum
2255 3952 2310 3997 et
2346 3952 2542 3997 czetera
2593 3941 2942 4012 huiusmodi,
2993 3958 3062 4001 ne
3117 3943 3442 4015 impediatur
3480 3961 3515 4002 ει

1913 4034 2234 4092 necessariis
2264 4052 2279 4088 :
2307 4033 2523 4105 quando
2550 4042 2733 4090 autem
2761 4049 2826 4089 ea
2849 4033 3083 4106 despicit
3110 4075 3127 4101 ,
3170 4042 3227 4091 et
3258 4050 3365 4091 non
3393 4051 3514 4091 am-

1913 4127 2056 4199 plius
2079 4140 2143 4180 ea
2169 4123 2463 4192 desiderat,
2502 4126 2605 4195 ipsi
2632 4139 2697 4181 ea
2726 4139 2920 4181 secure
2947 4126 3308 4197 impertimur,
3340 4129 3516 4198 utqui

1916 4222 2151 4278 sciamus
2188 4221 2316 4279 inde
2357 4220 2563 4278 nullam
2607 4220 2868 4291 deinceps
2892 4218 2944 4275 ei
2972 4233 3096 4275 esse
3122 4233 3351 4283 noxam,
3396 4231 3521 4274 cum

1917 4312 2050 4370 illud
2074 4312 2404 4371 desiderium
2437 4326 2544 4368 non
2570 4312 2807 4382 amplius
2835 4310 3009 4382 possit
3034 4326 3159 4365 eum
3192 4308 3463 4364 abducere
3487 4323 3521 4365 a

1920 4404 2248 4461 necessariis
2282 4422 2296 4458 :
2327 4403 2401 4459 ita
2442 4404 2588 4459 Deus
2620 4418 2839 4474 quoque
2879 4417 3003 4457 cum
3045 4401 3246 4458 viderit
3284 4415 3383 4456 nos
3412 4416 3521 4456 non

1917 4494 2149 4566 amplius
2174 4510 2373 4565 cupere
2402 4510 2522 4566 qua:
2554 4494 2639 4551 hic
2664 4502 2811 4560 sunt,
2844 4501 2970 4549 tunc
2996 4494 3127 4550 sinit
3153 4508 3253 4549 nos
3281 4494 3361 4549 eis
3390 4495 3467 4549 uti
3500 4509 3517 4551 :

1918 4601 1983 4641 ea
2008 4586 2152 4641 enim
2180 4585 2441 4641 habemus
2468 4595 2741 4657 tamquam
2779 4583 2935 4641 liberi
2966 4593 3022 4641 et
3060 4583 3200 4651 viri,
3244 4600 3351 4640 non
3383 4595 3525 4641 tam-

1918 4690 2077 4748 quam
2104 4677 2276 4747 pueri.
2304 4676 2437 4731 Nam
2462 4676 2627 4748 quod,
2650 4676 2695 4732 si
2721 4676 3114 4747 contempseris
3141 4676 3397 4731 ultionem
3426 4692 3521 4733 sus

1920 4786 2071 4827 mere
2097 4770 2168 4827 de
2194 4770 2448 4837 inimicis,
2480 4778 2609 4826 tunc
2636 4771 2942 4842 assequeris
2965 4810 2981 4836 ,
3013 4767 3137 4824 audi
3165 4768 3292 4840 quid
3323 4769 3470 4825 dicat
3501 4786 3517 4826 :

1920 4862 1983 4920 Si
2008 4864 2166 4920 esurit
2196 4872 2313 4919 tuus
2337 4864 2604 4930 inimicus,
2632 4864 2745 4918 ciba
2784 4864 2933 4918 illum
2958 4879 2977 4919 :
3006 4862 3053 4917 si
3080 4863 3186 4917 sitit
3204 4903 3220 4928 ,
3251 4862 3320 4916 da
3346 4862 3393 4917 ei
3417 4878 3518 4935 po-

1920 4964 2063 5022 tum;
2089 4966 2144 5012 et
2167 4955 2463 5026 subiunxit,
2493 4954 2609 5011 Hoc
2628 4956 2761 5010 enim
2783 4956 2997 5027 facim,
3018 4970 3259 5027 congeres
3277 4955 3523 5010 carbones

1917 5062 2073 5115 super
2096 5047 2386 5118 caput‘ejus
2417 5045 2593 5115 (Rom.
2626 5044 2713 5102 12.
2760 5044 2878 5119 20).
2912 5045 2980 5101 Et
3017 5060 3207 5101 rursus
3250 5045 3398 5117 quod
3422 5086 3435 5112 ,
3468 5045 3519 5102 si

1917 5137 2234 5209 despexeris
2268 5137 2506 5204 divitias,
2540 5146 2667 5194 tunc
2696 5152 2789 5193 eas
2823 5137 3133 5209 assequeris
3153 5178 3171 5205 ,
3200 5136 3327 5193 audi
3354 5136 3520 5193 Chri-

1914 5241 2058 5289 stum
2086 5233 2358 5289 dicentem
2386 5249 2403 5287 :
2435 5231 2618 5289 Omnis
2639 5233 2729 5305 qui
2753 5232 3015 5303 reliquerit
3046 5240 3261 5302 patrem,
3291 5240 3381 5286 aut
3408 5248 3519 5286 nta-

1914 5334 2063 5393 trem,
2094 5335 2181 5381 aut
2208 5325 2417 5381 domum
2441 5367 2457 5394 ,
2487 5334 2576 5380 aut
2603 5330 2813 5396 fratres,
2846 5325 3144 5395 centuplum
3185 5324 3436 5393 accipiet,
3469 5332 3519 5378 et

1912 5419 2069 5473 vitam
2092 5427 2337 5474 etei-nam
2363 5417 2642 5488 possidebit
2671 5415 2891 5486 (Matth.
2917 5416 3006 5473 i9.
3033 5413 3151 5484 29).
3183 5415 3251 5471 Et
3275 5414 3442 5485 quod,
3469 5414 3519 5471 si

1912 5510 2228 5583 despexeris
2252 5509 2505 5581 gloriam,
2529 5516 2659 5565 tunc
2683 5524 2804 5565 eam
2828 5508 3159 5579 assequeris,
3187 5506 3313 5562 audi
3338 5507 3517 5577 ipsum

1911 5616 2100 5657 rursus
2115 5601 2389 5657 Christum
2410 5599 2705 5666 dicentem,
2732 5599 2833 5668 Qui
2858 5600 2965 5655 uult
2993 5599 3125 5654 inter
3152 5614 3241 5653 vos
3268 5613 3375 5652 esse
3402 5597 3517 5667 pri-

1911 5710 2046 5761 mus,
2072 5694 2137 5748 sit
2161 5703 2322 5749 uester
2343 5693 2594 5759 minister;
2621 5702 2677 5748 et
2698 5706 2906 5758 rursus,
2934 5690 3039 5759 Qui
3065 5706 3121 5745 se
3147 5690 3513 5755 Itumiliarerit,

1910 5785 2217 5842 excitabitur
2263 5785 2492 5857 (Matth.
2546 5784 2639 5841 ΞΟ.
2670 5784 2765 5841 ‘26.
2806 5793 2854 5839 et
2884 5783 2977 5839 23.
3019 5782 3135 5853 12).
3174 5782 3313 5852 Quid
3342 5782 3515 5837 dicis?

1910 5880 1954 5937 si
1975 5879 2043 5937 do
2069 5888 2257 5951 putum
2291 5879 2515 5937 inimico
2540 5921 2554 5947 ,
2588 5889 2719 5936 tunc
2760 5893 2883 5935 eum
2926 5876 3129 5950 punio?
3157 5877 3201 5933 si
3227 5876 3513 5933 facultates
