4122 6338
650 375 721 434 75

617 376 721 435 175
1345 376 1404 428 δ.
1441 376 1716 425 luamus
1751 376 2190 422 untuwatun

614 471 894 533 dimisero.
927 475 1055 524 tunc
1080 478 1175 535 ero
1188 462 1468 521 excelsus?
1487 462 1530 516 si
1556 475 1645 515 me
1667 457 2040 519 humiliavero,
2064 465 2190 510 tunc

614 561 933 620 exaltabor?
957 560 1207 624 Maxime,
1229 556 1441 627 inquit:
1473 570 1536 611 ea
1566 562 1650 609 est
1677 552 1820 655 epim
1852 566 1970 607 mea
1996 558 2192 622 poten-

616 655 707 720 tia,
741 661 801 708 ut
829 652 1094 709 contraria
1125 648 1390 721 praebeam
1417 662 1513 718 per
1540 642 1806 702 contra‘i'ia
1837 660 1853 698 :
1884 657 2001 698 sum
2034 642 2189 697 locu-

614 747 728 817 ples
752 754 806 803 et
828 744 896 801 ad
936 758 1025 800 res
1051 739 1286 814 agendas
1327 739 1501 795 solers
1529 754 1544 794 :
1573 751 1641 793 ne
1668 735 1857 791 timeas
1891 750 1905 787 :
1936 733 2187 788 volunta-

615 848 721 894 tem
764 852 934 893 meam
964 836 1209 904 sequitur
1246 847 1427 889 rerum
1456 839 1641 886 natura
1662 870 1678 897 ,
1723 843 1829 883 non
1856 841 1956 897 ego
1993 839 2189 895 sequor

613 940 855 985 naturam
900 942 1045 998 :ego
1088 926 1265 981 omnia
1307 938 1538 995 operor,
1588 936 1693 976 non
1736 920 1805 974 ab
1854 918 1959 973 illis
2005 931 2185 989 agor:

614 1021 958 1093 quamobrem
980 1033 1082 1089 ego
1105 1033 1197 1074 eas
1220 1030 1436 1087 possum
1468 1021 1825 1069 transmutare
1843 1018 1899 1066 et
1920 1008 2185 1065 transfor-

613 1090 778 1172 mare.
807 1113 873 1169 Et
900 1112 1025 1184 quid
1072 1110 1309 1177 miraris,
1337 1108 1383 1163 si
1412 1107 1462 1161 in
1482 1106 1579 1161 his
1614 1104 1670 1159 lit
1698 1102 1841 1160 tale?
1881 1102 1984 1157 hoc
2007 1090 2197 1173 ipsum

612 1206 753 1263 enim
786 1202 1028 1259 invenies
1057 1203 1217 1257 etiam
1244 1202 1297 1254 in
1319 1198 1440 1252 aliis
1467 1194 1736 1251 omnibus.

687 1294 786 1363 Qui
805 1293 1110 1347 contumelia
1152 1290 1303 1362 dﬁcit
1323 1330 1339 1353 ,
1370 1289 1481 1356 ipse
1516 1284 1819 1339 contumelia
1845 1281 2079 1353 dﬁcitur.
2113 1310 2185 1323 --

611 1384 670 1442 εἰ
701 1385 948 1455 injuriam
980 1382 1163 1446 iacias,
1201 1378 1423 1435 allectus
1462 1391 1522 1433 es
1565 1375 1754 1446 injuria
1793 1390 1812 1428 :
1846 1374 1893 1430 si
1934 1372 2075 1437 iacta
2100 1380 2184 1429 est

613 1482 706 1537 tibi
734 1482 925 1549 injuria
952 1522 967 1545 ,
1016 1489 1140 1535 tunc
1182 1493 1288 1533 non
1332 1492 1392 1534 es
1436 1476 1627 1546 injuria
1658 1475 1923 1530 allectus:
1957 1473 2001 1527 si
2041 1472 2182 1528 ultus

612 1575 941 1639 fueris;tunc
964 1588 1069 1628 non
1095 1579 1175 1627 est
1203 1570 1345 1624 ultus
1368 1609 1385 1636 ,
1412 1567 1506 1623 sed
1540 1566 1766 1638 teipsum
1799 1579 1858 1621 es
1886 1564 2047 1619 ultus.
2084 1562 2184 1629 Qui

611 1665 777 1725 enim,
804 1664 972 1733 inquit
996 1705 1011 1730 ,
1052 1662 1220 1734 diligit
1262 1660 1575 1729 iniquitatem
1597 1699 1611 1723 ,
1655 1656 1761 1711 odit
1790 1655 2013 1710 animans
2040 1669 2185 1709 suam

614 1754 774 1830 (Prov
820 1754 908 1812 29.
956 1753 1072 1826 2i).
1108 1752 1273 1811 Vides
1314 1753 1453 1823 quod
1496 1766 1602 1806 non
1631 1749 1817 1818 injuria
1848 1745 2047 1811 aiticis,
2089 1746 2182 1801 sed

613 1848 805 1918 injuria
836 1847 1059 1904 allectus
1100 1846 1199 1902 es?
1244 1845 1529 1915 Propterea
1570 1842 1701 1897 dicit
1740 1842 1901 1897 etiam
1941 1838 2134 1894 Paulus
2167 1854 2183 1892 :

615 1939 789 2005 Quare
828 1956 930 1993 non
976 1938 1136 2009 magis
1176 1935 1416 2009 injuriarn
1457 1934 1685 2003 accipitis
1727 1931 1803 2005 (Ι.
1834 1931 1955 1987 Cor.
1993 1930 2046 1986 6.
2090 1924 2188 2000 ην

614 2028 807 2086 Vidisti
843 2028 985 2099 quod
1013 2028 1117 2084 hoc
1139 2043 1244 2082 non
1270 2028 1341 2082 sit
1366 2024 1555 2097 injuria
1584 2023 1763 2080 allici?
1790 2022 2016 2092 Quando
2052 2036 2190 2078 con-

614 2119 828 2176 tumelia
849 2118 1113 2184 aii‘eceris,
1137 2126 1265 2173 tunc
1290 2114 1512 2173 aﬂectus
1535 2130 1597 2171 es
1621 2113 1963 2171 contumelia.
1997 2112 2065 2168 Et
2086 2111 2190 2169 hoc

612 2225 679 2266 ex
712 2218 860 2279 parte
883 2209 1059 2264 sciunt
1085 2207 1237 2264 multi
1275 2216 1378 2265 :ut
1425 2204 1639 2277 quando
1682 2204 1868 2261 dicunt
1911 2203 2051 2260 inter
2082 2217 2184 2258 se:

613 2298 750 2357 Hine
777 2298 1155 2362 discedamus,
1198 2313 1268 2353 ne
1312 2297 1545 2367 teipsum
1589 2293 1793 2351 aﬂlcias
1839 2293 2185 2351 contumelia.

614 2389 1013 2459 Quamobrem?
1040 2389 1303 2459 Quoniam
1349 2388 1572 2444 multum
1604 2387 1829 2445 interest
1853 2387 1991 2442 inter
2013 2396 2063 2441 te
2086 2428 2103 2453 ,
2132 2394 2188 2441 et

615 2482 809 2539 illum:
852 2497 973 2537 nam
1019 2482 1460 2551 quantiscumque
1500 2478 1746 2536 aifeceris
1789 2478 2127 2535 contumeliis
2152 2478 2192 2544 ,'

613 2572 705 2628 ille
726 2570 949 2643 gloriam
976 2570 1265 2640 existimat.
1301 2569 1411 2625 lloc
1440 2570 1493 2625 in
1523 2568 1770 2625 omnibus
1793 2568 2109 2640 cogitemus,
2131 2575 2187 2625 et

613 2662 950 2719 contumeliis
999 2661 1275 2720 evadimus
1322 2664 1647 2733 superiores.
1703 2661 2025 2731 Quomodo?
2068 2662 2185 2735 Ego

614 2754 734 2811 dico
764 2775 777 2810 :
809 2754 864 2811 Si
884 2764 969 2811 est
994 2754 1147 2810 nobis
1177 2770 1350 2825 pugna
1377 2755 1631 2811 adversus
1655 2769 1777 2809 eum
1804 2754 1977 2825 ipsum
1994 2755 2083 2824 qui
2105 2763 2187 2811 est

614 2844 829 2899 indutus
874 2859 1106 2914 purpura
1134 2885 1149 2911 ,
1195 2859 1320 2900 cum
1360 2844 1682 2900 contumelia
1727 2859 1850 2901 eum
1896 2844 2183 2912 allicimus,

580 2936 983 2992 existimamus
1023 2950 1122 2991 nos
1161 2936 1309 3006 ipsos
1356 2935 1552 3006 injuria
1598 2935 1857 2991 allicere:
1890 2950 2014 2991 nam
2064 2935 2185 2991 ideo

616 3028 760 3098 digni
775 3041 958 3083 sumus
984 3027 1074 3098 qui
1099 3028 1295 3097 probro
1309 3026 1625 3084 afﬁciantur.
1645 3027 1781 3096 Quid
1799 3026 1954 3091 dicis,
1975 3027 2186 3099 quaeso?

614 3135 735 3175 cum
766 3119 840 3175 sis
864 3119 998 3175 civis
1023 3119 1300 3187 calorum,
1324 3126 1383 3174 et
1405 3133 1690 3189 supernam
1722 3118 1921 3175 habeas
1951 3118 2189 3190 philoso-

615 3212 817 3283 phiam,
846 3226 967 3267 cum
989 3227 1055 3266 eo
1082 3213 1171 3282 qui
1199 3227 1285 3267 res
1311 3220 1552 3267 terrenas
1570 3223 1747 3266 mente
1767 3213 1950 3281 agitat,
1978 3212 2188 3282 probris

615 3303 841 3372 teipsum
888 3302 1136 3373 appetis?
1184 3300 1316 3357 Nam
1362 3302 1569 3357 etiamsi
1617 3302 1869 3368 pecunias
1915 3302 2189 3375 possideat

612 3391 1047 3459 innumerabiles,
1080 3400 1133 3446 et
1161 3392 1231 3445 sit
1259 3392 1313 3447 in
1342 3392 1639 3463 principatu
1659 3403 1717 3448 et
1742 3402 2023 3465 potestate,
2052 3409 2187 3451 non-

613 3482 739 3537 dum
769 3493 942 3537 tamen
972 3483 1075 3537 scit
1110 3482 1307 3537 bunum
1352 3493 1523 3538 tuum.
1570 3481 1689 3538 Noli
1720 3483 1946 3554 teipsum
1986 3493 2179 3541 conlu-

615 3572 769 3628 melia
791 3572 1027 3640 allicere,
1048 3573 1193 3629 illum
1220 3572 1457 3632 alliciens
1481 3575 1804 3630 contumelia
1835 3591 1849 3629 :
1883 3574 1976 3629 tibi
2001 3582 2181 3645 parce,

613 3678 719 3719 non
748 3662 820 3718 illi
853 3680 868 3719 :
896 3664 1123 3732 telpsum
1152 3662 1379 3730 honora,
1412 3679 1518 3719 non
1550 3664 1720 3720 illum.
1752 3665 1942 3721 Annon
1968 3675 2053 3722 est
2082 3667 2182 3722 hu-

607 3754 840 3825 iusmodi
870 3753 1205 3824 proverbium
1235 3772 1249 3808 :
1278 3753 1378 3824 Qui
1403 3757 1651 3823 honorat,
1673 3756 1908 3830 seipsum
1929 3756 2177 3813 honorat.

611 3848 680 3904 Et
718 3847 911 3902 merito
942 3864 954 3903 :
984 3862 1089 3902 non
1118 3852 1261 3903 enim
1310 3848 1459 3903 illum
1500 3848 1747 3911 honorat.
1798 3849 1891 3905 sed
1922 3849 2180 3919 seipsum.

612 3938 747 3995 Audi
776 3937 1057 4007 quemdam
1084 3940 1377 4008 sapientem
1407 3938 1669 3999 dicentem
1702 3958 1717 3997 :
1745 3938 1856 3995 Fac
1878 3942 2063 3995 animat
2083 3950 2181 3996 tua

611 4028 849 4082 honorem
886 4028 1041 4095 juxta
1071 4028 1183 4100 ejus
1207 4028 1506 4101 dignitatern
1535 4032 1553 4099 (
1577 4030 1740 4086 Redi.
1773 4032 1861 4087 i0.
1890 4032 1951 4088 3i
1964 4032 2005 4102 ).
2041 4031 2181 4099 Quid

609 4126 715 4182 est,
746 4114 909 4177 Juxta
936 4119 1062 4187 ejus.
1087 4118 1381 4187 dignitatem
1398 4119 1424 4172 .’
1446 4118 1503 4175 Si
1533 4136 1627 4189 per
1653 4121 1931 4175 avaritiam
1964 4120 2182 4176 frauda-

621 4204 717 4264 vit.
746 4210 802 4257 tu
834 4217 909 4258 ne,
937 4201 1186 4268 fundes;
1227 4204 1273 4259 si
1316 4203 1492 4261 allecit
1516 4206 1865 4274 contumelia,
1903 4224 1972 4265 ne
1996 4220 2192 4265 contu-

623 4293 777 4348 melia
805 4292 1026 4348 allicias.
1054 4292 1150 4345 ilic.
1177 4293 1326 4359 mihi,
1358 4311 1561 4365 quaso,
1588 4298 1631 4351 si
1652 4296 1769 4367 quis
1796 4313 1995 4371 pauper
2020 4301 2189 4359 lutum

618 4383 798 4454 iacens
843 4399 875 4439 e
916 4394 1009 4437 tua
1038 4384 1157 4439 aula
1201 4386 1501 4456 acciperet,
1532 4402 1655 4441 num
1670 4399 1944 4459 propterea
1960 4406 2193 4451 eumvo-

621 4489 772 4531 cares
792 4473 853 4528 in
885 4473 1182 4543 judicium?
1209 4473 1571 4547 Nequaquam.
1608 4478 1825 4547 Quare?
1860 4480 1937 4538 Ne
1964 4492 2015 4538 te
2042 4498 2173 4540 con-

621 4563 834 4619 tumelia
863 4562 1085 4629 aiiicias,
1112 4579 1179 4620 ne
1206 4572 1259 4620 te
1281 4579 1471 4621 omnes
1498 4566 1876 4624 condemnent.
1910 4569 2022 4627 lloc
2048 4587 2190 4629 nunc

619 4668 831 4725 quoque
854 4652 909 4708 lt
941 4671 955 4708 :
984 4654 1140 4710 dives
1167 4656 1311 4711 enim
1337 4666 1417 4712 est
1442 4672 1643 4729 pauper
1661 4700 1676 4724 ,
1704 4669 1759 4714 et
1777 4676 1884 4730 quo
1904 4671 1987 4717 est
2005 4663 2187 4731 ditior,

617 4764 685 4803 eo
712 4748 881 4820 magis
910 4762 1031 4804 vera
1059 4748 1265 4805 laborat
1294 4759 1623 4820 paupertate.
1653 4750 1847 4808 Lutum
1866 4764 1950 4809 est
1974 4770 2185 4824 aurum,

619 4837 673 4894 in
696 4838 817 4893 aula
840 4839 1050 4909 jacens,
1077 4855 1183 4895 non
1212 4841 1355 4895 domi
1379 4850 1482 4896 ture
1502 4841 1661 4898 situm
1696 4862 1711 4900 :
1735 4845 1924 4901 calum
1941 4847 2082 4903 enim
2106 4856 2190 4906 est

621 4927 816 4986 damna
836 4938 942 4984 tua.
961 4928 1017 4989 Si
1040 4938 1315 5000 propterea
1340 4946 1471 5001 ergo
1497 4932 1640 4989 litem
1670 4949 1885 4991 moveas
1912 4944 1967 4993 et
1988 4937 2191 5008 judicio

621 5019 933 5087 contendas,
952 5034 1133 5077 annon
1157 5027 1209 5077 te
1223 5021 1649 5079 condemnabunt
1667 5027 1879 5096 superni
1899 5027 2042 5084 cives
2056 5029 2081 5082 ‘l
2095 5043 2191 5086 au-

619 5125 724 5165 non
745 5111 959 5181 ejicient
984 5124 1035 5169 te
1054 5130 1085 5169 e
1105 5127 1199 5169 sua
1224 5114 1412 5186 patria,
1434 5115 1602 5185 quies
1626 5116 1758 5172 adeo
1792 5116 2027 5186 humilis,
2052 5119 2189 5178 adeo

616 5200 741 5255 vilis
768 5211 821 5257 et
856 5203 1091 5271 abjectus
1110 5244 1127 5270 ,
1157 5213 1212 5260 ut
1242 5220 1339 5276 pro
1364 5207 1573 5263 modico
1600 5206 1710 5263 luto
1753 5208 1886 5265 velis
1912 5224 2145 5283 pugnare
2163 5214 2189 5268 ?

618 5290 749 5348 Nam
789 5292 836 5347 si
868 5292 1097 5350 mundus
1142 5307 1283 5352 esset
1326 5306 1464 5361 tuus,
1510 5297 1705 5355 deinde
1730 5302 2046 5372 sumpsisset
2083 5304 2187 5361 alio

616 5383 735 5453 quis
764 5396 906 5447 eum,
939 5386 1176 5441 converti
1205 5388 1373 5457 magis
1396 5398 1686 5459 oporteret.

684 5475 738 5531 ὃ.
767 5474 952 5532 Nescis
978 5477 1119 5546 quod
1150 5478 1199 5535 si
1229 5479 1409 5537 decies
1435 5483 1675 5552 posueris
1702 5484 1887 5541 orbem
1910 5492 2066 5543 terra;
2087 5528 2103 5554 ,
2132 5499 2188 5545 et

616 5565 821 5622 centies
844 5577 901 5622 et
928 5568 1108 5624 decies
1139 5569 1331 5626 millies
1350 5611 1367 5637 ,
1390 5579 1445 5627 et
1468 5572 1551 5628 bis
1586 5581 1791 5629 tantum
1815 5615 1830 5638 ,
1861 5591 1933 5633 ne
1954 5587 2038 5633 est
2064 5578 2187 5648 qui-

612 5658 735 5713 dem
760 5658 826 5713 ad
847 5662 1120 5716 minimam
1140 5671 1343 5731 partem
1367 5663 1626 5720 bonorum
1648 5680 1767 5737 quae
1788 5676 1913 5723 sunt
1936 5668 1989 5723 in
2013 5669 2186 5725 caelis?

609 5749 715 5839 Qui
742 5765 871 5821 ergo
895 5767 955 5808 ea
983 5768 1100 5823 qua:
1130 5752 1217 5810 hic
1242 5764 1366 5812 sunt
1390 5756 1648 5825 miratur,
1685 5758 1771 5815 illa
1801 5758 1965 5817 allicit
1991 5772 2181 5819 contu-

1345 370 1404 428 8.
1441 363 1716 425 ιοΑΝΝιε
1751 351 2222 422 οιιιιῖεοδτοω
2259 349 2575 433 ARCHIEP.
2616 347 3144 408 CONSTANTINOP.

3771 344 3870 405 πο

2298 453 2480 519 melia,
2508 450 2771 524 siquidem
2801 450 2918 507 hac
2937 449 3094 521 digna
3121 445 3391 506 existimat
3414 446 3466 503 in
3492 458 3612 517 qua
3639 444 3877 502 studium

2295 542 2536 603 conferat
2556 584 2571 609 ,
2598 557 2718 614 qua:
2757 540 2826 597 ab
2861 541 2965 596 illis
2992 548 3140 596 tanto
3177 539 3377 595 distant
3405 534 3688 601 intervallo
3718 552 3733 590 :
3765 536 3878 591 iano

2296 653 2425 695 vero
2466 651 2565 693 nec
2606 634 2799 706 poterit
2844 632 3061 705 quidem
3106 632 3194 688 illa
3245 629 3556 687 admiraris:
3603 625 3877 699 quomodo

2298 730 2465 796 enim,
2493 744 2613 786 cum
2641 727 2709 784 ad
2740 726 2855 782 btec
2880 723 3265 796 obstupesceas
3292 720 3506 778 inbies?
3536 720 3875 776 Dissccemus

2291 821 2376 877 vel
2399 833 2521 877 sero
2542 816 2775 884 tandem,
2806 829 3010 889 quaso,
3044 814 3198 870 funes
3223 822 3275 869 et
3296 812 3513 884 laqueos
3542 830 3557 867 :
3585 812 3703 867 hec
3727 809 3872 866 enim

2293 922 2416 967 sunt
2448 925 2533 967 res
2558 918 2805 966 tet-reme.
2850 908 3109 976 Quamdiu
3148 904 3548 960 incurvabimur
3584 900 3873 959 deorsum?

2291 1000 2548 1077 quamdiu
2572 1015 2673 1057 nos
2698 1001 2836 1056 alter
2864 999 3016 1055 alteri
3060 996 3432 1054 insidiabimur
3455 1000 3479 1062 ,‘
3502 996 3639 1052 sicut
3664 994 3794 1051 fera
3818 1002 3873 1051 et

2290 1094 2433 1151 sicut
2469 1094 2680 1165 pisces?
2708 1093 2819 1149 lino
2846 1108 2971 1149 vero
2998 1090 3127 1148 {erat
3157 1078 3263 1147 non
3294 1100 3483 1163 parant
3508 1089 3609 1146 sibi
3636 1089 3864 1146 invicem

2286 1183 2530 1250 insidias,
2580 1181 2675 1238 sed
2717 1182 2781 1237 iis
2818 1196 2936 1253 qua:
2980 1189 3107 1236 sunt
3142 1181 3337 1237 diversi
3362 1182 3576 1251 generis
3603 1198 3621 1238 :
3650 1192 3863 1252 utputa,

2285 1287 2444 1329 ursus
2472 1286 2654 1328 ursum
2689 1285 2794 1326 non
2822 1269 3102 1326 confestim
3131 1269 3409 1332 interimit.
3440 1285 3614 1342 neque
3636 1284 3868 1340 serpens

2285 1364 2354 1420 de
2382 1362 2558 1419 medio
2582 1362 2720 1418 tollit
2752 1370 3057 1433 serpentem
3081 1400 3099 1427 ,
3130 1371 3190 1417 ut
3218 1361 3307 1433 qui
3336 1370 3644 1417 revereatur
3670 1376 3869 1434 cogna-

2285 1454 2485 1510 tionem
2516 1468 2533 1507 :
2561 1462 2619 1507 tu
2645 1461 2825 1514 autem
2865 1467 2989 1509 eum
3026 1451 3117 1523 qui
3162 1460 3246 1507 est
3290 1450 3529 1522 ejusdem
3564 1452 3782 1525 generis
3813 1461 3870 1507 et

2286 1559 2408 1601 cum
2437 1559 2543 1616 quo
2558 1546 2678 1615 jura
2708 1543 2873 1605 babes
2894 1542 3324 1610 innumerabilia,
3350 1544 3749 1614 cognationem,
3778 1556 3865 1598 ra-

2289 1637 2489 1693 tionem
2515 1676 2530 1702 ,
2559 1636 2652 1691 Dei
2692 1632 3052 1706 cognitionem
3073 1673 3091 1702 ,
3120 1635 3232 1689 vim
3262 1641 3468 1691 natura:
3497 1641 3552 1690 et
3585 1634 3688 1690 alia
3714 1634 3873 1690 innu-

2288 1742 2456 1795 mera,
2483 1734 2545 1782 et
2562 1726 2649 1797 qui
2677 1735 2763 1781 est
2788 1724 3031 1795 ejusdem
3058 1734 3261 1781 natura
3293 1719 3559 1798 particeps
3581 1766 3595 1791 ,
3626 1725 3871 1798 pet-imis,

2288 1826 2345 1873 et
2371 1816 2425 1871 in
2450 1814 2588 1871 mala
2615 1815 2788 1886 injicis
2826 1814 3254 1872 innumerabilia.
3301 1813 3438 1882 Quid
3468 1825 3580 1871 tum
3621 1817 3765 1871 enim
3785 1856 3800 1881 ,
3826 1815 3873 1872 si

2288 1906 2519 1980 gladium
2549 1922 2657 1962 non
2683 1906 2881 1978 adigis,
2923 1920 3099 1977 neque
3137 1906 3191 1962 in
3216 1906 3414 1963 collum
3444 1906 3720 1964 dexteram
3766 1908 3873 1963 im-

2291 1999 2519 2070 mergis?
2535 1998 2798 2054 alia/iacis
2819 1998 2922 2055 hoc
2945 1999 3208 2072 graviora,
3233 1998 3285 2053 in
3310 2007 3597 2072 perpetuas
3622 1998 3876 2070 injiciens

2290 2091 2584 2148 molestias.
2610 2089 2741 2145 Nam
2771 2089 2817 2145 si
2845 2090 2946 2145 boc
2974 2071 3213 2156 fecisses,
3236 2071 3526 2147 liberasses
3553 2105 3680 2147 eum
3710 2105 3741 2144 a
3773 2089 3877 2146 sol-

2291 2182 2603 2239 licitudine:
2637 2195 2778 2237 nunc
2804 2190 2983 2236 autem
3007 2179 3180 2251 injicis
3201 2180 3253 2235 in
3282 2179 3502 2248 famem,
3534 2181 3875 2247 servitutem,

2292 2273 2634 2345 aegritudines
2657 2282 2711 2329 et
2730 2270 2895 2327 multa
2918 2280 3158 2342 peccata.
3179 2271 3305 2328 Haec
3320 2271 3464 2338 dico,
3492 2282 3546 2329 et
3565 2288 3674 2329 non
3696 2287 3879 2329 cessa-

2292 2364 2364 2421 bo
2399 2365 2611 2428 dicere,
2642 2377 2749 2418 non
2793 2376 2890 2416 vos
2927 2361 3155 2417 incitans
3195 2360 3265 2419 ad
3304 2364 3509 2419 caedem
3550 2363 3875 2427 faciendam.

2292 2470 2465 2527 neque
2487 2454 2779 2509 adhortans
2798 2463 2858 2508 ut
2881 2452 2948 2509 ad
2976 2453 3170 2509 malum
3192 2453 3283 2510 illo
3304 2455 3482 2512 minus
3508 2455 3756 2523 veniatis,
3780 2453 3880 2513 sed

2293 2562 2362 2603 ne
2384 2544 2667 2603 conlldatis
2698 2553 2967 2614 tamquam
3006 2558 3195 2613 ptenas
3223 2560 3330 2601 non
3355 2547 3474 2609 sitis
3501 2546 3675 2602 daturi
3705 2562 3722 2602 :
3750 2560 3878 2602 nam

2296 2638 2397 2708 Qui
2444 2638 2625 2692 rictum
2667 2636 2849 2691 adimit
2893 2636 3124 2706 proximo
3169 2645 3217 2693 et
3260 2652 3442 2709 panem
3464 2679 3481 2706 ,
3533 2639 3717 2694 occidit
3761 2652 3880 2695 sunt

2294 2728 2479 2801 (Eccli.
2524 2728 2613 2785 δι.
2658 2726 2774 2796 ει).
2802 2726 3188 2784 Cuntineamus
3216 2729 3431 2787 tandem
3461 2730 3602 2801 apud
3631 2746 3735 2788 nos
3763 2747 3882 2787 ma-

2294 2836 2416 2887 nus,
2440 2835 2625 2893 quasso
2642 2835 2659 2886 ;
2679 2820 2787 2874 imo
2809 2834 2935 2875 vero
2955 2835 3063 2875 non
3086 2820 3479 2889 contineamus,
3501 2821 3597 2879 sed
3618 2837 3712 2880 eas
3730 2831 3882 2881 recte

2293 2910 2666 2976 extendamus,
2696 2923 2802 2964 non
2833 2907 2900 2964 ad
2927 2909 3075 2980 plura
3105 2910 3425 2981 acquirenda
3451 2926 3549 2983 per
3571 2914 3879 2981 avaritiam,

2294 3000 2389 3058 sed
2426 3001 2491 3057 ad
2520 3001 2916 3073 eleemosyuam
2952 3016 3063 3057 :ne
3102 2998 3399 3059 habeamus
3439 3016 3656 3059 manum
3704 3003 3880 3060 infru-

2295 3104 2569 3161 ctuosam,
2604 3109 2701 3150 nec
2743 3094 2946 3150 aridam
2980 3110 3146 3152 :nam
3184 3111 3307 3168 qua:
3347 3111 3455 3152 non
3495 3094 3620 3153 facit
3658 3096 3881 3169 quidem

2296 3185 2713 3258 eleemosynam,
2743 3194 2825 3240 est
2853 3184 3002 3241 arida
3035 3204 3049 3242 :
3082 3202 3202 3255 quae
3220 3196 3401 3244 autem
3428 3186 3591 3243 etiam
3613 3187 3763 3258 plura
3791 3202 3885 3245 ac-

2295 3277 2462 3350 quirit
2486 3292 2582 3347 per
2603 3276 2902 3343 avaritiam,
2923 3284 3009 3333 est
3026 3277 3351 3334 exsecranda
3374 3288 3429 3335 et
3453 3278 3687 3351 impura.
3707 3278 3882 3337 Nemo

2296 3366 2540 3425 comedat
2567 3381 2688 3422 cum
2716 3366 2976 3435 ejusmodi
2987 3367 3265 3434 manibus;
3293 3378 3375 3425 est
3398 3370 3540 3425 enim
3556 3372 3880 3428 contumelia

2296 3472 2480 3516 eorum
2506 3457 2596 3528 qui
2621 3468 2747 3513 sunt
2767 3457 2961 3514 vocati.
2983 3457 3137 3525 Nam,
3157 3458 3245 3518 dic
3274 3475 3481 3532 quaso,
3530 3462 3577 3518 si
3602 3463 3725 3534 quis
3756 3477 3876 3520 etim

2304 3572 2403 3614 nos
2415 3562 2656 3614 curasset
2672 3552 2986 3611 accumbere
3003 3568 3167 3626 super
3181 3561 3393 3626 tapetes
3416 3563 3470 3610 et
3494 3555 3657 3613 molle
3671 3564 3884 3629 stragu-

2302 3649 2410 3707 lum
2445 3658 2500 3706 et
2539 3662 2672 3705 auro
2710 3647 2941 3703 intextas
2959 3655 3141 3704 vestes
3158 3646 3326 3703 lineas
3343 3648 3396 3703 in
3426 3646 3588 3704 domo
3615 3663 3805 3720 magna
3825 3659 3882 3707 et

2299 3739 2597 3814 splendida,
2613 3752 2963 3810 magnamque
2987 3746 3041 3795 et
3060 3739 3282 3794 multam
3305 3738 3625 3797 famulorum
3663 3741 3880 3800 adstare

2299 3830 2545 3904 [iussisset
2585 3830 2997 3899 multitudinem,
3038 3829 3233 3888 deinde
3262 3846 3502 3888 mensam
3545 3844 3787 3905 parasset
3806 3850 3877 3893 es

2299 3939 2429 3980 auro
2449 3934 2503 3981 et
2521 3933 2763 3996 argento,
2790 3931 2846 3980 et
2866 3923 3048 4003 multis
3069 3923 3340 3994 implesset
3360 3925 3625 3997 tantisque
3650 3935 3709 3985 et
3731 3942 3883 3984 sum-

2301 4017 2506 4088 ptuosis
2534 4031 2694 4072 omne
2718 4031 2886 4088 genus
2913 4016 3069 4084 cibis,
3096 4029 3198 4072 nos
3226 4030 3440 4089 cogeret
3464 4018 3755 4077 comedere
3786 4036 3805 4073 :
3829 4022 3877 4079 si

2297 4112 2472 4167 solum
2498 4110 2760 4167 ferremus
2782 4124 2905 4166 eum
2933 4124 3091 4167 coeno
3115 4125 3307 4166 manus
3334 4122 3618 4184 ungentem
3647 4122 3705 4170 et
3734 4122 3878 4171 ster-

2298 4217 2428 4260 core
2465 4202 2738 4269 bumano,
2774 4210 2829 4259 et
2865 4202 2936 4257 ita
2983 4201 3139 4257 simul
3180 4202 3620 4269 accumbentem;
3667 4201 3881 4261 hancne

2292 4309 2512 4365 ptenam
2538 4294 2824 4350 sustineret
2847 4292 3130 4365 quispiam,
3153 4303 3207 4350 et
3232 4310 3337 4350 non
3364 4293 3502 4352 hanc
3521 4310 3637 4353 rem
3656 4294 3883 4354 duceret

2297 4400 2418 4443 esse
2443 4384 2854 4443 contumeliam?
2876 4383 3104 4441 Duceret
3146 4401 3312 4451 sane,
3343 4386 3564 4457 opinor,
3594 4396 3652 4443 et
3693 4390 3878 4447 statim

2298 4478 2551 4536 resiliret.
2596 4476 2751 4534 Nune
2776 4488 2954 4534 autem
2999 4492 3106 4534 non
3145 4479 3297 4536 vides
3326 4495 3519 4538 manus
3559 4496 3692 4538 vero
3719 4496 3880 4540 emno

2296 4571 2575 4643 oppletas,
2602 4581 2762 4642 atque
2798 4570 2935 4628 adeo
2965 4570 3108 4643 ipsus
3144 4574 3307 4628 etiam
3343 4572 3525 4640 cibos,
3562 4583 3614 4630 et
3648 4588 3755 4630 non
3787 4588 3881 4632 re-

2296 4664 2430 4730 silis,
2456 4679 2563 4719 non
2589 4662 2970 4734 reprehendis;
2989 4663 3084 4719 sed
3112 4664 3157 4720 si
3184 4665 3257 4722 sit
3283 4664 3500 4737 quidem
3528 4664 3582 4721 in
3610 4675 3878 4737 potestate

2295 4763 2349 4810 et
2374 4755 2725 4821 auctoritate,
2764 4770 2877 4810 rem
2925 4769 3171 4826 magnam
3212 4770 3336 4812 esse
3373 4756 3586 4822 statuis,
3632 4766 3689 4813 et
3731 4767 3876 4814 tuam

2296 4844 2476 4917 perdis
2502 4846 2734 4902 animam
2756 4887 2771 4915 ,
2798 4861 3023 4903 vescens
3054 4845 3268 4903 talibus.
3298 4847 3500 4917 Quovis
3531 4848 3676 4905 enim
3714 4864 3875 4908 emno

2296 4939 2444 5010 pejor
2465 4946 2551 4995 est
2563 4939 2782 4994 avaritia
2802 4956 2817 5004 ;
2839 4939 3070 4995 animam
3087 4942 3231 4996 enim
3254 4940 3517 5011 inquinat,
3532 4956 3639 4998 non
3653 4958 3872 5016 corpus,

2292 5042 2347 5087 et
2370 5030 2534 5094 eilicit
2561 5043 2619 5087 ut
2648 5030 2939 5089 diiiiciliter
2960 5032 3129 5105 possit
3151 5033 3279 5089 elui.
3303 5032 3385 5090 Tu
3406 5049 3537 5105 ergo
3566 5033 3752 5093 videns
3773 5036 3878 5094 hoc

2292 5137 2449 5178 caeno
2472 5122 2687 5195 quidem
2718 5122 2909 5179 illitum
2935 5139 3057 5179 eum
3086 5125 3176 5195 qui
3205 5125 3494 5191 accumbit,
3520 5136 3577 5182 et
3602 5142 3794 5185 manus
3819 5138 3878 5186 et

2291 5216 2478 5272 oculos
2504 5258 2520 5281 ,
2570 5216 2791 5274 domum
2840 5231 3057 5289 quoque
3103 5226 3159 5273 et
3208 5233 3449 5275 mensam
3498 5234 3566 5276 eo
3613 5221 3871 5293 repletam

2291 5308 2644 5379 (stercoribus
2664 5307 2834 5376 enim,
2856 5318 2912 5365 et
2937 5310 2983 5364 si
3005 5309 3132 5380 quid
3159 5320 3242 5366 est
3270 5310 3355 5368 his
3376 5310 3727 5382 immundius,
3749 5325 3878 5373 sunt

2291 5402 2367 5458 illi
2392 5401 2494 5458 cibi
2522 5402 2829 5471 spurciores
2849 5411 2903 5458 et
2925 5402 3339 5475 obsceniores),
3368 5405 3439 5460 ita
3467 5404 3698 5463 afficeris
3720 5408 3871 5481 quasi

2293 5493 2616 5560 honoratus,
2657 5504 2714 5552 et
2755 5504 3025 5567 tamquam
3070 5494 3283 5554 futurus
3318 5498 3371 5553 in
3413 5496 3652 5557 deliciis?
3686 5511 3740 5557 et
3771 5516 3871 5559 nec

2292 5586 2511 5642 Paulum
2540 5587 2753 5660 quidem
2783 5589 3016 5655 vereris,
3047 5606 3137 5659 qui
3165 5589 3233 5647 ad
3267 5605 3507 5648 mensam
3534 5591 3866 5661 (Succorum,

2290 5678 2334 5734 si
2360 5678 2603 5747 velimus,
2640 5679 2771 5735 citra
2818 5679 3255 5751 impedimentum
3302 5682 3459 5739 nobis
3490 5684 3749 5754 permittit
3772 5700 3866 5741 ac-

2290 5772 2501 5841 cedere,
2528 5772 2597 5831 ad
2647 5786 2927 5831 avarorum
2965 5782 3142 5832 autem
3188 5785 3244 5834 ct
3292 5791 3478 5834 eorum
3521 5778 3612 5849 qui
3661 5776 3871 5836 damnis
