  <div class='ocr_page' id='page_1' title='image "/cluster/home/n/w/nwhite01/storage/ocr_20150623/63/pst.000004899563/187.png"; bbox 0 0 4122 6338; ppageno 0'>
   <div class='ocr_carea' id='block_1_1' title="bbox 656 397 757 452">
    <p class='ocr_par' dir='ltr' id='par_1_1' title="bbox 656 397 757 452">
     <span class='ocr_line' id='line_1_1' title="bbox 656 397 757 452; baseline -0.01 -1"><span class='ocrx_word' id='word_1_1' title='bbox 656 397 757 452; x_wconf 74' lang='grc' dir='ltr'>Ιῖτ</span> 
     </span>
    </p>
   </div>
   <div class='ocr_carea' id='block_1_2' title="bbox 655 506 2221 580">
    <p class='ocr_par' dir='ltr' id='par_1_2' title="bbox 655 506 2221 580">
     <span class='ocr_line' id='line_1_2' title="bbox 655 506 2221 580; baseline -0.004 -17"><span class='ocrx_word' id='word_1_2' title='bbox 655 509 963 573; x_wconf 74' lang='grc' dir='ltr'>διάκεισαι,</span> <span class='ocrx_word' id='word_1_3' title='bbox 1010 509 1103 577; x_wconf 65' lang='grc' dir='ltr'>καί</span> <span class='ocrx_word' id='word_1_4' title='bbox 1147 508 1224 573; x_wconf 83' lang='grc' dir='ltr'>ὡς</span> <span class='ocrx_word' id='word_1_5' title='bbox 1275 508 1485 579; x_wconf 79' lang='grc' dir='ltr'>μέλλων</span> <span class='ocrx_word' id='word_1_6' title='bbox 1520 510 1766 580; x_wconf 81' lang='grc' dir='ltr'>τρυφᾷν;</span> <span class='ocrx_word' id='word_1_7' title='bbox 1819 509 1913 561; x_wconf 73' lang='grc' dir='ltr'>καὶ</span> <span class='ocrx_word' id='word_1_8' title='bbox 1965 506 2085 559; x_wconf 87' lang='grc' dir='ltr'>οὐδέ</span> <span class='ocrx_word' id='word_1_9' title='bbox 2126 506 2221 557; x_wconf 81' lang='grc' dir='ltr'>τὸν</span> 
     </span>
    </p>
   </div>
   <div class='ocr_carea' id='block_1_3' title="bbox 656 588 2221 661">
    <p class='ocr_par' dir='ltr' id='par_1_3' title="bbox 656 588 2221 661">
     <span class='ocr_line' id='line_1_3' title="bbox 656 588 2221 661; baseline -0.004 -16"><span class='ocrx_word' id='word_1_10' title='bbox 656 590 870 646; x_wconf 74' lang='grc' dir='ltr'>Παῦλον</span> <span class='ocrx_word' id='word_1_11' title='bbox 911 590 1175 655; x_wconf 79' lang='grc' dir='ltr'>δέδοικας,</span> <span class='ocrx_word' id='word_1_12' title='bbox 1223 593 1305 654; x_wconf 89' lang='grc' dir='ltr'>εἰς</span> <span class='ocrx_word' id='word_1_13' title='bbox 1360 592 1458 659; x_wconf 86' lang='grc' dir='ltr'>μέν</span> <span class='ocrx_word' id='word_1_14' title='bbox 1518 591 1787 661; x_wconf 82' lang='grc' dir='ltr'>Ἐλλήνων</span> <span class='ocrx_word' id='word_1_15' title='bbox 1825 589 2129 660; x_wconf 78' lang='grc' dir='ltr'>τράπεζαν,</span> <span class='ocrx_word' id='word_1_16' title='bbox 2172 588 2221 639; x_wconf 89' lang='grc' dir='ltr'>εἰ</span> 
     </span>
    </p>
   </div>
   <div class='ocr_carea' id='block_1_4' title="bbox 638 671 2224 746">
    <p class='ocr_par' dir='ltr' id='par_1_4' title="bbox 638 671 2224 746">
     <span class='ocr_line' id='line_1_4' title="bbox 638 671 2224 746; baseline -0.006 -13"><span class='ocrx_word' id='word_1_17' title='bbox 638 675 999 746; x_wconf 72' lang='grc' dir='ltr'>βουλοίμεθα.</span> <span class='ocrx_word' id='word_1_18' title='bbox 1023 675 1313 740; x_wconf 84' lang='grc' dir='ltr'>ἀκωλύτως</span> <span class='ocrx_word' id='word_1_19' title='bbox 1337 676 1726 746; x_wconf 80' lang='grc' dir='ltr'>συγχωροῦντα</span> <span class='ocrx_word' id='word_1_20' title='bbox 1749 675 2024 739; x_wconf 82' lang='grc' dir='ltr'>ἀπελθεῖν,</span> <span class='ocrx_word' id='word_1_21' title='bbox 2059 674 2140 735; x_wconf 89' lang='grc' dir='ltr'>είς</span> <span class='ocrx_word' id='word_1_22' title='bbox 2166 671 2224 724; x_wconf 79' lang='grc' dir='ltr'>δέ</span> 
     </span>
    </p>
   </div>
   <div class='ocr_carea' id='block_1_5' title="bbox 653 755 2224 829">
    <p class='ocr_par' dir='ltr' id='par_1_5' title="bbox 653 755 2224 829">
     <span class='ocr_line' id='line_1_5' title="bbox 653 755 2224 829; baseline 0 -20"><span class='ocrx_word' id='word_1_23' title='bbox 653 760 755 821; x_wconf 85' lang='grc' dir='ltr'>τάς</span> <span class='ocrx_word' id='word_1_24' title='bbox 788 758 895 811; x_wconf 91' lang='grc' dir='ltr'>τῶν</span> <span class='ocrx_word' id='word_1_25' title='bbox 924 758 1262 811; x_wconf 80' lang='grc' dir='ltr'>πλεονεκτῶν</span> <span class='ocrx_word' id='word_1_26' title='bbox 1290 759 1409 812; x_wconf 89' lang='grc' dir='ltr'>οὐδέ</span> <span class='ocrx_word' id='word_1_27' title='bbox 1437 759 1794 829; x_wconf 75' lang='grc' dir='ltr'>βουλομένους</span> <span class='ocrx_word' id='word_1_28' title='bbox 1822 758 2032 823; x_wconf 79' lang='grc' dir='ltr'>ἑῶντα;</span> <span class='ocrx_word' id='word_1_29' title='bbox 2083 755 2224 810; x_wconf 82' lang='grc' dir='ltr'>Ἐὰν</span> 
     </span>
    </p>
   </div>
   <div class='ocr_carea' id='block_1_6' title="bbox 656 832 2221 914">
    <p class='ocr_par' dir='ltr' id='par_1_6' title="bbox 656 832 2221 914">
     <span class='ocr_line' id='line_1_6' title="bbox 656 832 2221 914; baseline 0.001 -21"><span class='ocrx_word' id='word_1_30' title='bbox 656 843 766 912; x_wconf 86' lang='grc' dir='ltr'>γάρ</span> <span class='ocrx_word' id='word_1_31' title='bbox 787 858 875 906; x_wconf 86' lang='grc' dir='ltr'>τις</span> <span class='ocrx_word' id='word_1_32' title='bbox 904 839 1166 909; x_wconf 72' lang='grc' dir='ltr'>ἁδελφὸς</span> <span class='ocrx_word' id='word_1_33' title='bbox 1190 842 1640 912; x_wconf 83' lang='grc' dir='ltr'>ὀνομαζόμενος,</span> <span class='ocrx_word' id='word_1_34' title='bbox 1663 838 1702 914; x_wconf 82' lang='grc' dir='ltr'><em>ᾖ</em></span> <span class='ocrx_word' id='word_1_35' title='bbox 1725 882 1740 907; x_wconf 90' lang='grc'>,</span> <span class='ocrx_word' id='word_1_36' title='bbox 1774 832 1927 912; x_wconf 81' lang='grc' dir='ltr'>φησί,</span> <span class='ocrx_word' id='word_1_37' title='bbox 1965 841 2189 908; x_wconf 80' lang='grc' dir='ltr'>πόρνος</span> <span class='ocrx_word' id='word_1_38' title='bbox 2204 855 2221 869; x_wconf 79' lang='grc'><strong><em>⁸</em></strong></span> 
     </span>
    </p>
   </div>
   <div class='ocr_carea' id='block_1_7' title="bbox 657 927 2223 997">
    <p class='ocr_par' dir='ltr' id='par_1_7' title="bbox 657 927 2223 997">
     <span class='ocr_line' id='line_1_7' title="bbox 657 927 2223 997; baseline 0.001 -18"><span class='ocrx_word' id='word_1_39' title='bbox 657 929 884 997; x_wconf 75' lang='grc' dir='ltr'>ἀδελφὸν</span> <span class='ocrx_word' id='word_1_40' title='bbox 910 927 1143 981; x_wconf 82' lang='grc' dir='ltr'>ἐνταῦθα</span> <span class='ocrx_word' id='word_1_41' title='bbox 1163 929 1338 997; x_wconf 84' lang='grc' dir='ltr'>λέγων</span> <span class='ocrx_word' id='word_1_42' title='bbox 1368 932 1544 984; x_wconf 86' lang='grc' dir='ltr'>πάντα</span> <span class='ocrx_word' id='word_1_43' title='bbox 1573 932 1666 984; x_wconf 83' lang='grc' dir='ltr'>τὸν</span> <span class='ocrx_word' id='word_1_44' title='bbox 1694 931 1883 984; x_wconf 75' lang='grc' dir='ltr'>πιστὸν</span> <span class='ocrx_word' id='word_1_45' title='bbox 1920 928 2131 994; x_wconf 86' lang='grc' dir='ltr'>ἀπλῶς,</span> <span class='ocrx_word' id='word_1_46' title='bbox 2160 927 2223 980; x_wconf 90' lang='grc' dir='ltr'>οὐ</span> 
     </span>
    </p>
   </div>
   <div class='ocr_carea' id='block_1_8' title="bbox 658 1011 2227 1084">
    <p class='ocr_par' dir='ltr' id='par_1_8' title="bbox 658 1011 2227 1084">
     <span class='ocr_line' id='line_1_8' title="bbox 658 1011 2227 1084; baseline 0 -19"><span class='ocrx_word' id='word_1_47' title='bbox 658 1012 747 1065; x_wconf 81' lang='grc' dir='ltr'>τὸν</span> <span class='ocrx_word' id='word_1_48' title='bbox 790 1011 1109 1081; x_wconf 78' lang='grc' dir='ltr'>μονάζοντα.</span> <span class='ocrx_word' id='word_1_49' title='bbox 1144 1014 1207 1067; x_wconf 91' lang='grc' dir='ltr'>Τί</span> <span class='ocrx_word' id='word_1_50' title='bbox 1248 1016 1358 1083; x_wconf 84' lang='grc' dir='ltr'>γάρ</span> <span class='ocrx_word' id='word_1_51' title='bbox 1404 1018 1522 1068; x_wconf 87' lang='grc' dir='ltr'>ἐστι</span> <span class='ocrx_word' id='word_1_52' title='bbox 1554 1016 1613 1067; x_wconf 90' lang='grc' dir='ltr'>τὸ</span> <span class='ocrx_word' id='word_1_53' title='bbox 1656 1014 1842 1068; x_wconf 81' lang='grc' dir='ltr'>ποιοῦν</span> <span class='ocrx_word' id='word_1_54' title='bbox 1872 1015 1970 1084; x_wconf 79' lang='grc' dir='ltr'>τὴν</span> <span class='ocrx_word' id='word_1_55' title='bbox 1998 1012 2227 1080; x_wconf 84' lang='grc' dir='ltr'>ἀδελφό-</span> 
     </span>
    </p>
   </div>
   <div class='ocr_carea' id='block_1_9' title="bbox 658 1095 2229 1169">
    <p class='ocr_par' dir='ltr' id='par_1_9' title="bbox 658 1095 2229 1169">
     <span class='ocr_line' id='line_1_9' title="bbox 658 1095 2229 1169; baseline 0 -22"><span class='ocrx_word' id='word_1_56' title='bbox 658 1111 827 1165; x_wconf 84' lang='grc' dir='ltr'>τητα;</span> <span class='ocrx_word' id='word_1_57' title='bbox 870 1096 932 1147; x_wconf 77' lang='grc' dir='ltr'>τὸ</span> <span class='ocrx_word' id='word_1_58' title='bbox 961 1095 1185 1169; x_wconf 69' lang='grc' dir='ltr'>λουτρὸν</span> <span class='ocrx_word' id='word_1_59' title='bbox 1224 1101 1323 1169; x_wconf 88' lang='grc' dir='ltr'>τῆς</span> <span class='ocrx_word' id='word_1_60' title='bbox 1360 1098 1809 1165; x_wconf 63' lang='grc' dir='ltr'>παλιγγενεσίας,</span> <span class='ocrx_word' id='word_1_61' title='bbox 1847 1097 1907 1150; x_wconf 74' lang='grc' dir='ltr'>τδ</span> <span class='ocrx_word' id='word_1_62' title='bbox 1936 1095 2229 1164; x_wconf 80' lang='grc' dir='ltr'>δυνηθῆναι</span> 
     </span>
    </p>
   </div>
   <div class='ocr_carea' id='block_1_10' title="bbox 659 1176 2228 1250">
    <p class='ocr_par' dir='ltr' id='par_1_10' title="bbox 659 1176 2228 1250">
     <span class='ocr_line' id='line_1_10' title="bbox 659 1176 2228 1250; baseline 0 -20"><span class='ocrx_word' id='word_1_63' title='bbox 659 1176 890 1230; x_wconf 82' lang='grc' dir='ltr'>καλέσαι</span> <span class='ocrx_word' id='word_1_64' title='bbox 928 1178 1144 1250; x_wconf 82' lang='grc' dir='ltr'>Πατέρα</span> <span class='ocrx_word' id='word_1_65' title='bbox 1178 1180 1439 1234; x_wconf 77' lang='grc' dir='ltr'>τὸνθεόν.</span> <span class='ocrx_word' id='word_1_66' title='bbox 1484 1181 1646 1233; x_wconf 82' lang='grc' dir='ltr'>Ὥστε</span> <span class='ocrx_word' id='word_1_67' title='bbox 1672 1181 1701 1232; x_wconf 96' lang='lat'>6</span> <span class='ocrx_word' id='word_1_68' title='bbox 1745 1182 1846 1250; x_wconf 77' lang='grc' dir='ltr'>μὲν</span> <span class='ocrx_word' id='word_1_69' title='bbox 1885 1178 2228 1248; x_wconf 85' lang='grc' dir='ltr'>κατηχούμε-</span> 
     </span>
    </p>
   </div>
   <div class='ocr_carea' id='block_1_11' title="bbox 659 1252 2228 1336">
    <p class='ocr_par' dir='ltr' id='par_1_11' title="bbox 659 1252 2228 1336">
     <span class='ocr_line' id='line_1_11' title="bbox 659 1252 2228 1336; baseline -0.001 -21"><span class='ocrx_word' id='word_1_70' title='bbox 659 1278 766 1325; x_wconf 69' lang='grc' dir='ltr'>νος,</span> <span class='ocrx_word' id='word_1_71' title='bbox 793 1252 899 1314; x_wconf 81' lang='grc' dir='ltr'>κᾶν</span> <span class='ocrx_word' id='word_1_72' title='bbox 931 1260 1216 1336; x_wconf 83' lang='grc' dir='ltr'>μοναχὸςῇ</span> <span class='ocrx_word' id='word_1_73' title='bbox 1244 1305 1257 1326; x_wconf 92' lang='grc'>,</span> <span class='ocrx_word' id='word_1_74' title='bbox 1282 1266 1380 1316; x_wconf 88' lang='grc' dir='ltr'>οὐκ</span> <span class='ocrx_word' id='word_1_75' title='bbox 1415 1264 1638 1333; x_wconf 80' lang='grc' dir='ltr'>ἀδελφός</span> <span class='ocrx_word' id='word_1_76' title='bbox 1661 1276 1708 1305; x_wconf 76' lang='grc' dir='ltr'>ι·</span> <span class='ocrx_word' id='word_1_77' title='bbox 1740 1266 1768 1317; x_wconf 93' lang='lat'>6</span> <span class='ocrx_word' id='word_1_78' title='bbox 1788 1264 1844 1317; x_wconf 83' lang='grc' dir='ltr'>δὲ</span> <span class='ocrx_word' id='word_1_79' title='bbox 1872 1263 2059 1325; x_wconf 82' lang='grc' dir='ltr'>πιστὸς</span> <span class='ocrx_word' id='word_1_80' title='bbox 2078 1300 2093 1324; x_wconf 90' lang='grc'>,</span> <span class='ocrx_word' id='word_1_81' title='bbox 2124 1261 2228 1315; x_wconf 73' lang='grc' dir='ltr'>κᾶν</span> 
     </span>
    </p>
   </div>
   <div class='ocr_carea' id='block_1_12' title="bbox 658 1343 2229 1421">
    <p class='ocr_par' dir='ltr' id='par_1_12' title="bbox 658 1343 2229 1421">
     <span class='ocr_line' id='line_1_12' title="bbox 658 1343 2229 1421; baseline 0 -23"><span class='ocrx_word' id='word_1_82' title='bbox 658 1346 928 1415; x_wconf 77' lang='grc' dir='ltr'>κοσμικδς</span> <span class='ocrx_word' id='word_1_83' title='bbox 1020 1389 1034 1411; x_wconf 95' lang='grc'>,</span> <span class='ocrx_word' id='word_1_84' title='bbox 1065 1348 1290 1415; x_wconf 76' lang='grc' dir='ltr'>ἀδελφός</span> <span class='ocrx_word' id='word_1_85' title='bbox 1322 1350 1488 1401; x_wconf 83' lang='grc' dir='ltr'>ἐστιν.</span> <span class='ocrx_word' id='word_1_86' title='bbox 1521 1348 1593 1401; x_wconf 83' lang='grc' dir='ltr'>Εἰ</span> <span class='ocrx_word' id='word_1_87' title='bbox 1623 1365 1731 1414; x_wconf 85' lang='grc' dir='ltr'>τις,</span> <span class='ocrx_word' id='word_1_88' title='bbox 1751 1348 1937 1416; x_wconf 81' lang='grc' dir='ltr'>φησὶν,</span> <span class='ocrx_word' id='word_1_89' title='bbox 1967 1344 2229 1413; x_wconf 74' lang='grc' dir='ltr'>ἁδελφὸς</span> 
     </span>
    </p>
   </div>
   <div class='ocr_carea' id='block_1_13' title="bbox 661 1424 2226 1501">
    <p class='ocr_par' dir='ltr' id='par_1_13' title="bbox 661 1424 2226 1501">
     <span class='ocr_line' id='line_1_13' title="bbox 661 1424 2226 1501; baseline -0.003 -17"><span class='ocrx_word' id='word_1_90' title='bbox 661 1425 1113 1501; x_wconf 70' lang='grc' dir='ltr'>ὀνομαζόμενος.</span> <span class='ocrx_word' id='word_1_91' title='bbox 1147 1431 1287 1485; x_wconf 84' lang='grc' dir='ltr'>Οὐδέ</span> <span class='ocrx_word' id='word_1_92' title='bbox 1320 1431 1428 1501; x_wconf 75' lang='grc' dir='ltr'>γὰρ</span> <span class='ocrx_word' id='word_1_93' title='bbox 1464 1432 1607 1501; x_wconf 84' lang='grc' dir='ltr'>ίχνος</span> <span class='ocrx_word' id='word_1_94' title='bbox 1640 1432 1759 1484; x_wconf 78' lang='grc' dir='ltr'>τότε</span> <span class='ocrx_word' id='word_1_95' title='bbox 1788 1429 2109 1500; x_wconf 76' lang='grc' dir='ltr'>μονάζοντος</span> <span class='ocrx_word' id='word_1_96' title='bbox 2138 1424 2226 1499; x_wconf 84' lang='grc' dir='ltr'>ἦν,</span> 
     </span>
    </p>
   </div>
   <div class='ocr_carea' id='block_1_14' title="bbox 661 1512 2231 1586">
    <p class='ocr_par' dir='ltr' id='par_1_14' title="bbox 661 1512 2231 1586">
     <span class='ocr_line' id='line_1_14' title="bbox 661 1512 2231 1586; baseline -0.003 -18"><span class='ocrx_word' id='word_1_97' title='bbox 661 1512 797 1569; x_wconf 89' lang='grc' dir='ltr'>ἀλλά</span> <span class='ocrx_word' id='word_1_98' title='bbox 838 1516 1012 1568; x_wconf 79' lang='grc' dir='ltr'>πάντα</span> <span class='ocrx_word' id='word_1_99' title='bbox 1055 1514 1190 1586; x_wconf 77' lang='grc' dir='ltr'>πρὸς</span> <span class='ocrx_word' id='word_1_100' title='bbox 1234 1517 1534 1585; x_wconf 76' lang='grc' dir='ltr'>κοσμικοὺς</span> <span class='ocrx_word' id='word_1_101' title='bbox 1577 1515 1846 1582; x_wconf 76' lang='grc' dir='ltr'>διελέγετο</span> <span class='ocrx_word' id='word_1_102' title='bbox 1885 1515 1913 1566; x_wconf 97' lang='lat'>6</span> <span class='ocrx_word' id='word_1_103' title='bbox 1959 1512 2231 1583; x_wconf 88' lang='grc' dir='ltr'>μακάριος</span> 
     </span>
    </p>
   </div>
   <div class='ocr_carea' id='block_1_15' title="bbox 664 1591 2233 1669">
    <p class='ocr_par' dir='ltr' id='par_1_15' title="bbox 664 1591 2233 1669">
     <span class='ocr_line' id='line_1_15' title="bbox 664 1591 2233 1669; baseline 0.002 -20"><span class='ocrx_word' id='word_1_104' title='bbox 664 1591 834 1660; x_wconf 74' lang='grc' dir='ltr'>οὗτος.</span> <span class='ocrx_word' id='word_1_105' title='bbox 876 1597 1017 1652; x_wconf 82' lang='grc' dir='ltr'>Ἐάν</span> <span class='ocrx_word' id='word_1_106' title='bbox 1039 1616 1149 1665; x_wconf 85' lang='grc' dir='ltr'>τις,</span> <span class='ocrx_word' id='word_1_107' title='bbox 1182 1601 1366 1669; x_wconf 69' lang='grc' dir='ltr'>φησὶν,</span> <span class='ocrx_word' id='word_1_108' title='bbox 1397 1599 1660 1668; x_wconf 66' lang='grc' dir='ltr'>ἀδελφός</span> <span class='ocrx_word' id='word_1_109' title='bbox 1687 1597 2117 1668; x_wconf 76' lang='grc' dir='ltr'>ὀνομαζόμενος</span> <span class='ocrx_word' id='word_1_110' title='bbox 2137 1637 2151 1659; x_wconf 84' lang='grc'>.</span> <span class='ocrx_word' id='word_1_111' title='bbox 2189 1591 2233 1667; x_wconf 78' lang='grc' dir='ltr'><em>ᾖ</em></span> 
     </span>
    </p>
   </div>
   <div class='ocr_carea' id='block_1_16' title="bbox 663 1682 2232 1751">
    <p class='ocr_par' dir='ltr' id='par_1_16' title="bbox 663 1682 2232 1751">
     <span class='ocr_line' id='line_1_16' title="bbox 663 1682 2232 1751; baseline 0.001 -17"><span class='ocrx_word' id='word_1_112' title='bbox 663 1682 905 1747; x_wconf 73' lang='grc' dir='ltr'>πόρνος,</span> <span class='ocrx_word' id='word_1_113' title='bbox 946 1682 984 1750; x_wconf 82' lang='grc' dir='ltr'><em>ἢ</em></span> <span class='ocrx_word' id='word_1_114' title='bbox 1031 1685 1429 1751; x_wconf 75' lang='grc' dir='ltr'>πλεονέκτης.</span> <span class='ocrx_word' id='word_1_115' title='bbox 1472 1683 1509 1751; x_wconf 82' lang='grc' dir='ltr'><em>ἢ</em></span> <span class='ocrx_word' id='word_1_116' title='bbox 1542 1684 1838 1749; x_wconf 82' lang='grc' dir='ltr'>μέθυσος.</span> <span class='ocrx_word' id='word_1_117' title='bbox 1870 1682 1949 1747; x_wconf 85' lang='grc' dir='ltr'>τῷ</span> <span class='ocrx_word' id='word_1_118' title='bbox 1986 1682 2232 1747; x_wconf 75' lang='grc' dir='ltr'>τοιούτῳ</span> 
     </span>
    </p>
   </div>
   <div class='ocr_carea' id='block_1_17' title="bbox 657 1765 2227 1836">
    <p class='ocr_par' dir='ltr' id='par_1_17' title="bbox 657 1765 2227 1836">
     <span class='ocr_line' id='line_1_17' title="bbox 657 1765 2227 1836; baseline 0.001 -19"><span class='ocrx_word' id='word_1_119' title='bbox 657 1765 812 1833; x_wconf 81' lang='grc' dir='ltr'>μηδέ</span> <span class='ocrx_word' id='word_1_120' title='bbox 836 1768 1201 1821; x_wconf 80' lang='grc' dir='ltr'>συνεσθίειν.</span> <span class='ocrx_word' id='word_1_121' title='bbox 1234 1767 1374 1820; x_wconf 77' lang='grc' dir='ltr'>Ἀλλ’</span> <span class='ocrx_word' id='word_1_122' title='bbox 1390 1768 1489 1821; x_wconf 90' lang='grc' dir='ltr'>οὐκ</span> <span class='ocrx_word' id='word_1_123' title='bbox 1511 1768 1603 1820; x_wconf 69' lang='grc' dir='ltr'>ἐπὶ</span> <span class='ocrx_word' id='word_1_124' title='bbox 1621 1767 1726 1821; x_wconf 89' lang='grc' dir='ltr'>τῶν</span> <span class='ocrx_word' id='word_1_125' title='bbox 1755 1767 2022 1836; x_wconf 86' lang='grc' dir='ltr'>Ἐλλήνων</span> <span class='ocrx_word' id='word_1_126' title='bbox 2036 1765 2227 1828; x_wconf 79' lang='grc' dir='ltr'>οὕτως,</span> 
     </span>
    </p>
   </div>
   <div class='ocr_carea' id='block_1_18' title="bbox 664 1840 2230 1919">
    <p class='ocr_par' dir='ltr' id='par_1_18' title="bbox 664 1840 2230 1919">
     <span class='ocr_line' id='line_1_18' title="bbox 664 1840 2230 1919; baseline 0.001 -18"><span class='ocrx_word' id='word_1_127' title='bbox 664 1840 800 1901; x_wconf 81' lang='grc' dir='ltr'>ἀλλὰ</span> <span class='ocrx_word' id='word_1_128' title='bbox 826 1851 878 1903; x_wconf 89' lang='grc' dir='ltr'>τί</span> <span class='ocrx_word' id='word_1_129' title='bbox 900 1867 915 1915; x_wconf 87' lang='grc'>;</span> <span class='ocrx_word' id='word_1_130' title='bbox 934 1849 1067 1903; x_wconf 78' lang='grc' dir='ltr'>Ἐάν</span> <span class='ocrx_word' id='word_1_131' title='bbox 1090 1867 1180 1915; x_wconf 90' lang='grc' dir='ltr'>τις</span> <span class='ocrx_word' id='word_1_132' title='bbox 1202 1849 1357 1919; x_wconf 85' lang='grc' dir='ltr'>ὑμᾶς</span> <span class='ocrx_word' id='word_1_133' title='bbox 1384 1850 1613 1918; x_wconf 69' lang='grc' dir='ltr'>καλέσῃ</span> <span class='ocrx_word' id='word_1_134' title='bbox 1645 1849 1763 1903; x_wconf 87' lang='grc' dir='ltr'>τῶν</span> <span class='ocrx_word' id='word_1_135' title='bbox 1784 1851 2081 1909; x_wconf 78' lang='grc' dir='ltr'>ἀπίστων.</span> <span class='ocrx_word' id='word_1_136' title='bbox 2105 1849 2230 1911; x_wconf 81' lang='grc' dir='ltr'>τοὺς</span> 
     </span>
    </p>
   </div>
   <div class='ocr_carea' id='block_1_19' title="bbox 667 1929 2230 2001">
    <p class='ocr_par' dir='ltr' id='par_1_19' title="bbox 667 1929 2230 2001">
     <span class='ocr_line' id='line_1_19' title="bbox 667 1929 2230 2001; baseline 0.003 -21"><span class='ocrx_word' id='word_1_137' title='bbox 667 1932 932 2001; x_wconf 78' lang='grc' dir='ltr'>’Έλληνας</span> <span class='ocrx_word' id='word_1_138' title='bbox 962 1932 1152 1999; x_wconf 77' lang='grc' dir='ltr'>λέγων.</span> <span class='ocrx_word' id='word_1_139' title='bbox 1190 1932 1289 1985; x_wconf 81' lang='grc' dir='ltr'>καί</span> <span class='ocrx_word' id='word_1_140' title='bbox 1341 1932 1553 1999; x_wconf 71' lang='grc' dir='ltr'>θέλητε</span> <span class='ocrx_word' id='word_1_141' title='bbox 1586 1934 1963 2000; x_wconf 82' lang='grc' dir='ltr'>πορεύεσθαι.</span> <span class='ocrx_word' id='word_1_142' title='bbox 1996 1929 2119 1988; x_wconf 82' lang='grc' dir='ltr'>πᾶν</span> <span class='ocrx_word' id='word_1_143' title='bbox 2163 1930 2230 1985; x_wconf 89' lang='grc' dir='ltr'>τὸ</span> 
     </span>
    </p>
   </div>
   <div class='ocr_carea' id='block_1_20' title="bbox 663 2012 2229 2083">
    <p class='ocr_par' dir='ltr' id='par_1_20' title="bbox 663 2012 2229 2083">
     <span class='ocr_line' id='line_1_20' title="bbox 663 2012 2229 2083; baseline 0.001 -18"><span class='ocrx_word' id='word_1_144' title='bbox 663 2012 1130 2082; x_wconf 81' lang='grc' dir='ltr'>παρατιθέμενον</span> <span class='ocrx_word' id='word_1_145' title='bbox 1152 2015 1291 2083; x_wconf 86' lang='grc' dir='ltr'>ὑμῖν</span> <span class='ocrx_word' id='word_1_146' title='bbox 1309 2016 1562 2070; x_wconf 77' lang='grc' dir='ltr'>ἐσθίετε.</span> <span class='ocrx_word' id='word_1_147' title='bbox 1603 2015 1743 2069; x_wconf 86' lang='grc' dir='ltr'>Ἐὰν</span> <span class='ocrx_word' id='word_1_148' title='bbox 1765 2014 1832 2070; x_wconf 80' lang='grc' dir='ltr'>δέ</span> <span class='ocrx_word' id='word_1_149' title='bbox 1852 2033 1945 2083; x_wconf 91' lang='grc' dir='ltr'>τις</span> <span class='ocrx_word' id='word_1_150' title='bbox 1964 2013 2229 2083; x_wconf 53' lang='grc' dir='ltr'>ἀδελφὸς</span> 
     </span>
    </p>
   </div>
   <div class='ocr_carea' id='block_1_21' title="bbox 663 2092 1694 2170">
    <p class='ocr_par' dir='ltr' id='par_1_21' title="bbox 663 2092 1694 2170">
     <span class='ocr_line' id='line_1_21' title="bbox 663 2092 1694 2170; baseline 0.003 -19"><span class='ocrx_word' id='word_1_151' title='bbox 663 2096 1108 2167; x_wconf 76' lang='grc' dir='ltr'>ὀνομαζόμενος,</span> <span class='ocrx_word' id='word_1_152' title='bbox 1137 2092 1199 2170; x_wconf 75' lang='grc' dir='ltr'>ᾖ,</span> <span class='ocrx_word' id='word_1_153' title='bbox 1233 2099 1386 2169; x_wconf 65' lang='grc' dir='ltr'>φησι,</span> <span class='ocrx_word' id='word_1_154' title='bbox 1413 2097 1694 2168; x_wconf 77' lang='grc' dir='ltr'>μέθυσος.</span> 
     </span>
    </p>
   </div>
   <div class='ocr_carea' id='block_1_22' title="bbox 732 2262 2228 2337">
    <p class='ocr_par' dir='ltr' id='par_1_22' title="bbox 732 2262 2228 2337">
     <span class='ocr_line' id='line_1_22' title="bbox 732 2262 2228 2337; baseline 0.001 -20"><span class='ocrx_word' id='word_1_155' title='bbox 732 2264 791 2317; x_wconf 86' lang='grc' dir='ltr'>δ’.</span> <span class='ocrx_word' id='word_1_156' title='bbox 828 2262 1021 2329; x_wconf 73' lang='grc' dir='ltr'>Βαϐαῖ,</span> <span class='ocrx_word' id='word_1_157' title='bbox 1052 2264 1191 2336; x_wconf 88' lang='grc' dir='ltr'>πόση</span> <span class='ocrx_word' id='word_1_158' title='bbox 1223 2264 1256 2335; x_wconf 76' lang='grc' dir='ltr'><strong>ἡ</strong></span> <span class='ocrx_word' id='word_1_159' title='bbox 1289 2264 1579 2337; x_wconf 79' lang='grc' dir='ltr'>ἀκρίδειαί</span> <span class='ocrx_word' id='word_1_160' title='bbox 1619 2267 1780 2337; x_wconf 76' lang='grc' dir='ltr'>ἡμεῖς</span> <span class='ocrx_word' id='word_1_161' title='bbox 1807 2265 1863 2319; x_wconf 82' lang='grc' dir='ltr'>δέ</span> <span class='ocrx_word' id='word_1_162' title='bbox 1885 2266 1945 2319; x_wconf 89' lang='grc' dir='ltr'>οὐ</span> <span class='ocrx_word' id='word_1_163' title='bbox 1977 2265 2138 2336; x_wconf 85' lang='grc' dir='ltr'>μόνον</span> <span class='ocrx_word' id='word_1_164' title='bbox 2166 2265 2228 2318; x_wconf 86' lang='grc' dir='ltr'>οὐ</span> 
     </span>
    </p>
   </div>
   <div class='ocr_carea' id='block_1_23' title="bbox 662 2346 2230 2421">
    <p class='ocr_par' dir='ltr' id='par_1_23' title="bbox 662 2346 2230 2421">
     <span class='ocr_line' id='line_1_23' title="bbox 662 2346 2230 2421; baseline 0.002 -22"><span class='ocrx_word' id='word_1_165' title='bbox 662 2346 933 2418; x_wconf 77' lang='grc' dir='ltr'>φεύγομεν</span> <span class='ocrx_word' id='word_1_166' title='bbox 951 2348 1078 2409; x_wconf 80' lang='grc' dir='ltr'>τοὺς</span> <span class='ocrx_word' id='word_1_167' title='bbox 1104 2348 1390 2416; x_wconf 81' lang='grc' dir='ltr'>μεθύσους,</span> <span class='ocrx_word' id='word_1_168' title='bbox 1442 2349 1577 2403; x_wconf 86' lang='grc' dir='ltr'>ἀλλά</span> <span class='ocrx_word' id='word_1_169' title='bbox 1601 2349 1694 2402; x_wconf 78' lang='grc' dir='ltr'>καί</span> <span class='ocrx_word' id='word_1_170' title='bbox 1714 2349 2065 2421; x_wconf 83' lang='grc' dir='ltr'>ἀπερχόμεθα</span> <span class='ocrx_word' id='word_1_171' title='bbox 2093 2347 2230 2418; x_wconf 82' lang='grc' dir='ltr'>πρὸς</span> 
     </span>
    </p>
   </div>
   <div class='ocr_carea' id='block_1_24' title="bbox 662 2429 2228 2501">
    <p class='ocr_par' dir='ltr' id='par_1_24' title="bbox 662 2429 2228 2501">
     <span class='ocr_line' id='line_1_24' title="bbox 662 2429 2228 2501; baseline 0 -16"><span class='ocrx_word' id='word_1_172' title='bbox 662 2432 878 2494; x_wconf 80' lang='grc' dir='ltr'>αὐτοὺς,</span> <span class='ocrx_word' id='word_1_173' title='bbox 913 2429 1345 2500; x_wconf 65' lang='grc' dir='ltr'>μεθέξοπεςτῶν</span> <span class='ocrx_word' id='word_1_174' title='bbox 1371 2431 1498 2501; x_wconf 83' lang='grc' dir='ltr'>παρ’</span> <span class='ocrx_word' id='word_1_175' title='bbox 1526 2432 1723 2487; x_wconf 82' lang='grc' dir='ltr'>αὐτῶν.</span> <span class='ocrx_word' id='word_1_176' title='bbox 1755 2433 1853 2486; x_wconf 88' lang='grc' dir='ltr'>Διά</span> <span class='ocrx_word' id='word_1_177' title='bbox 1871 2432 2027 2485; x_wconf 87' lang='grc' dir='ltr'>τοῦτο</span> <span class='ocrx_word' id='word_1_178' title='bbox 2050 2432 2228 2486; x_wconf 81' lang='grc' dir='ltr'>πάντα</span> 
     </span>
    </p>
   </div>
   <div class='ocr_carea' id='block_1_25' title="bbox 661 2514 2227 2586">
    <p class='ocr_par' dir='ltr' id='par_1_25' title="bbox 661 2514 2227 2586">
     <span class='ocr_line' id='line_1_25' title="bbox 661 2514 2227 2586; baseline 0.001 -19"><span class='ocrx_word' id='word_1_179' title='bbox 661 2514 773 2567; x_wconf 84' lang='grc' dir='ltr'>ἀνω</span> <span class='ocrx_word' id='word_1_180' title='bbox 797 2515 888 2568; x_wconf 84' lang='grc' dir='ltr'>καὶ</span> <span class='ocrx_word' id='word_1_181' title='bbox 905 2515 1055 2569; x_wconf 82' lang='grc' dir='ltr'>κάτω</span> <span class='ocrx_word' id='word_1_182' title='bbox 1077 2514 1388 2586; x_wconf 88' lang='grc' dir='ltr'>γεγένηται,</span> <span class='ocrx_word' id='word_1_183' title='bbox 1414 2516 1594 2569; x_wconf 82' lang='grc' dir='ltr'>πάντα</span> <span class='ocrx_word' id='word_1_184' title='bbox 1627 2516 1957 2585; x_wconf 78' lang='grc' dir='ltr'>συγκέχυται</span> <span class='ocrx_word' id='word_1_185' title='bbox 1976 2517 2071 2568; x_wconf 80' lang='grc' dir='ltr'>καὶ</span> <span class='ocrx_word' id='word_1_186' title='bbox 2096 2518 2227 2570; x_wconf 86' lang='grc' dir='ltr'>ἀνα-</span> 
     </span>
    </p>
   </div>
   <div class='ocr_carea' id='block_1_26' title="bbox 658 2596 2229 2669">
    <p class='ocr_par' dir='ltr' id='par_1_26' title="bbox 658 2596 2229 2669">
     <span class='ocr_line' id='line_1_26' title="bbox 658 2596 2229 2669; baseline 0.003 -20"><span class='ocrx_word' id='word_1_187' title='bbox 658 2599 961 2669; x_wconf 73' lang='grc' dir='ltr'>τέτραπται</span> <span class='ocrx_word' id='word_1_188' title='bbox 1003 2598 1098 2651; x_wconf 73' lang='grc' dir='ltr'>καί</span> <span class='ocrx_word' id='word_1_189' title='bbox 1124 2596 1419 2651; x_wconf 84' lang='grc' dir='ltr'>ἀπόλωλεν.</span> <span class='ocrx_word' id='word_1_190' title='bbox 1454 2597 1586 2652; x_wconf 71' lang='grc' dir='ltr'>Εἰπὲ</span> <span class='ocrx_word' id='word_1_191' title='bbox 1615 2599 1723 2668; x_wconf 90' lang='grc' dir='ltr'>γάρ</span> <span class='ocrx_word' id='word_1_192' title='bbox 1756 2616 1867 2669; x_wconf 87' lang='grc' dir='ltr'>μοι.</span> <span class='ocrx_word' id='word_1_193' title='bbox 1897 2601 1944 2652; x_wconf 91' lang='grc' dir='ltr'>εἰ</span> <span class='ocrx_word' id='word_1_194' title='bbox 1981 2599 2229 2653; x_wconf 82' lang='grc' dir='ltr'>καλέσειέ</span> 
     </span>
    </p>
   </div>
   <div class='ocr_carea' id='block_1_27' title="bbox 664 2679 2228 2752">
    <p class='ocr_par' dir='ltr' id='par_1_27' title="bbox 664 2679 2228 2752">
     <span class='ocr_line' id='line_1_27' title="bbox 664 2679 2228 2752; baseline 0.003 -20"><span class='ocrx_word' id='word_1_195' title='bbox 664 2682 722 2732; x_wconf 81' lang='grc' dir='ltr'><em>σέ</em></span> <span class='ocrx_word' id='word_1_196' title='bbox 753 2697 836 2744; x_wconf 90' lang='grc' dir='ltr'>τις</span> <span class='ocrx_word' id='word_1_197' title='bbox 875 2679 983 2734; x_wconf 88' lang='grc' dir='ltr'>τῶν</span> <span class='ocrx_word' id='word_1_198' title='bbox 1018 2681 1275 2734; x_wconf 80' lang='grc' dir='ltr'>τοιούτων</span> <span class='ocrx_word' id='word_1_199' title='bbox 1305 2682 1397 2734; x_wconf 75' lang='grc' dir='ltr'>ἐπὶ</span> <span class='ocrx_word' id='word_1_200' title='bbox 1426 2680 1669 2734; x_wconf 78' lang='grc' dir='ltr'>ἑστίασιν</span> <span class='ocrx_word' id='word_1_201' title='bbox 1696 2683 2129 2752; x_wconf 78' lang='grc' dir='ltr'>ἡτοιμασμένην,</span> <span class='ocrx_word' id='word_1_202' title='bbox 2168 2682 2228 2736; x_wconf 85' lang='grc' dir='ltr'>σέ</span> 
     </span>
    </p>
   </div>
   <div class='ocr_carea' id='block_1_28' title="bbox 658 2761 2228 2835">
    <p class='ocr_par' dir='ltr' id='par_1_28' title="bbox 658 2761 2228 2835">
     <span class='ocr_line' id='line_1_28' title="bbox 658 2761 2228 2835; baseline 0.003 -20"><span class='ocrx_word' id='word_1_203' title='bbox 658 2764 749 2815; x_wconf 69' lang='grc' dir='ltr'>τὸν</span> <span class='ocrx_word' id='word_1_204' title='bbox 779 2763 989 2834; x_wconf 85' lang='grc' dir='ltr'>πένητα</span> <span class='ocrx_word' id='word_1_205' title='bbox 1023 2764 1120 2818; x_wconf 82' lang='grc' dir='ltr'>καὶ</span> <span class='ocrx_word' id='word_1_206' title='bbox 1147 2764 1337 2835; x_wconf 81' lang='grc' dir='ltr'>εὐτελῆ</span> <span class='ocrx_word' id='word_1_207' title='bbox 1387 2762 1764 2835; x_wconf 81' lang='grc' dir='ltr'>νομιζόμενον,</span> <span class='ocrx_word' id='word_1_208' title='bbox 1815 2761 1936 2819; x_wconf 77' lang='grc' dir='ltr'>εἷτα</span> <span class='ocrx_word' id='word_1_209' title='bbox 1973 2766 2228 2820; x_wconf 85' lang='grc' dir='ltr'>ἀκούσειε</span> 
     </span>
    </p>
   </div>
   <div class='ocr_carea' id='block_1_29' title="bbox 655 2847 2229 2921">
    <p class='ocr_par' dir='ltr' id='par_1_29' title="bbox 655 2847 2229 2921">
     <span class='ocr_line' id='line_1_29' title="bbox 655 2847 2229 2921; baseline -0.001 -17"><span class='ocrx_word' id='word_1_210' title='bbox 655 2848 809 2918; x_wconf 69' lang='grc' dir='ltr'>παρὰ</span> <span class='ocrx_word' id='word_1_211' title='bbox 836 2847 929 2900; x_wconf 88' lang='grc' dir='ltr'>σοῦ</span> <span class='ocrx_word' id='word_1_212' title='bbox 953 2848 1034 2901; x_wconf 82' lang='grc' dir='ltr'>ὅτι</span> <span class='ocrx_word' id='word_1_213' title='bbox 1056 2848 1242 2918; x_wconf 80' lang='grc' dir='ltr'>ἐπειδὴ</span> <span class='ocrx_word' id='word_1_214' title='bbox 1276 2850 1384 2903; x_wconf 83' lang='grc' dir='ltr'>ἀπὺ</span> <span class='ocrx_word' id='word_1_215' title='bbox 1413 2848 1729 2913; x_wconf 79' lang='grc' dir='ltr'>πλεονεξίας</span> <span class='ocrx_word' id='word_1_216' title='bbox 1751 2850 1868 2903; x_wconf 78' lang='grc' dir='ltr'>ἐστὶ</span> <span class='ocrx_word' id='word_1_217' title='bbox 1896 2848 1968 2902; x_wconf 89' lang='grc' dir='ltr'>τά</span> <span class='ocrx_word' id='word_1_218' title='bbox 1996 2866 2229 2921; x_wconf 85' lang='grc' dir='ltr'>παρατι-</span> 
     </span>
    </p>
   </div>
   <div class='ocr_carea' id='block_1_30' title="bbox 660 2929 2225 3003">
    <p class='ocr_par' dir='ltr' id='par_1_30' title="bbox 660 2929 2225 3003">
     <span class='ocr_line' id='line_1_30' title="bbox 660 2929 2225 3003; baseline 0.003 -22"><span class='ocrx_word' id='word_1_219' title='bbox 660 2929 881 2998; x_wconf 85' lang='grc' dir='ltr'>θέμενα,</span> <span class='ocrx_word' id='word_1_220' title='bbox 910 2931 1008 2984; x_wconf 89' lang='grc' dir='ltr'>οὐκ</span> <span class='ocrx_word' id='word_1_221' title='bbox 1038 2930 1297 3002; x_wconf 85' lang='grc' dir='ltr'>ἀνέξομαι</span> <span class='ocrx_word' id='word_1_222' title='bbox 1328 2931 1575 3001; x_wconf 84' lang='grc' dir='ltr'>μολύνειν</span> <span class='ocrx_word' id='word_1_223' title='bbox 1620 2931 1720 3003; x_wconf 81' lang='grc' dir='ltr'>τὴν</span> <span class='ocrx_word' id='word_1_224' title='bbox 1752 2930 1995 3002; x_wconf 75' lang='grc' dir='ltr'>ἐμαυτοῦ</span> <span class='ocrx_word' id='word_1_225' title='bbox 2023 2931 2225 3003; x_wconf 79' lang='grc' dir='ltr'>ψυχὴν,</span> 
     </span>
    </p>
   </div>
   <div class='ocr_carea' id='block_1_31' title="bbox 659 3009 2227 3089">
    <p class='ocr_par' dir='ltr' id='par_1_31' title="bbox 659 3009 2227 3089">
     <span class='ocr_line' id='line_1_31' title="bbox 659 3009 2227 3089; baseline 0.003 -22"><span class='ocrx_word' id='word_1_226' title='bbox 659 3017 759 3068; x_wconf 76' lang='grc' dir='ltr'>οὐκ</span> <span class='ocrx_word' id='word_1_227' title='bbox 774 3015 839 3069; x_wconf 84' lang='grc' dir='ltr'>ἂν</span> <span class='ocrx_word' id='word_1_228' title='bbox 857 3015 1051 3087; x_wconf 76' lang='grc' dir='ltr'>ῂδέσθη</span> <span class='ocrx_word' id='word_1_229' title='bbox 1072 3034 1089 3079; x_wconf 86' lang='lat'><strong>;</strong></span> <span class='ocrx_word' id='word_1_230' title='bbox 1107 3017 1209 3071; x_wconf 89' lang='grc' dir='ltr'>οὐκ</span> <span class='ocrx_word' id='word_1_231' title='bbox 1236 3017 1303 3071; x_wconf 81' lang='grc' dir='ltr'>ἂν</span> <span class='ocrx_word' id='word_1_232' title='bbox 1318 3018 1588 3088; x_wconf 84' lang='grc' dir='ltr'>ἐνετράπη</span> <span class='ocrx_word' id='word_1_233' title='bbox 1611 3034 1624 3083; x_wconf 93' lang='lat'><strong>;</strong></span> <span class='ocrx_word' id='word_1_234' title='bbox 1645 3019 1743 3072; x_wconf 88' lang='grc' dir='ltr'>οὐκ</span> <span class='ocrx_word' id='word_1_235' title='bbox 1758 3019 1824 3073; x_wconf 79' lang='grc' dir='ltr'>ἀν</span> <span class='ocrx_word' id='word_1_236' title='bbox 1840 3009 2185 3089; x_wconf 81' lang='grc' dir='ltr'>κατῃσχύνθη</span> <span class='ocrx_word' id='word_1_237' title='bbox 2209 3035 2227 3086; x_wconf 84' lang='grc'>;</span> 
     </span>
    </p>
   </div>
   <div class='ocr_carea' id='block_1_32' title="bbox 662 3096 2231 3173">
    <p class='ocr_par' dir='ltr' id='par_1_32' title="bbox 662 3096 2231 3173">
     <span class='ocr_line' id='line_1_32' title="bbox 662 3096 2231 3173; baseline 0.003 -22"><span class='ocrx_word' id='word_1_238' title='bbox 662 3097 812 3170; x_wconf 65' lang='grc' dir='ltr'>[ΞΜ]</span> <span class='ocrx_word' id='word_1_239' title='bbox 842 3098 1013 3152; x_wconf 82' lang='grc' dir='ltr'>Τοῦτο</span> <span class='ocrx_word' id='word_1_240' title='bbox 1038 3098 1197 3171; x_wconf 83' lang='grc' dir='ltr'>μόνον</span> <span class='ocrx_word' id='word_1_241' title='bbox 1235 3100 1415 3155; x_wconf 84' lang='grc' dir='ltr'>ἰκανὸν</span> <span class='ocrx_word' id='word_1_242' title='bbox 1445 3096 1512 3173; x_wconf 74' lang='grc' dir='ltr'>ἦν</span> <span class='ocrx_word' id='word_1_243' title='bbox 1541 3100 1849 3173; x_wconf 82' lang='grc' dir='ltr'>διορθῶσαι,</span> <span class='ocrx_word' id='word_1_244' title='bbox 1883 3103 1979 3156; x_wconf 55' lang='grc' dir='ltr'>καὶ⁵</span> <span class='ocrx_word' id='word_1_245' title='bbox 2007 3103 2231 3173; x_wconf 83' lang='grc' dir='ltr'>ποιῆσαι</span> 
     </span>
    </p>
   </div>
   <div class='ocr_carea' id='block_1_33' title="bbox 723 3227 2233 3301">
    <p class='ocr_par' dir='ltr' id='par_1_33' title="bbox 723 3227 2233 3301">
     <span class='ocr_line' id='line_1_33' title="bbox 723 3227 2233 3301; baseline 0.005 -27"><span class='ocrx_word' id='word_1_246' title='bbox 723 3227 959 3301; x_wconf 26' lang='grc' dir='ltr'>ιᾳτῖοιί),</span> <span class='ocrx_word' id='word_1_247' title='bbox 985 3230 1111 3278; x_wconf 83' lang='grc' dir='ltr'>ὥστε</span> <span class='ocrx_word' id='word_1_248' title='bbox 1148 3232 1188 3301; x_wconf 36' lang='lat'>6‘</span> <span class='ocrx_word' id='word_1_249' title='bbox 1219 3231 1300 3292; x_wconf 74' lang='grc' dir='ltr'>μὲν</span> <span class='ocrx_word' id='word_1_250' title='bbox 1346 3231 1565 3294; x_wconf 82' lang='grc' dir='ltr'>μοναχὸς,</span> <span class='ocrx_word' id='word_1_251' title='bbox 1586 3231 1642 3280; x_wconf 81' lang='grc' dir='ltr'>ἂν</span> <span class='ocrx_word' id='word_1_252' title='bbox 1677 3231 2029 3297; x_wconf 71' lang='grc' dir='ltr'>κατηχούμενος</span> <span class='ocrx_word' id='word_1_253' title='bbox 2069 3230 2122 3294; x_wconf 73' lang='grc' dir='ltr'>ἦ,</span> <span class='ocrx_word' id='word_1_254' title='bbox 2144 3231 2233 3281; x_wconf 75' lang='grc' dir='ltr'>οὐκ</span> 
     </span>
    </p>
   </div>
   <div class='ocr_carea' id='block_1_34' title="bbox 659 3291 1247 3353">
    <p class='ocr_par' dir='ltr' id='par_1_34' title="bbox 659 3291 1247 3353">
     <span class='ocr_line' id='line_1_34' title="bbox 659 3291 1247 3353; baseline 0 -13"><span class='ocrx_word' id='word_1_255' title='bbox 659 3291 874 3353; x_wconf 77' lang='grc' dir='ltr'>ἀδελφός,</span> <span class='ocrx_word' id='word_1_256' title='bbox 894 3291 1061 3341; x_wconf 80' lang='lat' dir='ltr'>minus</span> <span class='ocrx_word' id='word_1_257' title='bbox 1091 3296 1247 3342; x_wconf 79' lang='lat' dir='ltr'><strong>recte.</strong></span> 
     </span>
    </p>
   </div>
   <div class='ocr_carea' id='block_1_35' title="bbox 1331 382 3162 453">
    <p class='ocr_par' dir='ltr' id='par_1_35' title="bbox 1331 382 3162 453">
     <span class='ocr_line' id='line_1_35' title="bbox 1331 382 3162 453; baseline -0.005 -2"><span class='ocrx_word' id='word_1_258' title='bbox 1331 392 1389 451; x_wconf 89' lang='lat' dir='ltr'>S.</span> <span class='ocrx_word' id='word_1_259' title='bbox 1426 391 1709 452; x_wconf 72' lang='lat' dir='ltr'>JOANNIS</span> <span class='ocrx_word' id='word_1_260' title='bbox 1747 386 2234 453; x_wconf 74' lang='lat' dir='ltr'>CHRYSOSTOMI</span> <span class='ocrx_word' id='word_1_261' title='bbox 2274 384 2591 444; x_wconf 80' lang='lat' dir='ltr'>ARCHIEP.</span> <span class='ocrx_word' id='word_1_262' title='bbox 2629 382 3162 443; x_wconf 77' lang='lat' dir='ltr'>CONSTANTINOP.</span> 
     </span>
    </p>
   </div>
   <div class='ocr_carea' id='block_1_36' title="bbox 3797 379 3901 436">
    <p class='ocr_par' dir='ltr' id='par_1_36' title="bbox 3797 379 3901 436">
     <span class='ocr_line' id='line_1_36' title="bbox 3797 379 3901 436; baseline -0.01 0"><span class='ocrx_word' id='word_1_263' title='bbox 3797 379 3901 436; x_wconf 79' lang='grc'>178</span> 
     </span>
    </p>
   </div>
   <div class='ocr_carea' id='block_1_37' title="bbox 2321 496 3900 571">
    <p class='ocr_par' dir='ltr' id='par_1_37' title="bbox 2321 496 3900 571">
     <span class='ocr_line' id='line_1_37' title="bbox 2321 496 3900 571; baseline -0.003 -16"><span class='ocrx_word' id='word_1_264' title='bbox 2321 501 2603 556; x_wconf 84' lang='grc' dir='ltr'>ταλανίσαι</span> <span class='ocrx_word' id='word_1_265' title='bbox 2632 501 2731 571; x_wconf 81' lang='grc' dir='ltr'>μὲν</span> <span class='ocrx_word' id='word_1_266' title='bbox 2758 501 2851 554; x_wconf 75' lang='grc' dir='ltr'>ἐπὶ</span> <span class='ocrx_word' id='word_1_267' title='bbox 2881 500 2959 571; x_wconf 85' lang='grc' dir='ltr'>τῷ</span> <span class='ocrx_word' id='word_1_268' title='bbox 2992 499 3207 569; x_wconf 82' lang='grc' dir='ltr'>πλούτῳ</span> <span class='ocrx_word' id='word_1_269' title='bbox 3242 496 3435 551; x_wconf 77' lang='grc' dir='ltr'>ἑαυτὸν</span> <span class='ocrx_word' id='word_1_270' title='bbox 3456 536 3474 563; x_wconf 92' lang='grc'>,</span> <span class='ocrx_word' id='word_1_271' title='bbox 3511 497 3799 569; x_wconf 79' lang='grc' dir='ltr'>θαυμάσαι</span> <span class='ocrx_word' id='word_1_272' title='bbox 3838 496 3900 549; x_wconf 78' lang='grc' dir='ltr'>δὲ</span> 
     </span>
    </p>
   </div>
   <div class='ocr_carea' id='block_1_38' title="bbox 2322 579 3901 656">
    <p class='ocr_par' dir='ltr' id='par_1_38' title="bbox 2322 579 3901 656">
     <span class='ocr_line' id='line_1_38' title="bbox 2322 579 3901 656; baseline -0.004 -19"><span class='ocrx_word' id='word_1_273' title='bbox 2322 585 2415 637; x_wconf 75' lang='grc' dir='ltr'>ἐπὶ</span> <span class='ocrx_word' id='word_1_274' title='bbox 2450 587 2515 656; x_wconf 77' lang='grc' dir='ltr'>τῇ</span> <span class='ocrx_word' id='word_1_275' title='bbox 2552 584 2712 654; x_wconf 78' lang='grc' dir='ltr'>πενίᾳ</span> <span class='ocrx_word' id='word_1_276' title='bbox 2744 600 2824 644; x_wconf 88' lang='grc' dir='ltr'>σε,</span> <span class='ocrx_word' id='word_1_277' title='bbox 2864 584 2917 635; x_wconf 84' lang='grc' dir='ltr'>εἰ</span> <span class='ocrx_word' id='word_1_278' title='bbox 2950 600 3015 651; x_wconf 89' lang='grc' dir='ltr'>γε</span> <span class='ocrx_word' id='word_1_279' title='bbox 3048 582 3197 651; x_wconf 86' lang='grc' dir='ltr'>ἐώρα</span> <span class='ocrx_word' id='word_1_280' title='bbox 3227 582 3419 635; x_wconf 77' lang='grc' dir='ltr'>ἐαυτὸν</span> <span class='ocrx_word' id='word_1_281' title='bbox 3449 582 3589 650; x_wconf 85' lang='grc' dir='ltr'>μετά</span> <span class='ocrx_word' id='word_1_282' title='bbox 3629 579 3901 648; x_wconf 79' lang='grc' dir='ltr'>τοσαύτης</span> 
     </span>
    </p>
   </div>
   <div class='ocr_carea' id='block_1_39' title="bbox 2325 658 3903 738">
    <p class='ocr_par' dir='ltr' id='par_1_39' title="bbox 2325 658 3903 738">
     <span class='ocr_line' id='line_1_39' title="bbox 2325 658 3903 738; baseline -0.005 -16"><span class='ocrx_word' id='word_1_283' title='bbox 2325 668 2560 738; x_wconf 81' lang='grc' dir='ltr'>σπουδῆς</span> <span class='ocrx_word' id='word_1_284' title='bbox 2574 658 3081 737; x_wconf 75' lang='grc' dir='ltr'>καταφρονούμενον</span> <span class='ocrx_word' id='word_1_285' title='bbox 3098 664 3248 737; x_wconf 86' lang='grc' dir='ltr'>παρά</span> <span class='ocrx_word' id='word_1_286' title='bbox 3266 663 3383 719; x_wconf 90' lang='grc' dir='ltr'>σοῦ.</span> <span class='ocrx_word' id='word_1_287' title='bbox 3414 663 3577 717; x_wconf 81' lang='grc' dir='ltr'>Ἀλλά</span> <span class='ocrx_word' id='word_1_288' title='bbox 3590 664 3903 732; x_wconf 79' lang='grc' dir='ltr'>γεγόναμεν</span> 
     </span>
    </p>
   </div>
   <div class='ocr_carea' id='block_1_40' title="bbox 2322 747 3903 822">
    <p class='ocr_par' dir='ltr' id='par_1_40' title="bbox 2322 747 3903 822">
     <span class='ocr_line' id='line_1_40' title="bbox 2322 747 3903 822; baseline -0.004 -15"><span class='ocrx_word' id='word_1_289' title='bbox 2322 753 2497 807; x_wconf 91' lang='grc' dir='ltr'>δοῦλοι</span> <span class='ocrx_word' id='word_1_290' title='bbox 2526 750 2850 822; x_wconf 84' lang='grc' dir='ltr'>ἀνθρώπων,</span> <span class='ocrx_word' id='word_1_291' title='bbox 2897 750 2998 804; x_wconf 90' lang='grc' dir='ltr'>οὐκ</span> <span class='ocrx_word' id='word_1_292' title='bbox 3038 747 3156 804; x_wconf 78' lang='grc' dir='ltr'>οἰδα</span> <span class='ocrx_word' id='word_1_293' title='bbox 3179 749 3364 813; x_wconf 88' lang='grc' dir='ltr'>πόθεν,</span> <span class='ocrx_word' id='word_1_294' title='bbox 3414 749 3511 803; x_wconf 90' lang='grc' dir='ltr'>τοῦ</span> <span class='ocrx_word' id='word_1_295' title='bbox 3544 747 3903 802; x_wconf 59' lang='grc' dir='ltr'>Παύλουῶω</span> 
     </span>
    </p>
   </div>
   <div class='ocr_carea' id='block_1_41' title="bbox 2325 830 3900 905">
    <p class='ocr_par' dir='ltr' id='par_1_41' title="bbox 2325 830 3900 905">
     <span class='ocr_line' id='line_1_41' title="bbox 2325 830 3900 905; baseline -0.003 -15"><span class='ocrx_word' id='word_1_296' title='bbox 2325 837 2418 890; x_wconf 67' lang='grc' dir='ltr'>καὶ</span> <span class='ocrx_word' id='word_1_297' title='bbox 2451 836 2599 889; x_wconf 88' lang='grc' dir='ltr'>κάτω</span> <span class='ocrx_word' id='word_1_298' title='bbox 2623 835 2872 905; x_wconf 75' lang='grc' dir='ltr'>βοῶντος⁸</span> <span class='ocrx_word' id='word_1_299' title='bbox 2910 834 3006 901; x_wconf 81' lang='grc' dir='ltr'>Μὴ</span> <span class='ocrx_word' id='word_1_300' title='bbox 3037 835 3279 903; x_wconf 78' lang='grc' dir='ltr'>γίνεσθε</span> <span class='ocrx_word' id='word_1_301' title='bbox 3313 832 3523 887; x_wconf 74' lang='grc' dir='ltr'>δοῦλοι</span> <span class='ocrx_word' id='word_1_302' title='bbox 3550 830 3900 899; x_wconf 70' lang='grc' dir='ltr'>ἀνθρώπιον.</span> 
     </span>
    </p>
   </div>
   <div class='ocr_carea' id='block_1_42' title="bbox 2325 918 3903 992">
    <p class='ocr_par' dir='ltr' id='par_1_42' title="bbox 2325 918 3903 992">
     <span class='ocr_line' id='line_1_42' title="bbox 2325 918 3903 992; baseline -0.005 -14"><span class='ocrx_word' id='word_1_303' title='bbox 2325 923 2496 978; x_wconf 82' lang='grc' dir='ltr'>Πόθεν</span> <span class='ocrx_word' id='word_1_304' title='bbox 2510 918 2604 977; x_wconf 79' lang='grc' dir='ltr'>οῦν</span> <span class='ocrx_word' id='word_1_305' title='bbox 2625 923 2926 992; x_wconf 84' lang='grc' dir='ltr'>γεγόναμεν</span> <span class='ocrx_word' id='word_1_306' title='bbox 2944 920 3120 974; x_wconf 86' lang='grc' dir='ltr'>δοῦλοι</span> <span class='ocrx_word' id='word_1_307' title='bbox 3138 920 3235 973; x_wconf 90' lang='grc' dir='ltr'>ἀνθ</span> <span class='ocrx_word' id='word_1_308' title='bbox 3244 920 3443 991; x_wconf 82' lang='grc' dir='ltr'>ρώπων</span> <span class='ocrx_word' id='word_1_309' title='bbox 3463 938 3478 987; x_wconf 85' lang='grc'>;</span> <span class='ocrx_word' id='word_1_310' title='bbox 3523 919 3743 990; x_wconf 79' lang='grc' dir='ltr'>Ἐπειδὴ</span> <span class='ocrx_word' id='word_1_311' title='bbox 3764 918 3903 988; x_wconf 77' lang='grc' dir='ltr'>πρό-</span> 
     </span>
    </p>
   </div>
   <div class='ocr_carea' id='block_1_43' title="bbox 2324 1006 3901 1083">
    <p class='ocr_par' dir='ltr' id='par_1_43' title="bbox 2324 1006 3901 1083">
     <span class='ocr_line' id='line_1_43' title="bbox 2324 1006 3901 1083; baseline -0.004 -17"><span class='ocrx_word' id='word_1_312' title='bbox 2324 1030 2481 1083; x_wconf 80' lang='grc' dir='ltr'>τερον</span> <span class='ocrx_word' id='word_1_313' title='bbox 2517 1012 2755 1083; x_wconf 80' lang='grc' dir='ltr'>γαστρὸς</span> <span class='ocrx_word' id='word_1_314' title='bbox 2776 1010 3077 1080; x_wconf 88' lang='grc' dir='ltr'>ἐγενόμεθα</span> <span class='ocrx_word' id='word_1_315' title='bbox 3118 1010 3297 1063; x_wconf 89' lang='grc' dir='ltr'>δοῦλοι</span> <span class='ocrx_word' id='word_1_316' title='bbox 3330 1010 3425 1062; x_wconf 82' lang='grc' dir='ltr'>καὶ</span> <span class='ocrx_word' id='word_1_317' title='bbox 3470 1009 3771 1080; x_wconf 84' lang='grc' dir='ltr'>χρημάτων</span> <span class='ocrx_word' id='word_1_318' title='bbox 3802 1006 3901 1061; x_wconf 72' lang='grc' dir='ltr'>καὶ</span> 
     </span>
    </p>
   </div>
   <div class='ocr_carea' id='block_1_44' title="bbox 2326 1093 3902 1168">
    <p class='ocr_par' dir='ltr' id='par_1_44' title="bbox 2326 1093 3902 1168">
     <span class='ocr_line' id='line_1_44' title="bbox 2326 1093 3902 1168; baseline -0.005 -14"><span class='ocrx_word' id='word_1_319' title='bbox 2326 1100 2484 1168; x_wconf 88' lang='grc' dir='ltr'>δόξης</span> <span class='ocrx_word' id='word_1_320' title='bbox 2516 1100 2612 1153; x_wconf 66' lang='grc' dir='ltr'>καὶ¹</span> <span class='ocrx_word' id='word_1_321' title='bbox 2655 1099 2766 1151; x_wconf 89' lang='grc' dir='ltr'>τῶν</span> <span class='ocrx_word' id='word_1_322' title='bbox 2813 1098 2991 1153; x_wconf 82' lang='grc' dir='ltr'>ἀλλων</span> <span class='ocrx_word' id='word_1_323' title='bbox 3017 1097 3273 1151; x_wconf 84' lang='grc' dir='ltr'>ἀπάντων</span> <span class='ocrx_word' id='word_1_324' title='bbox 3299 1112 3312 1126; x_wconf 72' lang='grc' dir='ltr'><strong><em>ο</em></strong></span> <span class='ocrx_word' id='word_1_325' title='bbox 3356 1094 3754 1166; x_wconf 82' lang='grc' dir='ltr'>προεδώκαμεν</span> <span class='ocrx_word' id='word_1_326' title='bbox 3798 1093 3902 1163; x_wconf 77' lang='grc' dir='ltr'>τὴν</span> 
     </span>
    </p>
   </div>
   <div class='ocr_carea' id='block_1_45' title="bbox 2327 1172 3903 1253">
    <p class='ocr_par' dir='ltr' id='par_1_45' title="bbox 2327 1172 3903 1253">
     <span class='ocr_line' id='line_1_45' title="bbox 2327 1172 3903 1253; baseline -0.004 -17"><span class='ocrx_word' id='word_1_327' title='bbox 2327 1182 2659 1252; x_wconf 84' lang='grc' dir='ltr'>ἐλευθερίαν,</span> <span class='ocrx_word' id='word_1_328' title='bbox 2694 1184 2762 1251; x_wconf 77' lang='grc' dir='ltr'>ἢν</span> <span class='ocrx_word' id='word_1_329' title='bbox 2804 1181 3099 1253; x_wconf 88' lang='grc' dir='ltr'>ἐχαρίσατο</span> <span class='ocrx_word' id='word_1_330' title='bbox 3146 1182 3277 1250; x_wconf 82' lang='grc' dir='ltr'>ἡμῖν</span> <span class='ocrx_word' id='word_1_331' title='bbox 3315 1180 3345 1231; x_wconf 94' lang='lat'>6</span> <span class='ocrx_word' id='word_1_332' title='bbox 3390 1177 3644 1248; x_wconf 79' lang='grc' dir='ltr'>Χριστός.</span> <span class='ocrx_word' id='word_1_333' title='bbox 3697 1177 3763 1229; x_wconf 90' lang='grc' dir='ltr'>Τί</span> <span class='ocrx_word' id='word_1_334' title='bbox 3806 1172 3903 1231; x_wconf 74' lang='grc' dir='ltr'>οὖν</span> 
     </span>
    </p>
   </div>
   <div class='ocr_carea' id='block_1_46' title="bbox 2331 1258 3903 1337">
    <p class='ocr_par' dir='ltr' id='par_1_46' title="bbox 2331 1258 3903 1337">
     <span class='ocr_line' id='line_1_46' title="bbox 2331 1258 3903 1337; baseline -0.003 -19"><span class='ocrx_word' id='word_1_335' title='bbox 2331 1266 2479 1337; x_wconf 86' lang='grc' dir='ltr'>μένει</span> <span class='ocrx_word' id='word_1_336' title='bbox 2513 1266 2604 1318; x_wconf 82' lang='grc' dir='ltr'>τὸν</span> <span class='ocrx_word' id='word_1_337' title='bbox 2653 1264 2945 1334; x_wconf 86' lang='grc' dir='ltr'>γενόμενον</span> <span class='ocrx_word' id='word_1_338' title='bbox 2979 1263 3187 1327; x_wconf 81' lang='grc' dir='ltr'>δοῦλον,</span> <span class='ocrx_word' id='word_1_339' title='bbox 3228 1262 3349 1316; x_wconf 84' lang='grc' dir='ltr'>εἰπέ</span> <span class='ocrx_word' id='word_1_340' title='bbox 3381 1278 3511 1331; x_wconf 83' lang='grc' dir='ltr'>μοι;</span> <span class='ocrx_word' id='word_1_341' title='bbox 3571 1260 3772 1312; x_wconf 81' lang='grc' dir='ltr'>’Δκουε</span> <span class='ocrx_word' id='word_1_342' title='bbox 3805 1258 3903 1313; x_wconf 89' lang='grc' dir='ltr'>τοῦ</span> 
     </span>
    </p>
   </div>
   <div class='ocr_carea' id='block_1_47' title="bbox 2328 1341 3909 1419">
    <p class='ocr_par' dir='ltr' id='par_1_47' title="bbox 2328 1341 3909 1419">
     <span class='ocr_line' id='line_1_47' title="bbox 2328 1341 3909 1419; baseline -0.006 -16"><span class='ocrx_word' id='word_1_343' title='bbox 2328 1346 2563 1419; x_wconf 84' lang='grc' dir='ltr'>Χριστοῦ</span> <span class='ocrx_word' id='word_1_344' title='bbox 2594 1348 2859 1415; x_wconf 75' lang='grc' dir='ltr'>λέγοντοςο</span> <span class='ocrx_word' id='word_1_345' title='bbox 2905 1347 2965 1399; x_wconf 90' lang='grc'>’0</span> <span class='ocrx_word' id='word_1_346' title='bbox 2989 1346 3207 1411; x_wconf 72' lang='grc' dir='ltr'>δοῦλος</span> <span class='ocrx_word' id='word_1_347' title='bbox 3243 1348 3314 1399; x_wconf 86' lang='grc' dir='ltr'>οὐ</span> <span class='ocrx_word' id='word_1_348' title='bbox 3330 1344 3499 1414; x_wconf 80' lang='grc' dir='ltr'>μένει</span> <span class='ocrx_word' id='word_1_349' title='bbox 3536 1341 3603 1395; x_wconf 81' lang='grc' dir='ltr'>ὲν</span> <span class='ocrx_word' id='word_1_350' title='bbox 3629 1341 3704 1409; x_wconf 78' lang='grc' dir='ltr'>τῇ</span> <span class='ocrx_word' id='word_1_351' title='bbox 3741 1342 3909 1410; x_wconf 76' lang='grc' dir='ltr'>οἰκίᾳ</span> 
     </span>
    </p>
   </div>
   <div class='ocr_carea' id='block_1_48' title="bbox 2327 1425 3906 1500">
    <p class='ocr_par' dir='ltr' id='par_1_48' title="bbox 2327 1425 3906 1500">
     <span class='ocr_line' id='line_1_48' title="bbox 2327 1425 3906 1500; baseline -0.006 -14"><span class='ocrx_word' id='word_1_352' title='bbox 2327 1435 2413 1497; x_wconf 87' lang='grc' dir='ltr'>εἰς</span> <span class='ocrx_word' id='word_1_353' title='bbox 2461 1431 2567 1484; x_wconf 86' lang='grc' dir='ltr'>τὸν</span> <span class='ocrx_word' id='word_1_354' title='bbox 2620 1428 2825 1484; x_wconf 83' lang='grc' dir='ltr'>αἰῶνα.</span> <span class='ocrx_word' id='word_1_355' title='bbox 2870 1430 3057 1500; x_wconf 85' lang='grc' dir='ltr'>Ἔχεις</span> <span class='ocrx_word' id='word_1_356' title='bbox 3109 1429 3386 1496; x_wconf 81' lang='grc' dir='ltr'>ἀπόφασιν</span> <span class='ocrx_word' id='word_1_357' title='bbox 3459 1425 3763 1496; x_wconf 79' lang='grc' dir='ltr'>αὐτοτελῆ,</span> <span class='ocrx_word' id='word_1_358' title='bbox 3821 1427 3906 1479; x_wconf 78' lang='grc' dir='ltr'>ὅτι</span> 
     </span>
    </p>
   </div>
   <div class='ocr_carea' id='block_1_49' title="bbox 2329 1510 3906 1586">
    <p class='ocr_par' dir='ltr' id='par_1_49' title="bbox 2329 1510 3906 1586">
     <span class='ocr_line' id='line_1_49' title="bbox 2329 1510 3906 1586; baseline -0.005 -18"><span class='ocrx_word' id='word_1_359' title='bbox 2329 1514 2583 1568; x_wconf 83' lang='grc' dir='ltr'>οὐδέποτε</span> <span class='ocrx_word' id='word_1_360' title='bbox 2638 1514 2715 1577; x_wconf 85' lang='grc' dir='ltr'>εἰς</span> <span class='ocrx_word' id='word_1_361' title='bbox 2774 1512 3051 1583; x_wconf 84' lang='grc' dir='ltr'>βασιλείαν</span> <span class='ocrx_word' id='word_1_362' title='bbox 3102 1511 3451 1583; x_wconf 70' lang='grc' dir='ltr'>εἰσέρχεται*</span> <span class='ocrx_word' id='word_1_363' title='bbox 3507 1517 3542 1586; x_wconf 81' lang='grc' dir='ltr'><strong>ή</strong></span> <span class='ocrx_word' id='word_1_364' title='bbox 3593 1515 3702 1584; x_wconf 92' lang='grc' dir='ltr'>γάρ</span> <span class='ocrx_word' id='word_1_365' title='bbox 3756 1510 3906 1564; x_wconf 88' lang='grc' dir='ltr'>οἰκία</span> 
     </span>
    </p>
   </div>
   <div class='ocr_carea' id='block_1_50' title="bbox 2330 1592 3907 1667">
    <p class='ocr_par' dir='ltr' id='par_1_50' title="bbox 2330 1592 3907 1667">
     <span class='ocr_line' id='line_1_50' title="bbox 2330 1592 3907 1667; baseline -0.003 -16"><span class='ocrx_word' id='word_1_366' title='bbox 2330 1597 2484 1651; x_wconf 88' lang='grc' dir='ltr'>τοῦτό</span> <span class='ocrx_word' id='word_1_367' title='bbox 2508 1600 2675 1651; x_wconf 86' lang='grc' dir='ltr'>ἐστιν.</span> <span class='ocrx_word' id='word_1_368' title='bbox 2717 1597 2819 1650; x_wconf 87' lang='grc' dir='ltr'>Ἐν</span> <span class='ocrx_word' id='word_1_369' title='bbox 2849 1595 2959 1666; x_wconf 85' lang='grc' dir='ltr'>γὰρ</span> <span class='ocrx_word' id='word_1_370' title='bbox 3009 1593 3083 1663; x_wconf 78' lang='grc' dir='ltr'>τῇ</span> <span class='ocrx_word' id='word_1_371' title='bbox 3114 1596 3291 1662; x_wconf 75' lang='grc' dir='ltr'>οἰκίᾳ,</span> <span class='ocrx_word' id='word_1_372' title='bbox 3338 1597 3494 1667; x_wconf 76' lang='grc' dir='ltr'>φησὶ,</span> <span class='ocrx_word' id='word_1_373' title='bbox 3534 1596 3644 1651; x_wconf 89' lang='grc' dir='ltr'>τοῦ</span> <span class='ocrx_word' id='word_1_374' title='bbox 3674 1592 3907 1662; x_wconf 83' lang='grc' dir='ltr'>Πατρός</span> 
     </span>
    </p>
   </div>
   <div class='ocr_carea' id='block_1_51' title="bbox 2327 1676 3907 1751">
    <p class='ocr_par' dir='ltr' id='par_1_51' title="bbox 2327 1676 3907 1751">
     <span class='ocr_line' id='line_1_51' title="bbox 2327 1676 3907 1751; baseline -0.006 -15"><span class='ocrx_word' id='word_1_375' title='bbox 2327 1698 2445 1751; x_wconf 89' lang='grc' dir='ltr'>μου</span> <span class='ocrx_word' id='word_1_376' title='bbox 2468 1681 2647 1750; x_wconf 88' lang='grc' dir='ltr'>μοναί</span> <span class='ocrx_word' id='word_1_377' title='bbox 2676 1679 2903 1733; x_wconf 72' lang='grc' dir='ltr'>πολλαί</span> <span class='ocrx_word' id='word_1_378' title='bbox 2916 1680 3093 1732; x_wconf 85' lang='grc' dir='ltr'>εἰσιν.</span> <span class='ocrx_word' id='word_1_379' title='bbox 3136 1677 3195 1730; x_wconf 89' lang='lat'>&#39;0</span> <span class='ocrx_word' id='word_1_380' title='bbox 3220 1678 3402 1731; x_wconf 88' lang='grc' dir='ltr'>τοίνυν</span> <span class='ocrx_word' id='word_1_381' title='bbox 3435 1679 3620 1744; x_wconf 88' lang='grc' dir='ltr'>δοῦλος</span> <span class='ocrx_word' id='word_1_382' title='bbox 3652 1679 3713 1733; x_wconf 88' lang='grc' dir='ltr'>οὐ</span> <span class='ocrx_word' id='word_1_383' title='bbox 3753 1676 3907 1747; x_wconf 85' lang='grc' dir='ltr'>μένει</span> 
     </span>
    </p>
   </div>
   <div class='ocr_carea' id='block_1_52' title="bbox 2332 1754 3908 1836">
    <p class='ocr_par' dir='ltr' id='par_1_52' title="bbox 2332 1754 3908 1836">
     <span class='ocr_line' id='line_1_52' title="bbox 2332 1754 3908 1836; baseline -0.004 -18"><span class='ocrx_word' id='word_1_384' title='bbox 2332 1767 2390 1818; x_wconf 87' lang='grc' dir='ltr'>ἐν</span> <span class='ocrx_word' id='word_1_385' title='bbox 2421 1768 2486 1836; x_wconf 79' lang='grc' dir='ltr'>τῇ</span> <span class='ocrx_word' id='word_1_386' title='bbox 2508 1764 2655 1834; x_wconf 71' lang='grc' dir='ltr'>οἰκίᾳ</span> <span class='ocrx_word' id='word_1_387' title='bbox 2702 1764 2785 1826; x_wconf 86' lang='grc' dir='ltr'>εἰς</span> <span class='ocrx_word' id='word_1_388' title='bbox 2815 1762 2908 1816; x_wconf 81' lang='grc' dir='ltr'>τὸν</span> <span class='ocrx_word' id='word_1_389' title='bbox 2938 1762 3144 1815; x_wconf 82' lang='grc' dir='ltr'>αἰῶνα·</span> <span class='ocrx_word' id='word_1_390' title='bbox 3176 1754 3593 1836; x_wconf 58' lang='grc' dir='ltr'>δοῦλονέκεῒνον</span> <span class='ocrx_word' id='word_1_391' title='bbox 3632 1763 3780 1830; x_wconf 83' lang='grc' dir='ltr'>λέγει</span> <span class='ocrx_word' id='word_1_392' title='bbox 3812 1759 3908 1812; x_wconf 70' lang='grc' dir='ltr'>τὸν</span> 
     </span>
    </p>
   </div>
   <div class='ocr_carea' id='block_1_53' title="bbox 2329 1842 3909 1919">
    <p class='ocr_par' dir='ltr' id='par_1_53' title="bbox 2329 1842 3909 1919">
     <span class='ocr_line' id='line_1_53' title="bbox 2329 1842 3909 1919; baseline -0.004 -18"><span class='ocrx_word' id='word_1_393' title='bbox 2329 1849 2429 1919; x_wconf 86' lang='grc' dir='ltr'>τῆς</span> <span class='ocrx_word' id='word_1_394' title='bbox 2465 1846 2741 1919; x_wconf 82' lang='grc' dir='ltr'>ἁμαρτίας</span> <span class='ocrx_word' id='word_1_395' title='bbox 2797 1844 2980 1898; x_wconf 88' lang='grc' dir='ltr'>δοῦλον</span> <span class='ocrx_word' id='word_1_396' title='bbox 3011 1861 3025 1876; x_wconf 77' lang='grc' dir='ltr'><strong><em>ο</em></strong></span> <span class='ocrx_word' id='word_1_397' title='bbox 3081 1844 3109 1896; x_wconf 89' lang='lat'>6</span> <span class='ocrx_word' id='word_1_398' title='bbox 3145 1844 3203 1897; x_wconf 86' lang='grc' dir='ltr'>δέ</span> <span class='ocrx_word' id='word_1_399' title='bbox 3246 1844 3319 1915; x_wconf 77' lang='grc' dir='ltr'>μὴ</span> <span class='ocrx_word' id='word_1_400' title='bbox 3358 1842 3537 1914; x_wconf 75' lang='grc' dir='ltr'>μένων</span> <span class='ocrx_word' id='word_1_401' title='bbox 3570 1848 3629 1899; x_wconf 86' lang='grc' dir='ltr'>ἐν</span> <span class='ocrx_word' id='word_1_402' title='bbox 3654 1848 3719 1915; x_wconf 81' lang='grc' dir='ltr'>τῇ</span> <span class='ocrx_word' id='word_1_403' title='bbox 3757 1842 3909 1913; x_wconf 80' lang='grc' dir='ltr'>οἰκίᾳ</span> 
     </span>
    </p>
   </div>
   <div class='ocr_carea' id='block_1_54' title="bbox 2330 1926 3907 2001">
    <p class='ocr_par' dir='ltr' id='par_1_54' title="bbox 2330 1926 3907 2001">
     <span class='ocr_line' id='line_1_54' title="bbox 2330 1926 3907 2001; baseline -0.004 -16"><span class='ocrx_word' id='word_1_404' title='bbox 2330 1933 2411 1996; x_wconf 89' lang='grc' dir='ltr'>εἰς</span> <span class='ocrx_word' id='word_1_405' title='bbox 2443 1932 2534 1985; x_wconf 77' lang='grc' dir='ltr'>τὸν</span> <span class='ocrx_word' id='word_1_406' title='bbox 2579 1930 2773 1993; x_wconf 80' lang='grc' dir='ltr'>αἰῶνα,</span> <span class='ocrx_word' id='word_1_407' title='bbox 2820 1931 2878 1983; x_wconf 88' lang='grc' dir='ltr'>ἐν</span> <span class='ocrx_word' id='word_1_408' title='bbox 2925 1931 2991 2000; x_wconf 79' lang='grc' dir='ltr'>τῇ</span> <span class='ocrx_word' id='word_1_409' title='bbox 3024 1927 3219 2001; x_wconf 80' lang='grc' dir='ltr'>γεέννῃ</span> <span class='ocrx_word' id='word_1_410' title='bbox 3254 1929 3404 1998; x_wconf 87' lang='grc' dir='ltr'>μένει</span> <span class='ocrx_word' id='word_1_411' title='bbox 3444 1930 3526 1992; x_wconf 88' lang='grc' dir='ltr'>εἰς</span> <span class='ocrx_word' id='word_1_412' title='bbox 3573 1929 3668 1983; x_wconf 80' lang='grc' dir='ltr'>τὸν</span> <span class='ocrx_word' id='word_1_413' title='bbox 3706 1926 3907 1990; x_wconf 88' lang='grc' dir='ltr'>αἰῶνα,</span> 
     </span>
    </p>
   </div>
   <div class='ocr_carea' id='block_1_55' title="bbox 2330 2011 3909 2085">
    <p class='ocr_par' dir='ltr' id='par_1_55' title="bbox 2330 2011 3909 2085">
     <span class='ocr_line' id='line_1_55' title="bbox 2330 2011 3909 2085; baseline -0.003 -16"><span class='ocrx_word' id='word_1_414' title='bbox 2330 2015 2624 2084; x_wconf 76' lang='grc' dir='ltr'>οὐδαμόθεν</span> <span class='ocrx_word' id='word_1_415' title='bbox 2639 2014 2778 2085; x_wconf 75' lang='grc' dir='ltr'>ἔχων</span> <span class='ocrx_word' id='word_1_416' title='bbox 2808 2011 3185 2085; x_wconf 86' lang='grc' dir='ltr'>παραμυθίαν.</span> <span class='ocrx_word' id='word_1_417' title='bbox 3217 2011 3381 2066; x_wconf 84' lang='grc' dir='ltr'>Ἀλλά</span> <span class='ocrx_word' id='word_1_418' title='bbox 3400 2013 3506 2083; x_wconf 84' lang='grc' dir='ltr'>γὰρ</span> <span class='ocrx_word' id='word_1_419' title='bbox 3536 2013 3618 2076; x_wconf 89' lang='grc' dir='ltr'>είς</span> <span class='ocrx_word' id='word_1_420' title='bbox 3647 2011 3909 2065; x_wconf 85' lang='grc' dir='ltr'>τοσοῦτον</span> 
     </span>
    </p>
   </div>
   <div class='ocr_carea' id='block_1_56' title="bbox 2330 2090 3911 2168">
    <p class='ocr_par' dir='ltr' id='par_1_56' title="bbox 2330 2090 3911 2168">
     <span class='ocr_line' id='line_1_56' title="bbox 2330 2090 3911 2168; baseline -0.003 -14"><span class='ocrx_word' id='word_1_421' title='bbox 2330 2099 2531 2160; x_wconf 77' lang='grc' dir='ltr'>κακίας</span> <span class='ocrx_word' id='word_1_422' title='bbox 2590 2099 2658 2151; x_wconf 82' lang='grc' dir='ltr'>τὰ</span> <span class='ocrx_word' id='word_1_423' title='bbox 2713 2097 3018 2168; x_wconf 75' lang='grc' dir='ltr'>πράγματα</span> <span class='ocrx_word' id='word_1_424' title='bbox 3070 2090 3257 2166; x_wconf 79' lang='grc' dir='ltr'>ἦλθεν,</span> <span class='ocrx_word' id='word_1_425' title='bbox 3284 2095 3360 2159; x_wconf 84' lang='grc' dir='ltr'>ὡς</span> <span class='ocrx_word' id='word_1_426' title='bbox 3399 2096 3497 2149; x_wconf 78' lang='grc' dir='ltr'>καὶ</span> <span class='ocrx_word' id='word_1_427' title='bbox 3534 2094 3911 2167; x_wconf 83' lang='grc' dir='ltr'>ἐλεημοσύνας</span> 
     </span>
    </p>
   </div>
   <div class='ocr_carea' id='block_1_57' title="bbox 2330 2178 3907 2250">
    <p class='ocr_par' dir='ltr' id='par_1_57' title="bbox 2330 2178 3907 2250">
     <span class='ocr_line' id='line_1_57' title="bbox 2330 2178 3907 2250; baseline -0.004 -11"><span class='ocrx_word' id='word_1_428' title='bbox 2330 2185 2529 2247; x_wconf 78' lang='grc' dir='ltr'>αὐτοὺς</span> <span class='ocrx_word' id='word_1_429' title='bbox 2578 2182 2689 2237; x_wconf 85' lang='grc' dir='ltr'>ἀπὺ</span> <span class='ocrx_word' id='word_1_430' title='bbox 2737 2178 2948 2235; x_wconf 78' lang='grc' dir='ltr'>τούτων</span> <span class='ocrx_word' id='word_1_431' title='bbox 2987 2182 3183 2243; x_wconf 85' lang='grc' dir='ltr'>ποιεῖν,</span> <span class='ocrx_word' id='word_1_432' title='bbox 3232 2181 3327 2233; x_wconf 77' lang='grc' dir='ltr'>καὶ</span> <span class='ocrx_word' id='word_1_433' title='bbox 3356 2179 3584 2245; x_wconf 82' lang='grc' dir='ltr'>πολλοὺς</span> <span class='ocrx_word' id='word_1_434' title='bbox 3624 2178 3907 2250; x_wconf 86' lang='grc' dir='ltr'>δέχεσθαι.</span> 
     </span>
    </p>
   </div>
   <div class='ocr_carea' id='block_1_58' title="bbox 2329 2260 3912 2337">
    <p class='ocr_par' dir='ltr' id='par_1_58' title="bbox 2329 2260 3912 2337">
     <span class='ocr_line' id='line_1_58' title="bbox 2329 2260 3912 2337; baseline -0.003 -16"><span class='ocrx_word' id='word_1_435' title='bbox 2329 2268 2429 2322; x_wconf 79' lang='grc' dir='ltr'>Διά</span> <span class='ocrx_word' id='word_1_436' title='bbox 2448 2267 2605 2320; x_wconf 88' lang='grc' dir='ltr'>τοῦτο</span> <span class='ocrx_word' id='word_1_437' title='bbox 2650 2268 2684 2336; x_wconf 78' lang='grc' dir='ltr'>ὴ</span> <span class='ocrx_word' id='word_1_438' title='bbox 2723 2264 3005 2337; x_wconf 72' lang='grc' dir='ltr'>παρρησία</span> <span class='ocrx_word' id='word_1_439' title='bbox 3030 2262 3187 2333; x_wconf 80' lang='grc' dir='ltr'>ἡμῶν</span> <span class='ocrx_word' id='word_1_440' title='bbox 3232 2262 3583 2329; x_wconf 86' lang='grc' dir='ltr'>ἐκκέκοπται,</span> <span class='ocrx_word' id='word_1_441' title='bbox 3641 2264 3737 2316; x_wconf 80' lang='grc' dir='ltr'>καὶ</span> <span class='ocrx_word' id='word_1_442' title='bbox 3779 2260 3912 2316; x_wconf 80' lang='grc' dir='ltr'>οὐδί</span> 
     </span>
    </p>
   </div>
   <div class='ocr_carea' id='block_1_59' title="bbox 2328 2343 3913 2420">
    <p class='ocr_par' dir='ltr' id='par_1_59' title="bbox 2328 2343 3913 2420">
     <span class='ocr_line' id='line_1_59' title="bbox 2328 2343 3913 2420; baseline -0.004 -16"><span class='ocrx_word' id='word_1_443' title='bbox 2328 2348 2654 2420; x_wconf 80' lang='grc' dir='ltr'>ἐπιτιμῆσαί</span> <span class='ocrx_word' id='word_1_444' title='bbox 2710 2365 2817 2401; x_wconf 88' lang='grc' dir='ltr'>τινι</span> <span class='ocrx_word' id='word_1_445' title='bbox 2872 2345 3167 2415; x_wconf 83' lang='grc' dir='ltr'>δυνάμεθα.</span> <span class='ocrx_word' id='word_1_446' title='bbox 3235 2346 3373 2400; x_wconf 79' lang='grc' dir='ltr'>Ἀλλ’</span> <span class='ocrx_word' id='word_1_447' title='bbox 3425 2348 3575 2418; x_wconf 82' lang='grc' dir='ltr'>ὅμως</span> <span class='ocrx_word' id='word_1_448' title='bbox 3646 2345 3748 2399; x_wconf 78' lang='grc' dir='ltr'>κᾶν</span> <span class='ocrx_word' id='word_1_449' title='bbox 3794 2343 3913 2398; x_wconf 77' lang='grc' dir='ltr'>ἀπὸ</span> 
     </span>
    </p>
   </div>
   <div class='ocr_carea' id='block_1_60' title="bbox 2328 2426 3910 2501">
    <p class='ocr_par' dir='ltr' id='par_1_60' title="bbox 2328 2426 3910 2501">
     <span class='ocr_line' id='line_1_60' title="bbox 2328 2426 3910 2501; baseline -0.004 -15"><span class='ocrx_word' id='word_1_450' title='bbox 2328 2433 2424 2487; x_wconf 90' lang='grc' dir='ltr'>τοῦ</span> <span class='ocrx_word' id='word_1_451' title='bbox 2454 2432 2550 2486; x_wconf 87' lang='grc' dir='ltr'>νῦν</span> <span class='ocrx_word' id='word_1_452' title='bbox 2575 2430 2871 2501; x_wconf 83' lang='grc' dir='ltr'>φεύγωμεν</span> <span class='ocrx_word' id='word_1_453' title='bbox 2898 2430 2997 2501; x_wconf 81' lang='grc' dir='ltr'>τὴν</span> <span class='ocrx_word' id='word_1_454' title='bbox 3020 2428 3271 2483; x_wconf 87' lang='grc' dir='ltr'>ἐντεῦθεν</span> <span class='ocrx_word' id='word_1_455' title='bbox 3303 2429 3510 2500; x_wconf 80' lang='grc' dir='ltr'>βλάϐην</span> <span class='ocrx_word' id='word_1_456' title='bbox 3531 2447 3545 2459; x_wconf 86' lang='grc'><strong>·</strong></span> <span class='ocrx_word' id='word_1_457' title='bbox 3575 2430 3732 2499; x_wconf 79' lang='grc' dir='ltr'>ὑμεῖς</span> <span class='ocrx_word' id='word_1_458' title='bbox 3760 2444 3823 2481; x_wconf 87' lang='grc' dir='ltr'>τε</span> <span class='ocrx_word' id='word_1_459' title='bbox 3854 2426 3910 2481; x_wconf 92' lang='grc' dir='ltr'>οἰ</span> 
     </span>
    </p>
   </div>
   <div class='ocr_carea' id='block_1_61' title="bbox 2328 2513 3913 2589">
    <p class='ocr_par' dir='ltr' id='par_1_61' title="bbox 2328 2513 3913 2589">
     <span class='ocr_line' id='line_1_61' title="bbox 2328 2513 3913 2589; baseline -0.004 -17"><span class='ocrx_word' id='word_1_460' title='bbox 2328 2518 2419 2572; x_wconf 81' lang='grc' dir='ltr'>τὸν</span> <span class='ocrx_word' id='word_1_461' title='bbox 2466 2516 2724 2589; x_wconf 77' lang='grc' dir='ltr'>βόρϐορον</span> <span class='ocrx_word' id='word_1_462' title='bbox 2769 2515 2958 2569; x_wconf 88' lang='grc' dir='ltr'>τοῦτον</span> <span class='ocrx_word' id='word_1_463' title='bbox 3000 2514 3367 2579; x_wconf 87' lang='grc' dir='ltr'>ἀνελίττοντες</span> <span class='ocrx_word' id='word_1_464' title='bbox 3391 2514 3443 2580; x_wconf 75' lang='grc' dir='ltr'>δ,</span> <span class='ocrx_word' id='word_1_465' title='bbox 3493 2513 3773 2568; x_wconf 86' lang='grc' dir='ltr'>παύσασθε</span> <span class='ocrx_word' id='word_1_466' title='bbox 3800 2515 3913 2584; x_wconf 75' lang='grc' dir='ltr'>τῆς</span> 
     </span>
    </p>
   </div>
   <div class='ocr_carea' id='block_1_62' title="bbox 2327 2596 3912 2669">
    <p class='ocr_par' dir='ltr' id='par_1_62' title="bbox 2327 2596 3912 2669">
     <span class='ocr_line' id='line_1_62' title="bbox 2327 2596 3912 2669; baseline -0.004 -14"><span class='ocrx_word' id='word_1_467' title='bbox 2327 2601 2583 2669; x_wconf 84' lang='grc' dir='ltr'>τοιαύτης</span> <span class='ocrx_word' id='word_1_468' title='bbox 2608 2599 2807 2669; x_wconf 87' lang='grc' dir='ltr'>λύμης,</span> <span class='ocrx_word' id='word_1_469' title='bbox 2831 2598 2925 2652; x_wconf 75' lang='grc' dir='ltr'>καὶ</span> <span class='ocrx_word' id='word_1_470' title='bbox 2963 2597 3214 2669; x_wconf 77' lang='grc' dir='ltr'>ἐπίσχετε</span> <span class='ocrx_word' id='word_1_471' title='bbox 3241 2596 3340 2669; x_wconf 82' lang='grc' dir='ltr'>τὴν</span> <span class='ocrx_word' id='word_1_472' title='bbox 3384 2599 3442 2652; x_wconf 89' lang='grc' dir='ltr'>ἐν</span> <span class='ocrx_word' id='word_1_473' title='bbox 3483 2600 3595 2661; x_wconf 88' lang='grc' dir='ltr'>τοῖς</span> <span class='ocrx_word' id='word_1_474' title='bbox 3638 2596 3912 2659; x_wconf 78' lang='grc' dir='ltr'>τοιούτοις</span> 
     </span>
    </p>
   </div>
   <div class='ocr_carea' id='block_1_63' title="bbox 2331 2678 3903 2754">
    <p class='ocr_par' dir='ltr' id='par_1_63' title="bbox 2331 2678 3903 2754">
     <span class='ocr_line' id='line_1_63' title="bbox 2331 2678 3903 2754; baseline -0.004 -16"><span class='ocrx_word' id='word_1_475' title='bbox 2331 2683 2650 2754; x_wconf 78' lang='grc' dir='ltr'>συμποσίοις</span> <span class='ocrx_word' id='word_1_476' title='bbox 2697 2683 2873 2753; x_wconf 82' lang='grc' dir='ltr'>ὁρμὴν</span> <span class='ocrx_word' id='word_1_477' title='bbox 2893 2721 2908 2747; x_wconf 90' lang='grc'>,</span> <span class='ocrx_word' id='word_1_478' title='bbox 2946 2681 2999 2735; x_wconf 83' lang='grc' dir='ltr'>εἰ</span> <span class='ocrx_word' id='word_1_479' title='bbox 3031 2700 3147 2743; x_wconf 82' lang='grc' dir='ltr'>πως</span> <span class='ocrx_word' id='word_1_480' title='bbox 3173 2681 3278 2735; x_wconf 77' lang='grc' dir='ltr'>κάν</span> <span class='ocrx_word' id='word_1_481' title='bbox 3304 2681 3400 2737; x_wconf 90' lang='grc' dir='ltr'>νῦν</span> <span class='ocrx_word' id='word_1_482' title='bbox 3435 2680 3754 2752; x_wconf 85' lang='grc' dir='ltr'>δυνηθῶμεν</span> <span class='ocrx_word' id='word_1_483' title='bbox 3784 2678 3903 2746; x_wconf 80' lang='grc' dir='ltr'>ἐξιο</span> 
     </span>
    </p>
   </div>
   <div class='ocr_carea' id='block_1_64' title="bbox 2327 2761 3903 2835">
    <p class='ocr_par' dir='ltr' id='par_1_64' title="bbox 2327 2761 3903 2835">
     <span class='ocr_line' id='line_1_64' title="bbox 2327 2761 3903 2835; baseline -0.004 -16"><span class='ocrx_word' id='word_1_484' title='bbox 2327 2766 2631 2820; x_wconf 86' lang='grc' dir='ltr'>λεὼσασθαι</span> <span class='ocrx_word' id='word_1_485' title='bbox 2665 2765 2756 2818; x_wconf 79' lang='grc' dir='ltr'>τὸν</span> <span class='ocrx_word' id='word_1_486' title='bbox 2779 2765 2933 2829; x_wconf 81' lang='grc' dir='ltr'>Θεὸν,</span> <span class='ocrx_word' id='word_1_487' title='bbox 2970 2765 3065 2819; x_wconf 76' lang='grc' dir='ltr'>καὶ</span> <span class='ocrx_word' id='word_1_488' title='bbox 3094 2767 3275 2835; x_wconf 84' lang='grc' dir='ltr'>τυχεῖν</span> <span class='ocrx_word' id='word_1_489' title='bbox 3326 2764 3437 2817; x_wconf 88' lang='grc' dir='ltr'>τῶν</span> <span class='ocrx_word' id='word_1_490' title='bbox 3464 2761 3903 2833; x_wconf 75' lang='grc' dir='ltr'>ἐπηγγελμένων</span> 
     </span>
    </p>
   </div>
   <div class='ocr_carea' id='block_1_65' title="bbox 2328 2841 3909 2918">
    <p class='ocr_par' dir='ltr' id='par_1_65' title="bbox 2328 2841 3909 2918">
     <span class='ocr_line' id='line_1_65' title="bbox 2328 2841 3909 2918; baseline -0.003 -15"><span class='ocrx_word' id='word_1_491' title='bbox 2328 2849 2548 2918; x_wconf 80' lang='grc' dir='ltr'>ἀγαθῶν</span> <span class='ocrx_word' id='word_1_492' title='bbox 2570 2864 2585 2876; x_wconf 87' lang='grc'><strong>·</strong></span> <span class='ocrx_word' id='word_1_493' title='bbox 2615 2841 2690 2901; x_wconf 86' lang='grc' dir='ltr'>ὧν</span> <span class='ocrx_word' id='word_1_494' title='bbox 2717 2847 2926 2916; x_wconf 85' lang='grc' dir='ltr'>γένοιτο</span> <span class='ocrx_word' id='word_1_495' title='bbox 2952 2848 3162 2909; x_wconf 83' lang='grc' dir='ltr'>πάντας</span> <span class='ocrx_word' id='word_1_496' title='bbox 3196 2849 3342 2917; x_wconf 75' lang='grc' dir='ltr'>ἡμᾶς</span> <span class='ocrx_word' id='word_1_497' title='bbox 3379 2848 3681 2918; x_wconf 84' lang='grc' dir='ltr'>ἐπιτυχεῖν,</span> <span class='ocrx_word' id='word_1_498' title='bbox 3712 2846 3909 2916; x_wconf 86' lang='grc' dir='ltr'>χάριτι</span> 
     </span>
    </p>
   </div>
   <div class='ocr_carea' id='block_1_66' title="bbox 2329 2930 3905 3003">
    <p class='ocr_par' dir='ltr' id='par_1_66' title="bbox 2329 2930 3905 3003">
     <span class='ocr_line' id='line_1_66' title="bbox 2329 2930 3905 3003; baseline -0.003 -15"><span class='ocrx_word' id='word_1_499' title='bbox 2329 2932 2424 2988; x_wconf 79' lang='grc' dir='ltr'>καὶ</span> <span class='ocrx_word' id='word_1_500' title='bbox 2453 2931 2832 3003; x_wconf 75' lang='grc' dir='ltr'>φιλανθρωπίᾳ</span> <span class='ocrx_word' id='word_1_501' title='bbox 2854 2932 2949 2986; x_wconf 85' lang='grc' dir='ltr'>τοῦ</span> <span class='ocrx_word' id='word_1_502' title='bbox 2990 2930 3193 3001; x_wconf 83' lang='grc' dir='ltr'>Κυρίου</span> <span class='ocrx_word' id='word_1_503' title='bbox 3220 2931 3379 3003; x_wconf 78' lang='grc' dir='ltr'>ἡμῶν</span> <span class='ocrx_word' id='word_1_504' title='bbox 3414 2930 3591 3002; x_wconf 84' lang='grc' dir='ltr'>Ἰησοῦ</span> <span class='ocrx_word' id='word_1_505' title='bbox 3635 2930 3905 3003; x_wconf 83' lang='grc' dir='ltr'>Χριστοῦ,</span> 
     </span>
    </p>
   </div>
   <div class='ocr_carea' id='block_1_67' title="bbox 2333 3010 3912 3087">
    <p class='ocr_par' dir='ltr' id='par_1_67' title="bbox 2333 3010 3912 3087">
     <span class='ocr_line' id='line_1_67' title="bbox 2333 3010 3912 3087; baseline -0.001 -18"><span class='ocrx_word' id='word_1_506' title='bbox 2333 3014 2452 3087; x_wconf 84' lang='grc' dir='ltr'>μεθ’</span> <span class='ocrx_word' id='word_1_507' title='bbox 2484 3010 2545 3069; x_wconf 73' lang='grc' dir='ltr'>οὗ</span> <span class='ocrx_word' id='word_1_508' title='bbox 2574 3014 2651 3085; x_wconf 85' lang='grc' dir='ltr'>τῷ</span> <span class='ocrx_word' id='word_1_509' title='bbox 2679 3015 2853 3084; x_wconf 76' lang='grc' dir='ltr'>Πατρὶ</span> <span class='ocrx_word' id='word_1_510' title='bbox 2882 3014 3001 3084; x_wconf 79' lang='grc' dir='ltr'>ἀμα</span> <span class='ocrx_word' id='word_1_511' title='bbox 3024 3013 3103 3084; x_wconf 84' lang='grc' dir='ltr'>τῷ</span> <span class='ocrx_word' id='word_1_512' title='bbox 3125 3014 3266 3085; x_wconf 81' lang='grc' dir='ltr'>ἀγίῳ</span> <span class='ocrx_word' id='word_1_513' title='bbox 3289 3013 3571 3085; x_wconf 86' lang='grc' dir='ltr'>Πνεύματι</span> <span class='ocrx_word' id='word_1_514' title='bbox 3602 3013 3912 3085; x_wconf 79' lang='grc' dir='ltr'>δόξα,κρά-</span> 
     </span>
    </p>
   </div>
   <div class='ocr_carea' id='block_1_68' title="bbox 2330 3098 3906 3171">
    <p class='ocr_par' dir='ltr' id='par_1_68' title="bbox 2330 3098 3906 3171">
     <span class='ocr_line' id='line_1_68' title="bbox 2330 3098 3906 3171; baseline 0 -18"><span class='ocrx_word' id='word_1_515' title='bbox 2330 3115 2442 3164; x_wconf 88' lang='grc' dir='ltr'>τος,</span> <span class='ocrx_word' id='word_1_516' title='bbox 2464 3099 2618 3171; x_wconf 85' lang='grc' dir='ltr'>τιμὴ,</span> <span class='ocrx_word' id='word_1_517' title='bbox 2637 3098 2835 3153; x_wconf 72' lang='grc' dir='ltr'>νῦνκαί</span> <span class='ocrx_word' id='word_1_518' title='bbox 2850 3098 2958 3162; x_wconf 76' lang='grc' dir='ltr'>ἀεὶ,</span> <span class='ocrx_word' id='word_1_519' title='bbox 2979 3098 3076 3152; x_wconf 84' lang='grc' dir='ltr'>καὶ</span> <span class='ocrx_word' id='word_1_520' title='bbox 3089 3099 3167 3163; x_wconf 91' lang='grc' dir='ltr'>εἰς</span> <span class='ocrx_word' id='word_1_521' title='bbox 3183 3100 3306 3164; x_wconf 82' lang='grc' dir='ltr'>τοὺς</span> <span class='ocrx_word' id='word_1_522' title='bbox 3323 3099 3527 3163; x_wconf 82' lang='grc' dir='ltr'>αἰῶνας</span> <span class='ocrx_word' id='word_1_523' title='bbox 3540 3098 3649 3152; x_wconf 83' lang='grc' dir='ltr'>τῶν</span> <span class='ocrx_word' id='word_1_524' title='bbox 3666 3098 3906 3153; x_wconf 81' lang='grc' dir='ltr'>αἰώνων.</span> 
     </span>
    </p>
   </div>
   <div class='ocr_carea' id='block_1_69' title="bbox 2345 3182 2536 3253">
    <p class='ocr_par' dir='ltr' id='par_1_69' title="bbox 2345 3182 2536 3253">
     <span class='ocr_line' id='line_1_69' title="bbox 2345 3182 2536 3253; baseline 0 -18"><span class='ocrx_word' id='word_1_525' title='bbox 2345 3182 2536 3253; x_wconf 75' lang='grc' dir='ltr'>Ἀμήν.</span> 
     </span>
    </p>
   </div>
   <div class='ocr_carea' id='block_1_70' title="bbox 2393 3294 3045 3359">
    <p class='ocr_par' dir='ltr' id='par_1_70' title="bbox 2393 3294 3045 3359">
     <span class='ocr_line' id='line_1_70' title="bbox 2393 3294 3045 3359; baseline -0.003 -13"><span class='ocrx_word' id='word_1_526' title='bbox 2393 3294 2423 3336; x_wconf 72' lang='grc' dir='ltr'>ι)</span> <span class='ocrx_word' id='word_1_527' title='bbox 2442 3294 2681 3355; x_wconf 79' lang='lat' dir='ltr'>ColberL,</span> <span class='ocrx_word' id='word_1_528' title='bbox 2702 3294 3045 3359; x_wconf 79' lang='grc' dir='ltr'>ἀνορύττοντες.</span> 
     </span>
    </p>
   </div>
   <div class='ocr_carea' id='block_1_71' title="bbox 3518 3414 3874 3437">
    <p class='ocr_par' dir='ltr' id='par_1_71' title="bbox 3518 3414 3874 3437">
     <span class='ocr_line' id='line_1_71' title="bbox 3518 3414 3874 3437; baseline -0.006 -2"><span class='ocrx_word' id='word_1_529' title='bbox 3518 3414 3874 3437; x_wconf 66' lang='lat'><em>_</em></span> 
     </span>
    </p>
   </div>
   <div class='ocr_carea' id='block_1_72' title="bbox 2007 3494 2617 3571">
    <p class='ocr_par' dir='ltr' id='par_1_72' title="bbox 2007 3494 2617 3571">
     <span class='ocr_line' id='line_1_72' title="bbox 2007 3494 2617 3571; baseline 0.003 -20"><span class='ocrx_word' id='word_1_530' title='bbox 2007 3494 2159 3571; x_wconf 66' lang='grc' dir='ltr'>[εδδ]</span> <span class='ocrx_word' id='word_1_531' title='bbox 2195 3498 2436 3553; x_wconf 67' lang='lat' dir='ltr'>ouum</span> <span class='ocrx_word' id='word_1_532' title='bbox 2472 3495 2617 3566; x_wconf 77' lang='lat' dir='ltr'>Kq&#39;.</span> 
     </span>
    </p>
   </div>
   <div class='ocr_carea' id='block_1_73' title="bbox 662 3586 2236 3659">
    <p class='ocr_par' dir='ltr' id='par_1_73' title="bbox 662 3586 2236 3659">
     <span class='ocr_line' id='line_1_73' title="bbox 662 3586 2236 3659; baseline -0.001 -17"><span class='ocrx_word' id='word_1_533' title='bbox 662 3591 863 3648; x_wconf 77' lang='grc' dir='ltr'>Πίστει</span> <span class='ocrx_word' id='word_1_534' title='bbox 888 3587 985 3642; x_wconf 84' lang='grc' dir='ltr'>καί</span> <span class='ocrx_word' id='word_1_535' title='bbox 1017 3586 1158 3659; x_wconf 12' lang='grc' dir='ltr'>περὶ,</span> <span class='ocrx_word' id='word_1_536' title='bbox 1170 3589 1520 3659; x_wconf 50' lang='grc' dir='ltr'>μελλόντων</span> <span class='ocrx_word' id='word_1_537' title='bbox 1546 3590 1892 3659; x_wconf 74' lang='grc' dir='ltr'>ηὐλότησεν</span> <span class='ocrx_word' id='word_1_538' title='bbox 1917 3590 2112 3643; x_wconf 78' lang='grc' dir='ltr'>Ἰσαὰκ</span> <span class='ocrx_word' id='word_1_539' title='bbox 2129 3588 2236 3659; x_wconf 84' lang='grc' dir='ltr'>τὸν</span> 
     </span>
    </p>
   </div>
   <div class='ocr_carea' id='block_1_74' title="bbox 745 3654 2237 3726">
    <p class='ocr_par' dir='ltr' id='par_1_74' title="bbox 745 3654 2237 3726">
     <span class='ocr_line' id='line_1_74' title="bbox 745 3654 2237 3726; baseline -0.001 -12"><span class='ocrx_word' id='word_1_540' title='bbox 745 3658 953 3715; x_wconf 76' lang='grc' dir='ltr'>Ἰακὼϐ</span> <span class='ocrx_word' id='word_1_541' title='bbox 980 3658 1077 3711; x_wconf 84' lang='grc' dir='ltr'>καί</span> <span class='ocrx_word' id='word_1_542' title='bbox 1103 3654 1210 3711; x_wconf 76' lang='grc' dir='ltr'>τὸν</span> <span class='ocrx_word' id='word_1_543' title='bbox 1259 3654 1467 3712; x_wconf 84' lang='grc' dir='ltr'>Ἡσαῦ.</span> <span class='ocrx_word' id='word_1_544' title='bbox 1501 3654 1721 3726; x_wconf 63' lang='grc' dir='ltr'>Πιστεί</span> <span class='ocrx_word' id='word_1_545' title='bbox 1747 3659 1954 3713; x_wconf 79' lang='grc' dir='ltr'>Ἰακὼϐ</span> <span class='ocrx_word' id='word_1_546' title='bbox 1979 3658 2237 3726; x_wconf 79' lang='grc' dir='ltr'>ἀποθνή-</span> 
     </span>
    </p>
   </div>
   <div class='ocr_carea' id='block_1_75' title="bbox 731 3725 2231 3797">
    <p class='ocr_par' dir='ltr' id='par_1_75' title="bbox 731 3725 2231 3797">
     <span class='ocr_line' id='line_1_75' title="bbox 731 3725 2231 3797; baseline -0.003 -12"><span class='ocrx_word' id='word_1_547' title='bbox 731 3745 898 3785; x_wconf 74' lang='grc' dir='ltr'>σκων</span> <span class='ocrx_word' id='word_1_548' title='bbox 953 3726 1213 3781; x_wconf 75' lang='grc' dir='ltr'>ἕκαστον</span> <span class='ocrx_word' id='word_1_549' title='bbox 1249 3726 1367 3781; x_wconf 89' lang='grc' dir='ltr'>τῶν</span> <span class='ocrx_word' id='word_1_550' title='bbox 1421 3725 1567 3797; x_wconf 70' lang='grc' dir='ltr'>υἱῶν</span> <span class='ocrx_word' id='word_1_551' title='bbox 1623 3727 1845 3797; x_wconf 70' lang='grc' dir='ltr'>Ἰωσὴφ</span> <span class='ocrx_word' id='word_1_552' title='bbox 1904 3728 2231 3797; x_wconf 72' lang='grc' dir='ltr'>ηὑλότησε,</span> 
     </span>
    </p>
   </div>
   <div class='ocr_carea' id='block_1_76' title="bbox 732 3795 2233 3875">
    <p class='ocr_par' dir='ltr' id='par_1_76' title="bbox 732 3795 2233 3875">
     <span class='ocr_line' id='line_1_76' title="bbox 732 3795 2233 3875; baseline -0.001 -25"><span class='ocrx_word' id='word_1_553' title='bbox 732 3801 828 3875; x_wconf 77' lang='grc' dir='ltr'>καί</span> <span class='ocrx_word' id='word_1_554' title='bbox 854 3798 1317 3875; x_wconf 54' lang='grc' dir='ltr'>προσεκύνησεν</span> <span class='ocrx_word' id='word_1_555' title='bbox 1356 3796 1464 3875; x_wconf 41' lang='grc' dir='ltr'>,ἐπὶ</span> <span class='ocrx_word' id='word_1_556' title='bbox 1509 3795 1576 3875; x_wconf 73' lang='grc' dir='ltr'>τό</span> <span class='ocrx_word' id='word_1_557' title='bbox 1623 3795 1815 3875; x_wconf 53' lang='grc' dir='ltr'>ἄκρον</span> <span class='ocrx_word' id='word_1_558' title='bbox 1860 3798 1968 3875; x_wconf 78' lang='grc' dir='ltr'>τῆς</span> <span class='ocrx_word' id='word_1_559' title='bbox 2006 3795 2233 3875; x_wconf 53' lang='grc' dir='ltr'>ράόδογ</span> 
     </span>
    </p>
   </div>
   <div class='ocr_carea' id='block_1_77' title="bbox 729 3864 2235 3937">
    <p class='ocr_par' dir='ltr' id='par_1_77' title="bbox 729 3864 2235 3937">
     <span class='ocr_line' id='line_1_77' title="bbox 729 3864 2235 3937; baseline -0.001 -17"><span class='ocrx_word' id='word_1_560' title='bbox 729 3866 942 3937; x_wconf 65' lang='grc' dir='ltr'>αὐτοῦ.</span> <span class='ocrx_word' id='word_1_561' title='bbox 974 3868 1178 3937; x_wconf 77' lang='grc' dir='ltr'>Πίστει</span> <span class='ocrx_word' id='word_1_562' title='bbox 1209 3864 1430 3937; x_wconf 75' lang='grc' dir='ltr'>Ἰωσὴφ</span> <span class='ocrx_word' id='word_1_563' title='bbox 1457 3864 1770 3937; x_wconf 76' lang='grc' dir='ltr'>τελευτῶν,</span> <span class='ocrx_word' id='word_1_564' title='bbox 1805 3864 1937 3937; x_wconf 67' lang='grc' dir='ltr'>περὶ</span> <span class='ocrx_word' id='word_1_565' title='bbox 1961 3865 2235 3937; x_wconf 55' lang='grc' dir='ltr'>τῆςέξόέ</span> 
     </span>
    </p>
   </div>
   <div class='ocr_carea' id='block_1_78' title="bbox 729 3935 2231 4005">
    <p class='ocr_par' dir='ltr' id='par_1_78' title="bbox 729 3935 2231 4005">
     <span class='ocr_line' id='line_1_78' title="bbox 729 3935 2231 4005; baseline -0.001 -14"><span class='ocrx_word' id='word_1_566' title='bbox 729 3938 840 3993; x_wconf 82' lang='grc' dir='ltr'>όου</span> <span class='ocrx_word' id='word_1_567' title='bbox 880 3936 998 3989; x_wconf 85' lang='grc' dir='ltr'>τῶν</span> <span class='ocrx_word' id='word_1_568' title='bbox 1023 3935 1169 3990; x_wconf 81' lang='grc' dir='ltr'>υἱῶν</span> <span class='ocrx_word' id='word_1_569' title='bbox 1210 3935 1458 4004; x_wconf 70' lang='grc' dir='ltr'>Ἰσραὴλ</span> <span class='ocrx_word' id='word_1_570' title='bbox 1490 3935 1926 4005; x_wconf 80' lang='grc' dir='ltr'>ἐμνημόνευσε,</span> <span class='ocrx_word' id='word_1_571' title='bbox 1960 3937 2059 3990; x_wconf 80' lang='grc' dir='ltr'>καί</span> <span class='ocrx_word' id='word_1_572' title='bbox 2098 3936 2231 4005; x_wconf 71' lang='grc' dir='ltr'>περὶ</span> 
     </span>
    </p>
   </div>
   <div class='ocr_carea' id='block_1_79' title="bbox 728 4004 1659 4063">
    <p class='ocr_par' dir='ltr' id='par_1_79' title="bbox 728 4004 1659 4063">
     <span class='ocr_line' id='line_1_79' title="bbox 728 4004 1659 4063; baseline -0.002 0"><span class='ocrx_word' id='word_1_573' title='bbox 728 4008 847 4063; x_wconf 89' lang='grc' dir='ltr'>τῶν</span> <span class='ocrx_word' id='word_1_574' title='bbox 873 4005 1069 4061; x_wconf 85' lang='grc' dir='ltr'>ὀστῶν</span> <span class='ocrx_word' id='word_1_575' title='bbox 1094 4004 1278 4061; x_wconf 83' lang='grc' dir='ltr'>αὑτοῦ</span> <span class='ocrx_word' id='word_1_576' title='bbox 1305 4004 1659 4061; x_wconf 71' lang='grc' dir='ltr'>ἐνετείλατο.</span> 
     </span>
    </p>
   </div>
   <div class='ocr_carea' id='block_1_80' title="bbox 731 4172 2227 4243">
    <p class='ocr_par' dir='ltr' id='par_1_80' title="bbox 731 4172 2227 4243">
     <span class='ocr_line' id='line_1_80' title="bbox 731 4172 2227 4243; baseline -0.001 -14"><span class='ocrx_word' id='word_1_577' title='bbox 731 4174 800 4231; x_wconf 89' lang='grc' dir='ltr'>α’.</span> <span class='ocrx_word' id='word_1_578' title='bbox 822 4174 1065 4237; x_wconf 67' lang='grc' dir='ltr'>Πολλοί,</span> <span class='ocrx_word' id='word_1_579' title='bbox 1087 4174 1242 4242; x_wconf 75' lang='grc' dir='ltr'>φησὶ,</span> <span class='ocrx_word' id='word_1_580' title='bbox 1262 4172 1559 4243; x_wconf 68' lang='grc' dir='ltr'>προφῆται</span> <span class='ocrx_word' id='word_1_581' title='bbox 1574 4173 1671 4227; x_wconf 84' lang='grc' dir='ltr'>καί</span> <span class='ocrx_word' id='word_1_582' title='bbox 1696 4173 1912 4228; x_wconf 82' lang='grc' dir='ltr'>δίκαιοι</span> <span class='ocrx_word' id='word_1_583' title='bbox 1936 4173 2227 4243; x_wconf 76' lang='grc' dir='ltr'>ἐπεθύμη-</span> 
     </span>
    </p>
   </div>
   <div class='ocr_carea' id='block_1_81' title="bbox 660 4252 2230 4335">
    <p class='ocr_par' dir='ltr' id='par_1_81' title="bbox 660 4252 2230 4335">
     <span class='ocr_line' id='line_1_81' title="bbox 660 4252 2230 4335; baseline -0.002 -22"><span class='ocrx_word' id='word_1_584' title='bbox 660 4276 784 4313; x_wconf 80' lang='grc' dir='ltr'>σαν</span> <span class='ocrx_word' id='word_1_585' title='bbox 811 4258 958 4313; x_wconf 84' lang='grc' dir='ltr'>ἰδεῖν</span> <span class='ocrx_word' id='word_1_586' title='bbox 976 4257 1016 4311; x_wconf 84' lang='lat' dir='ltr'><strong><em>d</em></strong></span> <span class='ocrx_word' id='word_1_587' title='bbox 1037 4256 1316 4335; x_wconf 59' lang='grc' dir='ltr'>βλέπετε.</span> <span class='ocrx_word' id='word_1_588' title='bbox 1336 4257 1432 4309; x_wconf 84' lang='grc' dir='ltr'>καί</span> <span class='ocrx_word' id='word_1_589' title='bbox 1451 4258 1562 4310; x_wconf 82' lang='grc' dir='ltr'>οὐκ</span> <span class='ocrx_word' id='word_1_590' title='bbox 1576 4252 1761 4318; x_wconf 77' lang='grc' dir='ltr'>εἶδον,</span> <span class='ocrx_word' id='word_1_591' title='bbox 1792 4256 1889 4309; x_wconf 78' lang='grc' dir='ltr'>καὶ</span> <span class='ocrx_word' id='word_1_592' title='bbox 1914 4256 2171 4311; x_wconf 79' lang='grc' dir='ltr'>ἀκοῦσαι</span> <span class='ocrx_word' id='word_1_593' title='bbox 2190 4255 2230 4310; x_wconf 80' lang='grc' dir='ltr'><em>ἁ</em></span> 
     </span>
    </p>
   </div>
   <div class='ocr_carea' id='block_1_82' title="bbox 659 4337 2228 4409">
    <p class='ocr_par' dir='ltr' id='par_1_82' title="bbox 659 4337 2228 4409">
     <span class='ocr_line' id='line_1_82' title="bbox 659 4337 2228 4409; baseline -0.003 -14"><span class='ocrx_word' id='word_1_594' title='bbox 659 4341 928 4401; x_wconf 74' lang='grc' dir='ltr'>ἀκούετε.</span> <span class='ocrx_word' id='word_1_595' title='bbox 963 4338 1061 4394; x_wconf 74' lang='grc' dir='ltr'>καί</span> <span class='ocrx_word' id='word_1_596' title='bbox 1093 4340 1205 4394; x_wconf 83' lang='grc' dir='ltr'>οὐκ</span> <span class='ocrx_word' id='word_1_597' title='bbox 1248 4337 1546 4407; x_wconf 72' lang='grc' dir='ltr'>ἥκουσαν.</span> <span class='ocrx_word' id='word_1_598' title='bbox 1596 4337 1744 4405; x_wconf 68' lang='grc' dir='ltr'>*Αρα</span> <span class='ocrx_word' id='word_1_599' title='bbox 1774 4338 1949 4391; x_wconf 88' lang='grc' dir='ltr'>πάντα</span> <span class='ocrx_word' id='word_1_600' title='bbox 1987 4338 2056 4393; x_wconf 90' lang='grc' dir='ltr'>τά</span> <span class='ocrx_word' id='word_1_601' title='bbox 2098 4338 2228 4409; x_wconf 81' lang='grc' dir='ltr'>μέλ-</span> 
     </span>
    </p>
   </div>
   <div class='ocr_carea' id='block_1_83' title="bbox 658 4420 2229 4495">
    <p class='ocr_par' dir='ltr' id='par_1_83' title="bbox 658 4420 2229 4495">
     <span class='ocr_line' id='line_1_83' title="bbox 658 4420 2229 4495; baseline -0.004 -16"><span class='ocrx_word' id='word_1_602' title='bbox 658 4424 818 4479; x_wconf 88' lang='grc' dir='ltr'>λοντα</span> <span class='ocrx_word' id='word_1_603' title='bbox 846 4423 1043 4495; x_wconf 78' lang='grc' dir='ltr'>ᾔδεσαν</span> <span class='ocrx_word' id='word_1_604' title='bbox 1075 4422 1124 4474; x_wconf 82' lang='grc' dir='ltr'>οἰ</span> <span class='ocrx_word' id='word_1_605' title='bbox 1153 4420 1386 4486; x_wconf 88' lang='grc' dir='ltr'>δίκαιοι;</span> <span class='ocrx_word' id='word_1_606' title='bbox 1434 4422 1545 4475; x_wconf 77' lang='grc' dir='ltr'>Καὶ</span> <span class='ocrx_word' id='word_1_607' title='bbox 1596 4421 1819 4493; x_wconf 84' lang='grc' dir='ltr'>σφόδρα.</span> <span class='ocrx_word' id='word_1_608' title='bbox 1876 4422 1939 4475; x_wconf 85' lang='grc' dir='ltr'>Εἰ</span> <span class='ocrx_word' id='word_1_609' title='bbox 1992 4420 2100 4490; x_wconf 93' lang='grc' dir='ltr'>γάρ</span> <span class='ocrx_word' id='word_1_610' title='bbox 2134 4421 2229 4475; x_wconf 78' lang='grc' dir='ltr'>καί¹</span> 
     </span>
    </p>
   </div>
   <div class='ocr_carea' id='block_1_84' title="bbox 654 4504 2225 4579">
    <p class='ocr_par' dir='ltr' id='par_1_84' title="bbox 654 4504 2225 4579">
     <span class='ocr_line' id='line_1_84' title="bbox 654 4504 2225 4579; baseline -0.003 -16"><span class='ocrx_word' id='word_1_611' title='bbox 654 4508 747 4563; x_wconf 78' lang='grc' dir='ltr'>διὰ</span> <span class='ocrx_word' id='word_1_612' title='bbox 796 4508 896 4579; x_wconf 79' lang='grc' dir='ltr'>τὴν</span> <span class='ocrx_word' id='word_1_613' title='bbox 934 4506 1219 4561; x_wconf 79' lang='grc' dir='ltr'>ἀσθένειαν</span> <span class='ocrx_word' id='word_1_614' title='bbox 1261 4504 1370 4558; x_wconf 85' lang='grc' dir='ltr'>τῶν</span> <span class='ocrx_word' id='word_1_615' title='bbox 1423 4506 1500 4577; x_wconf 78' lang='grc' dir='ltr'>μὴ</span> <span class='ocrx_word' id='word_1_616' title='bbox 1560 4505 1872 4576; x_wconf 83' lang='grc' dir='ltr'>δυναμένων</span> <span class='ocrx_word' id='word_1_617' title='bbox 1922 4505 2084 4561; x_wconf 76' lang='grc' dir='ltr'>αὐτὸν</span> <span class='ocrx_word' id='word_1_618' title='bbox 2138 4506 2225 4559; x_wconf 82' lang='grc' dir='ltr'>δέ-</span> 
     </span>
    </p>
   </div>
   <div class='ocr_carea' id='block_1_85' title="bbox 654 4587 2224 4661">
    <p class='ocr_par' dir='ltr' id='par_1_85' title="bbox 654 4587 2224 4661">
     <span class='ocr_line' id='line_1_85' title="bbox 654 4587 2224 4661; baseline 0 -20"><span class='ocrx_word' id='word_1_619' title='bbox 654 4590 875 4656; x_wconf 67' lang='grc' dir='ltr'>ξεσθαι,</span> <span class='ocrx_word' id='word_1_620' title='bbox 928 4589 1026 4642; x_wconf 87' lang='grc' dir='ltr'>οὐκ</span> <span class='ocrx_word' id='word_1_621' title='bbox 1058 4587 1472 4641; x_wconf 83' lang='grc' dir='ltr'>ἀπεκαλύπτετο</span> <span class='ocrx_word' id='word_1_622' title='bbox 1520 4591 1549 4643; x_wconf 92' lang='lat'>6</span> <span class='ocrx_word' id='word_1_623' title='bbox 1579 4600 1605 4631; x_wconf 77' lang='grc' dir='ltr'>ι</span> <span class='ocrx_word' id='word_1_624' title='bbox 1630 4589 1776 4657; x_wconf 81' lang='grc' dir='ltr'>Υἱὸς,</span> <span class='ocrx_word' id='word_1_625' title='bbox 1828 4590 1938 4651; x_wconf 87' lang='grc' dir='ltr'>τοῖς</span> <span class='ocrx_word' id='word_1_626' title='bbox 1973 4590 2033 4641; x_wconf 91' lang='grc' dir='ltr'>ἐν</span> <span class='ocrx_word' id='word_1_627' title='bbox 2056 4590 2224 4661; x_wconf 73' lang='grc' dir='ltr'>ἀρετῇ</span> 
     </span>
    </p>
   </div>
   <div class='ocr_carea' id='block_1_86' title="bbox 653 4670 2225 4742">
    <p class='ocr_par' dir='ltr' id='par_1_86' title="bbox 653 4670 2225 4742">
     <span class='ocr_line' id='line_1_86' title="bbox 653 4670 2225 4742; baseline -0.001 -15"><span class='ocrx_word' id='word_1_628' title='bbox 653 4674 1058 4742; x_wconf 82' lang='grc' dir='ltr'>διαλάμπουσιν</span> <span class='ocrx_word' id='word_1_629' title='bbox 1108 4670 1333 4734; x_wconf 86' lang='grc' dir='ltr'>εἰκότως</span> <span class='ocrx_word' id='word_1_630' title='bbox 1410 4671 1843 4725; x_wconf 82' lang='grc' dir='ltr'>ἀπεκαλύπτετο.</span> <span class='ocrx_word' id='word_1_631' title='bbox 1903 4670 2076 4725; x_wconf 83' lang='grc' dir='ltr'>Τοῦτο</span> <span class='ocrx_word' id='word_1_632' title='bbox 2132 4674 2225 4726; x_wconf 77' lang='grc' dir='ltr'>καὶ</span> 
     </span>
    </p>
   </div>
   <div class='ocr_carea' id='block_1_87' title="bbox 654 4754 2227 4826">
    <p class='ocr_par' dir='ltr' id='par_1_87' title="bbox 654 4754 2227 4826">
     <span class='ocr_line' id='line_1_87' title="bbox 654 4754 2227 4826; baseline -0.001 -15"><span class='ocrx_word' id='word_1_633' title='bbox 654 4758 755 4811; x_wconf 82' lang='grc' dir='ltr'>νῦν</span> <span class='ocrx_word' id='word_1_634' title='bbox 785 4758 813 4810; x_wconf 93' lang='lat'>6</span> <span class='ocrx_word' id='word_1_635' title='bbox 838 4755 1049 4818; x_wconf 85' lang='grc' dir='ltr'>Παῦλός</span> <span class='ocrx_word' id='word_1_636' title='bbox 1084 4771 1250 4823; x_wconf 80' lang='grc' dir='ltr'>φησιν</span> <span class='ocrx_word' id='word_1_637' title='bbox 1270 4793 1285 4819; x_wconf 93' lang='grc'>,</span> <span class='ocrx_word' id='word_1_638' title='bbox 1316 4754 1397 4807; x_wconf 84' lang='grc' dir='ltr'>ὅτι</span> <span class='ocrx_word' id='word_1_639' title='bbox 1426 4755 1495 4808; x_wconf 83' lang='grc' dir='ltr'>τά</span> <span class='ocrx_word' id='word_1_640' title='bbox 1525 4756 1787 4825; x_wconf 87' lang='grc' dir='ltr'>μέλλοντα</span> <span class='ocrx_word' id='word_1_641' title='bbox 1822 4756 2038 4826; x_wconf 69' lang='grc' dir='ltr'>ᾔδεσαν,</span> <span class='ocrx_word' id='word_1_642' title='bbox 2072 4773 2227 4810; x_wconf 84' lang='grc' dir='ltr'>τουτ-</span> 
     </span>
    </p>
   </div>
   <div class='ocr_carea' id='block_1_88' title="bbox 651 4835 2226 4909">
    <p class='ocr_par' dir='ltr' id='par_1_88' title="bbox 651 4835 2226 4909">
     <span class='ocr_line' id='line_1_88' title="bbox 651 4835 2226 4909; baseline -0.001 -14"><span class='ocrx_word' id='word_1_643' title='bbox 651 4842 802 4904; x_wconf 76' lang='grc' dir='ltr'>έστι,</span> <span class='ocrx_word' id='word_1_644' title='bbox 854 4839 953 4908; x_wconf 82' lang='grc' dir='ltr'>τὴν</span> <span class='ocrx_word' id='word_1_645' title='bbox 997 4837 1291 4891; x_wconf 83' lang='grc' dir='ltr'>ἀνάστασιν</span> <span class='ocrx_word' id='word_1_646' title='bbox 1344 4837 1437 4891; x_wconf 87' lang='grc' dir='ltr'>τοῦ</span> <span class='ocrx_word' id='word_1_647' title='bbox 1478 4838 1737 4909; x_wconf 87' lang='grc' dir='ltr'>Χριστοῦ.</span> <span class='ocrx_word' id='word_1_648' title='bbox 1797 4840 1870 4893; x_wconf 83' lang='grc' dir='ltr'><strong>Ἦ</strong></span> <span class='ocrx_word' id='word_1_649' title='bbox 1928 4835 2021 4893; x_wconf 79' lang='grc' dir='ltr'>οὖν</span> <span class='ocrx_word' id='word_1_650' title='bbox 2069 4838 2226 4893; x_wconf 86' lang='grc' dir='ltr'>τοῦτό</span> 
     </span>
    </p>
   </div>
   <div class='ocr_carea' id='block_1_89' title="bbox 656 4920 2226 4994">
    <p class='ocr_par' dir='ltr' id='par_1_89' title="bbox 656 4920 2226 4994">
     <span class='ocr_line' id='line_1_89' title="bbox 656 4920 2226 4994; baseline 0.001 -18"><span class='ocrx_word' id='word_1_651' title='bbox 656 4940 812 4993; x_wconf 72' lang='grc' dir='ltr'>φησι,</span> <span class='ocrx_word' id='word_1_652' title='bbox 848 4922 881 4993; x_wconf 82' lang='grc' dir='ltr'>ἢ</span> <span class='ocrx_word' id='word_1_653' title='bbox 914 4922 995 4985; x_wconf 74' lang='grc' dir='ltr'>τὸ,</span> <span class='ocrx_word' id='word_1_654' title='bbox 1051 4921 1255 4975; x_wconf 81' lang='grc' dir='ltr'>Πίστει</span> <span class='ocrx_word' id='word_1_655' title='bbox 1301 4920 1434 4989; x_wconf 81' lang='grc' dir='ltr'>περί</span> <span class='ocrx_word' id='word_1_656' title='bbox 1475 4923 1845 4991; x_wconf 71' lang='grc' dir='ltr'>μελλόντων,</span> <span class='ocrx_word' id='word_1_657' title='bbox 1875 4923 1937 4975; x_wconf 90' lang='grc' dir='ltr'>οὐ</span> <span class='ocrx_word' id='word_1_658' title='bbox 1977 4923 2226 4994; x_wconf 76' lang='grc' dir='ltr'>περὶτοῦ</span> 
     </span>
    </p>
   </div>
   <div class='ocr_carea' id='block_1_90' title="bbox 660 5003 2227 5079">
    <p class='ocr_par' dir='ltr' id='par_1_90' title="bbox 660 5003 2227 5079">
     <span class='ocr_line' id='line_1_90' title="bbox 660 5003 2227 5079; baseline 0.002 -20"><span class='ocrx_word' id='word_1_659' title='bbox 660 5006 944 5079; x_wconf 79' lang='grc' dir='ltr'>μέλλοντος</span> <span class='ocrx_word' id='word_1_660' title='bbox 966 5003 1182 5068; x_wconf 84' lang='grc' dir='ltr'>αἰῶνος.</span> <span class='ocrx_word' id='word_1_661' title='bbox 1216 5003 1351 5058; x_wconf 89' lang='grc' dir='ltr'>ἀλλά</span> <span class='ocrx_word' id='word_1_662' title='bbox 1386 5005 1513 5074; x_wconf 85' lang='grc' dir='ltr'>περί</span> <span class='ocrx_word' id='word_1_663' title='bbox 1538 5006 1644 5059; x_wconf 91' lang='grc' dir='ltr'>τῶν</span> <span class='ocrx_word' id='word_1_664' title='bbox 1674 5006 1906 5060; x_wconf 85' lang='grc' dir='ltr'>ἐνταῦθα</span> <span class='ocrx_word' id='word_1_665' title='bbox 1925 5008 2227 5077; x_wconf 82' lang='grc' dir='ltr'>μελλόντων</span> 
     </span>
    </p>
   </div>
   <div class='ocr_carea' id='block_1_91' title="bbox 660 5087 2227 5164">
    <p class='ocr_par' dir='ltr' id='par_1_91' title="bbox 660 5087 2227 5164">
     <span class='ocr_line' id='line_1_91' title="bbox 660 5087 2227 5164; baseline 0.001 -21"><span class='ocrx_word' id='word_1_666' title='bbox 660 5090 884 5159; x_wconf 69' lang='grc' dir='ltr'>ὓστερον</span> <span class='ocrx_word' id='word_1_667' title='bbox 899 5087 1161 5157; x_wconf 86' lang='grc' dir='ltr'>γίνεσθαι,</span> <span class='ocrx_word' id='word_1_668' title='bbox 1174 5088 1449 5153; x_wconf 82' lang='grc' dir='ltr'>λέγει.“Δν</span> <span class='ocrx_word' id='word_1_669' title='bbox 1470 5089 1575 5161; x_wconf 91' lang='grc' dir='ltr'>γάρ</span> <span class='ocrx_word' id='word_1_670' title='bbox 1594 5089 1670 5161; x_wconf 83' lang='grc' dir='ltr'>μὴ</span> <span class='ocrx_word' id='word_1_671' title='bbox 1683 5090 1855 5157; x_wconf 87' lang='grc' dir='ltr'>τοῦτο,</span> <span class='ocrx_word' id='word_1_672' title='bbox 1878 5093 1995 5156; x_wconf 88' lang='grc' dir='ltr'>πῶς</span> <span class='ocrx_word' id='word_1_673' title='bbox 2014 5092 2227 5164; x_wconf 72' lang='grc' dir='ltr'>ἀνθρωο</span> 
     </span>
    </p>
   </div>
   <div class='ocr_carea' id='block_1_92' title="bbox 659 5170 2227 5244">
    <p class='ocr_par' dir='ltr' id='par_1_92' title="bbox 659 5170 2227 5244">
     <span class='ocr_line' id='line_1_92' title="bbox 659 5170 2227 5244; baseline 0.003 -20"><span class='ocrx_word' id='word_1_674' title='bbox 659 5188 759 5233; x_wconf 85' lang='grc' dir='ltr'>πος</span> <span class='ocrx_word' id='word_1_675' title='bbox 786 5170 1093 5239; x_wconf 82' lang='grc' dir='ltr'>καθήμενος</span> <span class='ocrx_word' id='word_1_676' title='bbox 1117 5172 1175 5223; x_wconf 79' lang='grc' dir='ltr'>ἐν</span> <span class='ocrx_word' id='word_1_677' title='bbox 1192 5170 1339 5243; x_wconf 86' lang='grc' dir='ltr'>ξένῃ,</span> <span class='ocrx_word' id='word_1_678' title='bbox 1365 5170 1614 5235; x_wconf 89' lang='grc' dir='ltr'>τοιαύτας</span> <span class='ocrx_word' id='word_1_679' title='bbox 1638 5172 1885 5241; x_wconf 86' lang='grc' dir='ltr'>εὐλογίας</span> <span class='ocrx_word' id='word_1_680' title='bbox 1902 5175 2130 5244; x_wconf 61' lang='grc' dir='ltr'>⁴ἠδύνατο</span> <span class='ocrx_word' id='word_1_681' title='bbox 2145 5175 2227 5229; x_wconf 81' lang='grc' dir='ltr'>δι-</span> 
     </span>
    </p>
   </div>
   <div class='ocr_carea' id='block_1_93' title="bbox 656 5251 2221 5324">
    <p class='ocr_par' dir='ltr' id='par_1_93' title="bbox 656 5251 2221 5324">
     <span class='ocr_line' id='line_1_93' title="bbox 656 5251 2221 5324; baseline 0.003 -17"><span class='ocrx_word' id='word_1_682' title='bbox 656 5254 806 5307; x_wconf 77' lang='grc' dir='ltr'>δόναι</span> <span class='ocrx_word' id='word_1_683' title='bbox 828 5270 842 5317; x_wconf 87' lang='lat'><strong>;</strong></span> <span class='ocrx_word' id='word_1_684' title='bbox 877 5251 994 5315; x_wconf 86' lang='grc' dir='ltr'>πῶς</span> <span class='ocrx_word' id='word_1_685' title='bbox 1007 5253 1093 5306; x_wconf 73' lang='grc' dir='ltr'>δαὶ</span> <span class='ocrx_word' id='word_1_686' title='bbox 1111 5253 1271 5305; x_wconf 89' lang='grc' dir='ltr'>πάλιν</span> <span class='ocrx_word' id='word_1_687' title='bbox 1289 5252 1553 5323; x_wconf 86' lang='grc' dir='ltr'>ἐπέτυχεν</span> <span class='ocrx_word' id='word_1_688' title='bbox 1581 5253 1848 5324; x_wconf 84' lang='grc' dir='ltr'>εὐλογίας,</span> <span class='ocrx_word' id='word_1_689' title='bbox 1872 5259 1963 5311; x_wconf 75' lang='grc' dir='ltr'>καὶ</span> <span class='ocrx_word' id='word_1_690' title='bbox 1978 5260 2076 5312; x_wconf 90' lang='grc' dir='ltr'>οὐκ</span> <span class='ocrx_word' id='word_1_691' title='bbox 2098 5258 2221 5312; x_wconf 80' lang='grc' dir='ltr'>ἐλα-</span> 
     </span>
    </p>
   </div>
   <div class='ocr_carea' id='block_1_94' title="bbox 659 5334 2224 5413">
    <p class='ocr_par' dir='ltr' id='par_1_94' title="bbox 659 5334 2224 5413">
     <span class='ocr_line' id='line_1_94' title="bbox 659 5334 2224 5413; baseline 0.005 -25"><span class='ocrx_word' id='word_1_692' title='bbox 659 5338 752 5388; x_wconf 76' lang='grc' dir='ltr'>ϐεν</span> <span class='ocrx_word' id='word_1_693' title='bbox 786 5335 956 5405; x_wconf 77' lang='grc' dir='ltr'>αὐτήν</span> <span class='ocrx_word' id='word_1_694' title='bbox 975 5352 991 5401; x_wconf 86' lang='grc'>;</span> <span class='ocrx_word' id='word_1_695' title='bbox 1046 5334 1207 5404; x_wconf 74' lang='grc' dir='ltr'>Ὁρᾷς</span> <span class='ocrx_word' id='word_1_696' title='bbox 1223 5337 1302 5389; x_wconf 88' lang='grc' dir='ltr'>ὅτι</span> <span class='ocrx_word' id='word_1_697' title='bbox 1319 5337 1455 5407; x_wconf 80' lang='grc' dir='ltr'>ὅπερ</span> <span class='ocrx_word' id='word_1_698' title='bbox 1472 5337 1609 5408; x_wconf 74' lang='grc' dir='ltr'>ἔφην</span> <span class='ocrx_word' id='word_1_699' title='bbox 1624 5340 1715 5391; x_wconf 73' lang='grc' dir='ltr'>ἐπὶ</span> <span class='ocrx_word' id='word_1_700' title='bbox 1731 5339 1831 5409; x_wconf 79' lang='grc' dir='ltr'>μὲν</span> <span class='ocrx_word' id='word_1_701' title='bbox 1850 5339 1941 5392; x_wconf 86' lang='grc' dir='ltr'>τοῦ</span> <span class='ocrx_word' id='word_1_702' title='bbox 1976 5341 2176 5413; x_wconf 78' lang='grc' dir='ltr'>’Λεραά</span> <span class='ocrx_word' id='word_1_703' title='bbox 2184 5360 2224 5413; x_wconf 90' lang='grc' dir='ltr'>μ</span> 
     </span>
    </p>
   </div>
   <div class='ocr_carea' id='block_1_95' title="bbox 658 5415 2223 5496">
    <p class='ocr_par' dir='ltr' id='par_1_95' title="bbox 658 5415 2223 5496">
     <span class='ocr_line' id='line_1_95' title="bbox 658 5415 2223 5496; baseline -0.001 -21"><span class='ocrx_word' id='word_1_704' title='bbox 658 5422 756 5475; x_wconf 72' lang='grc' dir='ltr'>καὶ</span> <span class='ocrx_word' id='word_1_705' title='bbox 770 5419 862 5473; x_wconf 74' lang='grc' dir='ltr'>ἐπὶ</span> <span class='ocrx_word' id='word_1_706' title='bbox 888 5417 984 5472; x_wconf 90' lang='grc' dir='ltr'>τοῦ</span> <span class='ocrx_word' id='word_1_707' title='bbox 1017 5415 1208 5471; x_wconf 77' lang='grc' dir='ltr'>Ἰακὼϐ</span> <span class='ocrx_word' id='word_1_708' title='bbox 1230 5418 1376 5473; x_wconf 74' lang='grc' dir='ltr'>ἐστιν</span> <span class='ocrx_word' id='word_1_709' title='bbox 1408 5422 1604 5488; x_wconf 85' lang='grc' dir='ltr'>εἰπεῖν,</span> <span class='ocrx_word' id='word_1_710' title='bbox 1622 5423 1702 5476; x_wconf 83' lang='grc' dir='ltr'>ὅτι</span> <span class='ocrx_word' id='word_1_711' title='bbox 1728 5424 1829 5477; x_wconf 87' lang='grc' dir='ltr'>οὐκ</span> <span class='ocrx_word' id='word_1_712' title='bbox 1849 5423 2101 5477; x_wconf 86' lang='grc' dir='ltr'>ἀπώνατο</span> <span class='ocrx_word' id='word_1_713' title='bbox 2123 5426 2223 5496; x_wconf 83' lang='grc' dir='ltr'>τῆς</span> 
     </span>
    </p>
   </div>
   <div class='ocr_carea' id='block_1_96' title="bbox 659 5501 2215 5578">
    <p class='ocr_par' dir='ltr' id='par_1_96' title="bbox 659 5501 2215 5578">
     <span class='ocr_line' id='line_1_96' title="bbox 659 5501 2215 5578; baseline 0.004 -22"><span class='ocrx_word' id='word_1_714' title='bbox 659 5501 925 5571; x_wconf 87' lang='grc' dir='ltr'>εὐλογίας,</span> <span class='ocrx_word' id='word_1_715' title='bbox 965 5501 1081 5555; x_wconf 85' lang='grc' dir='ltr'>ἀλλ’</span> <span class='ocrx_word' id='word_1_716' title='bbox 1119 5502 1198 5563; x_wconf 82' lang='grc' dir='ltr'>εἰς</span> <span class='ocrx_word' id='word_1_717' title='bbox 1224 5502 1478 5571; x_wconf 83' lang='grc' dir='ltr'>ἐκγόνους</span> <span class='ocrx_word' id='word_1_718' title='bbox 1513 5505 1700 5575; x_wconf 79' lang='grc' dir='ltr'>ἐξῆλθε</span> <span class='ocrx_word' id='word_1_719' title='bbox 1724 5507 1789 5559; x_wconf 88' lang='grc' dir='ltr'>τά</span> <span class='ocrx_word' id='word_1_720' title='bbox 1806 5507 1913 5560; x_wconf 89' lang='grc' dir='ltr'>τῶν</span> <span class='ocrx_word' id='word_1_721' title='bbox 1936 5508 2215 5578; x_wconf 87' lang='grc' dir='ltr'>εὐλογιῶν,</span> 
     </span>
    </p>
   </div>
   <div class='ocr_carea' id='block_1_97' title="bbox 2334 3590 3909 3664">
    <p class='ocr_par' dir='ltr' id='par_1_97' title="bbox 2334 3590 3909 3664">
     <span class='ocr_line' id='line_1_97' title="bbox 2334 3590 3909 3664; baseline 0.004 -19"><span class='ocrx_word' id='word_1_722' title='bbox 2334 3590 2562 3658; x_wconf 82' lang='grc' dir='ltr'>ἀδελφὸν</span> <span class='ocrx_word' id='word_1_723' title='bbox 2605 3591 2804 3662; x_wconf 81' lang='grc' dir='ltr'>μᾶλλον</span> <span class='ocrx_word' id='word_1_724' title='bbox 2840 3591 3270 3648; x_wconf 84' lang='grc' dir='ltr'>ἀπολελαυκότα.</span> <span class='ocrx_word' id='word_1_725' title='bbox 3313 3594 3372 3646; x_wconf 89' lang='lat'>&#39;0</span> <span class='ocrx_word' id='word_1_726' title='bbox 3410 3591 3510 3664; x_wconf 63' lang='grc' dir='ltr'>μιν</span> <span class='ocrx_word' id='word_1_727' title='bbox 3535 3593 3643 3664; x_wconf 88' lang='grc' dir='ltr'>γάρ</span> <span class='ocrx_word' id='word_1_728' title='bbox 3687 3596 3748 3647; x_wconf 82' lang='grc' dir='ltr'>ἐν</span> <span class='ocrx_word' id='word_1_729' title='bbox 3775 3595 3909 3651; x_wconf 81' lang='grc' dir='ltr'>δου-</span> 
     </span>
    </p>
   </div>
   <div class='ocr_carea' id='block_1_98' title="bbox 2332 3672 3911 3746">
    <p class='ocr_par' dir='ltr' id='par_1_98' title="bbox 2332 3672 3911 3746">
     <span class='ocr_line' id='line_1_98' title="bbox 2332 3672 3911 3746; baseline 0.006 -20"><span class='ocrx_word' id='word_1_730' title='bbox 2332 3672 2453 3742; x_wconf 72' lang='grc' dir='ltr'>λείᾳ</span> <span class='ocrx_word' id='word_1_731' title='bbox 2481 3676 2575 3727; x_wconf 81' lang='grc' dir='ltr'>καὶ</span> <span class='ocrx_word' id='word_1_732' title='bbox 2623 3674 2814 3746; x_wconf 81' lang='grc' dir='ltr'>θητείᾳ</span> <span class='ocrx_word' id='word_1_733' title='bbox 2858 3676 2951 3729; x_wconf 78' lang='grc' dir='ltr'>καὶ</span> <span class='ocrx_word' id='word_1_734' title='bbox 3001 3674 3267 3739; x_wconf 85' lang='grc' dir='ltr'>κινδύνοις</span> <span class='ocrx_word' id='word_1_735' title='bbox 3303 3677 3398 3729; x_wconf 80' lang='grc' dir='ltr'>καὶ</span> <span class='ocrx_word' id='word_1_736' title='bbox 3448 3676 3762 3742; x_wconf 77' lang='grc' dir='ltr'>ἐπιδουλαῖς</span> <span class='ocrx_word' id='word_1_737' title='bbox 3807 3683 3911 3737; x_wconf 77' lang='grc' dir='ltr'>καὶ</span> 
     </span>
    </p>
   </div>
   <div class='ocr_carea' id='block_1_99' title="bbox 2333 3756 3911 3834">
    <p class='ocr_par' dir='ltr' id='par_1_99' title="bbox 2333 3756 3911 3834">
     <span class='ocr_line' id='line_1_99' title="bbox 2333 3756 3911 3834; baseline 0.005 -26"><span class='ocrx_word' id='word_1_738' title='bbox 2333 3756 2571 3818; x_wconf 89' lang='grc' dir='ltr'>ἀπάταις</span> <span class='ocrx_word' id='word_1_739' title='bbox 2589 3758 2683 3811; x_wconf 76' lang='grc' dir='ltr'>καὶ</span> <span class='ocrx_word' id='word_1_740' title='bbox 2704 3758 2885 3826; x_wconf 79' lang='grc' dir='ltr'>φόδοις</span> <span class='ocrx_word' id='word_1_741' title='bbox 2905 3758 2997 3812; x_wconf 82' lang='grc' dir='ltr'>τὸν</span> <span class='ocrx_word' id='word_1_742' title='bbox 3017 3759 3236 3813; x_wconf 73' lang='grc' dir='ltr'>ἅπαντα</span> <span class='ocrx_word' id='word_1_743' title='bbox 3253 3759 3524 3828; x_wconf 84' lang='grc' dir='ltr'>διεγένετο</span> <span class='ocrx_word' id='word_1_744' title='bbox 3543 3760 3754 3831; x_wconf 88' lang='grc' dir='ltr'>χρόνον,</span> <span class='ocrx_word' id='word_1_745' title='bbox 3775 3764 3911 3834; x_wconf 85' lang='grc' dir='ltr'>ἐρω-</span> 
     </span>
    </p>
   </div>
   <div class='ocr_carea' id='block_1_100' title="bbox 2331 3839 3933 3915">
    <p class='ocr_par' dir='ltr' id='par_1_100' title="bbox 2331 3839 3933 3915">
     <span class='ocr_line' id='line_1_100' title="bbox 2331 3839 3933 3915; baseline 0.007 -24"><span class='ocrx_word' id='word_1_746' title='bbox 2331 3839 2573 3910; x_wconf 83' lang='grc' dir='ltr'>τώμενός</span> <span class='ocrx_word' id='word_1_747' title='bbox 2588 3858 2645 3893; x_wconf 89' lang='grc' dir='ltr'>τε</span> <span class='ocrx_word' id='word_1_748' title='bbox 2669 3841 2818 3912; x_wconf 80' lang='grc' dir='ltr'>παρὰ</span> <span class='ocrx_word' id='word_1_749' title='bbox 2846 3842 2939 3895; x_wconf 90' lang='grc' dir='ltr'>τοῦ</span> <span class='ocrx_word' id='word_1_750' title='bbox 2961 3842 3161 3911; x_wconf 78' lang='grc' dir='ltr'>Φαραὼ</span> <span class='ocrx_word' id='word_1_751' title='bbox 3180 3845 3334 3915; x_wconf 81' lang='grc' dir='ltr'>φησί·</span> <span class='ocrx_word' id='word_1_752' title='bbox 3363 3843 3579 3912; x_wconf 78' lang='grc' dir='ltr'>Μικραί</span> <span class='ocrx_word' id='word_1_753' title='bbox 3601 3845 3698 3900; x_wconf 77' lang='grc' dir='ltr'>καί</span> <span class='ocrx_word' id='word_1_754' title='bbox 3717 3860 3933 3915; x_wconf 62' lang='grc' dir='ltr'>ποίη-δ</span> 
     </span>
    </p>
   </div>
   <div class='ocr_carea' id='block_1_101' title="bbox 2321 3924 3911 4002">
    <p class='ocr_par' dir='ltr' id='par_1_101' title="bbox 2321 3924 3911 4002">
     <span class='ocr_line' id='line_1_101' title="bbox 2321 3924 3911 4002; baseline 0.004 -25"><span class='ocrx_word' id='word_1_755' title='bbox 2321 3924 2425 3993; x_wconf 87' lang='grc' dir='ltr'>ραί</span> <span class='ocrx_word' id='word_1_756' title='bbox 2444 3927 2504 3978; x_wconf 89' lang='grc' dir='ltr'>αἰ</span> <span class='ocrx_word' id='word_1_757' title='bbox 2535 3924 2746 3993; x_wconf 72' lang='grc' dir='ltr'>ἡμέραι</span> <span class='ocrx_word' id='word_1_758' title='bbox 2761 3942 2878 3995; x_wconf 90' lang='grc' dir='ltr'>μου</span> <span class='ocrx_word' id='word_1_759' title='bbox 2901 3927 3247 3998; x_wconf 72' lang='grc' dir='ltr'>γεγόνασιν·</span> <span class='ocrx_word' id='word_1_760' title='bbox 3264 3931 3469 3992; x_wconf 89' lang='grc' dir='ltr'>ἐκεῖνος</span> <span class='ocrx_word' id='word_1_761' title='bbox 3487 3928 3545 3983; x_wconf 79' lang='grc' dir='ltr'>δέ</span> <span class='ocrx_word' id='word_1_762' title='bbox 3567 3933 3623 3983; x_wconf 77' lang='grc' dir='ltr'>έν</span> <span class='ocrx_word' id='word_1_763' title='bbox 3634 3929 3787 4002; x_wconf 79' lang='grc' dir='ltr'>ἀδείᾳ</span> <span class='ocrx_word' id='word_1_764' title='bbox 3808 3932 3911 3986; x_wconf 75' lang='grc' dir='ltr'>καὶ</span> 
     </span>
    </p>
   </div>
   <div class='ocr_carea' id='block_1_102' title="bbox 2330 4007 3903 4086">
    <p class='ocr_par' dir='ltr' id='par_1_102' title="bbox 2330 4007 3903 4086">
     <span class='ocr_line' id='line_1_102' title="bbox 2330 4007 3903 4086; baseline 0.006 -25"><span class='ocrx_word' id='word_1_765' title='bbox 2330 4007 2589 4077; x_wconf 65' lang='grc' dir='ltr'>αὐθεντίᾳ.</span> <span class='ocrx_word' id='word_1_766' title='bbox 2621 4007 2811 4081; x_wconf 77' lang='grc' dir='ltr'>πολλῇ,</span> <span class='ocrx_word' id='word_1_767' title='bbox 2858 4010 2954 4062; x_wconf 80' lang='grc' dir='ltr'>καὶ</span> <span class='ocrx_word' id='word_1_768' title='bbox 3005 4011 3144 4081; x_wconf 89' lang='grc' dir='ltr'>μετά</span> <span class='ocrx_word' id='word_1_769' title='bbox 3173 4009 3348 4065; x_wconf 88' lang='grc' dir='ltr'>ταῦτα</span> <span class='ocrx_word' id='word_1_770' title='bbox 3371 4007 3439 4084; x_wconf 79' lang='grc' dir='ltr'>ἦν</span> <span class='ocrx_word' id='word_1_771' title='bbox 3467 4013 3615 4083; x_wconf 90' lang='grc' dir='ltr'>αὐτῷ</span> <span class='ocrx_word' id='word_1_772' title='bbox 3647 4013 3903 4086; x_wconf 70' lang='grc' dir='ltr'>φοϐερός.</span> 
     </span>
    </p>
   </div>
   <div class='ocr_carea' id='block_1_103' title="bbox 2330 4087 3907 4167">
    <p class='ocr_par' dir='ltr' id='par_1_103' title="bbox 2330 4087 3907 4167">
     <span class='ocr_line' id='line_1_103' title="bbox 2330 4087 3907 4167; baseline 0.003 -22"><span class='ocrx_word' id='word_1_773' title='bbox 2330 4089 2441 4145; x_wconf 88' lang='grc' dir='ltr'>Ποῦ</span> <span class='ocrx_word' id='word_1_774' title='bbox 2473 4087 2565 4145; x_wconf 79' lang='grc' dir='ltr'>οὖν</span> <span class='ocrx_word' id='word_1_775' title='bbox 2588 4089 2853 4163; x_wconf 73' lang='grc' dir='ltr'>ἐξέϐησαν</span> <span class='ocrx_word' id='word_1_776' title='bbox 2882 4093 2937 4145; x_wconf 87' lang='grc' dir='ltr'>αἰ</span> <span class='ocrx_word' id='word_1_777' title='bbox 2967 4092 3228 4163; x_wconf 88' lang='grc' dir='ltr'>εὐλογίαι,</span> <span class='ocrx_word' id='word_1_778' title='bbox 3261 4094 3593 4167; x_wconf 82' lang='grc' dir='ltr'>ἀλλ’ἢὲντῷ</span> <span class='ocrx_word' id='word_1_779' title='bbox 3623 4097 3907 4167; x_wconf 72' lang='grc' dir='ltr'>μέλλοντις</span> 
     </span>
    </p>
   </div>
   <div class='ocr_carea' id='block_1_104' title="bbox 2340 4174 3904 4253">
    <p class='ocr_par' dir='ltr' id='par_1_104' title="bbox 2340 4174 3904 4253">
     <span class='ocr_line' id='line_1_104' title="bbox 2340 4174 3904 4253; baseline 0.005 -26"><span class='ocrx_word' id='word_1_780' title='bbox 2340 4174 2503 4244; x_wconf 81' lang='grc' dir='ltr'>Ὁρᾷς</span> <span class='ocrx_word' id='word_1_781' title='bbox 2536 4175 2616 4228; x_wconf 84' lang='grc' dir='ltr'>ὅτι</span> <span class='ocrx_word' id='word_1_782' title='bbox 2654 4174 2860 4229; x_wconf 84' lang='grc' dir='ltr'>ἀνωθεν</span> <span class='ocrx_word' id='word_1_783' title='bbox 2878 4177 2926 4229; x_wconf 90' lang='grc' dir='ltr'>οἰ</span> <span class='ocrx_word' id='word_1_784' title='bbox 2953 4178 3178 4249; x_wconf 73' lang='grc' dir='ltr'>πονηροὶ</span> <span class='ocrx_word' id='word_1_785' title='bbox 3194 4178 3302 4232; x_wconf 90' lang='grc' dir='ltr'>τῶν</span> <span class='ocrx_word' id='word_1_786' title='bbox 3330 4178 3567 4234; x_wconf 84' lang='grc' dir='ltr'>ἐνταῦθα</span> <span class='ocrx_word' id='word_1_787' title='bbox 3595 4182 3904 4253; x_wconf 84' lang='grc' dir='ltr'>ἀπήλαυον·</span> 
     </span>
    </p>
   </div>
   <div class='ocr_carea' id='block_1_105' title="bbox 2327 4258 3908 4336">
    <p class='ocr_par' dir='ltr' id='par_1_105' title="bbox 2327 4258 3908 4336">
     <span class='ocr_line' id='line_1_105' title="bbox 2327 4258 3908 4336; baseline 0.006 -26"><span class='ocrx_word' id='word_1_788' title='bbox 2327 4260 2376 4311; x_wconf 89' lang='grc' dir='ltr'>οἰ</span> <span class='ocrx_word' id='word_1_789' title='bbox 2408 4259 2464 4311; x_wconf 80' lang='grc' dir='ltr'>δέ</span> <span class='ocrx_word' id='word_1_790' title='bbox 2492 4258 2688 4312; x_wconf 88' lang='grc' dir='ltr'>δίκαιοι</span> <span class='ocrx_word' id='word_1_791' title='bbox 2719 4259 3048 4322; x_wconf 84' lang='grc' dir='ltr'>τούναντίον,</span> <span class='ocrx_word' id='word_1_792' title='bbox 3079 4261 3140 4313; x_wconf 87' lang='grc' dir='ltr'>οὐ</span> <span class='ocrx_word' id='word_1_793' title='bbox 3181 4260 3288 4333; x_wconf 72' lang='grc' dir='ltr'>μὴν</span> <span class='ocrx_word' id='word_1_794' title='bbox 3321 4264 3540 4329; x_wconf 81' lang='grc' dir='ltr'>πάντες.</span> <span class='ocrx_word' id='word_1_795' title='bbox 3581 4265 3708 4320; x_wconf 82' lang='grc' dir='ltr'>Ἰδοὺ</span> <span class='ocrx_word' id='word_1_796' title='bbox 3742 4264 3851 4336; x_wconf 89' lang='grc' dir='ltr'>γάρ</span> <span class='ocrx_word' id='word_1_797' title='bbox 3874 4266 3908 4319; x_wconf 89' lang='grc' dir='ltr'>ό</span> 
     </span>
    </p>
   </div>
   <div class='ocr_carea' id='block_1_106' title="bbox 2342 4339 3902 4418">
    <p class='ocr_par' dir='ltr' id='par_1_106' title="bbox 2342 4339 3902 4418">
     <span class='ocr_line' id='line_1_106' title="bbox 2342 4339 3902 4418; baseline 0.006 -23"><span class='ocrx_word' id='word_1_798' title='bbox 2342 4342 2590 4414; x_wconf 78' lang='grc' dir='ltr'>’Δδραάμ</span> <span class='ocrx_word' id='word_1_799' title='bbox 2613 4343 2817 4407; x_wconf 82' lang='grc' dir='ltr'>δίκαιος</span> <span class='ocrx_word' id='word_1_800' title='bbox 2838 4339 2906 4415; x_wconf 81' lang='grc' dir='ltr'>ἦν</span> <span class='ocrx_word' id='word_1_801' title='bbox 2932 4345 3029 4399; x_wconf 71' lang='grc' dir='ltr'>καὶ</span> <span class='ocrx_word' id='word_1_802' title='bbox 3070 4345 3352 4418; x_wconf 82' lang='grc' dir='ltr'>ἀπήλαυσε</span> <span class='ocrx_word' id='word_1_803' title='bbox 3380 4348 3474 4401; x_wconf 78' lang='grc' dir='ltr'>καί</span> <span class='ocrx_word' id='word_1_804' title='bbox 3502 4349 3612 4402; x_wconf 88' lang='grc' dir='ltr'>τῶν</span> <span class='ocrx_word' id='word_1_805' title='bbox 3638 4348 3902 4416; x_wconf 79' lang='grc' dir='ltr'>ἐνταῦθα,</span> 
     </span>
    </p>
   </div>
   <div class='ocr_carea' id='block_1_107' title="bbox 2330 4424 3907 4503">
    <p class='ocr_par' dir='ltr' id='par_1_107' title="bbox 2330 4424 3907 4503">
     <span class='ocr_line' id='line_1_107' title="bbox 2330 4424 3907 4503; baseline 0.006 -24"><span class='ocrx_word' id='word_1_806' title='bbox 2330 4424 2466 4496; x_wconf 82' lang='grc' dir='ltr'>πλὴν</span> <span class='ocrx_word' id='word_1_807' title='bbox 2502 4425 2638 4495; x_wconf 83' lang='grc' dir='ltr'>μετά</span> <span class='ocrx_word' id='word_1_808' title='bbox 2670 4425 2900 4494; x_wconf 88' lang='grc' dir='ltr'>θλίψεως</span> <span class='ocrx_word' id='word_1_809' title='bbox 2923 4426 3017 4480; x_wconf 74' lang='grc' dir='ltr'>καὶ</span> <span class='ocrx_word' id='word_1_810' title='bbox 3041 4430 3361 4499; x_wconf 82' lang='grc' dir='ltr'>πειρασμῶν</span> <span class='ocrx_word' id='word_1_811' title='bbox 3388 4445 3400 4459; x_wconf 75' lang='grc' dir='ltr'>ο</span> <span class='ocrx_word' id='word_1_812' title='bbox 3421 4430 3512 4484; x_wconf 83' lang='grc' dir='ltr'>καὶ</span> <span class='ocrx_word' id='word_1_813' title='bbox 3536 4432 3645 4503; x_wconf 79' lang='grc' dir='ltr'>γάρ</span> <span class='ocrx_word' id='word_1_814' title='bbox 3672 4431 3907 4499; x_wconf 88' lang='grc' dir='ltr'>πλοῦτος</span> 
     </span>
    </p>
   </div>
   <div class='ocr_carea' id='block_1_108' title="bbox 2325 4503 3907 4587">
    <p class='ocr_par' dir='ltr' id='par_1_108' title="bbox 2325 4503 3907 4587">
     <span class='ocr_line' id='line_1_108' title="bbox 2325 4503 3907 4587; baseline 0.008 -29"><span class='ocrx_word' id='word_1_815' title='bbox 2325 4503 2394 4577; x_wconf 79' lang='grc' dir='ltr'>ἦν</span> <span class='ocrx_word' id='word_1_816' title='bbox 2424 4507 2572 4579; x_wconf 86' lang='grc' dir='ltr'>αὐτῷ</span> <span class='ocrx_word' id='word_1_817' title='bbox 2602 4508 2781 4578; x_wconf 90' lang='grc' dir='ltr'>μόνον,</span> <span class='ocrx_word' id='word_1_818' title='bbox 2816 4510 2939 4562; x_wconf 75' lang='grc' dir='ltr'>ἐπεὶ</span> <span class='ocrx_word' id='word_1_819' title='bbox 2983 4509 3051 4563; x_wconf 89' lang='grc' dir='ltr'>τά</span> <span class='ocrx_word' id='word_1_820' title='bbox 3081 4511 3217 4565; x_wconf 87' lang='grc' dir='ltr'>ἀλλα</span> <span class='ocrx_word' id='word_1_821' title='bbox 3251 4514 3431 4568; x_wconf 89' lang='grc' dir='ltr'>πάντα</span> <span class='ocrx_word' id='word_1_822' title='bbox 3462 4512 3693 4585; x_wconf 86' lang='grc' dir='ltr'>θλίψεως</span> <span class='ocrx_word' id='word_1_823' title='bbox 3730 4515 3907 4587; x_wconf 77' lang='grc' dir='ltr'>ἔγεμε</span> 
     </span>
    </p>
   </div>
   <div class='ocr_carea' id='block_1_109' title="bbox 2326 4590 3900 4670">
    <p class='ocr_par' dir='ltr' id='par_1_109' title="bbox 2326 4590 3900 4670">
     <span class='ocr_line' id='line_1_109' title="bbox 2326 4590 3900 4670; baseline 0.004 -28"><span class='ocrx_word' id='word_1_824' title='bbox 2326 4590 2396 4643; x_wconf 76' lang='grc' dir='ltr'>τά</span> <span class='ocrx_word' id='word_1_825' title='bbox 2428 4594 2547 4644; x_wconf 81' lang='grc' dir='ltr'>κατ’</span> <span class='ocrx_word' id='word_1_826' title='bbox 2568 4591 2748 4645; x_wconf 90' lang='grc' dir='ltr'>αὐτόν.</span> <span class='ocrx_word' id='word_1_827' title='bbox 2772 4592 2845 4645; x_wconf 84' lang='grc' dir='ltr'>Οὐ</span> <span class='ocrx_word' id='word_1_828' title='bbox 2868 4592 2978 4664; x_wconf 74' lang='grc' dir='ltr'>γὰρ</span> <span class='ocrx_word' id='word_1_829' title='bbox 3006 4593 3122 4647; x_wconf 74' lang='grc' dir='ltr'>ἔστι</span> <span class='ocrx_word' id='word_1_830' title='bbox 3143 4595 3236 4649; x_wconf 83' lang='grc' dir='ltr'>τὸν</span> <span class='ocrx_word' id='word_1_831' title='bbox 3264 4595 3470 4651; x_wconf 89' lang='grc' dir='ltr'>δίκαιον</span> <span class='ocrx_word' id='word_1_832' title='bbox 3496 4598 3569 4670; x_wconf 77' lang='grc' dir='ltr'>μὴ</span> <span class='ocrx_word' id='word_1_833' title='bbox 3592 4597 3900 4668; x_wconf 72' lang='grc' dir='ltr'>θλίϐεσθαι⁹</span> 
     </span>
    </p>
   </div>
   <div class='ocr_carea' id='block_1_110' title="bbox 2326 4673 3903 4751">
    <p class='ocr_par' dir='ltr' id='par_1_110' title="bbox 2326 4673 3903 4751">
     <span class='ocr_line' id='line_1_110' title="bbox 2326 4673 3903 4751; baseline 0.005 -22"><span class='ocrx_word' id='word_1_834' title='bbox 2326 4673 2429 4729; x_wconf 83' lang='grc' dir='ltr'>κᾶν</span> <span class='ocrx_word' id='word_1_835' title='bbox 2457 4675 2683 4745; x_wconf 80' lang='grc' dir='ltr'>πλουτῇ·</span> <span class='ocrx_word' id='word_1_836' title='bbox 2718 4677 2844 4730; x_wconf 82' lang='grc' dir='ltr'>ὅταν</span> <span class='ocrx_word' id='word_1_837' title='bbox 2872 4676 2982 4747; x_wconf 89' lang='grc' dir='ltr'>γάρ</span> <span class='ocrx_word' id='word_1_838' title='bbox 3005 4676 3260 4751; x_wconf 76' lang='grc' dir='ltr'>βούληται</span> <span class='ocrx_word' id='word_1_839' title='bbox 3283 4682 3750 4749; x_wconf 84' lang='grc' dir='ltr'>πλεονεκτεῖσθαι,</span> <span class='ocrx_word' id='word_1_840' title='bbox 3782 4682 3903 4737; x_wconf 84' lang='grc' dir='ltr'>ἀδι-</span> 
     </span>
    </p>
   </div>
   <div class='ocr_carea' id='block_1_111' title="bbox 2327 4756 3899 4835">
    <p class='ocr_par' dir='ltr' id='par_1_111' title="bbox 2327 4756 3899 4835">
     <span class='ocr_line' id='line_1_111' title="bbox 2327 4756 3899 4835; baseline 0.007 -25"><span class='ocrx_word' id='word_1_841' title='bbox 2327 4758 2561 4821; x_wconf 84' lang='grc' dir='ltr'>κεῖσθαι,</span> <span class='ocrx_word' id='word_1_842' title='bbox 2600 4756 2751 4831; x_wconf 70' lang='lat'>[236]</span> <span class='ocrx_word' id='word_1_843' title='bbox 2787 4758 2855 4812; x_wconf 85' lang='grc' dir='ltr'>τὰ</span> <span class='ocrx_word' id='word_1_844' title='bbox 2888 4758 3024 4813; x_wconf 85' lang='grc' dir='ltr'>ἀλλα</span> <span class='ocrx_word' id='word_1_845' title='bbox 3060 4761 3313 4833; x_wconf 87' lang='grc' dir='ltr'>πάσχειν,</span> <span class='ocrx_word' id='word_1_846' title='bbox 3341 4764 3555 4835; x_wconf 83' lang='grc' dir='ltr'>ἀνάγκη</span> <span class='ocrx_word' id='word_1_847' title='bbox 3588 4764 3899 4821; x_wconf 75' lang='grc' dir='ltr'>θλίϐεσθαι.</span> 
     </span>
    </p>
   </div>
   <div class='ocr_carea' id='block_1_112' title="bbox 2328 4841 3902 4914">
    <p class='ocr_par' dir='ltr' id='par_1_112' title="bbox 2328 4841 3902 4914">
     <span class='ocr_line' id='line_1_112' title="bbox 2328 4841 3902 4914; baseline 0.007 -21"><span class='ocrx_word' id='word_1_848' title='bbox 2328 4842 2489 4894; x_wconf 81' lang='grc' dir='ltr'>Ὥστε</span> <span class='ocrx_word' id='word_1_849' title='bbox 2520 4841 2623 4894; x_wconf 76' lang='grc' dir='ltr'>κᾶν</span> <span class='ocrx_word' id='word_1_850' title='bbox 2671 4841 2918 4913; x_wconf 75' lang='grc' dir='ltr'>ἀπολαύῃ</span> <span class='ocrx_word' id='word_1_851' title='bbox 2962 4842 3057 4895; x_wconf 89' lang='grc' dir='ltr'>τοῦ</span> <span class='ocrx_word' id='word_1_852' title='bbox 3113 4845 3506 4910; x_wconf 85' lang='grc' dir='ltr'>πλούτου,ὀύκ</span> <span class='ocrx_word' id='word_1_853' title='bbox 3551 4847 3790 4914; x_wconf 88' lang='grc' dir='ltr'>ἀλύπως.</span> <span class='ocrx_word' id='word_1_854' title='bbox 3830 4850 3902 4904; x_wconf 85' lang='grc' dir='ltr'>Τί</span> 
     </span>
    </p>
   </div>
   <div class='ocr_carea' id='block_1_113' title="bbox 2322 4922 3899 5004">
    <p class='ocr_par' dir='ltr' id='par_1_113' title="bbox 2322 4922 3899 5004">
     <span class='ocr_line' id='line_1_113' title="bbox 2322 4922 3899 5004; baseline 0.007 -28"><span class='ocrx_word' id='word_1_855' title='bbox 2322 4923 2559 4993; x_wconf 78' lang='grc' dir='ltr'>δήποτες</span> <span class='ocrx_word' id='word_1_856' title='bbox 2591 4923 2715 4977; x_wconf 75' lang='grc' dir='ltr'>Ὀτι</span> <span class='ocrx_word' id='word_1_857' title='bbox 2762 4924 2820 4976; x_wconf 86' lang='grc' dir='ltr'>ἐν</span> <span class='ocrx_word' id='word_1_858' title='bbox 2850 4922 3026 4995; x_wconf 83' lang='grc' dir='ltr'>θλίψει</span> <span class='ocrx_word' id='word_1_859' title='bbox 3080 4926 3201 4981; x_wconf 78' lang='grc' dir='ltr'>ἐστὶ</span> <span class='ocrx_word' id='word_1_860' title='bbox 3233 4930 3329 4983; x_wconf 78' lang='grc' dir='ltr'>καὶ</span> <span class='ocrx_word' id='word_1_861' title='bbox 3370 4930 3555 5004; x_wconf 80' lang='grc' dir='ltr'>ὀδύνῃ.</span> <span class='ocrx_word' id='word_1_862' title='bbox 3588 4932 3654 4987; x_wconf 87' lang='grc' dir='ltr'>Εἰ</span> <span class='ocrx_word' id='word_1_863' title='bbox 3686 4932 3745 4986; x_wconf 74' lang='grc' dir='ltr'>δέ</span> <span class='ocrx_word' id='word_1_864' title='bbox 3770 4933 3899 4987; x_wconf 88' lang='grc' dir='ltr'>τότε</span> 
     </span>
    </p>
   </div>
   <div class='ocr_carea' id='block_1_114' title="bbox 2324 5006 3901 5083">
    <p class='ocr_par' dir='ltr' id='par_1_114' title="bbox 2324 5006 3901 5083">
     <span class='ocr_line' id='line_1_114' title="bbox 2324 5006 3901 5083; baseline 0.009 -24"><span class='ocrx_word' id='word_1_865' title='bbox 2324 5008 2382 5062; x_wconf 79' lang='grc' dir='ltr'>ἐν</span> <span class='ocrx_word' id='word_1_866' title='bbox 2431 5006 2608 5077; x_wconf 81' lang='grc' dir='ltr'>θλίψει</span> <span class='ocrx_word' id='word_1_867' title='bbox 2661 5009 2711 5061; x_wconf 89' lang='grc' dir='ltr'>οἰ</span> <span class='ocrx_word' id='word_1_868' title='bbox 2761 5007 2982 5076; x_wconf 88' lang='grc' dir='ltr'>δίκαιοι,</span> <span class='ocrx_word' id='word_1_869' title='bbox 3036 5010 3218 5082; x_wconf 84' lang='grc' dir='ltr'>πολλῷ</span> <span class='ocrx_word' id='word_1_870' title='bbox 3252 5014 3455 5083; x_wconf 77' lang='grc' dir='ltr'>μᾶλλον</span> <span class='ocrx_word' id='word_1_871' title='bbox 3512 5014 3627 5070; x_wconf 88' lang='grc' dir='ltr'>νῦν.</span> <span class='ocrx_word' id='word_1_872' title='bbox 3687 5017 3901 5073; x_wconf 77' lang='grc' dir='ltr'>Πίστει</span> 
     </span>
    </p>
   </div>
   <div class='ocr_carea' id='block_1_115' title="bbox 2322 5090 3902 5167">
    <p class='ocr_par' dir='ltr' id='par_1_115' title="bbox 2322 5090 3902 5167">
     <span class='ocr_line' id='line_1_115' title="bbox 2322 5090 3902 5167; baseline 0.008 -22"><span class='ocrx_word' id='word_1_873' title='bbox 2322 5090 2455 5161; x_wconf 76' lang='grc' dir='ltr'>περί</span> <span class='ocrx_word' id='word_1_874' title='bbox 2484 5092 2848 5158; x_wconf 67' lang='grc' dir='ltr'>μελλόντων,</span> <span class='ocrx_word' id='word_1_875' title='bbox 2906 5093 3073 5163; x_wconf 80' lang='grc' dir='ltr'>φησὶν</span> <span class='ocrx_word' id='word_1_876' title='bbox 3090 5134 3106 5159; x_wconf 88' lang='grc'>,</span> <span class='ocrx_word' id='word_1_877' title='bbox 3144 5097 3483 5167; x_wconf 72' lang='grc' dir='ltr'>εὐλόγησεν</span> <span class='ocrx_word' id='word_1_878' title='bbox 3526 5100 3731 5155; x_wconf 82' lang='grc' dir='ltr'>Ἰσαὰκ</span> <span class='ocrx_word' id='word_1_879' title='bbox 3781 5103 3902 5157; x_wconf 81' lang='grc' dir='ltr'>τόν</span> 
     </span>
    </p>
   </div>
   <div class='ocr_carea' id='block_1_116' title="bbox 2336 5173 3904 5255">
    <p class='ocr_par' dir='ltr' id='par_1_116' title="bbox 2336 5173 3904 5255">
     <span class='ocr_line' id='line_1_116' title="bbox 2336 5173 3904 5255; baseline 0.006 -26"><span class='ocrx_word' id='word_1_880' title='bbox 2336 5173 2547 5229; x_wconf 81' lang='grc' dir='ltr'>Ἰακὼό</span> <span class='ocrx_word' id='word_1_881' title='bbox 2589 5174 2688 5229; x_wconf 80' lang='grc' dir='ltr'>καί</span> <span class='ocrx_word' id='word_1_882' title='bbox 2737 5173 2845 5229; x_wconf 86' lang='grc' dir='ltr'>τόν</span> <span class='ocrx_word' id='word_1_883' title='bbox 2886 5175 3090 5234; x_wconf 82' lang='grc' dir='ltr'>Ἠσαῦ.</span> <span class='ocrx_word' id='word_1_884' title='bbox 3126 5179 3317 5233; x_wconf 81' lang='grc' dir='ltr'>Καίτοι</span> <span class='ocrx_word' id='word_1_885' title='bbox 3362 5198 3427 5250; x_wconf 89' lang='grc' dir='ltr'>γε</span> <span class='ocrx_word' id='word_1_886' title='bbox 3484 5182 3689 5254; x_wconf 74' lang='grc' dir='ltr'>μείζων</span> <span class='ocrx_word' id='word_1_887' title='bbox 3745 5179 3818 5255; x_wconf 77' lang='grc' dir='ltr'>ἢν</span> <span class='ocrx_word' id='word_1_888' title='bbox 3870 5188 3904 5240; x_wconf 85' lang='lat'>6</span> 
     </span>
    </p>
   </div>
   <div class='ocr_carea' id='block_1_117' title="bbox 2335 5256 3899 5337">
    <p class='ocr_par' dir='ltr' id='par_1_117' title="bbox 2335 5256 3899 5337">
     <span class='ocr_line' id='line_1_117' title="bbox 2335 5256 3899 5337; baseline 0.008 -28"><span class='ocrx_word' id='word_1_889' title='bbox 2335 5256 2504 5310; x_wconf 80' lang='grc' dir='ltr'>Ἡσαῦ</span> <span class='ocrx_word' id='word_1_890' title='bbox 2526 5272 2559 5336; x_wconf 36' lang='grc' dir='ltr'><strong><em>ὀ</em></strong></span> <span class='ocrx_word' id='word_1_891' title='bbox 2576 5256 2714 5337; x_wconf 70' lang='grc' dir='ltr'>ἀλλά</span> <span class='ocrx_word' id='word_1_892' title='bbox 2740 5258 3058 5331; x_wconf 80' lang='grc' dir='ltr'>προτίθησιν</span> <span class='ocrx_word' id='word_1_893' title='bbox 3084 5260 3193 5314; x_wconf 76' lang='grc' dir='ltr'>ἀπὸ</span> <span class='ocrx_word' id='word_1_894' title='bbox 3214 5263 3313 5333; x_wconf 87' lang='grc' dir='ltr'>τῆς</span> <span class='ocrx_word' id='word_1_895' title='bbox 3341 5264 3540 5337; x_wconf 76' lang='grc' dir='ltr'>ἀρετῆς</span> <span class='ocrx_word' id='word_1_896' title='bbox 3557 5266 3646 5319; x_wconf 78' lang='grc' dir='ltr'>τὸν</span> <span class='ocrx_word' id='word_1_897' title='bbox 3671 5265 3899 5324; x_wconf 71' lang='grc' dir='ltr'>Ἰακώϐ.</span> 
     </span>
    </p>
   </div>
   <div class='ocr_carea' id='block_1_118' title="bbox 2333 5335 3903 5417">
    <p class='ocr_par' dir='ltr' id='par_1_118' title="bbox 2333 5335 3903 5417">
     <span class='ocr_line' id='line_1_118' title="bbox 2333 5335 3903 5417; baseline 0.008 -26"><span class='ocrx_word' id='word_1_898' title='bbox 2333 5338 2497 5411; x_wconf 74' lang='grc' dir='ltr'>Ὁρᾷς</span> <span class='ocrx_word' id='word_1_899' title='bbox 2518 5335 2599 5394; x_wconf 80' lang='grc' dir='ltr'>ὅτι</span> <span class='ocrx_word' id='word_1_900' title='bbox 2621 5335 2690 5411; x_wconf 78' lang='grc' dir='ltr'>ἦν</span> <span class='ocrx_word' id='word_1_901' title='bbox 2720 5341 2754 5409; x_wconf 78' lang='grc' dir='ltr'><strong>ἡ</strong></span> <span class='ocrx_word' id='word_1_902' title='bbox 2792 5340 3008 5407; x_wconf 83' lang='grc' dir='ltr'>πίστις;</span> <span class='ocrx_word' id='word_1_903' title='bbox 3039 5342 3213 5397; x_wconf 91' lang='grc' dir='ltr'>Πόθεν</span> <span class='ocrx_word' id='word_1_904' title='bbox 3246 5346 3356 5414; x_wconf 81' lang='grc' dir='ltr'>γὰρ</span> <span class='ocrx_word' id='word_1_905' title='bbox 3388 5335 3753 5417; x_wconf 79' lang='grc' dir='ltr'>ἐπηγγείλατο</span> <span class='ocrx_word' id='word_1_906' title='bbox 3778 5352 3903 5415; x_wconf 87' lang='grc' dir='ltr'>τοῖς</span> 
     </span>
    </p>
   </div>
   <div class='ocr_carea' id='block_1_119' title="bbox 2324 5422 3898 5505">
    <p class='ocr_par' dir='ltr' id='par_1_119' title="bbox 2324 5422 3898 5505">
     <span class='ocr_line' id='line_1_119' title="bbox 2324 5422 3898 5505; baseline 0.007 -29"><span class='ocrx_word' id='word_1_907' title='bbox 2324 5424 2459 5487; x_wconf 89' lang='grc' dir='ltr'>υἰοῖς</span> <span class='ocrx_word' id='word_1_908' title='bbox 2506 5422 2576 5477; x_wconf 90' lang='grc' dir='ltr'>τά</span> <span class='ocrx_word' id='word_1_909' title='bbox 2630 5423 2870 5478; x_wconf 83' lang='grc' dir='ltr'>τοσαῦτα</span> <span class='ocrx_word' id='word_1_910' title='bbox 2894 5424 3093 5492; x_wconf 81' lang='grc' dir='ltr'>ἀγαθά,</span> <span class='ocrx_word' id='word_1_911' title='bbox 3143 5426 3175 5497; x_wconf 83' lang='grc' dir='ltr'>ἢ</span> <span class='ocrx_word' id='word_1_912' title='bbox 3226 5428 3335 5483; x_wconf 80' lang='grc' dir='ltr'>ἀπὸ</span> <span class='ocrx_word' id='word_1_913' title='bbox 3363 5430 3457 5485; x_wconf 89' lang='grc' dir='ltr'>τοῦ</span> <span class='ocrx_word' id='word_1_914' title='bbox 3506 5430 3779 5486; x_wconf 86' lang='grc' dir='ltr'>πιστεύειν</span> <span class='ocrx_word' id='word_1_915' title='bbox 3808 5434 3898 5505; x_wconf 80' lang='grc' dir='ltr'>τῷ</span> 
     </span>
    </p>
   </div>
   <div class='ocr_carea' id='block_1_120' title="bbox 2323 5505 3901 5580">
    <p class='ocr_par' dir='ltr' id='par_1_120' title="bbox 2323 5505 3901 5580">
     <span class='ocr_line' id='line_1_120' title="bbox 2323 5505 3901 5580; baseline 0.008 -21"><span class='ocrx_word' id='word_1_916' title='bbox 2323 5505 2441 5577; x_wconf 86' lang='grc' dir='ltr'>Θεῷ</span> <span class='ocrx_word' id='word_1_917' title='bbox 2465 5507 2714 5574; x_wconf 73' lang='grc' dir='ltr'>πάντωςς</span> <span class='ocrx_word' id='word_1_918' title='bbox 2744 5508 2951 5563; x_wconf 84' lang='grc' dir='ltr'>Πίστει</span> <span class='ocrx_word' id='word_1_919' title='bbox 2981 5509 3191 5565; x_wconf 77' lang='grc' dir='ltr'>Ἰακὼό</span> <span class='ocrx_word' id='word_1_920' title='bbox 3211 5513 3616 5580; x_wconf 75' lang='grc' dir='ltr'>ἀποθνήσκων</span> <span class='ocrx_word' id='word_1_921' title='bbox 3627 5514 3901 5573; x_wconf 75' lang='grc' dir='ltr'>ἕκαστον</span> 
     </span>
    </p>
   </div>
   <div class='ocr_carea' id='block_1_121' title="bbox 662 5582 3899 5670">
    <p class='ocr_par' dir='ltr' id='par_1_121' title="bbox 662 5582 3899 5670">
     <span class='ocr_line' id='line_1_121' title="bbox 662 5582 3899 5670; baseline 0.006 -34"><span class='ocrx_word' id='word_1_922' title='bbox 662 5584 822 5649; x_wconf 70' lang='grc' dir='ltr'>αὐτὸς</span> <span class='ocrx_word' id='word_1_923' title='bbox 840 5586 897 5639; x_wconf 77' lang='grc' dir='ltr'>δέ</span> <span class='ocrx_word' id='word_1_924' title='bbox 933 5584 1041 5637; x_wconf 87' lang='grc' dir='ltr'>τῶν</span> <span class='ocrx_word' id='word_1_925' title='bbox 1070 5582 1372 5654; x_wconf 87' lang='grc' dir='ltr'>μελλόντων</span> <span class='ocrx_word' id='word_1_926' title='bbox 1400 5584 1618 5657; x_wconf 73' lang='grc' dir='ltr'>ἔτυχενς</span> <span class='ocrx_word' id='word_1_927' title='bbox 1650 5589 1975 5661; x_wconf 86' lang='grc' dir='ltr'>εὑρίσκομεν</span> <span class='ocrx_word' id='word_1_928' title='bbox 2000 5591 2109 5663; x_wconf 86' lang='grc' dir='ltr'>γὰρ</span> <span class='ocrx_word' id='word_1_929' title='bbox 2131 5593 2222 5646; x_wconf 82' lang='grc' dir='ltr'>τὸν</span> <span class='ocrx_word' id='word_1_930' title='bbox 2320 5591 2440 5644; x_wconf 87' lang='grc' dir='ltr'>τῶν</span> <span class='ocrx_word' id='word_1_931' title='bbox 2468 5588 2614 5643; x_wconf 83' lang='grc' dir='ltr'>υίῶν</span> <span class='ocrx_word' id='word_1_932' title='bbox 2651 5590 2873 5661; x_wconf 75' lang='grc' dir='ltr'>Ἰωσὴφ</span> <span class='ocrx_word' id='word_1_933' title='bbox 2891 5593 3251 5663; x_wconf 72' lang='grc' dir='ltr'>εὐλόγησεν.</span> <span class='ocrx_word' id='word_1_934' title='bbox 3290 5584 3556 5652; x_wconf 72' lang='grc' dir='ltr'>Ἐνταῦθα</span> <span class='ocrx_word' id='word_1_935' title='bbox 3584 5599 3690 5670; x_wconf 79' lang='grc' dir='ltr'>χρὴ</span> <span class='ocrx_word' id='word_1_936' title='bbox 3718 5598 3899 5656; x_wconf 86' lang='grc' dir='ltr'>θεῖναι</span> 
     </span>
    </p>
   </div>
   <div class='ocr_carea' id='block_1_122' title="bbox 661 5772 2221 5891">
    <p class='ocr_par' dir='ltr' id='par_1_122' title="bbox 661 5772 2221 5891">
     <span class='ocr_line' id='line_1_122' title="bbox 661 5772 2221 5891; baseline 0.011 -70"><span class='ocrx_word' id='word_1_937' title='bbox 661 5772 838 5891; x_wconf 34' lang='lat' dir='ltr'>agile</span> <span class='ocrx_word' id='word_1_938' title='bbox 857 5774 1017 5837; x_wconf 80' lang='lat' dir='ltr'>Colb.,</span> <span class='ocrx_word' id='word_1_939' title='bbox 1055 5783 1204 5839; x_wconf 73' lang='lat' dir='ltr'>atque</span> <span class='ocrx_word' id='word_1_940' title='bbox 1258 5779 1328 5829; x_wconf 72' lang='lat' dir='ltr'>ita</span> <span class='ocrx_word' id='word_1_941' title='bbox 1384 5779 1508 5841; x_wconf 71' lang='lat' dir='ltr'><strong>legit</strong></span> <span class='ocrx_word' id='word_1_942' title='bbox 1554 5779 1656 5832; x_wconf 76' lang='lat' dir='ltr'>Lat.</span> <span class='ocrx_word' id='word_1_943' title='bbox 1686 5782 1951 5849; x_wconf 78' lang='lat' dir='ltr'>lntcrprcs.</span> <span class='ocrx_word' id='word_1_944' title='bbox 2008 5784 2221 5838; x_wconf 69' lang='lat' dir='ltr'>Savilius</span> 
     </span>
    </p>
   </div>
   <div class='ocr_carea' id='block_1_123' title="bbox 2328 5672 3899 5753">
    <p class='ocr_par' dir='ltr' id='par_1_123' title="bbox 2328 5672 3899 5753">
     <span class='ocr_line' id='line_1_123' title="bbox 2328 5672 3899 5753; baseline 0.01 -27"><span class='ocrx_word' id='word_1_945' title='bbox 2328 5673 2426 5736; x_wconf 76' lang='grc' dir='ltr'>τὰς</span> <span class='ocrx_word' id='word_1_946' title='bbox 2442 5672 2692 5742; x_wconf 84' lang='grc' dir='ltr'>εὐλογίας</span> <span class='ocrx_word' id='word_1_947' title='bbox 2714 5673 2861 5740; x_wconf 83' lang='grc' dir='ltr'>ὅλας,</span> <span class='ocrx_word' id='word_1_948' title='bbox 2889 5675 2975 5729; x_wconf 80' lang='grc' dir='ltr'>ἵνα</span> <span class='ocrx_word' id='word_1_949' title='bbox 3008 5678 3103 5731; x_wconf 75' lang='grc' dir='ltr'>καὶ</span> <span class='ocrx_word' id='word_1_950' title='bbox 3130 5682 3161 5748; x_wconf 83' lang='grc' dir='ltr'><strong>ὴ</strong></span> <span class='ocrx_word' id='word_1_951' title='bbox 3186 5680 3364 5744; x_wconf 86' lang='grc' dir='ltr'>πίστις</span> <span class='ocrx_word' id='word_1_952' title='bbox 3403 5683 3499 5735; x_wconf 73' lang='grc' dir='ltr'>καὶ</span> <span class='ocrx_word' id='word_1_953' title='bbox 3527 5684 3560 5752; x_wconf 80' lang='grc' dir='ltr'>ἡ</span> <span class='ocrx_word' id='word_1_954' title='bbox 3585 5685 3899 5753; x_wconf 78' lang='grc' dir='ltr'>προφητεία</span> 
     </span>
    </p>
   </div>
   <div class='ocr_carea' id='block_1_124' title="bbox 2328 5756 3901 5838">
    <p class='ocr_par' dir='ltr' id='par_1_124' title="bbox 2328 5756 3901 5838">
     <span class='ocr_line' id='line_1_124' title="bbox 2328 5756 3901 5838; baseline 0.006 -28"><span class='ocrx_word' id='word_1_955' title='bbox 2328 5756 2495 5810; x_wconf 75' lang='grc' dir='ltr'>αὐτοῦ</span> <span class='ocrx_word' id='word_1_956' title='bbox 2552 5758 2850 5828; x_wconf 87' lang='grc' dir='ltr'>κατάδηλος</span> <span class='ocrx_word' id='word_1_957' title='bbox 2889 5760 3133 5832; x_wconf 81' lang='grc' dir='ltr'>γένηται.</span> <span class='ocrx_word' id='word_1_958' title='bbox 3163 5763 3275 5818; x_wconf 82' lang='grc' dir='ltr'>Καί</span> <span class='ocrx_word' id='word_1_959' title='bbox 3299 5766 3743 5834; x_wconf 70' lang='grc' dir='ltr'>προσεκύνησε,</span> <span class='ocrx_word' id='word_1_960' title='bbox 3787 5784 3901 5838; x_wconf 79' lang='grc' dir='ltr'>φη·</span> 
     </span>
    </p>
   </div>
   <div class='ocr_carea' id='block_1_125' title="bbox 2332 5840 3895 5915">
    <p class='ocr_par' dir='ltr' id='par_1_125' title="bbox 2332 5840 3895 5915">
     <span class='ocr_line' id='line_1_125' title="bbox 2332 5840 3895 5915; baseline 0.009 -21"><span class='ocrx_word' id='word_1_961' title='bbox 2332 5840 2436 5908; x_wconf 76' lang='grc' dir='ltr'>σίν,</span> <span class='ocrx_word' id='word_1_962' title='bbox 2466 5840 2562 5896; x_wconf 77' lang='grc' dir='ltr'>ἐπὶ</span> <span class='ocrx_word' id='word_1_963' title='bbox 2619 5841 2680 5897; x_wconf 85' lang='grc' dir='ltr'>τὸ</span> <span class='ocrx_word' id='word_1_964' title='bbox 2711 5841 2895 5913; x_wconf 77' lang='grc' dir='ltr'>ἄκρον</span> <span class='ocrx_word' id='word_1_965' title='bbox 2934 5843 3041 5913; x_wconf 79' lang='grc' dir='ltr'>τῆς</span> <span class='ocrx_word' id='word_1_966' title='bbox 3073 5846 3298 5915; x_wconf 70' lang='grc' dir='ltr'>ῥάϐδου</span> <span class='ocrx_word' id='word_1_967' title='bbox 3352 5850 3559 5906; x_wconf 77' lang='grc' dir='ltr'>αὐτοῦ.</span> <span class='ocrx_word' id='word_1_968' title='bbox 3632 5850 3895 5908; x_wconf 72' lang='grc' dir='ltr'>Ἐνταῦθα</span> 
     </span>
    </p>
   </div>
  </div>
