4122 6338
196 368 287 422 ΓΠ

191 470 422 524 ditantur
457 460 686 525 alienis,
733 471 801 512 ne
853 454 1093 509 volentes
1145 447 1360 521 quidem
1432 446 1578 500 sinit.
1653 441 1786 498 Nam

193 561 259 614 ait
312 558 420 627 (a),
489 553 552 610 Si
613 553 657 606 is
687 549 774 619 qui
821 551 978 616 frater
1025 542 1318 598 nominatur
1370 540 1502 592 inter
1550 551 1672 601 vos,
1712 537 1790 627 est

201 625 517 723 fornicator;
537 645 756 699 fratrem
788 639 873 693 hic
902 637 1087 692 dicens
1117 631 1358 689 absolute
1381 627 1626 723 quemvis
1655 625 1784 723 fide.-

195 718 315 802 lem.
344 754 456 794 non
485 751 612 793 eum
636 735 723 804 qui
751 739 835 787 est
866 728 1182 784 monaclms.
1209 723 1342 779 Nam
1369 721 1495 793 quid
1534 728 1617 774 est
1641 718 1785 789 quod

195 831 319 888 fat-it
347 823 786 885 fraternitatem?
817 823 1088 876 lavacrum
1120 813 1547 888 regenerationis
1571 853 1586 877 ,
1625 824 1788 881 posse

198 927 359 980 Deum
415 923 633 977 Patrem
688 929 899 971 vocare.
955 910 1316 980 Quamobrem
1367 905 1788 962 catechumenos

195 1013 402 1073 etiamsi
429 1013 505 1068 sit
535 1006 846 1071 monachus,
888 1018 994 1058 non
1019 1011 1103 1057 est
1127 1000 1293 1054 frater
1326 1017 1338 1052 :
1374 996 1549 1052 fidelis
1582 1004 1785 1059 autem,

195 1109 400 1166 etiamsi
431 1104 738 1160 mundanus
769 1099 881 1164 sit,
912 1112 1006 1152 seu
1035 1093 1335 1159 stecularis,
1368 1101 1450 1148 est
1495 1090 1681 1145 frater.
1725 1088 1788 1144 Si

195 1204 322 1274 quis,
349 1199 548 1270 inquit,
570 1197 726 1266 frater
748 1193 1041 1247 nominatur
1065 1188 1143 1259 (1.
1175 1186 1295 1242 Cor.
1315 1188 1369 1242 5.
1394 1186 1509 1254 11).
1533 1183 1664 1240 Nam
1689 1196 1787 1237 nec

197 1292 359 1346 ullum
379 1288 602 1360 quidem
628 1296 752 1341 tunc
773 1289 892 1339 erat
917 1278 1166 1335 monachi
1192 1277 1496 1348 vestigium,
1520 1275 1613 1331 sed
1633 1289 1790 1328 mun-

194 1373 344 1429 danis
373 1389 473 1429 seu
502 1373 851 1429 szecularibus
879 1373 992 1426 btec
1017 1371 1198 1425 omnia
1222 1371 1436 1426 dicebat
1464 1371 1549 1424 hic
1578 1370 1788 1425 beatus.

196 1465 256 1521 Si
270 1468 334 1530 is,
379 1465 578 1536 inquit,
605 1466 695 1535 qui
733 1469 890 1530 frater
914 1465 1199 1518 nominetur
1219 1505 1234 1528 ,
1270 1464 1333 1516 sit
1363 1464 1672 1533 fornicator,
1702 1471 1793 1516 aut

192 1573 393 1623 auarus,
425 1567 517 1610 aut
547 1556 790 1622 ebriosus,
810 1571 926 1608 cum
944 1555 1239 1625 Itujusmodi
1261 1571 1350 1608 nec
1374 1553 1540 1607 cibum
1566 1569 1788 1608 sumere.

193 1646 293 1703 Sed
334 1662 442 1702 non
485 1634 555 1702 ita
587 1648 697 1718 agit
737 1661 860 1702 cum
890 1645 1179 1716 gentilibus
1203 1687 1218 1712 ,
1267 1644 1361 1700 sed
1391 1644 1555 1715 quid?
1586 1645 1648 1700 Si
1675 1646 1790 1716 quis

193 1747 331 1792 vocat
354 1754 446 1793 vos
473 1737 781 1807 infidelium,
813 1746 860 1792 et
887 1737 1038 1791 uultis
1068 1737 1162 1800 ire,
1191 1753 1340 1792 autne
1367 1737 1503 1807 quod
1529 1737 1668 1792 vobis
1689 1753 1786 1806 ap-

193 1830 398 1898 ponitur
423 1829 671 1883 comedite
690 1829 768 1900 (f.
811 1827 932 1887 Cor.
966 1828 1054 1883 10.
1078 1827 1193 1898 97).
1244 1827 1305 1884 Si
1345 1829 1457 1898 quis
1483 1839 1673 1899 autem,
1702 1828 1789 1884 in-

195 1921 322 1991 quit,
352 1920 517 1992 fratér
545 1923 853 1988 nominatur,
887 1930 934 1976 et
962 1922 1026 1976 sit
1055 1920 1300 1976 ebriosus.

259 2015 318 2069 4.
351 2013 516 2085 Papae
565 2029 724 2085 quam
768 2023 958 2070 exacte
988 2015 1221 2086 loquitur
1247 2025 1302 2070 et
1344 2019 1631 2071 accurate!
1687 2029 1786 2072 nos

196 2115 368 2161 autem
415 2120 526 2160 non
565 2106 737 2160 solum
776 2121 884 2160 non
928 2105 1159 2176 fugimus
1184 2106 1449 2172 ebriosos,
1497 2106 1591 2162 sed
1627 2107 1788 2161 etiam

196 2211 288 2252 eos
320 2196 538 2252 adimus
558 2237 572 2259 ,
605 2212 788 2251 eorum
819 2211 937 2266 qum
981 2196 1051 2250 ab
1100 2197 1233 2266 ipsis
1269 2207 1606 2266 apponuntur
1628 2195 1792 2253 futuri

197 2288 510 2358 participes.
542 2286 834 2356 Propterea
862 2288 1040 2342 omnia
1063 2301 1265 2358 susque
1297 2288 1470 2358 deque
1493 2285 1633 2342 sunt
1676 2289 1792 2359 agi-

200 2389 325 2446 tata,
353 2379 539 2434 omnia
571 2389 698 2433 sunt
727 2378 969 2443 confusa,
1004 2393 1192 2434 eversa
1219 2388 1275 2433 et
1301 2381 1530 2449 perdita.
1553 2378 1686 2434 Nam
1707 2379 1795 2434 die

198 2469 356 2536 mihi,
394 2471 440 2525 si
473 2470 596 2540 quis
627 2484 816 2526 eorum
857 2470 948 2540 qui
989 2480 1115 2525 sunt
1140 2471 1452 2542 hujusmodi
1480 2481 1531 2527 te
1560 2471 1795 2526 invitarit

199 2561 261 2617 ad
291 2563 625 2628 convivium,
668 2570 722 2618 te
748 2562 836 2634 qui
869 2563 1194 2617 existimaris
1235 2579 1438 2634 pauper
1468 2565 1698 2636 vilisque
1741 2576 1796 2620 et

202 2651 442 2722 abiectus
467 2694 481 2716 ,
515 2652 713 2707 deinde
738 2667 768 2706 a
804 2664 856 2708 te
882 2645 1155 2712 audierit:
1185 2653 1448 2722 Quoniam
1478 2670 1596 2726 qua:
1625 2671 1798 2726 appo-

200 2753 397 2798 nuntur
428 2753 581 2815 parta
600 2755 725 2798 sunt
755 2759 818 2798 ex
844 2746 1086 2803 avaritia.
1117 2760 1223 2799 non
1265 2748 1435 2816 patiar
1464 2764 1636 2804 meam
1675 2749 1795 2819 pol-

201 2834 346 2890 luere
371 2835 605 2888 animam
635 2852 648 2890 :
677 2850 858 2889 annon
884 2834 1044 2890 fuerit
1071 2836 1349 2903 reveritus,
1384 2855 1560 2892 annon
1589 2839 1793 2909 pudore

203 2927 469 2984 affectus?
503 2927 615 2984 Hoc
659 2928 828 2984 solum
869 2929 1139 2985 sufficeret
1189 2930 1256 2986 ad
1301 2932 1695 3000 corrigendum.
1742 2944 1796 2987 et

204 3018 548 3074 efficiendum
578 3028 633 3072 ut
659 3033 718 3073 se
750 3019 966 3087 quidem
1004 3021 1258 3075 miserum
1305 3022 1525 3077 duceret
1569 3034 1788 3094 praptcr

251 3107 324 3171 (α)
347 3107 443 3158 Hic
467 3108 632 3170 incipit
652 3107 850 3159 homilia
873 3110 1109 3172 vigesima
1132 3116 1296 3176 quinta
1322 3117 1369 3164 in
1393 3115 1529 3167 Colb.

968 355 1032 412 IN
1072 355 1287 418 EPIST,
1331 354 1422 411 AD
1461 333 1828 408 "EBBEOS.
1869 340 2022 397 CAP.
2065 342 2152 398 XI.
2225 341 2461 398 liOMIL.
2511 337 2705 394 XXVI.

3392 333 3497 390 178

1891 439 2129 498 divitias.
2159 448 2210 495 te
2233 447 2413 493 autem
2448 434 2811 490 admiraretur
2845 443 3066 505 propter
3096 442 3492 503 paupertatem,

1892 536 1937 591 si
1967 547 2026 589 se
2054 531 2259 587 videret
2304 545 2335 584 a
2377 541 2429 585 te
2460 538 2605 584 tanto
2635 528 2815 584 studio
2840 526 3067 599 despici.
3094 526 3201 583 Sed
3231 526 3356 581 facti
3395 542 3490 581 su-

1895 642 2032 693 mus,
2068 624 2250 680 nescio
2277 621 2438 690 unde,
2467 622 2614 676 servi
2662 621 2963 687 hominum,
2995 635 3118 677 cum
3147 619 3344 677 Paulus
3369 633 3484 674 stis-

1894 733 1999 791 que
2027 717 2199 787 deque
2223 716 2418 770 clamet
2449 732 2463 770 :
2491 713 2668 768 Nolite
2691 712 2802 783 fieri
2827 712 2959 766 senii
2983 711 3245 766 hominum
3271 710 3348 779 (1.
3371 709 3503 793 Cor.

1896 815 1950 868 7.
1979 810 2098 878 25).
2133 807 2286 865 Unde
2316 805 2442 862 facti
2478 821 2668 862 sumus
2692 806 2833 862 servi
2866 805 3145 861 hominum
3164 805 3188 858 τ
3210 804 3344 873 Quia
3373 802 3505 859 facti

1899 915 2085 960 sumus
2111 901 2252 955 servi
2285 899 2487 953 ventris
2513 907 2568 953 et
2595 899 2838 968 pecuniae
2860 892 2918 952 et
2943 896 3132 966 glorias
3169 908 3224 952 et
3266 895 3506 951 aliorum

1901 999 2143 1055 omnium
2186 994 2566 1067 :prodidi-nus
2616 988 2922 1050 libertatem
2970 1007 3074 1070 qua
3127 1007 3228 1046 nos
3287 991 3508 1046 donavit

1904 1089 2173 1146 Christus.
2199 1086 2335 1154 Quid
2364 1099 2494 1156 ergo
2510 1094 2695 1140 manet
2714 1099 2839 1138 eum
2859 1083 2950 1152 qui
2979 1084 3153 1138 factus
3178 1091 3262 1138 est
3288 1096 3502 1146 servus,

1908 1180 1996 1236 dic
2021 1179 2192 1235 mihi?
2219 1177 2359 1232 Audi
2390 1175 2663 1232 Christum
2696 1175 2966 1230 dicentem
3000 1191 3014 1229 :
3050 1173 3242 1229 Seruus
3264 1189 3367 1227 non
3397 1189 3514 1225 ina»

1905 1283 1988 1327 net
2016 1272 2071 1325 in
2095 1270 2246 1324 domo
2276 1270 2327 1322 in
2356 1279 2600 1323 teternum
2655 1265 2836 1339 (Joan.
2860 1267 2914 1321 8.
2943 1264 3059 1338 35).
3094 1265 3273 1320 Habes
3294 1265 3512 1318 absolu-

1907 1374 2014 1418 tam
2062 1362 2408 1425 sententiam,
2452 1359 2596 1430 quod
2644 1375 2937 1430 numquam
2969 1359 3024 1413 in
3065 1373 3290 1428 regnum
3335 1357 3515 1427 ingre-

1905 1455 2051 1510 ditur
2087 1470 2100 1505 :
2141 1453 2244 1507 hoc
2294 1451 2439 1507 enim
2471 1451 2797 1506 estdomus.
2833 1451 2966 1506 Nam
2997 1449 3066 1504 In
3098 1451 3272 1516 domo,
3307 1451 3510 1520 inqu’t,

1908 1545 2083 1601 Patris
2112 1546 2210 1600 mei
2256 1544 2546 1598 mansiones
2572 1545 2747 1598 multa!
2773 1553 2892 1599 sunt
2926 1542 3229 1616 “eam”.
3261 1542 3340 1616 ἓ).
3377 1543 3514 1600 Scr-

1913 1652 2014 1693 vus
2044 1651 2172 1707 ergo
2201 1651 2308 1690 non
2351 1645 2532 1690 manet
2563 1636 2616 1688 in
2657 1635 2818 1689 domo
2865 1634 2918 1689 in
2964 1644 3225 1690 mlernum
3255 1653 3268 1690 :
3294 1651 3519 1691 servum‘

1908 1730 2038 1786 dicit
2065 1729 2266 1799 peccati
2297 1745 2310 1783 :
2340 1727 2430 1798 qui
2451 1737 2630 1783 autem
2655 1728 2708 1782 in
2732 1727 2903 1783 domo
2928 1741 3034 1782 non
3057 1736 3238 1783 manet
3269 1729 3322 1783 in
3348 1738 3512 1784 teter-

1910 1838 2061 1888 num,
2096 1823 2146 1877 in
2172 1821 2416 1893 gehenna
2446 1831 2624 1874 manet
2653 1820 2704 1874 in
2754 1828 3036 1884 aeternum,
3061 1819 3263 1874 nullam
3309 1820 3521 1878 habens

1911 1915 2356 1971 consolationem.
2376 1911 2480 1968 Sed
2497 1913 2640 1966 enim
2663 1927 2750 1966 res
2770 1912 2835 1964 ad
2858 1927 2974 1964 eam
3000 1910 3275 1967 redierunt
3299 1913 3509 1984 impro-

1910 2003 2132 2060 bitatem
2160 2014 2215 2059 et
2245 2005 2459 2073 vitium,
2489 2015 2546 2062 ut
2590 2007 2753 2062 etiam
2784 2022 2850 2063 es
2883 2008 3015 2077 ipsis
3041 2009 3239 2065 faciant
3267 2009 3515 2065 eleemo-

1908 2109 2088 2166 synas,
2131 2106 2184 2150 et
2234 2097 2434 2152 multos
2476 2099 2762 2153 acciniant.
2795 2099 3087 2169 Propterea
3123 2109 3396 2171 amputata
3431 2110 3519 2157 est

1910 2195 2088 2238 nostra
2131 2186 2371 2255 libertas,
2413 2197 2468 2243 et
2501 2203 2606 2243 non
2637 2204 2918 2259 possumus
2947 2191 3179 2261 aliquem
3203 2193 3506 2261 increpare.

1907 2273 2011 2329 Sed
2045 2291 2187 2331 nunc
2211 2277 2279 2332 de
2309 2287 2512 2334 etetero
2543 2279 2809 2349 fugiamus
2850 2297 3046 2336 nosam
3088 2297 3207 2352 qme
3245 2283 3369 2338 inde
3398 2283 3519 2338 ori-

1910 2377 1998 2420 tur
2030 2384 2043 2420 :
2089 2377 2145 2423 et
2173 2385 2270 2424 vos
2299 2371 2389 2441 qui
2422 2370 2526 2426 hoc
2572 2373 2739 2427 lutum
2772 2373 3020 2436 voivitis,
3056 2384 3269 2429 cessate
3300 2375 3368 2432 ab
3411 2374 3514 2430 hac

1905 2460 2169 2530 pernicie,
2207 2471 2261 2517 et
2281 2462 2529 2519 cohibete
2546 2476 2782 2521 vestrum
2799 2469 3094 2538 appetitum
3113 2470 3181 2523 ab
3202 2466 3512 2538 huiusmodi

1902 2563 2186 2630 conviviis,
2211 2562 2256 2617 si
2273 2562 2456 2632 aliquo
2484 2562 2649 2618 modo
2672 2564 2942 2634 possimus
2959 2564 3152 2621 saltem
3174 2582 3317 2623 nunc
3335 2568 3507 2625 Deum

1909 2656 2144 2725 placare,
2169 2665 2225 2708 et
2253 2653 2394 2708 bona
2424 2657 2684 2722 consequi
2719 2654 2984 2725 promissa
3016 2674 3029 2709 :
3062 2673 3184 2718 ante
3205 2659 3364 2714 detur
3389 2675 3503 2715 om-

1908 2746 2067 2800 nibus
2107 2745 2321 2816 assequi
2352 2787 2367 2813 ,
2423 2746 2594 2816 gratia
2638 2756 2693 2802 et
2723 2747 3057 2818 benignitate
3089 2751 3303 2809 Domini
3336 2753 3506 2809 nostri

1901 2835 2028 2890 Jesu
2060 2834 2283 2900 Christi,
2316 2852 2439 2892 cum
2470 2852 2578 2905 quo
2607 2837 2749 2891 l‘atri
2791 2853 2894 2892 una
2937 2855 3058 2911 cum
3091 2851 3278 2896 sancto
3308 2843 3510 2911 Spiritu

1903 2927 2094 2994 gloria,
2125 2927 2434 2997 imperium,
2457 2928 2649 2993 honor,
2672 2944 2811 2982 nunc
2828 2939 2880 2984 et
2907 2946 3142 2999 semper,
3162 2941 3216 2986 et
3241 2934 3295 2986 in
3315 2934 3512 2988 saecula

1905 3017 2248 3070 smculorum.
2283 3021 2475 3070 Amen.

3118 3245 3459 3262 -Ἧ

1549 3305 1889 3369 HOMILIA
1934 3307 2173 3369 XXVI.

209 3443 334 3500 Car.
368 3448 457 3501 11.
489 3463 541 3499 ν.
572 3446 662 3503 20.
702 3447 831 3501 Fide
859 3460 906 3502 et
927 3450 990 3504 de
1010 3449 1197 3518 futuris
1223 3449 1479 3505 benedixit
1520 3449 1669 3504 Isaac
1697 3448 1798 3501 Ja-

1908 3449 2018 3492 runt
2033 3440 2141 3493 dies
2161 3443 2260 3493 mei
2283 3440 2542 3513 (Gemﬂ.
2564 3445 2617 3515 9)
2649 3464 2661 3499 :
2686 3447 2776 3503 ille
2805 3465 2933 3504 vero
2960 3452 3014 3520 in
3053 3456 3343 3511 securitate
3373 3456 3504 3510 vixit

285 3537 376 3590 cob
396 3547 444 3590 et
477 3537 634 3593 Esau.
664 3538 754 3592 ‘2l.
788 3538 917 3593 Fide
940 3538 1098 3594 Iacob
1129 3541 1349 3594 moriens
1401 3541 1631 3610 singulos
1666 3539 1802 3608 ﬁlio-

279 3645 396 3682 rum
445 3628 640 3701 Joseph
687 3630 959 3695 benedixit,
1014 3642 1059 3685 et
1104 3632 1332 3686 adorauit
1362 3633 1620 3704 fastigium
1651 3633 1804 3702 virga:

277 3723 408 3792 ejus.
447 3723 538 3776 2‘2.
578 3722 710 3777 Fide
749 3724 943 3794 Joseph
974 3726 1193 3780 moriens
1235 3726 1300 3780 de
1333 3727 1645 3796 profectione
1671 3726 1805 3793 ﬁlio-

283 3831 398 3867 rum
428 3816 597 3869 Israel
631 3828 932 3869 memoratus
961 3827 1054 3884 est,
1085 3828 1130 3870 et
1171 3818 1234 3872 de
1268 3819 1462 3874 ossibus
1505 3819 1610 3873 suis
1655 3835 1804 3872 man-

279 3905 418 3958 davit
425 3945 438 3958 .

286 3998 334 4050 1.
371 3997 550 4064 Multi,
591 3999 781 4069 inquit,
826 4003 1088 4070 prapltette
1116 4011 1164 4056 et
1181 4005 1314 4072 justi
1342 4007 1608 4075 cupierunt
1638 4009 1807 4061 videre

218 4103 326 4158 qua:
353 4089 556 4155 videtis,
589 4099 636 4142 et
666 4109 767 4144 non
793 4093 1061 4158 viderunt;
1089 4105 1134 4148 et
1171 4097 1349 4151 audire
1378 4114 1491 4166 qua:
1535 4100 1722 4153 auditis
1761 4111 1807 4154 et

219 4196 313 4232 non
339 4181 615 4236 audierunt
634 4183 848 4251 (Matth.
878 4185 1098 4268 i313).
1130 4185 1396 4258 Numquid
1426 4191 1600 4243 omnia
1632 4190 1806 4246 futura

221 4281 486 4325 noverunt
525 4272 695 4341 justi?
723 4275 973 4330 Maxime.
1005 4276 1139 4332 Nam
1169 4279 1213 4333 si
1247 4279 1368 4334 ideo
1399 4296 1504 4334 non
1536 4284 1808 4355 revelabit-

224 4370 303 4415 Inr
335 4362 507 4417 Filius
529 4376 749 4434 propter
778 4368 1202 4425 imbecillitatem
1245 4385 1430 4426 eorum
1458 4374 1548 4442 qui
1579 4390 1682 4446 non
1718 4391 1811 4444 po-

223 4462 388 4506 terant
425 4455 599 4524 ipsqu
620 4458 911 4526 suscipere,
942 4458 1027 4524 iis,
1051 4461 1138 4529 qui
1169 4461 1808 4532 virtuteresplendebant,

223 4547 412 4600 merito
464 4547 825 4602 revelabatur.
877 4550 988 4606 lloe
1048 4567 1189 4606 nunc
1229 4555 1386 4608 etiam
1420 4555 1549 4610 dicit
1593 4558 1808 4626 Paulus,

227 4638 364 4705 quod
418 4639 659 4693 sciebant
705 4639 921 4706 futura,
953 4658 1145 4712 nempe
1194 4645 1392 4700 Christi
1459 4653 1810 4705 resurrectio-

225 4743 364 4782 nem.
406 4728 502 4782 νει
533 4732 691 4799 igitur
720 4732 822 4788 hoc
839 4733 994 4798 dicit;
1024 4736 1110 4791 vel
1137 4737 1289 4802 illud,
1321 4738 1452 4794 Fide
1482 4741 1543 4795 de
1591 4745 1775 4812 futuris
1797 4787 1811 4809 ,

225 4819 424 4874 dicitur
452 4837 557 4876 non
583 4822 650 4876 de
675 4823 853 4879 futuro
873 4830 1198 4892 s:eculo,sed
1230 4831 1296 4886 de
1327 4833 1388 4887 iis
1417 4849 1536 4904 quae
1564 4836 1650 4890 hic
1679 4848 1817 4906 post-

222 4925 280 4964 ea
320 4922 449 4965 sunt
495 4912 690 4968 futura.
746 4915 803 4970 Si
857 4918 956 4972 hoc
988 4935 1093 4974 non
1138 4933 1299 4988 esset,
1334 4928 1602 4996 quomodo
1655 4929 1818 4987 homo

225 5001 421 5055 sedens
453 5003 506 5056 in
539 5013 678 5058 terra
707 5009 990 5078 peregrina
1023 5011 1154 5066 tales
1183 5013 1340 5070 daret
1370 5018 1817 5076 benedictiones?

227 5093 502 5161 quomodo
529 5096 849 5154 obtinuisset
877 5099 1330 5174 benedictionem,
1366 5118 1419 5162 et
1445 5127 1562 5165 eam
1598 5130 1701 5167 non
1732 5131 1816 5170 ac-

230 5185 412 5274 cepit?
454 5185 616 5241 Vides
656 5188 798 5257 quod
832 5191 970 5245 idem
1019 5193 1305 5251 dicendqu
1348 5200 1400 5253 in
1449 5201 1643 5272 Josepb
1677 5207 1816 5274 quod

230 5272 411 5329 dixiin
438 5277 764 5345 Abrabamo,
786 5283 924 5351 quod
950 5300 1053 5339 non
1075 5301 1199 5342 usus
1221 5291 1291 5344 sit
1316 5272 1709 5363 benedictione,
1727 5300 1820 5353 scd

218 5363 629 5420 benedictiones
670 5366 918 5420 exierunt
945 5369 1009 5422 ad
1040 5382 1326 5440 posteros;
1362 5379 1471 5446 ipse
1500 5390 1680 5433 autem
1732 5382 1814 5432 t'u-

222 5467 331 5513 tura
363 5469 447 5513 est
476 5468 799 5528 assequutus
821 5460 843 5514 ?
865 5461 1167 5520 invenimus
1199 5469 1340 5526 enim
1374 5473 1586 5529 fratrem
1616 5473 1678 5526 iis
1701 5486 1815 5524 ma-

228 5553 296 5622 gis
325 5554 577 5623 potitum.
605 5553 737 5608 Nam
773 5556 888 5624 ipse
912 5559 1125 5627 quidem
1164 5561 1216 5615 in
1248 5567 1506 5621 servitute
1530 5577 1580 5620 et
1612 5566 1664 5619 in
1706 5567 1811 5618 vita

224 5646 556 5701 mercenaria
583 5654 637 5700 et
667 5646 717 5700 in
753 5648 1006 5716 periculis
1037 5661 1091 5706 et
1130 5653 1180 5706 in
1229 5654 1434 5711 insidiis
1461 5667 1516 5712 et.
1567 5661 1617 5712 in
1665 5659 1817 5713 dece-

225 5738 497 5804 ptiooihus
516 5748 571 5793 et
602 5738 654 5792 in
675 5739 952 5796 timeribus
979 5753 1090 5798 toto
1112 5755 1348 5816 tempore
1363 5761 1445 5805 est
1466 5764 1706 5806 versatus
1726 5770 1739 5815 ;
1761 5760 1811 5806 et

225 5841 250 5879 a
268 5827 542 5886 Pharaone
562 5829 919 5903 interrogatus
933 5833 1271 5910 dicit,Pau.ci,
1290 5841 1477 5912 inquit,
1497 5855 1542 5896 et
1564 5845 1684 5897 mali
1714 5849 1816 5914 fuc-

1899 3538 1953 3585 et
1984 3546 2172 3601 magna
2205 3534 2540 3598 auctoritate,
2588 3548 2642 3592 et
2675 3551 2856 3609 postea
2882 3543 2976 3596 fuit
3003 3546 3050 3600 ei
3084 3547 3359 3602 terribilis.
3395 3547 3493 3603 libi

1901 3636 2028 3691 ergo
2075 3634 2371 3679 evenerunt
2407 3626 2818 3686 benedit-tiones
2864 3637 2968 3690 nisi
3008 3638 3058 3691 in
3093 3638 3312 3694 futuro?
3345 3641 3508 3697 Vides

1901 3715 2042 3784 quod
2062 3716 2128 3769 ab
2147 3717 2298 3775 initio
2321 3719 2483 3775 rebus
2510 3727 2866 3790 praesentibus
2890 3731 3042 3798 potiti
3074 3743 3195 3786 sunt
3217 3735 3507 3802 mali;ju.~ti

1903 3819 2080 3863 autem
2101 3823 2310 3876 contra,
2339 3828 2443 3867 nou
2474 3823 2652 3870 tamen
2672 3834 2880 3874 omnes.
2912 3823 3051 3878 Ecce
3068 3826 3209 3879 enim
3239 3826 3506 3880 Abraham

1904 3912 2019 3955 erat
2041 3903 2239 3969 justus,
2269 3914 2324 3958 et
2351 3911 2695 3975 praesentium
2729 3929 2908 3969 rerum
2941 3921 3152 3986 copiam
3184 3921 3388 3986 habuit,
3416 3923 3513 3977 sed-

1904 4008 2026 4046 Clllll
2077 3993 2368 4051 afflictione
2413 4009 2466 4053 et
2498 4004 2886 4060 tentatiouibus
2920 4024 2933 4060 :
2967 4012 3166 4064 etenim
3198 4015 3324 4064 sola:
3358 4025 3513 4068 erant

1906 4086 2137 4151 divitiae;
2193 4089 2430 4158 alioquin
2462 4104 2617 4148 erant
2652 4097 2770 4165 ejus
2799 4101 2978 4154 omnia
3012 4103 3163 4170 plena
3201 4106 3512 4160 afflictionio

1906 4180 2028 4233 bus.
2061 4178 2245 4250 Neque
2275 4185 2418 4237 enim
2447 4184 2563 4239 fieri
2586 4199 2764 4257 potest
2795 4203 2852 4244 ut
2883 4208 2986 4246 non
3020 4195 3286 4264 affligatur
3309 4197 3514 4266 justus,

1909 4271 2118 4325 etiamsi
2151 4275 2221 4327 sit
2243 4274 2395 4329 dives
2427 4295 2438 4329 :
2471 4294 2594 4334 nam
2629 4284 2845 4349 quando
2869 4287 2978 4339 vult
3011 4288 3059 4340 in
3090 4290 3252 4342 rebus
3281 4291 3391 4343 suis
3425 4291 3515 4344 la:-

1909 4366 2189 4434 di,injuria
2219 4365 2358 4423 affici
2390 4381 2443 4424 et
2471 4372 2726 4442 aiia'pati,
2777 4393 2997 4433 necesse
3026 4391 3108 4436 est
3143 4391 3197 4433 ut
3228 4382 3513 4450 aflligatur.

1910 4456 2269 4524 Quamobrem
2291 4464 2499 4517 etiamsi
2518 4468 2721 4521 fruatur
2740 4469 2960 4532 divitiis,
2990 4472 3182 4527 fruitur
3198 4489 3300 4527 non
3316 4475 3526 4544 absque

1913 4550 2177 4604 molestia.
2204 4554 2415 4620 Quare?
2445 4555 2706 4624 Quoniam
2733 4562 2886 4614 estin
2917 4565 3208 4618 afflictione
3233 4577 3284 4619 et
3307 4566 3518 4620 dolore.

1913 4640 1966 4694 Si
1998 4653 2174 4696 autem
2199 4646 2327 4713 justi
2356 4658 2480 4701 tunc
2531 4662 2680 4703 erant
2720 4653 2768 4706 in
2801 4654 3111 4722 afflictione,
3145 4660 3310 4710 multo
3344 4660 3520 4727 magis

1917 4751 2078 4790 nunc.
2111 4737 2240 4791 Fide
2270 4751 2314 4792 et
2344 4742 2403 4793 de
2432 4745 2638 4813 futuris,
2674 4747 2862 4815 inquit,
2896 4747 3150 4802 benedixit
3180 4750 3332 4804 Isaac
3357 4750 3524 4804 Jacob

1924 4843 1971 4885 et
2004 4833 2162 4888 Esait.
2191 4838 2347 4905 Atqui
2373 4837 2513 4890 Esai‘t
2543 4850 2657 4891 erat
2680 4837 2850 4908 major
2870 4851 3028 4904 natu;
3059 4841 3151 4895 sed
3171 4854 3391 4912 propter
3419 4846 3529 4896 vir-

1928 4934 2091 4979 tutem
2124 4929 2387 4996 pra-ponit
2412 4929 2600 4982 .iacoh.
2640 4929 2802 4984 Vides
2821 4942 3016 5000 quanta
3044 4944 3188 4986 esset
3218 4935 3390 4988 fides?
3419 4935 3534 4991 Un-

1924 5016 2116 5071 denam
2144 5020 2492 5086 pollicebatur
2514 5021 2633 5074 ﬁliis
2661 5030 2764 5075 tam
2797 5024 2958 5076 multa
2982 5025 3142 5092 bona,
3173 5027 3271 5079 nisi
3299 5043 3362 5081 eo
3384 5030 3533 5095 quod

1923 5110 2144 5162 omnino
2196 5111 2303 5163 ilco
2345 5111 2630 5166 crederet?
2665 5113 2796 5166 Fide
2833 5113 2993 5168 Jarob
3038 5120 3256 5172 moriens
3299 5123 3537 5191 singulos

1923 5202 2148 5270 ﬁliorum
2195 5200 2385 5272 Joseplt
2437 5204 2713 5257 benedixit.
2773 5207 2870 5260 Hic
2923 5210 3185 5276 ponenda:
3225 5221 3351 5264 sunt
3401 5223 3532 5267 tota:

1924 5293 2432 5364 1.)ρηθ‹Ιίριί‹)ηρε,,ιιι
2450 5306 2502 5349 et
2527 5297 2656 5349 fides
2675 5307 2729 5351 et
2753 5299 3030 5367 prophetia
3062 5301 3178 5369 ejus
3202 5303 3269 5354 sit
3299 5307 3521 5360 manife-

1923 5393 2026 5438 sta.
2075 5383 2139 5436 Et
2180 5388 2433 5450 adoravit,
2488 5387 2678 5456 inquit,
2732 5390 2992 5461 fastigium
3050 5395 3206 5464 virgte
3251 5399 3377 5466 ejus.
3429 5399 3524 5453 llic

1921 5475 2158 5527 ostendit
2188 5476 2330 5543 quod
2357 5493 2460 5530 non
2482 5478 2655 5532 solum
2688 5481 2905 5548 dixerit,
2935 5484 3025 5538 sed
3050 5486 3212 5538 etiam
3233 5487 3366 5540 adeo
3389 5504 3520 5543 con~

1923 5562 2113 5620 fideret
2141 5566 2356 5633 futuris,
2379 5580 2436 5622 ut
2464 5570 2624 5625 etiam
2656 5588 2712 5629 re
2738 5572 2848 5642 ipsa
2873 5578 3204 5632 ostenderet.
3229 5579 3362 5634 Nam
3389 5598 3528 5651 quo-

1920 5657 2062 5711 niam
2094 5673 2434 5716 surrccmrus
2450 5673 2565 5716 erat
2594 5679 2688 5718 rex
2717 5666 2853 5719 alius
2876 5683 2938 5720 ex
2966 5668 3242 5738 Ephraim,
3267 5684 3526 5741 propter-

1918 5765 2003 5812 ca,
2067 5751 2239 5820 inquit
2269 5767 2282 5804 :
2319 5751 2380 5804 Et
2407 5754 2638 5807 adoravit
2652 5757 2913 5826 fastigium
2939 5761 3092 5831 virga:
3122 5764 3249 5833 ejus.
3281 5764 3391 5818 Hoc
3413 5777 3528 5828 est,

1916 5845 2124 5901 etiamsi
2159 5856 2300 5940 esset
2331 5861 2498 5904 senex
2523 5847 2658 5920 jam,
2684 5849 2942 5910 adorabat
2966 5853 3186 5926 Jusrph,
3211 5861 3527 5931 significans
