4134 6342
606 466 767 519 totius
794 459 974 534 populi
1000 456 1365 513 adoratiouem
1395 453 1444 509 ei
1465 455 1713 507 futuram.
1746 451 1813 505 Et
1838 451 1939 505 hoc
1964 451 2175 521 quidem

600 555 710 625 jam
728 551 927 619 evenit,
950 548 1161 619 quando
1182 560 1302 602 eum
1320 543 1607 598 adorarunt
1627 542 1818 597 fratres
1838 542 1974 612 ejus;
1995 552 2176 612 postea

604 654 781 701 autem
811 652 926 699 erat
950 642 1109 696 etiam
1139 645 1452 694 eventurum
1474 648 1570 705 per
1588 634 1770 689 decem
1800 633 1989 687 tribus.
2018 632 2178 687 Vides

604 735 872 807 quomodo
898 731 1141 803 praedixit
1167 744 1229 785 ea
1273 742 1393 799 qua:
1422 735 1602 797 postea
1621 737 1775 782 erant
1801 724 2006 779 futura?
2031 725 2179 781 vides

603 836 852 897 quautam
886 824 1146 878 haberent
1176 820 1371 876 (idem?
1401 816 1670 893 quomodo
1698 815 1978 873 crederent
2004 817 2072 872 de
2098 818 2175 874 fu-

607 916 776 972 turis?
802 914 933 971 Nam
950 913 1052 968 alia
1082 910 1297 983 quidem
1329 924 1448 977 qua:
1470 917 1593 962 sunt
1619 906 1708 962 hic
1728 907 2030 975 praesentia,
2054 918 2178 962 sunt

604 1007 846 1077 exempla
872 1005 1016 1061 male
1044 1001 1275 1073 patiendi
1304 1010 1356 1056 et
1382 998 1577 1054 nullius
1603 997 1727 1053 boni
1752 996 1979 1064 fruendi,
2008 1007 2063 1052 ut
2087 1012 2178 1053 ac~

602 1098 729 1152 cidit
758 1097 809 1151 in
839 1096 1140 1151 Abrahamo
1163 1092 1291 1147 etin
1321 1089 1484 1144 Abele
1514 1107 1526 1143 :
1558 1088 1661 1143 alia
1718 1097 1898 1144 autem
1937 1098 2060 1143 sunt
2082 1104 2178 1144 ex-

603 1187 777 1255 empla
806 1184 1018 1250 lldel,ut
1040 1184 1089 1236 in
1114 1181 1246 1247 Noe,
1270 1178 1411 1248 quod
1432 1179 1501 1233 sit
1532 1178 1689 1242 Deus,
1721 1179 1863 1248 quod
1893 1178 1961 1232 sit
1990 1194 2171 1233 remu-

605 1279 831 1334 neratio.
875 1275 1008 1332 Nam
1063 1281 1164 1328 hoc
1208 1286 1401 1326 nomen
1436 1270 1560 1339 ﬁdes
1607 1270 1753 1324 varie
1796 1270 2077 1339 accipitur,
2122 1280 2177 1326 ct

604 1368 763 1423 modo
794 1366 895 1422 hoc
924 1363 1082 1421 modo
1128 1361 1257 1419 illud
1285 1360 1553 1431 signiﬁcat
1586 1378 1599 1413 :
1633 1358 1718 1413 hic
1745 1370 1923 1416 autem
1954 1361 2172 1427 indicat,

603 1460 743 1529 quod
772 1458 841 1512 sit
866 1453 1243 1517 remuneratio,
1263 1450 1404 1523 quod
1430 1467 1533 1505 non
1557 1451 1608 1506 in
1630 1450 1817 1506 iisdem
1839 1451 2024 1507 eadem
2066 1468 2176 1507 ma-

605 1560 747 1615 neat,
779 1560 833 1604 et
860 1547 998 1619 quod
1042 1547 1349 1602 certandum
1391 1544 1460 1599 sit
1482 1552 1603 1597 ante
1635 1544 1871 1612 praemia.
1916 1545 2046 1613 Qua:
2076 1560 2173 1599 au-

603 1652 712 1698 tem
762 1642 812 1694 in
854 1637 1052 1707 Joseph
1103 1645 1414 1699 evenerunt,
1470 1643 1593 1688 sunt
1617 1634 1781 1688 solius
1836 1634 1955 1689 lidei
1990 1637 2168 1704 :quod

604 1732 919 1803 promiserat
946 1726 1272 1791 Abrahamo,
1323 1724 1465 1794 quod
1527 1722 1704 1777 fuerat
1745 1725 2027 1794 pollicitus,
2066 1726 2178 1783 Tibi

604 1823 732 1875 dabo
750 1832 793 1873 et
814 1818 988 1873 semini
1007 1828 1091 1871 tuo
1114 1826 1295 1869 terram
1317 1814 1464 1878 hanc,
1491 1813 1903 1883 audivitJoseph
1935 1832 1949 1867 :
1978 1825 2032 1871 et
2056 1832 2176 1872 cum

603 1922 748 1970 esset
778 1913 828 1967 in
862 1922 1002 1966 terra
1029 1908 1219 1971 aliena,
1251 1902 1473 1957 necdum
1505 1899 1714 1954 videret
1741 1896 1985 1953 evenisse
2029 1908 2162 1963 prai-

605 2004 909 2065 dictionem,
939 2013 1007 2053 ne
1038 1997 1115 2050 sic
1140 1993 1351 2063 quidem
1380 1989 1666 2060 despondit
1691 1987 1948 2053 animum,
1977 1982 2070 2039 sed
2100 1983 2171 2037 ita

605 2093 852 2155 credidit,
884 2099 940 2143 ut
965 2090 1125 2144 etiam
1149 2086 1353 2141 diceret
1373 2083 1439 2137 de
1468 2084 1631 2146 exitu,
1661 2090 1715 2136 et
1740 2081 1806 2134 de
1826 2080 1936 2133 suis
1956 2075 2175 2132 manda-

609 2193 690 2241 ret
717 2183 945 2238 ossibus.
981 2179 1094 2234 Non
1122 2191 1250 2247 ergo
1287 2176 1402 2244 ipse
1428 2174 1576 2228 solus
1613 2169 1858 2235 credidit,
1890 2168 1994 2243 sed
2014 2169 2175 2223 etiam

614 2274 746 2329 alios
787 2270 997 2326 induxit
1020 2268 1085 2323 ad
1114 2266 1291 2321 ﬁdem.
1319 2264 1443 2319 ideo
1468 2265 1626 2319 etiam
1668 2261 1939 2317 mandavit
1966 2269 2023 2314 ut
2046 2273 2179 2313 sem-

611 2379 705 2435 per
719 2362 992 2419 exitumin
1008 2361 1186 2413 animo
1201 2366 1510 2419 versentur;
1539 2369 1641 2409 non
1670 2363 1846 2408 autem
1873 2353 1940 2407 de
1962 2353 2175 2406 ossibus

614 2455 913 2509 mandasset
931 2452 1029 2505 nisi
1048 2449 1116 2505 de
1139 2448 1314 2503 futuro
1331 2446 1505 2501 reditu
1528 2445 1730 2499 llrmam
1754 2443 2177 2514 persuasionem,

615 2546 899 2600 habuisset.
958 2539 1316 2607 Quamobrem
1364 2552 1484 2592 cum
1533 2535 1717 2590 dicunt
1767 2534 1925 2603 aliqui
1975 2548 1989 2584 :
2040 2532 2179 2585 Ecce

612 2638 771 2693 etiam
795 2635 916 2703 iusti
938 2647 1119 2688 curam
1147 2638 1429 2701 gesserunt
1470 2636 1936 2682 monumentorum
1961 2643 1974 2678 :
1996 2630 2076 2679 eis
2096 2624 2177 2678 di-

610 2742 794 2785 camus
823 2725 963 2795 quod
993 2723 1111 2778 ideo
1140 2737 1322 2777 curam
1350 2728 1665 2791 gesserunt,
1721 2717 1956 2787 alioquin
2002 2726 2177 2770 autem

615 2818 871 2874 minime:
901 2815 1103 2871 sciebat
1125 2813 1269 2868 enim
1293 2810 1431 2881 quod
1468 2809 1674 2864 Domini
1701 2819 1772 2862 est
1802 2818 1933 2861 terra
1961 2818 2006 2861 et
2025 2808 2187 2876 pleni-

618 2913 735 2967 tudo
757 2912 864 2981 ejus
891 2907 1007 2979 (Ps.
1035 2907 1126 2962 23.
1157 2908 1233 2972 1).
1281 2904 1396 2959 Non
1428 2903 1530 2959 hoc
1566 2917 1693 2973 ergo
1724 2902 1985 2971 ignoravit
2013 2900 2101 2968 qui
2132 2898 2184 2952 in

620 3012 763 3056 tanta
796 3000 928 3054 vixit
966 2997 1299 3069 philosophia
1329 3037 1343 3062 ,
1376 2996 1465 3065 qui
1517 3005 1627 3049 toto
1673 3003 1913 3061 tempore
1957 2993 2087 3045 vixit
2129 2993 2182 3044 in

620 3092 871 3163 Egypto.
924 3089 1083 3159 Atqui
1124 3087 1319 3143 licebat
1346 3087 1416 3149 ei,
1449 3087 1491 3140 si
1521 3086 1702 3151 vellet,
1730 3084 1947 3147 reverti,
1997 3082 2192 3138 licebat

621 3198 723 3237 non
752 3182 953 3251 lugere,
978 3192 1076 3233 nec
1104 3192 1244 3248 :egre
1281 3176 1419 3231 ferre
1444 3187 1495 3230 et
1536 3176 1803 3247 plangere.
1838 3173 1941 3231 Sed
1972 3184 2026 3229 et
2066 3188 2186 3227 cum

622 3281 822 3341 patrem
857 3270 983 3324 illuc
1010 3267 1344 3331 reduxisset,
1374 3283 1470 3321 cur
1496 3282 1619 3321 ossa
1656 3282 1866 3336 quoque
1906 3280 2001 3321 sua
2044 3265 2191 3320 illinc

619 3362 810 3417 abduci
837 3359 1036 3431 jussit?
1065 3373 1242 3413 annon
1263 3358 1465 3413 scilicet
1492 3367 1773 3428 propterea
1796 3357 1819 3410 ?

689 3452 743 3504 2.
779 3449 939 3515 Petri,
993 3447 1167 3513 Pauli,
1200 3449 1416 3502 Joannis
1455 3459 1499 3503 et
1542 3447 1747 3501 Thorius
1769 3447 2036 3515 manifesta
2075 3456 2195 3501 sunt

621 3543 874 3612 sepulcra.
900 3538 1120 3605 —Quid
1138 3554 1287 3604 vero,
1315 3539 1399 3594 dic
1421 3539 1551 3593 mihi
1573 3554 1777 3609 quaeso,
1808 3539 1970 3607 ipsius
1998 3536 2194 3607 Moysis

623 3650 743 3689 ossa
771 3648 946 3688 annon
978 3632 1076 3687 sita
1108 3643 1224 3685 sunt
1260 3632 1311 3686 in
1339 3642 1478 3687 terra
1507 3631 1711 3685 aliena?
1740 3630 1963 3685 Aaronis
1992 3638 2190 3690 autem,

625 3726 878 3789 Danielis,
903 3724 1169 3786 leremim,
1193 3732 1247 3779 et
1268 3725 1627 3794 apostolorum
1662 3724 1969 3789 multorum,
2002 3739 2069 3778 ne
2094 3722 2196 3777 sci-

626 3832 742 3871 mus
764 3814 977 3884 quidem
1002 3814 1089 3868 ubi
1113 3815 1211 3867 sita
1243 3814 1369 3869 sint.
1396 3814 1527 3869 Nam
1551 3814 1692 3869 Petri
1721 3814 1933 3882 quidem
1965 3824 2019 3867 et
2047 3814 2193 3869 Pauli

624 3916 678 3963 ct
697 3907 914 3962 Joannis
938 3916 992 3961 et
1015 3906 1233 3961 Thema:
1257 3918 1378 3962 nota
1409 3918 1533 3962 sunt
1559 3907 1797 3977 sepulcra
1835 3908 1939 3977 (a);
1972 3908 2194 3961 aliorum

624 4008 825 4062 autem,
866 4011 985 4051 cum
1017 3997 1123 4051 sint
1164 4006 1269 4050 tam
1301 3998 1475 4061 multi,
1519 4013 1779 4067 nusquam
1809 4008 1929 4051 sunt
1958 4007 2098 4052 nota.
2126 3998 2198 4052 De

625 4103 690 4143 co
713 4102 838 4157 ergo
866 4101 932 4140 ne
960 4087 1290 4156 plangamus,
1321 4104 1493 4158 neque
1524 4088 1656 4143 adeo
1686 4089 1877 4158 pusillo
1906 4101 1959 4145 et
1988 4089 2200 4159 abjccto

628 4178 795 4230 simus
815 4178 992 4230 animo
1017 4193 1033 4230 :
1063 4192 1183 4230 nam
1212 4177 1534 4247 ubicumque
1563 4178 1818 4234 fuerimus
1847 4180 2059 4249 sepulti,
2094 4181 2199 4232 Do-

631 4274 761 4329 mini
788 4288 859 4330 est
887 4285 1040 4337 terra,
1066 4282 1113 4329 et
1142 4272 1397 4343 plenitudo
1436 4273 1566 4342 ejus.
1610 4269 1773 4325 Plane
1808 4268 1867 4322 fit
1908 4265 2047 4337 quod
2080 4263 2191 4318 ﬁeri

626 4380 836 4438 oportet
865 4386 880 4424 :
912 4367 1095 4438 lugere
1121 4376 1299 4420 autem
1321 4372 1375 4420 et
1404 4365 1655 4433 plangere
1684 4370 1738 4416 et
1762 4359 1959 4415 dellere
1989 4374 2080 4412 eos
2106 4355 2194 4424 qui

623 4468 992 4524 excesserunt,
1025 4473 1088 4513 ex
1119 4457 1313 4527 pusillo
1354 4465 1409 4510 et
1437 4454 1644 4524 abjecto
1668 4452 1837 4507 oritur
1875 4450 2073 4505 animo.
2102 4447 2192 4502 25.

628 4552 756 4606 Fide
780 4549 981 4621 Moyses
1000 4560 1148 4603 natus
1170 4548 1447 4602 occultatus
1476 4556 1548 4599 est
1586 4545 1741 4598 tribus
1766 4541 2014 4597 mensibus
2042 4557 2074 4593 a
2104 4552 2195 4609 pa-

625 4642 844 4695 rentibus
871 4642 994 4695 suis.
1024 4639 1181 4693 Vides
1208 4637 1348 4707 quod
1370 4637 1455 4691 hic
1476 4636 1757 4705 sperabant
1780 4648 1897 4703 qua:
1917 4640 2194 4703 postmor-

626 4744 729 4787 tem
758 4740 910 4785 erant
936 4729 1131 4793 futura,
1164 4728 1371 4797 impleri
1400 4727 1451 4780 iu
1482 4727 1661 4781 terra?
1702 4726 1765 4779 Et
1810 4724 1972 4777 multa
2000 4736 2195 4777 evene-

622 4834 747 4879 runt
795 4833 914 4894 post
942 4831 1391 4876 tuortcmeorum.
1429 4819 1537 4874 Hoc
1573 4818 1639 4873 ad
1690 4818 1741 4873 id
1784 4817 1924 4888 quod
1977 4815 2190 4886 quidam

621 4919 824 4980 dicunt,
854 4916 978 4971 Hmc
1008 4924 1122 4983 post
1149 4923 1375 4967 mortem
1411 4913 1512 4965 illis
1547 4912 1761 4976 liebaut,
1790 4925 1907 4979 qua:
1938 4924 2041 4963 non
2069 4917 2193 4961 sunt

619 5010 890 5078 assequuti
920 5008 1176 5069 viventes,
1202 5020 1371 5075 neque
1390 5004 1680 5059 credebant
1707 5004 1881 5056 futura
1903 5010 2022 5070 post
2051 5016 2192 5055 mor-

621 5113 746 5156 lem.
804 5098 871 5153 Et
920 5114 1024 5153 non
1054 5097 1187 5151 dixit
1215 5096 1411 5165 Joscph
1449 5114 1460 5149 :
1493 5094 1619 5149 Mihi
1668 5094 1865 5148 viventi
1911 5109 2014 5146 non
2046 5092 2193 5145 dedit

620 5204 836 5256 terram,
856 5206 1027 5261 neque
1051 5192 1182 5260 patri
1209 5205 1347 5253 meo,
1377 5204 1547 5258 neque
1571 5202 1670 5241 avo
1696 5201 1836 5250 meo,
1858 5187 2010 5255 cujus
2030 5186 2189 5239 etiam

618 5284 897 5353 oportebat
948 5282 1182 5338 revereri
1231 5282 1480 5335 virtutem
1520 5297 1531 5337 :
1563 5278 1663 5334 hos
1693 5290 1867 5334 autem
1901 5279 2191 5334 sceleratos

619 5376 683 5429 iis
708 5373 1011 5445 dignabitur
1060 5374 1252 5443 quibus
1301 5374 1419 5427 illos
1467 5388 1571 5427 non
1600 5382 1682 5426 est
1734 5369 2189 5441 dignatus?Nibil

618 5467 808 5521 borum
831 5466 983 5529 dixit,
1013 5464 1106 5521 sed
1138 5464 1239 5518 fide
1276 5465 1452 5518 omnia
1481 5464 1607 5518 vicit
1648 5473 1702 5518 et
1728 5462 2017 5531 superavit.
2051 5462 2191 5515 Dixit

592 5559 682 5620 ale
708 5558 895 5624 Abele,
923 5558 989 5612 de
1016 5555 1147 5622 Noe,
1178 5556 1244 5610 de
1275 5556 1597 5619 Abrahamo,
1622 5554 1689 5609 de
1713 5554 1879 5620 Isaac,
1909 5553 1974 5607 de
1998 5552 2185 5617 Jacob,

682 5653 1029 5731 (ajHDel’Aetr-i,
1065 5650 1515 5731 ς’άιιιὶ..ςῐι³οόρηὶ8
1545 5650 1782 5723 sepulcris
1810 5666 1954 5703 nemo
1976 5653 2173 5704 dubitat.

623 5717 699 5768 De
724 5717 919 5765 'l'bomte
943 5715 1166 5778 sepulcro
1191 5716 1268 5764 ubi
1290 5714 1453 5776 fuerit,
1481 5729 1573 5763 non
1598 5714 1661 5763 ita
1685 5726 1891 5764 certum.

1373 354 1431 412 S.
1470 349 1744 411 JOANNIS
1778 339 2249 407 CHRYSOSTOM!
2288 335 2603 395 ARClllEl’.
2644 327 3169 389 CONSTANTLVOP.

3768 321 3872 376 ιιιη

2295 441 2363 495 de
2384 438 2603 509 Joscph,
2636 437 2725 507 qui
2756 443 2881 491 sunt
2909 448 3095 489 omnes
3124 429 3291 501 gloria
3319 426 3553 497 insignes
3577 432 3632 479 et
3652 424 3892 479 admira-

2281 527 2450 589 biles.
2484 530 2691 585 Rursus
2719 536 2879 599 auget
2897 523 3345 587 consolationem,
3372 534 3486 574 rem
3512 517 3790 573 deducens
3816 514 3879 569 ad

2295 626 2429 678 viles
2451 634 2727 695 personas.
2758 618 2890 674 Nam
2929 615 3072 687 quod
3113 611 3459 669 admirabiles
3495 609 3709 680 quidem
3760 623 3881 678 per-

2292 729 2439 772 sonae
2466 714 2582 770 lucc
2614 713 2722 767 sint
2743 725 2934 781 passae,
2967 716 3023 763 et
3048 706 3190 778 quod
3224 704 3328 761 illis
3359 703 3593 758 minores
3616 714 3882 771 apparneo

2293 810 2422 875 rint,
2454 822 2558 862 non
2604 814 2691 868 est
2711 804 2847 859 adeo
2876 815 3039 872 grave
3068 819 3081 852 :
3112 798 3255 871 quod
3286 808 3463 855 autem
3514 794 3750 849 minores
3776 792 3881 852 visi

2291 900 2397 956 sint
2428 896 2772 970 ignobilibus,
2799 896 2900 950 hoc
2926 906 3053 949 vero
3080 902 3164 947 est
3191 904 3373 960 grave.
3403 888 3465 944 Et
3497 885 3681 955 incipit
3721 899 3751 937 a
3781 900 3878 956 pa-

2291 964 2532 1050 rentibus
2560 990 2775 1062 Moysis,
2804 989 2891 1058 qui
2924 986 3143 1040 minime
3186 994 3339 1039 erant
3369 983 3623 1053 insignes,
3656 987 3712 1036 et
3742 978 3882 1034 nihil
3936 964 3947 967 ⁷

2291 1085 2397 1140 tale
2428 1083 2692 1139 habebant
2723 1082 2882 1152 quale
2911 1079 3069 1133 illius.
3100 1076 3166 1131 Et
3193 1075 3316 1131 ideo
3346 1073 3643 1145 procedens
3663 1086 3885 1143 quoque

2289 1188 2448 1246 auget
2473 1177 2547 1232 rei
2567 1174 2900 1231 insolentiam
2924 1184 3213 1226 recensens
3235 1169 3485 1223 mulieres
3498 1165 3805 1222 meretrices
3820 1173 3883 1219 et

2291 1270 2481 1325 viduas
2510 1286 2524 1322 :
2558 1266 2691 1321 Fide
2710 1266 2875 1331 enim,
2905 1262 3096 1335 inquit,
3132 1260 3313 1315 Rahab
3336 1259 3574 1314 meretrix
3598 1274 3697 1313 non
3722 1257 3883 1327 periit

2285 1381 2399 1418 cum
2414 1361 2707 1424 incredulis,
2730 1359 2984 1428 excipiens
3001 1354 3343 1426 exploratores
3362 1368 3477 1405 cum
3499 1367 3622 1421 pace
3647 1353 3718 1421 (υ.
3750 1350 3811 1405 ’51
3830 1348 3875 1418 ).

2289 1456 2357 1510 Ει
2386 1470 2488 1509 non
2517 1454 2690 1508 solum
2723 1450 2865 1516 fidei,
2894 1447 2988 1503 sed
3020 1447 3179 1502 etiam
3205 1442 3534 1500 inﬁdelitatis
3558 1442 3704 1513 ponit
3729 1455 3881 1496 mer-

2288 1545 2496 1611 cedem,
2522 1543 2652 1598 utin
2682 1541 2813 1596 Noe.
2846 1539 3062 1595 Interim
3091 1545 3269 1592 autem
3303 1547 3524 1589 necesse
3570 1543 3652 1587 est
3690 1532 3878 1587 dicere

2284 1637 2349 1693 de
2376 1636 2684 1709 parentibus
2710 1634 2925 1705 .‘lloysis.
2956 1630 3156 1688 Omnes
3179 1630 3445 1683 masculos
3475 1628 3681 1682 Pharao
3703 1627 3870 1697 jussit

2286 1731 2539 1796 interfici,
2583 1737 2637 1784 et
2691 1728 2869 1782 nullus
2919 1724 3104 1794 eﬂugit
3159 1721 3477 1793 periculum.
3536 1716 3685 1773 Unde
3731 1729 3867 1785 ergo

2283 1833 2563 1894 sperarunt
2592 1822 2626 1877 ii
2656 1820 2769 1875 fore
2794 1830 2851 1875 ut
2879 1828 3154 1875 servarent
3191 1813 3485 1869 infantem?
3507 1811 3584 1867 Ex
3636 1808 3757 1863 ﬁde.
3784 1796 3885 1861 Ex’

2284 1932 2384 1988 qua
2414 1915 2558 1969 fide?
2583 1912 2862 1978 Viderunt,
2890 1910 3081 1981 inquit,
3111 1909 3408 1979 elegantem
3439 1906 3709 1960 infantem.
3744 1899 3868 1971 Ipse

2285 2017 2530 2078 aspectus
2554 2022 2648 2061 eos
2675 2004 2892 2061 attraxit
2916 2003 2981 2058 ad
3013 2000 3191 2057 fidem.
3227 2000 3300 2054 Ita
3331 1998 3508 2053 statim
3532 1995 3600 2049 ab
3628 1992 3781 2049 initio
3810 2004 3870 2046 et

2287 2102 2353 2156 ab
2386 2101 2513 2171 ipsis
2541 2098 2719 2155 fasciis
2744 2099 2889 2168 justo
2930 2094 3094 2149 multa
3151 2093 3323 2146 inlusa
3351 2098 3465 2144 erat
3508 2088 3708 2158 gratia,
3757 2099 3865 2139 non

2289 2208 2489 2249 naturae
2519 2192 2611 2248 sed
2638 2192 2730 2247 Dei
2758 2204 2940 2261 opera.
2969 2184 3260 2242 Considera
3292 2184 3432 2238 enim
3466 2200 3478 2234 :
3505 2180 3683 2235 statim
3712 2188 3868 2232 natus

2289 2288 2509 2358 pulcher
2556 2284 2818 2355 apparuit,
2877 2296 2982 2337 non
3029 2277 3300 2334 deformis.
3341 2273 3477 2342 Quid
3521 2272 3624 2327 boc
3649 2269 3872 2326 ell'ecit?

2288 2381 2400 2436 Non
2433 2389 2637 2439 natura.
2671 2376 2762 2432 sed
2806 2375 2973 2446 gratia
3017 2372 3131 2435 Dei,
3169 2384 3287 2439 qua:
3317 2378 3371 2421 ct
3412 2365 3692 2421 barbaram
3723 2364 3868 2417 illam

2289 2475 2537 2531 excitavit
2560 2470 2835 2525 mulierem
2864 2465 3165 2537 Egyptian]
3189 2473 3241 2517 et
3264 2458 3647 2521 corroboravit,
3668 2466 3723 2512 et
3747 2471 3870 2510 eum

2288 2569 2494 2638 accepit
2518 2576 2571 2621 et
2593 2562 2880 2632 assumpsit
2902 2579 2914 2614 :
2939 2571 3257 2629 quamquam
3281 2553 3410 2609 lides
3427 2552 3480 2607 in
3504 2550 3585 2605 his
3611 2566 3715 2605 non
3743 2542 3872 2602 satis

2289 2666 2521 2734 amplum
2577 2659 2759 2714 habuit
2808 2662 3181 2726 argumentum
3230 2666 3244 2704 :
3289 2647 3414 2719 quid
3462 2645 3603 2702 enim
3648 2658 3715 2699 ex
3755 2643 3868 2697 visu

2290 2757 2439 2814 credi
2478 2748 2848 2825 poterat?sed
2898 2762 3012 2810 vos,
3040 2743 3232 2814 inquit,
3287 2755 3357 2796 ex
3414 2738 3576 2794 rebus
3617 2734 3869 2798 creditis,

2292 2854 2451 2907 etiam
2490 2847 2653 2902 multa
2694 2844 2954 2897 habentes
2995 2837 3117 2893 lidei
3164 2838 3385 2906 pignora
3440 2832 3513 2903 (a)
3541 2849 3553 2885 :
3581 2845 3703 2884 nam
3750 2845 3873 2883 cum

2291 2940 2487 3015 gaudio
2525 2938 2796 3005 suscipere
2821 2934 3080 2987 bonorum
3110 2926 3483 2995 direptionem,
3516 2930 3571 2977 et
3596 2935 3873 2991 quamam-

2293 3011 2395 3106 que
2418 3039 2538 3086 sunt
2562 3024 2885 3097 bujusmodi,
2920 3020 3041 3075 ﬁdei
3064 3028 3177 3075 erat
3198 3028 3251 3072 et
3270 3015 3585 3071 tolerantiae.
3611 3011 3715 3067 Sed
3742 3026 3877 3083 quo-

2292 3104 2433 3181 niam
2483 3124 2566 3178 isti
2594 3134 2803 3190 quoque
2849 3113 3211 3174 crediderunt,
3261 3106 3457 3163 deinde
3487 3106 3675 3176 pusillo
3697 3115 3750 3159 et
3778 3104 3876 3157 ab-

2289 3218 2435 3287 jecto
2466 3213 2677 3267 fuerunt
2713 3208 2925 3269 animo,
2965 3201 3199 3258 ostendit
3237 3198 3377 3270 quod
3424 3196 3635 3251 illorum
3662 3207 3877 3265 quoque

2297 3309 2430 3364 lides
2453 3304 2674 3361 multum
2696 3298 3084 3355 extendebatur
3117 3313 3131 3349 :
3159 3292 3330 3363 qualis
3353 3289 3448 3344 fuit
3468 3288 3601 3343 ﬁdes
3623 3286 3875 3350 Abraha',

2295 3399 2504 3457 etiamsi
2553 3412 2639 3451 res
2678 3394 2986 3447 viderentur
3019 3402 3271 3459 pugnare.
3316 3385 3380 3439 Et
3424 3400 3523 3436 non
3566 3382 3875 3444 timuerunt,

2298 3494 2484 3562 inquit,
2514 3489 2645 3559 regis
2672 3487 2910 3540 edictum.
2944 3480 3101 3549 Atqui
3132 3476 3260 3531 illud
3289 3489 3449 3544 Opere
3471 3472 3741 3536 constitit;
3772 3469 3881 3525 hoc

2296 3561 2473 3639 autem
2504 3589 2618 3634 erat
2645 3578 2799 3648 plane
2840 3572 2977 3627 nuda
3007 3569 3247 3641 quredam
3296 3564 3642 3633 exspectatio.
3685 3562 3748 3617 Et
3774 3561 3885 3616 hoc

2297 3675 2508 3742 quidem
2531 3679 2646 3726 erat
2668 3678 2942 3737 parentum
2968 3680 2980 3714 :
3008 3663 3119 3730 ipse
3145 3673 3270 3713 vero
3297 3656 3503 3726 Moyses
3525 3654 3655 3707 nihil
3678 3652 3879 3707 attulit.

2299 3762 2505 3820 Deinde
2534 3772 2719 3815 rursus
2763 3757 2842 3810 eis
2883 3751 3204 3808 conveniens
3245 3748 3397 3802 all'crt
3435 3745 3758 3811 exemplum,
3789 3744 3881 3796 vel

2298 3854 2595 3927 potius'illo
2624 3849 2812 3918 majus.
2837 3846 3007 3913 Quale
3032 3841 3159 3896 illttd
3177 3840 3199 3893 ?
3219 3839 3310 3893 24.
3337 3836 3487 3899 Fide,
3514 3837 3711 3904 inquit;
3728 3833 3883 3905 Moy-

2299 3926 2376 4003 ses
2405 3944 2611 4018 grandis
2642 3945 2804 4014 {actus
2823 3938 3018 4007 negavit
3035 3950 3087 3987 se
3108 3949 3215 3988 esse
3236 3932 3399 4001 ﬁlium
3422 3928 3543 3997 ﬁlia:
3568 3926 3878 3989 Pharaonis,

2298 4041 2388 4097 ‘25.
2429 4037 2590 4108 Magis
2618 4035 2806 4103 eligens
2832 4029 2982 4101 afﬂigi
3012 4043 3123 4080 cum
3150 4025 3338 4096 papula
3362 4020 3477 4087 Dei,
3505 4038 3655 4091 quam
3681 4030 3880 4088 tempo-

2300 4132 2457 4185 ralem
2474 4132 2669 4198 peccati
2690 4124 2869 4176 habcre
2881 4118 3293 4190 jucunditatcm;
3317 4114 3409 4168 26.
3437 4118 3652 4184 maiores
3674 4112 3882 4165 diritius

2298 4224 2555 4277 aestimans
2584 4221 2819 4275 thesauro
2846 4218 3210 4291 Egypt‘iorum
3244 4218 3608 4288 improperium
3642 4217 3826 4275 Christi
3856 4235 3881 4271 :

2298 4314 2568 4385 aspiciebat
2595 4314 2727 4367 enim
2774 4314 2826 4366 in
2867 4313 3339 4365 remunerationem.
3376 4310 3667 4380 Tamquam
3698 4312 3741 4365 si
3794 4312 3879 4366 eis

2299 4404 2500 4460 diceret
2532 4422 2543 4457 :
2574 4404 2740 4460 Nemo
2760 4414 2991 4458 vestrum
3022 4403 3225 4458 dimisit
3246 4402 3467 4471 regiam,
3490 4417 3711 4470 eamque
3734 4418 3877 4471 prae-

2296 4494 2975 4565 elaram,nequcejusmodi
3005 4495 3511 4562 thesauros,ueqne,
3537 4508 3656 4547 cmn
3688 4494 3878 4547 liceret

2299 4604 2417 4643 esse
2441 4588 2599 4642 lilium
2629 4589 2788 4657 regis,
2814 4587 2915 4641 hoc
2940 4585 3197 4655 despexit,
3232 4586 3365 4638 sicut
3388 4584 3508 4638 feeit
3544 4584 3765 4655 Moyses.
3807 4585 3880 4640 Et

2297 4679 2435 4747 quod
2456 4696 2558 4732 non
2574 4688 2772 4733 temere
2788 4694 2847 4731 ac
2860 4677 3043 4731 leviter
3062 4674 3873 4744 tlitttiserit.siguillt'avitdiccns:

2301 4766 2546 4836 Negavit;
2577 4768 2675 4822 hoc
2700 4781 2801 4830 est,
2832 4767 2963 4828 odit,
2995 4773 3267 4820 aversatus
3294 4776 3395 4819 est.
3426 4763 3726 4821 Czeloenim
3747 4780 3873 4836 pro-

2301 4860 2471 4929 posito
2491 4872 3073 4929 eratsupervacaneutn
3122 4857 3371 4911 admirari
3401 4858 3596 4927 regiam
3626 4858 3869 4930 Egypti.

2368 4950 2422 5005 5.
2452 4947 2517 5004 Et
2537 4949 2661 5003 vide
2686 4965 2843 5018 quam
2867 4948 3255 5003 admirabiliter
3271 4947 3374 5001 hoc
3402 4950 3637 5017 posuerit
3658 4950 3871 5005 Paulus.

2298 5039 2411 5095 Non
2437 5040 2593 5104 dixit,
2624 5039 2852 5109 Majores
2895 5040 3105 5093 divitias
3131 5038 3403 5093 aestimans
3433 5037 3687 5092 thesauro
3708 5038 3867 5110 Egyo

2298 5132 2525 5199 ptiorum
2545 5132 2731 5184 etclam
2754 5141 2939 5198 etquae
2953 5140 3075 5183 sunt
3099 5130 3148 5182 io
3167 5129 3310 5183 caelis
3332 5145 3346 5192 ;
3366 5128 3459 5182 sed
3485 5128 3651 5197 quid?
3672 5129 3874 5199 Impro.

2296 5225 2491 5294 perium
2518 5223 2723 5277 Christi.
2761 5222 2890 5277 Nam
2935 5230 3147 5290 propter
3176 5221 3444 5275 Christum
3494 5221 3702 5289 probris
3726 5223 3867 5277 allici

2298 5315 2486 5369 melius
2515 5314 2852 5377 existimavit,
2881 5327 3036 5382 quam
3065 5326 3183 5366 esse
3215 5311 3265 5364 in
3294 5312 3474 5381 quiete
3498 5320 3552 5365 et
3580 5312 3740 5366 animi
3772 5327 3875 5367 re—

2298 5406 2547 5461 missione
2579 5424 2592 5460 :
2624 5406 2695 5459 ita
2735 5406 2894 5458 etiam
2936 5404 3038 5459 hoc
3065 5404 3235 5473 ipsum
3281 5417 3377 5472 per
3406 5417 3463 5457 se
3490 5412 3605 5456 erat
3640 5418 3869 5459 merces.

2297 5499 2466 5570 Magis
2493 5501 2681 5570 eligens
2702 5498 2853 5568 amigi
2881 5514 2995 5550 cum
3026 5498 3213 5567 papula
3233 5496 3348 5550 Dei.
3378 5495 3508 5550 Nam
3535 5510 3628 5550 vos
3654 5498 3871 5567 quidem

2299 5607 2393 5663 pro
2420 5593 2570 5647 vobis
2597 5590 2865 5662 patimini;
2892 5591 2980 5646 ille
3010 5600 3190 5645 autem
3217 5605 3313 5659 pro
3350 5591 3471 5647 aliis
3499 5590 3679 5662 elegit,
3709 5600 3763 5646 et
3790 5592 3872 5645 lu-

2351 5712 2424 5770 (ιι)
2453 5710 2543 5760 llic
2566 5722 2766 5771 magnus
2788 5709 2949 5758 hiatu':
2974 5716 3053 5759 est.
3077 5711 3124 5757 lsi
3151 5707 3284 5758 (ἴση).
