4134 6342
216 437 301 490 181

206 558 336 607 heus
366 566 434 605 ac
462 552 650 605 volens
694 562 925 617 seipsum
957 532 1183 615 conjecit
1222 546 1275 599 in
1308 554 1411 598 tam
1443 544 1606 598 multa
1638 544 1781 613 peri-

204 645 344 708 cula,
367 658 493 698 cum
517 644 567 698 ei
592 642 776 696 liceret
801 651 853 695 et
900 640 984 709 pie
1010 653 1169 707 agere
1194 647 1247 692 et
1278 636 1376 691 frui
1410 636 1583 689 bonis.
1618 636 1781 701 Quam

204 736 557 803 temporalem,
588 734 774 803 inquit,
799 732 991 802 peccati
1019 730 1199 783 habere
1230 729 1554 797 voluptatem.
1583 727 1781 782 Pecca-

204 836 311 878 tum
330 824 473 878 dixit
491 825 635 895 nolle
654 838 770 877 cum
793 823 909 877 aliis
934 820 1094 891 affligi
1123 837 1135 873 :
1161 820 1263 874 hoc
1284 820 1471 889 inquit,
1505 830 1780 889 peccatum

203 916 553 971 existimavit.
583 916 639 970 Si
670 930 794 985 ergo
835 913 923 968 ille
978 921 1251 982 peccatum
1301 910 1629 965 existimavit
1677 927 1781 963 non

204 1015 453 1075 prompto
481 1013 533 1059 et
578 1005 739 1058 alacri
778 1003 957 1057 animo
1000 1017 1121 1057 cum
1165 1002 1283 1057 aliis
1324 1000 1502 1070 afﬂigi,
1534 1016 1778 1071 magnum

202 1112 327 1167 ergo
355 1098 559 1149 bonum
589 1107 671 1151 est
696 1094 930 1153 afﬂictio.
966 1094 1017 1148 in
1045 1108 1203 1163 quam
1232 1108 1290 1147 se
1310 1091 1535 1162 coniecit
1556 1107 1586 1147 e
1613 1093 1775 1162 regia.

206 1189 324 1241 Ilaec
353 1196 539 1240 autem
568 1186 790 1241 faciebat
817 1184 1055 1255 qumdam
1083 1198 1273 1254 magna
1303 1181 1636 1252 praevidens:
1664 1182 1782 1237 ideo

205 1278 278 1331 sic
304 1277 468 1339 dixit,
500 1276 724 1345 Μαίονές
749 1274 948 1327 divitias
966 1274 1222 1327 testimans
1245 1272 1494 1326 thesauris
1508 1270 1781 1344 {Egyptia-

203 1383 313 1419 rum
364 1367 732 1437 impmperium
783 1363 992 1418 Christi.
1047 1362 1182 1432 Quid
1235 1373 1352 1427 est,
1407 1362 1780 1431 lmproperiuut

205 1458 427 1513 Christi?
476 1459 585 1513 lloc
610 1468 720 1523 est,
773 1458 1130 1528 Opprobrium
1177 1457 1320 1527 quod
1359 1471 1456 1510 vos
1502 1455 1775 1525 patimini,

204 1547 556 1617 opprobrium
601 1547 740 1617 quod
770 1546 1013 1601 Christus
1038 1546 1328 1601 sustinuit:
1358 1555 1449 1600 aut
1485 1545 1625 1615 quod
1655 1560 1779 1615 pro-

206 1648 320 1705 pter
344 1637 621 1691 Christum
653 1636 920 1699 sustinuit,
952 1634 1163 1705 quando
1185 1645 1400 1706 propter
1421 1645 1622 1705 petram
1654 1650 1779 1705 pro-

208 1731 313 1783 bris
344 1729 699 1788 aflicicbatur.
749 1743 811 1783 ex
864 1743 965 1797 qua
1005 1743 1192 1798 aquam
1236 1726 1435 1782 eduxit.
1469 1728 1622 1781 I’etra
1649 1728 1780 1781 enim

202 1817 304 1859 erat
355 1806 592 1860 Christus
647 1806 740 1872 (l.
792 1806 906 1861 Cor.
975 1809 1064 1863 10.
1094 1809 1162 1877 4)
1198 1850 1210 1872 ,
1257 1810 1445 1879 inquit.
1499 1811 1775 1879 Quomodo

201 1895 547 1963 opprobrium
619 1896 853 1950 Christi?
926 1896 1057 1963 Quia
1120 1898 1270 1953 bonis
1343 1902 1575 1969 paternis
1624 1918 1777 1958 ever-

205 1984 358 2038 timur
415 1986 627 2055 probris
676 1986 977 2052 afficimur,
1036 1988 1173 2043 male
1217 1991 1443 2059 patimur
1493 1992 1561 2047 ad
1612 1992 1779 2049 Deum

201 2075 590 2145 confugientes.
625 2072 917 2133 Verisimile
965 2089 1081 2133 erat
1110 2080 1253 2135 illum
1307 2097 1514 2152 quoque
1570 2085 1779 2153 probris

203 2164 339 2217 affici
390 2166 605 2235 quando
646 2166 808 2220 audiit
851 2185 866 2223 :
918 2167 1059 2221 Num
1096 2186 1173 2223 me
1203 2171 1275 2224 tis
1317 2172 1625 2240 interﬁcere,
1650 2176 1779 2230 sicut

206 2254 307 2306 heri
380 2254 686 2326 interfecisti
720 2255 1020 2327 Egyptium
1082 2258 1281 2330 (Exod.
1351 2261 1407 2316 2.
1462 2262 1618 2333 Η)1
1666 2266 1778 2322 lloc

202 2357 282 2401 cst
311 2348 696 2417 improperinm
718 2349 938 2412 Christi,
968 2342 1033 2406 ad
1059 2352 1214 2407 ﬁnem
1240 2368 1405 2424 usque
1433 2364 1487 2410 et
1510 2356 1575 2410 ad
1603 2366 1778 2413 extre-

206 2452 345 2489 nmm
376 2453 547 2505 usque
568 2439 806 2506 spiritum
836 2441 973 2495 male
1003 2443 1106 2511 pati
1136 2462 1147 2496 :
1178 2444 1313 2498 sicut
1343 2446 1555 2515 probris
1575 2447 1777 2503 afficie-

206 2525 359 2579 batur
376 2535 432 2580 ct
449 2526 786 2591 antliehat,Si
804 2523 964 2583 Filius
987 2530 1081 2583 Dei
1104 2548 1154 2585 es
1175 2532 1398 2603 (Matth.
1424 2534 1515 2589 27.
1540 2536 1643 2609 40)
1666 2580 1681 2603 ,
1712 2539 1779 2593 ab

206 2612 269 2667 iis
296 2628 392 2682 pro
420 2615 616 2684 quibus
644 2617 694 2670 in
725 2632 937 2672 crucem
968 2619 1241 2690 agebatur.
1275 2624 1340 2676 ah
1364 2624 1550 2680 horum
1580 2631 1777 2683 contri-

206 2704 436 2761 bulibus.
471 2706 583 2762 Hoc
610 2718 689 2762 cst
716 2710 1091 2780 improperium
1129 2712 1358 2782 Christi,
1389 2719 1598 2785 quando
1631 2720 1777 2788 quis-

209 2798 344 2865 piam
374 2813 414 2861 a
453 2800 566 2853 suis
585 2841 600 2865 ,
631 2801 843 2870 quando
865 2802 933 2856 ab
978 2803 1077 2870 iis,
1124 2820 1259 2875 quos
1289 2807 1548 2862 beneficio
1576 2809 1739 2864 aflicit
1761 2853 1774 2872 .

208 2889 416 2956 probris
441 2889 688 2945 afficitur.
724 2892 818 2947 Ille
848 2894 988 2948 enim
1019 2894 1086 2950 ab
1122 2910 1188 2952 eo
1213 2898 1505 2967 patiebatur
1546 2901 1633 2968 qui
1666 2910 1781 2956 erat

207 2978 466 3034 beneficio
513 2979 755 3036 affectus.
801 2982 895 3037 llic
923 2998 1016 3039 eos
1042 2987 1306 3052 excitavit,
1335 2990 1619 3046 ostendens
1638 2994 1780 3063 quod

207 3065 449 3124 Christus
500 3085 711 3140 qucque
758 3072 873 3128 haec
916 3073 1229 3144 patiebatur,
1286 3088 1340 3133 et
1384 3080 1611 3151 Moyses,
1661 3083 1779 3137 duae

207 3157 361 3214 clarae
388 3169 445 3215 et
485 3160 719 3231 insignes
748 3177 1012 3232 personis.
1044 3165 1396 3233 Quamobrem
1440 3171 1540 3226 hoc
1582 3176 1780 3241 impro-

209 3250 411 3318 perium
466 3258 547 3304 est
597 3252 762 3321 magis
788 3251 981 3309 Christi
1021 3270 1176 3324 quam
1207 3257 1423 3329 Moysis,
1470 3263 1720 3331 quoniam
1747 3280 1776 3318 a

209 3341 316 3395 suis
341 3341 458 3395 hac
479 3356 667 3411 passus
690 3353 790 3399 est.
820 3344 925 3400 Sed
943 3360 1114 3416 neque
1134 3348 1223 3403 ille
1247 3348 1464 3405 fulmina
1482 3354 1779 3420 emittebat,

211 3444 378 3500 neque
405 3431 494 3486 hic
539 3432 736 3502 aliquid
761 3443 844 3489 est
889 3450 1098 3506 passus,
1129 3438 1221 3494 sed
1251 3441 1457 3509 probris
1506 3443 1777 3501 afficieba-

212 3528 311 3584 tur,
338 3528 393 3575 et
420 3520 628 3576 ferebat
673 3525 871 3589 omnia,
920 3526 1025 3581 illis
1052 3530 1387 3586 moventibus
1411 3533 1602 3601 capita.
1632 3535 1779 3603 Quo-

213 3608 347 3663 niam
377 3625 509 3681 ergo
539 3612 823 3669 verisimile
843 3625 959 3671 erat
982 3632 1075 3674 eos
1103 3634 1313 3690 quoque
1356 3622 1469 3678 hmc
1495 3624 1698 3693 audire,
1728 3637 1784 3683 ct

212 3699 516 3757 desiderare
545 3707 1049 3775 remunerationem,
1078 3710 1207 3766 dicit
1251 3712 1519 3769 Christum
1546 3725 1601 3771 et
1628 3717 1781 3788 Moy-

212 3803 319 3843 sem
347 3791 470 3846 talia
493 3807 612 3848 esse
633 3808 934 3864 perpessos.
960 3798 1192 3870 Requies
1212 3816 1338 3873 ergo
1355 3814 1406 3859 et
1427 3808 1672 3864 remissio
1699 3820 1783 3866 est

213 3884 451 3949 peccati;
483 3886 692 3953 probris
714 3897 887 3943 autem
916 3889 1077 3957 affici,
1107 3892 1323 3949 Christi.
1347 3897 1482 3964 Quid
1510 3914 1638 3971 ergo
1663 3919 1779 3957 ma-

215 3972 323 4027 vis?
348 3975 726 4046 improperium
748 3979 968 4046 Christi,
987 3997 1056 4036 an
1083 3986 1316 4053 requiem
1339 3989 1567 4051 etanimi
1591 3992 1785 4049 remis-

215 4065 457 4120 sionem?
483 4068 573 4121 27.
609 4066 739 4123 Fide
766 4072 965 4142 reliquit
991 4073 1298 4145 ﬂggptm,
1330 4096 1429 4133 non
1458 4084 1640 4137 vetitus
1665 4085 1782 4141 tnti-

216 4158 494 4211 mositatem
518 4161 651 4231 regis
673 4162 1002 4230 :invisibitem
1027 4168 1159 4220 enim
1188 4180 1442 4240 tamquam
1470 4176 1640 4231 videns
1668 4196 1783 4233 sus-

216 4249 383 4304 tinuit.
410 4250 549 4318 Quid
603 4252 771 4308 dicis?
797 4272 901 4311 non
931 4258 1141 4314 timuit?
1160 4265 1318 4333 Atqui
1340 4266 1468 4321 dicit
1490 4266 1785 4339 Scriptura,

216 4342 354 4411 quod
392 4358 515 4398 cum
540 4345 828 4402 audivisset
853 4349 1046 4415 timuit,
1076 4360 1131 4406 et
1157 4353 1277 4409 ideo
1324 4356 1442 4427 fuga
1484 4374 1595 4415 snze
1621 4362 1782 4419 saluti

216 4432 481 4522 consuluit
503 4444 560 4490 ct
582 4436 781 4507 aufugit
804 4446 856 4492 et
879 4436 1059 4495 furtim
1085 4456 1146 4497 se
1175 4445 1459 4515 subduxit,
1505 4461 1559 4506 et
1585 4464 1770 4522 postea

213 4529 326 4612 erat
348 4521 401 4575 in
429 4522 644 4578 timore.
666 4524 895 4581 Attende
924 4527 1212 4600 diligenter
1230 4542 1281 4588 et
1301 4550 1547 4595 accurate
1562 4521 1614 4597 ei
1642 4545 1784 4612 quod

214 4611 549 4707 dictumest:
575 4616 727 4682 illud,
768 4616 893 4673 Non
914 4621 1102 4677 veritus
1123 4624 1252 4679 iram
1278 4630 1432 4699 regis,
1453 4632 1588 4688 dixit
1607 4638 1781 4707 respi-

211 4703 352 4759 ciens
367 4704 436 4760 ad
465 4706 516 4761 id
540 4708 683 4777 quod
709 4717 890 4777 postea
911 4711 1193 4769 adstiterit.
1216 4716 1476 4776 Timentls
1496 4724 1638 4779 enim
1665 4703 1783 4783 erat

212 4809 312 4850 non
337 4798 605 4870 attingere
655 4815 843 4857 rursus
887 4802 1251 4863 defensionem
1293 4820 1347 4866 et
1384 4818 1735 4882 patrocinium
1759 4861 1776 4888 ,

210 4899 378 4981 neque
398 4904 511 4943 rem
538 4892 755 4961 aggredi
778 4894 989 4957 ;denuo
1013 4906 1191 4953 autem
1218 4903 1495 4974 attingere,
1526 4918 1642 4963 erat
1663 4910 1778 4981 ejus

212 4980 295 5048 qui
327 4979 437 5037 Deo
464 4984 647 5037 omnia
674 4988 1061 5043 committebat.
1082 4989 1199 5045 Non
1229 4995 1371 5049 enim
1394 4997 1546 5065 dixit,
1575 4979 1778 5067 Quaerit

207 5086 319 5165 me,
364 5083 422 5129 et
460 5075 717 5146 indagat,
770 5092 871 5133 nec
894 5080 1067 5135 audeo
1102 5083 1288 5140 eadem
1322 5102 1507 5145 rursus
1534 5094 1770 5165 aggredi.

207 5161 328 5256 Erat
354 5167 532 5237 itaque
556 5167 679 5224 ﬁdei
698 5168 900 5240 fugere.
926 5170 1035 5227 Cur
1056 5188 1184 5245 ergo
1205 5192 1309 5232 non
1335 5182 1550 5248 mansit,
1571 5161 1774 5256 inquit?

204 5254 275 5311 Ne
320 5259 373 5313 in
403 5261 687 5329 przevisum
718 5276 777 5317 se
820 5262 1062 5334 injiceret
1106 5270 1417 5338 periculum.
1471 5275 1580 5333 lloc
1628 5254 1767 5336 enim

202 5344 302 5415 jam
352 5360 469 5407 erat
530 5354 801 5422 tentantis,
862 5355 915 5410 in
968 5359 1141 5415 media
1207 5365 1450 5431 prosilire
1508 5370 1765 5440 pericula,

202 5439 479 5508 etdicere,
528 5442 747 5498 Videam
804 5460 871 5500 an
920 5462 1008 5503 me
1054 5461 1231 5507 servet
1278 5454 1436 5512 Deus.
1469 5458 1578 5516 lloc
1604 5439 1765 5520 etiam

203 5528 407 5589 Christo
447 5532 585 5589 dixit
636 5533 908 5603 diabolus,
966 5537 1112 5596 Mitte
1164 5552 1210 5597 te
1261 5545 1497 5602 deorsum
1551 5550 1759 5622 (Matth.

200 5622 248 5676 t.
294 5622 389 5695 6).
443 5623 608 5681 Vides
660 5628 800 5697 quod
860 5633 966 5686 hoc
1040 5634 1109 5714 sit
1158 5634 1511 5710 diabolicum,
1564 5653 1764 5703 temere

198 5721 249 5767 et
299 5716 685 5773 inconsiderate
730 5734 792 5777 so
832 5721 883 5774 in
934 5725 1163 5791 pericula
1191 5728 1491 5801 conjicere,
1534 5744 1589 5790 et
1640 5746 1755 5793 ten-

201 5815 303 5862 tare
339 5826 404 5863 an
438 5810 580 5866 Deus
616 5814 934 5869 conservet?
982 5815 1073 5870 Eis
1115 5821 1256 5877 enim
1308 5839 1535 5894 prmesse
1564 5839 1613 5884 et
1664 5846 1759 5886 eos

519 5906 790 5970 Parnot.
837 5911 951 5973 Gtt.
1003 5914 1223 5979 LXIII.

1012 424 1073 480 IN
1116 423 1323 480 f-ll'lST.
1356 422 1442 477 AD
1482 421 1843 480 HEBRIEOS.
1887 418 2036 476 CAP.
2072 413 2158 467 XI.
2215 416 2445 474 1105111..
2492 415 2678 475 XXVI.

3360 418 3462 473 182

1887 538 2113 610 amplius
2163 532 2448 590 defendere
2500 545 2604 584 non
2650 534 2900 600 poterat,
2946 541 3066 582 cum
3113 536 3220 585 tam
3268 528 3458 601 ingrati

1880 639 2060 691 essent
2080 627 2265 689 animi,
2288 625 2377 695 qui
2404 622 2773 677 alficiehantur
2794 620 3054 675 beneficio
3080 636 3095 675 :
3122 620 3309 677 fuisset
3330 638 3459 694 ergo

1884 723 2111 781 stultitia
2140 729 2194 775 et
2225 718 2417 773 mentis
2450 714 2693 771 vecordia
2728 713 2835 768 illic
2870 716 3107 769 manere.
3132 713 3257 769 llaec
3279 725 3457 769 autem

1877 816 2053 873 omnia
2079 813 2214 868 facta
2241 818 2367 865 sunt
2388 851 2401 873 ,
2432 806 2572 879 quod
2601 806 2671 861 ita
2694 805 2957 860 tolerabat
2980 814 3249 874 tamquam
3270 806 3457 862 videns

1877 922 1999 963 eum
2028 904 2117 975 qui
2158 916 2262 956 non
2316 898 2458 955 cadit
2507 898 2607 952 sub
2657 894 3036 967 aspectum.(a)
3100 895 3154 950 Si
3198 910 3327 966 ergo
3358 914 3457 951 nos

1876 1009 2088 1067 quoque
2103 994 2267 1047 Deum
2282 998 2458 1044 mente
2474 1000 2686 1055 semper
2700 984 2995 1048 videamus,
3014 984 3125 1038 siin
3140 985 3256 1053 ejus
3272 1000 3448 1041 recor.

1874 1088 2089 1143 datione
2116 1097 2327 1151 semper
2344 1088 2577 1134 nostram
2598 1090 2875 1132 versemus
2885 1076 3283 1146 cogitationem,
3300 1080 3453 1132 nobis

1873 1177 2048 1234 omnia
2071 1188 2284 1243 semper
2309 1179 2466 1227 erunt
2497 1168 2694 1235 facilia,
2724 1167 2905 1222 omnia
2929 1166 3245 1234 tolerabilia,
3268 1170 3447 1223 omnia

1872 1271 2026 1327 facile
2067 1268 2332 1329 feremus,
2378 1263 2580 1319 erimus
2606 1258 2859 1315 omnibus
2884 1260 3211 1329 superiores.
3240 1257 3295 1315 Si
3326 1263 3447 1331 quis

1868 1366 2010 1418 enim
2052 1360 2241 1415 videns
2286 1357 2577 1419 dilectum,
2618 1352 2702 1407 vel
2731 1350 2909 1420 potius
2953 1350 3070 1421 ejus
3115 1352 3440 1416 recordans,

1865 1453 2099 1524 exsurgit
2126 1442 2305 1505 animo
2329 1456 2385 1503 et
2407 1455 2587 1502 mente
2614 1444 2672 1497 fit
2691 1440 2927 1508 sublimi,
2951 1454 3003 1498 et
3020 1443 3197 1498 omnia
3238 1442 3341 1499 fert
3368 1444 3445 1498 fa-

1866 1550 1985 1612 cile,
2007 1562 2069 1602 ex
2100 1544 2217 1615 ejus
2242 1538 2497 1596 memoria
2526 1537 2741 1607 capiens
2756 1535 3083 1605 voluptatem
3111 1535 3234 1607 :qui
3265 1547 3444 1591 versat

1864 1640 1917 1693 in
1933 1636 2255 1709 cogitatione
2280 1646 2405 1686 eum
2430 1631 2519 1701 qui
2549 1643 2647 1683 nos
2667 1640 2793 1683 vere
2819 1627 3067 1698 dignatus
3082 1637 3164 1682 est
3188 1642 3369 1683 amare
3386 1639 3441 1684 et

1866 1731 1983 1801 ejus
2025 1726 2296 1789 meminit,
2328 1722 2541 1795 quando
2584 1721 2665 1776 vel
2694 1718 2975 1775 molestum
3005 1719 3204 1789 aliquid
3245 1722 3440 1776 sentiet

1867 1810 1949 1860 vel
1982 1807 2216 1862 terribile
2240 1819 2294 1861 et
2317 1809 2674 1877 periculosum
2704 1807 3024 1863 extimescet
3047 1806 3075 1859 τ
3100 1804 3315 1877 quando
3340 1808 3449 1861 erit

1868 1899 2061 1967 pusillo
2087 1907 2141 1954 et
2186 1899 2394 1969 abjecto
2423 1899 2652 1954 animo?
2693 1898 3011 1970 Numquam.
3062 1899 3253 1954 Omnia
3302 1902 3445 1954 enim

1866 1988 2020 2041 nobis
2046 1988 2292 2043 videntur
2318 1987 2591 2055 difficilia,
2621 1989 2763 2059 quod
2804 1989 2897 2043 Dei
2928 1987 3127 2043 nullam
3155 1987 3450 2044 habeamus

1866 2078 2180 2132 memoriam
2208 2088 2265 2133 ut
2306 2078 2503 2135 trahere
2532 2088 2780 2150 oportet,
2813 2078 2956 2150 quod
2986 2093 3091 2133 non
3120 2093 3244 2133 eum
3276 2079 3329 2134 in
3355 2095 3447 2134 eo-

1864 2172 2119 2240 gitatione
2154 2182 2414 2241 perpetuo
2437 2172 2877 2228 circumferamus
2905 2190 2919 2229 :
2956 2172 3150 2227 merito
3178 2173 3320 2228 enim
3351 2190 3446 2227 no-

1866 2261 1947 2317 bis
1972 2261 2196 2327 dixerit,
2223 2260 2433 2317 Oblitus
2460 2276 2521 2317 es
2550 2262 2692 2331 mei,
2721 2277 2821 2335 ego
2865 2277 3077 2334 quoque
3123 2265 3196 2318 tui
3249 2264 3445 2318 oblivi—

1865 2368 1984 2408 sear
2017 2371 2030 2407 :
2060 2363 2115 2408 et
2142 2354 2340 2424 duplici
2370 2354 2578 2410 ratiOne
2609 2353 2669 2409 fit
2697 2355 2916 2422 malum,
2950 2354 3093 2425 quod
3120 2363 3175 2410 et
3200 2368 3299 2410 nos
3327 2354 3445 2424 ejus

1864 2445 2261 2510 obliviscamur,
2288 2455 2343 2501 et
2360 2446 2475 2515 ipse
2495 2444 2685 2500 nostri.
2711 2444 2837 2500 llzec
2857 2447 3000 2501 enim
3028 2446 3136 2501 duo
3156 2453 3279 2501 sunt
3306 2446 3445 2501 inter

1864 2551 1923 2593 se
1950 2538 2162 2608 quidem
2192 2538 2468 2608 complexa
2486 2579 2503 2604 ,
2529 2547 2657 2593 sunt
2678 2546 2854 2593 tamen
2880 2538 3006 2593 duo.
3032 2538 3164 2594 Nam
3193 2554 3442 2609 magnam

1864 2627 2077 2697 quidem
2105 2642 2217 2682 rem
2244 2625 2367 2682 facit
2407 2626 2500 2681 Dei
2527 2627 2819 2693 memoria;
2862 2643 3107 2697 magnam
3156 2630 3341 2696 etiam,
3388 2642 3443 2684 et

1864 2715 2003 2787 quod
2028 2731 2123 2770 nos
2144 2731 2266 2771 eum
2284 2715 2573 2772 habeamus
2596 2717 2650 2772 in
2666 2716 3075 2773 memoriaJlaec
3089 2712 3285 2770 facitut
3304 2718 3446 2773 bona

1865 2808 2119 2878 eligamus
2137 2825 2152 2873 ;
2174 2806 2286 2875 illa,
2299 2815 2360 2863 ut
2373 2806 2739 2879 perficiamus,
2750 2809 2881 2864 etad
2896 2807 3056 2864 finem
3098 2809 3439 2867 deducamus.

1868 2899 2152 2971 Propterea
2177 2899 2304 2954 dicit
2324 2900 2581 2971 propheta
2606 2913 2622 2955 :
2650 2900 2848 2955 Mentor
2892 2918 2978 2956 ero
2998 2904 3072 2955 tui
3092 2902 3155 2957 de
3174 2912 3307 2957 terra
3330 2904 3445 2958 Jor-

1866 2990 2033 3057 danis,
2058 2998 2103 3043 et
2120 2986 2437 3043 Hermoniim
2454 3006 2485 3043 a
2502 2999 2671 3044 monte
2702 2990 2902 3046 modico
2935 2989 3300 3063 (Ρωι.ιι.7).
3318 2993 3445 3048 ﬂare

1865 3082 1993 3137 dicit
2020 3080 2244 3151 populus
2265 3081 2355 3151 qui
2377 3088 2493 3136 erat
2515 3081 2568 3135 in
2599 3080 2868 3153 Babylone
2882 3080 3105 3150 ,Πανιω-
3123 3099 3211 3138 ero
3227 3084 3320 3139 tiri.

1933 3175 1989 3229 4.
2033 3173 2176 3244 Ergo
2204 3183 2258 3227 ct
2303 3188 2432 3239 nos,
2478 3173 2649 3245 utqui
2679 3173 2847 3229 simus
2891 3174 2945 3228 in
2994 3173 3300 3247 Babylone,
3328 3174 3444 3231 hate

1863 3266 2121 3320 dicamus.
2150 3264 2261 3319 Etsi
2285 3264 2427 3319 enim
2458 3279 2564 3319 non
2589 3264 2841 3320 sedemus
2867 3264 3009 3319 inter
3032 3265 3236 3335 hostes,
3258 3280 3445 3323 sumus

1866 3366 2043 3411 tamen
2072 3355 2213 3411 inter
2240 3355 2507 3410 inimicos.
2535 3354 2669 3411 Nam
2698 3370 2765 3411 ex
2796 3356 2905 3412 illis
2930 3357 3019 3422 alii
3048 3358 3262 3430 quidem
3287 3362 3442 3415 sede-

1863 3449 1990 3504 bant
2017 3456 2283 3517 tamquam
2328 3447 2526 3517 captivi
2551 3463 2566 3501 :
2591 3446 2679 3501 alii
2704 3456 2882 3502 autem
2911 3462 2979 3503 ne
3002 3449 3302 3505 sentiebant
3325 3454 3442 3522 qui-

1863 3539 1985 3595 dem
2010 3539 2396 3608 captivitatem,
2424 3547 2483 3591 ut
2506 3537 2711 3604 Daniel,
2743 3548 2802 3593 ut
2828 3548 2937 3595 tres
2958 3539 3132 3610 pueri,
3176 3541 3444 3611 quietiam

1865 3648 1985 3688 cum
2014 3640 2198 3687 essent
2241 3632 2293 3685 in
2322 3631 2665 3701 captivitate,
2716 3633 2833 3703 ipso
2880 3648 3039 3705 rege,
3086 3636 3175 3705 qui
3222 3651 3317 3693 eos
3343 3638 3440 3692 ab-

1862 3722 2087 3780 duxerat
2130 3723 2183 3777 in
2226 3724 2619 3792 captivitatem,
2650 3732 2803 3778 erant
2846 3725 2900 3778 in
2939 3725 3028 3779 illa
3073 3726 3185 3797 ipsa
3224 3728 3443 3798 regione

1862 3817 2116 3873 clariores
2146 3834 2158 3869 :
2189 3816 2387 3872 etenim
2432 3818 2674 3886 captivos
2701 3816 2961 3873 adorabat
3002 3819 3056 3873 is
3086 3819 3175 3889 qui
3219 3820 3443 3875 abduxit

1861 3911 1914 3966 in
1944 3910 2327 3981 captivitatem.
2375 3907 2564 3963 Vidisti
2595 3917 2794 3978 quanta
2821 3923 2909 3963 res
2933 3911 3002 3963 sit
3028 3910 3236 3964 virtus?
3266 3912 3441 3968 Etiam

1860 4020 1982 4061 cum
2022 4012 2203 4059 essent
2231 4002 2283 4056 in
2330 4001 2640 4071 captivitate
2670 4001 2928 4057 adorabat
2967 4012 3241 4073 tamquam
3264 4004 3439 4060 domi-

1861 4112 1979 4153 nos.
2010 4095 2100 4150 Ille
2119 4109 2249 4164 ergo
2272 4104 2389 4149 erat
2416 4093 2660 4164 captivus
2686 4095 2854 4166 magis
2880 4111 3036 4164 quam
3063 4095 3139 4151 hi.
3174 4097 3289 4151 Non
3313 4096 3437 4153 fuis-

1858 4202 1941 4246 set
1966 4205 2117 4260 teque
2138 4187 2467 4251 mirandum,
2498 4186 2545 4241 si
2573 4201 2694 4241 cum
2719 4199 2901 4243 essent
2923 4188 2975 4242 in
3002 4202 3096 4242 sua
3129 4190 3323 4261 patria,
3352 4192 3442 4245 ill-2

1857 4284 2079 4339 veniens
2111 4295 2207 4336 eos
2240 4279 2547 4346 adorasset,
2580 4292 2672 4335 aut
2701 4281 2747 4335 si
2796 4280 2903 4336 illic
2941 4293 3258 4352 regnasscnt
3291 4302 3305 4338 :
3343 4287 3442 4339 mi-

1858 4377 2025 4433 rabile
2054 4383 2137 4430 est
2161 4383 2345 4427 autem
2375 4371 2518 4441 quod
2544 4387 2665 4427 cum
2691 4386 2787 4427 eos
2815 4371 3095 4437 vinxisset,
3122 4381 3177 4429 et
3200 4376 3441 4445 captivos

1859 4472 1911 4525 in
1942 4475 2202 4537 potestate
2248 4477 2343 4519 sua
2387 4463 2645 4529 haberet,
2684 4463 2939 4519 omnibus
2979 4463 3287 4522 videntibus
3330 4482 3437 4521 non

1869 4551 2065 4621 puduit
2089 4569 2186 4609 eos
2227 4555 2480 4622 adorare,
2520 4567 2578 4614 et
2614 4557 2806 4621 uanas
2835 4556 3031 4612 libare.
3061 4552 3274 4610 Videtis
3299 4552 3447 4621 quod

1855 4659 1960 4703 .res
1988 4644 2087 4700 Dei
2112 4653 2244 4701 sunt
2285 4664 2475 4705 revera
2519 4652 2820 4720 prmelarz,
2851 4662 2939 4704 res
2975 4655 3158 4702 autem
3199 4644 3452 4699 humanm

1862 4749 1989 4797 sunt
2016 4741 2248 4796 umbra?
2281 4741 2564 4812 lgporabat
2592 4756 2721 4812 ergo
2764 4756 2825 4796 se
2851 4742 2951 4794 sibi
2981 4741 3231 4796 dominos
3277 4740 3449 4796 addu-

1863 4834 1988 4891 cer'e
2010 4875 2026 4901 ,
2053 4842 2109 4890 et
2128 4849 2263 4906 quos
2288 4842 2405 4889 erat
2432 4833 2751 4895 adoraturus
2769 4876 2785 4899 ,
2815 4847 2911 4888 eos
2932 4833 3078 4903 ipsos
3102 4833 3155 4888 in
3176 4831 3446 4889 fornacem

1866 4927 2117 4996 injicere;
2140 4925 2236 4982 sed
2259 4925 2363 4981 hoc
2389 4926 2495 4982 illis
2520 4935 2635 4983 erat
2662 4928 2831 4981 instar
2850 4927 3072 4983 somnii.

1938 5015 2247 5071 Timentibus
2276 5017 2443 5072 Deum
2462 5018 2594 5071 nihil
2614 5018 2899 5072 molestum.
2927 5047 3001 5059 —
3022 5017 3337 5074 Timeamus
3360 5034 3446 5074 cr-

1859 5125 1927 5178 go
1946 5154 1961 5177 ,
1985 5125 2017 5163 ο
2039 5103 2256 5175 dilecti,
2290 5110 2573 5165 timeamus
2613 5109 2779 5184 Deum
2811 5127 2823 5163 :
2855 5109 2980 5164 licet
3000 5109 3172 5165 simus
3201 5111 3254 5165 in
3278 5112 3446 5180 capti-

1864 5203 2054 5269 vitate,
2094 5202 2293 5258 erimus
2335 5202 2574 5256 omoium
2595 5200 2879 5257 clarissimi
2906 5219 2919 5253 :
2944 5201 3085 5255 adsit
3124 5202 3282 5259 timor
3312 5201 3439 5267 Dei,

1861 5303 1915 5348 ct
1964 5293 2095 5348 nihil
2139 5293 2242 5349 erit
2271 5293 2596 5359 molestum,
2626 5293 2741 5348 sive
2782 5293 2984 5348 dixeris
3034 5300 3441 5362 paupertatem,

1859 5387 1973 5441 sive
2023 5385 2269 5440 morbum
2292 5427 2307 5451 ,
2337 5374 2453 5440 sive
2477 5384 2841 5455 captivitatem
2867 5425 2882 5449 ,
2930 5382 3046 5439 sive
3086 5385 3438 5449 servitutem,

1859 5475 1971 5531 sive
1998 5476 2206 5548 quidvis
2247 5476 2568 5542 molestum;
2593 5475 2688 5531 sed
2714 5475 2807 5530 illa
2847 5476 2958 5544 ipsa
2986 5474 3141 5531 nobis
3176 5489 3335 5546 opem
3358 5476 3438 5531 [ρ-

1860 5576 1976 5623 rent
2004 5567 2070 5622 ad
2099 5568 2392 5623 contraria.
2422 5567 2527 5637 Ipsi
2553 5574 2707 5623 erant
2727 5565 2954 5636 captivi,
2986 5576 3042 5622 et
3060 5581 3157 5623 rex
3185 5581 3282 5624 eos
3304 5568 3438 5622 ado-

1861 5658 1997 5712 ravit
2027 5677 2039 5712 :
2071 5657 2535 5712 tabernaculorum
2564 5657 2739 5728 opifex
2785 5664 2902 5712 erat
2928 5656 3159 5726 Paulus,
3192 5667 3247 5712 et
3274 5657 3325 5714 ei
3352 5672 3440 5710 sa-

1942 5829 2013 5891 (tl)
2040 5828 2127 5878 llic
2150 5843 2346 5893 quoque
2370 5830 2526 5885 hiatus
2550 5830 2772 5883 habetur.

3049 5937 3124 5997 1‘3
