4134 6342
664 457 756 512 {33

656 573 962 633 eriticabant
1007 577 1273 635 tamquam
1307 561 1431 614 Deo.
1484 553 1577 606 ilic
1621 552 1788 604 oritur
1831 544 2079 617 quu‘stio,
2113 556 2211 590 cur

659 664 881 735 apostoli
904 658 1289 731 prohibuerunt
1314 647 1569 705 sacritleia
1593 686 1607 708 ,
1636 657 1729 695 sua
1762 639 2075 694 vestimenta
2126 636 2206 689 di-

665 727 961 816 scideruttt,
1004 756 1056 803 ct
1099 761 1129 800 a
1160 751 1334 811 empto
1373 754 1466 793 eos
1492 735 1841 796 abduxerunt,
1873 738 1927 785 et
1954 727 2211 783 ﬂeverunt

661 847 897 900 dicentes
915 884 929 906 ,
964 840 1097 905 Quid
1144 833 1352 906 facitis?
1378 841 1423 885 et
1450 846 1539 882 nos
1565 826 1799 881 mortales
1826 838 1997 878 sumus
2024 820 2212 874 similes

662 937 794 992 vobis
820 933 1039 987 homines
1063 928 1200 996 (Act.
1233 925 1317 980 14.
1348 922 1439 991 ii)
1477 939 1490 974 :
1520 918 1699 973 Daniel
1726 924 1898 968 autem
1928 912 2055 967 nihil
2091 910 2212 965 fecit

666 1022 985 1096 hujusmodi.
1032 1018 1163 1073 Nam
1207 1013 1347 1085 quod
1381 1012 1494 1081 ipse
1527 1022 1736 1079 quoque
1776 1013 1918 1060 esset
1962 1001 2210 1066 humilis,

667 1128 715 1173 et
738 1095 866 1169 non
910 1111 1081 1165 minus
1122 1120 1279 1177 quam
1312 1103 1411 1174 ipsi
1465 1101 1571 1154 Deo
1615 1096 1826 1153 offerret
1864 1095 2082 1164 gloriam
2106 1135 2120 1160 ,
2148 1108 2211 1149 ex

666 1204 840 1259 multis
881 1198 1092 1271 quidem
1132 1206 1215 1252 eSt
1257 1191 1616 1262 perspicuum.
1658 1185 1886 1240 Maxime
1909 1183 2118 1253 quidem
2161 1192 2217 1237 et

668 1302 786 1349 ante
812 1290 989 1346 omnia
1019 1303 1085 1344 ex
1111 1301 1176 1340 eo
1200 1282 1340 1355 quod
1368 1297 1396 1335 a
1426 1281 1534 1334 Deo
1559 1278 1869 1347 diligeretur
1899 1275 1999 1329 hoc
2027 1286 2171 1345 patet
2197 1294 2209 1329 :

673 1401 779 1440 non
802 1381 944 1437 enim
967 1379 1138 1448 ipsum
1160 1375 1251 1429 Dei
1270 1373 1521 1426 honorem
1540 1366 1636 1422 sibi
1658 1378 1993 1434 usurpantem
2012 1365 2221 1420 sivisset

674 1475 871 1535 vivere,
904 1467 1096 1523 nedum
1124 1478 1241 1519 esse
1269 1462 1319 1514 in
1344 1460 1541 1514 honore
1569 1465 1623 1510 et
1659 1455 2045 1510 existimatione
2088 1470 2101 1507 :
2131 1469 2216 1508 sc-

669 1561 841 1619 cundo
861 1568 1058 1623 autem,
1086 1554 1222 1623 quod
1245 1565 1362 1606 cum
1385 1550 1545 1604 multa
1569 1547 1807 1601 libertate
1827 1546 2033 1600 dicebat
2054 1565 2065 1597 :
2090 1545 2225 1600 Mihi

668 1669 879 1722 quoque,
906 1667 933 1703 ο
950 1663 1053 1711 rex,
1071 1661 1167 1697 non
1188 1651 1237 1696 tu
1253 1641 1643 1712 sapientia,qna:
1668 1649 1741 1691 est
1765 1639 1813 1689 in
1845 1638 2221 1703 mc,revelatum

669 1745 844 1799 esthoc
874 1738 1157 1810 mysterium
1180 1734 1333 1805 (Dan.
1357 1730 1516 1799 2.50)
1549 1748 1561 1783 :
1593 1739 1646 1783 et
1675 1731 1828 1782 tertio
1871 1743 2070 1795 rursus,
2100 1729 2219 1798 quia

670 1838 722 1891 in
754 1834 865 1887 lacu
890 1839 1002 1886 erat
1027 1836 1240 1898 propter
1265 1825 1425 1879 Deum
1446 1840 1461 1887 ;
1479 1833 1532 1875 et
1557 1820 1762 1889 quando
1780 1820 1951 1873 cibum
1975 1823 2021 1874 ei
2050 1822 2223 1876 attulit

673 1924 926 1997 praphcta
957 1937 972 1973 :
1007 1916 1308 1971 Iiecordatus
1344 1924 1434 1978 est,
1466 1912 1663 1980 inquit,
1698 1912 1789 1963 utei
1817 1910 1954 1964 Deus
1983 1909 2139 1981 (Dan.
2170 1913 2222 1973 4,

675 2009 764 2078 37)
791 2025 805 2062 :
836 2007 968 2062 adeo
996 2014 1109 2061 erat
1133 2003 1343 2059 humilis
1362 2012 1413 2058 et
1434 2010 1711 2057 contritus.
1738 1999 1791 2052 lu
1823 1999 1936 2051 lacu
1963 2007 2074 2050 erat
2101 2009 2223 2063 pro-

680 2108 793 2165 pter
825 2096 983 2149 Deum
1004 2135 1019 2159 ,
1050 2103 1101 2148 et
1124 2108 1180 2148 se
1205 2092 1470 2162 indignum
1498 2090 1836 2145 existimabat
1872 2098 1925 2141 ut
1971 2089 2084 2155 ejus
2140 2100 2219 2139 rc-

662 2185 1003 2249 "eordaretur,
1027 2194 1081 2238 et
1108 2192 1163 2237 ut
1186 2182 1543 2238 exaudiretur.
1567 2180 1672 2234 Nos
1695 2188 1868 2232 autem
1911 2192 2029 2232 cmn
2072 2176 2225 2229 innu-

683 2276 949 2329 merabilia
980 2274 1296 2329 exsecranda
1342 2273 1624 2327 audeamus
1655 2270 1956 2343 admittere,
1987 2275 2040 2321 et
2066 2269 2228 2321 simus

682 2368 915 2420 omnium
934 2364 1321 2419 sceleratissimi
1345 2361 1633 2418 etmaxime
1650 2359 1979 2425 essecrandi,
2008 2360 2051 2412 si
2077 2373 2178 2411 non
2202 2372 2229 2409 a

688 2458 856 2523 prima
885 2457 1200 2524 precatione
1231 2454 1481 2508 fuerimus
1505 2452 1757 2518 exauditi,
1785 2450 2099 2506 recedimus.
2124 2450 2229 2503 Re-

686 2562 811 2600 vera
845 2548 1063 2600 ntuitum
1084 2546 1233 2599 inter
1260 2544 1379 2597 illos
1408 2553 1458 2596 et
1484 2559 1583 2597 nos
1611 2543 1851 2607 interest,
1879 2551 2129 2608 quantum
2157 2541 2232 2592 in-

688 2649 767 2693 ter
805 2639 987 2693 caelum
1031 2646 1085 2690 et
1114 2645 1341 2697 terram,
1368 2644 1419 2688 et
1464 2634 1507 2687 si
1539 2633 1661 2701 quid
1702 2641 1784 2686 est
1824 2632 2065 2700 amplius.
2098 2631 2232 2698 Quid

687 2729 860 2783 dicis?
888 2737 1002 2797 post
1037 2735 1140 2779 tam
1184 2725 1349 2779 multa
1379 2735 1521 2777 recte
1548 2732 1600 2776 ct
1629 2723 1878 2792 prmclzirc
1904 2734 2049 2791 gesta
2069 2764 2084 2787 ,
2119 2734 2237 2793 post

688 2818 998 2873 miraculum
1048 2817 1097 2870 in
1145 2815 1258 2869 laeu
1304 2812 1535 2878 factum,
1564 2813 1696 2869 adeo
1736 2814 1984 2870 humilem
2026 2825 2074 2871 te
2121 2832 2238 2871 esse

691 2905 1213 2970 existimas?Certe,
1261 2905 1462 2975 inquit,
1510 2922 1631 2960 nam
1670 2922 2012 2978 quzeeumque
2052 2906 2239 2963 feet-rio

691 3016 841 3062 mus,
872 2999 1009 3054 servi
1050 2997 1261 3052 inutiles
1304 3011 1486 3051 sumus
1522 2995 1670 3066 (Luc.
1715 2998 1801 3052 l7.
1843 2997 1955 3065 10).
2000 2998 2072 3052 Ita
2119 3010 2240 3054 ante

693 3091 906 3161 longum
936 3098 1142 3158 tempus
1171 3087 1412 3156 implevit
1431 3088 1790 3156 evangelicum
1824 3100 2163 3158 prtcceptum,
2188 3103 2241 3146 et

693 3195 752 3234 se
785 3180 913 3234 nihil
938 3179 1295 3237 existimabat.
1332 3176 1467 3231 Deus
1487 3217 1501 3240 ,
1528 3176 1829 3247 inquiebat,
1861 3181 1957 3233 mei
1985 3191 2055 3233 est
2072 3199 2241 3236 recer-

698 3274 865 3325 datus.
902 3271 1027 3339 Ejus
1074 3283 1258 3325 rursus
1282 3268 1451 3322 oratio
1480 3268 1597 3323 vide
1626 3278 1817 3338 quanta
1856 3270 2007 3338 plena
2051 3272 2118 3325 sit
2144 3272 2243 3327 lm-

698 3362 957 3417 militate?
979 3362 1066 3416 Sir
1092 3369 1145 3415 et
1167 3370 1275 3414 tres
1302 3360 1449 3428 pueri
1478 3358 1719 3413 dicebant
1747 3377 1759 3411 :
1785 3358 2126 3426 Peccavimus,
2145 3364 2245 3416 ini-

696 3470 791 3523 que
829 3454 1018 3524 egimus
1046 3450 1262 3519 (Dan.3.
1304 3449 1431 3519 39);
1478 3450 1744 3519 ctuhiqne
1770 3465 1916 3505 suam
1962 3453 2249 3510 ostendunt

700 3544 1069 3598 humilitatem.
1092 3542 1246 3610 Atqui
1277 3540 1458 3595 Daniel
1480 3540 1701 3594 habebat
1726 3542 2134 3600 innumerabiles
2162 3546 2247 3601 sui

703 3633 985 3689 extollendi
1011 3633 1351 3695 occasiones,
1386 3629 1478 3684 sed
1516 3630 1716 3686 sciebat
1744 3632 1885 3700 quod
1930 3634 2041 3689 lure
2076 3636 2247 3690 omnia

706 3726 753 3779 ei
776 3726 995 3780 aderant
1022 3736 1088 3778 eo
1115 3722 1253 3793 quod
1292 3736 1394 3775 non
1431 3721 1794 3786 extollere-tur,
1822 3738 1919 3777 nec
1952 3724 2251 3781 thesaurum

706 3816 961 3884 eorrupit.
978 3812 1106 3868 Nam
1125 3812 1259 3882 apud
1282 3824 1466 3866 omnes
1481 3809 1719 3866 homines
1733 3821 1786 3865 et
1802 3811 1851 3866 in
1871 3813 2113 3869 universo
2129 3816 2253 3872 orbe

711 3920 968 3962 terrarum
999 3918 1102 3957 non
1130 3913 1343 3971 propter
1370 3900 1481 3954 lure
1501 3900 1669 3954 soluat
1701 3901 2096 3971 dominabatur,
2117 3906 2254 3975 quod

711 4012 802 4051 rex
826 3998 875 4048 in
901 3993 1089 4048 faciem
1109 3990 1394 4062 prociderit
1415 3989 1524 4043 etei
1550 3990 1809 4058 libaverit,
1829 3990 1920 4045 sed
1943 3993 2081 4063 quod
2104 3994 2256 4051 deum

711 4105 831 4145 eum
848 4086 1226 4144 existimaverit
1256 4085 1320 4147 is,
1350 4084 1439 4155 qui
1476 4084 1666 4155 ubique
1702 4094 1957 4142 terrarum
1998 4097 2258 4160 tamquam

713 4181 843 4236 deus
887 4177 1263 4233 honorabatur.
1304 4176 1433 4231 Nam
1486 4177 1596 4246 ipse
1628 4176 1680 4229 in
1736 4178 2031 4233 universam
2070 4189 2261 4236 terram

715 4269 987 4326 obtinebat
1035 4267 1359 4321 dominatum
1396 4266 1484 4319 :id
1527 4267 1666 4337 quod
1710 4277 1791 4322 est
1834 4270 2161 4338 perSpicuum
2200 4288 2265 4327 ex

717 4359 943 4416 Ieremia
964 4375 978 4411 τ
1002 4356 1099 4421 Qui
1128 4366 1329 4421 terram,
1354 4355 1537 4424 inquit,
1560 4357 1719 4410 induit
1740 4367 1988 4427 tamquam
2012 4362 2269 4416 vestimen-

719 4464 823 4507 tum
864 4451 994 4521 (Jer.
1031 4449 1120 4503 27.
1157 4446 1232 4519 6);
1249 4458 1301 4502 et
1323 4446 1630 4518 rnrsUszEgo
1658 4460 1765 4503 eam
1788 4450 1902 4503 dedi
1926 4450 2267 4508 Nabuchodo-

721 4561 869 4598 nosor
886 4557 1024 4595 serra
1040 4557 1163 4593 meo.
1190 4538 1327 4593 Etcx
1354 4538 1416 4592 iis
1429 4554 1544 4608 qua:
1562 4538 1738 4594 serihit
1760 4540 1861 4594 hoc
1887 4557 2066 4616 rursus
2086 4543 2269 4616 liquet,

723 4636 863 4704 quod
889 4644 993 4685 non
1016 4626 1192 4679 solum
1218 4620 1328 4676 illic
1357 4620 1600 4679 abierat,
1633 4616 1926 4671 habebatur
1950 4615 2001 4668 in
2029 4615 2253 4666 admira-

726 4722 888 4787 tione,
924 4723 1016 4775 sed
1055 4716 1213 4771 etiam
1246 4713 1459 4781 ubique,
1488 4720 1539 4764 ct
1576 4709 1747 4777 major
1784 4706 2078 4761 habebatur
2104 4718 2260 4774 quam

721 4809 771 4865 si
802 4812 1088 4879 praesentes
1111 4818 1230 4858 eum
1268 4801 1527 4856 vidissent
1565 4798 1782 4867 reliquae
1812 4802 2025 4867 gentes,
2050 4791 2264 4864 quando

721 4900 882 4955 etiam
904 4896 1072 4951 literis
1097 4893 1407 4949 servitutem
1437 4888 1718 4944 confessus
1737 4898 1821 4943 est
1843 4894 1897 4940 et
1923 4884 2261 4940 miraculum.

724 4988 827 5046 Sed
848 5003 1036 5043 rursus
1059 4985 1351 5039 habebatur
1373 4983 1426 5037 in
1446 4980 1801 5036 admiratione
1823 4988 2038 5048 propter
2057 4976 2265 5046 sapien-

722 5082 873 5134 tiam.
900 5076 1041 5131 Nam
1069 5086 1123 5129 tu
1149 5092 1226 5139 es,
1263 5073 1460 5143 inquit,
1486 5073 1769 5141 sapientior
1801 5069 2011 5123 Daniele
2047 5065 2260 5139 (Ezech.

715 5170 808 5226 .28.
840 5170 928 5237 '5)?
954 5170 1018 5224 Et
1061 5178 1183 5238 post
1227 5166 1339 5221 hate
1376 5166 1553 5219 omnia
1597 5162 1731 5218 adeo
1765 5170 1880 5218 erat
1924 5159 2169 5224 humilis,
2207 5166 2265 5213 ut

725 5260 917 5315 millies
946 5269 1162 5330 propter
1192 5256 1473 5310 Dominum
1502 5264 1647 5309 esset
1672 5254 1982 5307 moriturus.

790 5349 843 5405 5.
874 5349 981 5403 Cur
1005 5362 1150 5417 ergo,
1173 5361 1295 5401 cum
1330 5351 1471 5399 esset
1508 5342 1641 5397 adeo
1668 5340 1904 5403 humilis,
1935 5352 2040 5392 non
2068 5335 2263 5406 repulit

724 5454 896 5509 neque
920 5437 1063 5509 regis
1089 5436 1450 5491 adorationem
1466 5474 1482 5495 .
1505 5447 1679 5503 neque
1708 5428 1993 5485 libamina?
2024 5425 2134 5481 lloc
2154 5440 2260 5480 non

722 5529 925 5597 dicam;
949 5527 1077 5583 mihi
1101 5525 1243 5581 enim
1266 5525 1456 5581 sullicit
1477 5525 1649 5581 solum
1672 5523 1848 5576 dicere
1870 5518 2212 5591 quastionem
2241 5533 2257 5572 :

1352 447 1406 502 5.
1446 437 1717 498 JOANNlS
1752 425 2207 489 ςιιιιγεοοετυλιι
2248 422 2557 479 AltClllEP.
2597 417 3119 476 CONSTANTINOI‘.

3778 409 3863 459 1ἶὶ

2324 548 2465 617 quod
2500 547 2762 616 reliquum
2798 554 2879 598 est
2919 541 3071 595 vobis
3107 538 3337 601 dimitto,
3358 536 3514 589 utvel
3536 534 3618 586 sic
3642 540 3877 585 tt:€2'.l"tt',

2326 648 2553 694 vestram
2574 638 2818 693 excitem.
2836 633 2967 687 lilud
2989 647 3113 688 vero
3136 644 3346 693 moueo,
3366 636 3422 681 ut
3450 628 3630 678 munia
3658 632 3874 693 propter

2324 728 2413 785 Dei
2450 733 2695 786 timorem
2734 727 2963 796 eligatis,
2983 740 3103 781 eum
3128 724 3252 778 talia
3276 721 3515 775 habeatis
3534 716 3805 783 exempla,
3827 721 3876 766 et

2316 821 2458 890 quod
2479 830 2626 875 certo
2646 836 2705 875 ea
2723 834 2938 888 quoque
2952 831 3071 885 quat
3091 817 3179 869 hic
3192 823 3317 869 sunt
3338 825 3712 880 assequemur,
3731 806 3775 861 si
3798 804 3879 859 iu»

2316 921 2435 964 tura
2456 911 2666 965 sincere
2688 906 3175 978 apprehendamus.
3214 904 3344 957 Nam
3368 902 3509 973 quod
3537 900 3639 953 hoc
3660 913 3770 951 non
3797 898 3874 951 fe—

2314 1001 2449 1056 cerit
2468 1016 2531 1054 ex
2555 1001 2886 1069 arrogantia,
2916 997 3257 1067 perspicuum
3282 1005 3450 1049 estex
3470 1006 3535 1047 eo
3555 989 3699 1059 quod
3722 989 3875 1042 dive-

2319 1091 2561 1156 rit,Dona
2582 1100 2672 1143 tua
2692 1092 2795 1142 sint
2816 1090 2907 1141 tibi
2929 1087 3087 1154 (Dan.
3105 1086 3157 1139 5.
3180 1085 3287 1151 Π).
3306 1083 3511 1137 Etenim
3533 1090 3613 1135 est
3632 1080 3747 1134 lucc
3770 1077 3875 1131 alia

2315 1181 2476 1234 etiam
2499 1182 2747 1249 quaestio,
2769 1176 3038 1248 quomodo
3062 1174 3235 1228 verbis
3260 1173 3539 1241 repellens,
3560 1170 3717 1225 factis
3740 1168 3874 1237 ipsis

2312 1272 2571 1327 honorem
2608 1270 2863 1339 suscepit,
2897 1276 2950 1323 et
2988 1278 3233 1336 torquem
3274 1266 3522 1334 gestavit.
3544 1262 3608 1315 Et
3628 1258 3871 1315 llerodes

2310 1366 2526 1435 quidem
2551 1378 2671 1417 cum
2693 1364 2953 1423 audisset,
2965 1358 3057 1412 Est
3073 1373 3169 1411 rex
3182 1357 3297 1420 Dei,
3309 1363 3359 1435 et
3377 1369 3475 1407 non
3490 1351 3713 1406 hominis
3727 1349 3789 1419 (Α
3799 1360 3867 1403 ct.

2311 1433 2397 1510 i2.
2424 1456 2538 1524 22),
2563 1454 2816 1523 quoniam
2843 1466 2948 1505 non
2972 1450 3113 1504 dedit
3142 1433 3365 1517 gloriam
3404 1443 3533 1502 Deo.
3556 1442 3789 1510 crepuit,
3816 1449 3870 1494 et

2307 1545 2476 1601 elTusa
2504 1553 2629 1599 sunt
2654 1545 2855 1597 viscera
2879 1541 3129 1609 ejus:hie
3149 1544 3324 1592 autem
3348 1538 3507 1591 etiam
3538 1534 3626 1587 ῡυὶ
3650 1535 3869 1587 a.!misit

2310 1638 2587 1699 honorem,
2616 1651 2721 1687 non
2749 1634 2909 1687 verba
2939 1642 3166 1686 tantum.
3208 1628 3311 1683 Sed
3340 1642 3559 1683 necesse
3580 1637 3664 1681 cst
3688 1627 3868 1679 dicere

2305 1726 2560 1796 quidnam
2598 1727 2699 1779 hoc
2727 1725 2817 1778 sit.
2847 1722 2957 1777 l‘dic
2983 1722 3201 1790 quidem
3240 1718 3484 1773 homines
3515 1720 3565 1771 in
3602 1717 3863 1785 majorem

2305 1817 2573 1873 cadebant
2606 1815 2985 1878 idololatriam,
3019 1813 3105 1866 hic
3132 1819 3309 1866 autem
3338 1826 3442 1864 non
3474 1809 3678 1863 itidem.
3714 1809 3861 1875 Quo-

2306 1909 2494 1962 modo?
2522 1907 2654 1960 Nam
2688 1904 2831 1977 quod
2858 1905 2946 1959 hic
2973 1905 3313 1959 existimatus
3336 1911 3480 1958 esset
3501 1902 3643 1964 talis,
3676 1902 3740 1955 ad
3770 1901 3861 1955 Dei

2306 2000 2558 2053 honorem
2610 1997 2948 2068 pertlnebat;
2999 2012 3121 2051 nam
3160 2006 3443 2065 propterea
3478 1993 3628 2062 prius
3662 1992 3799 2045 dixit
3848 2009 3865 2043 -.

2308 2084 2435 2138 Mihi
2461 2096 2625 2137 autem
2648 2100 2745 2137 non
2768 2102 2817 2135 m
2842 2082 3105 2151 sapientia,
3130 2096 3242 2147 qua:
3268 2089 3338 2134 cst
3366 2080 3419 2132 in
3448 2095 3526 2132 me
3543 2119 3557 2143 ,
3577 2078 3852 2131 revelatum

2308 2185 2380 2228 est
2404 2173 2560 2245 (Dan.
2590 2173 2645 2226 2.
2678 2174 2786 2243 50).
2820 2173 3061 2241 Alioquin
3093 2186 3190 2224 nec
3228 2170 3463 2224 cernitur
3500 2166 3785 2222 admittere
3805 2166 3866 2221 li-

2308 2266 2513 2321 bamina
2545 2285 2556 2319 :
2585 2266 2719 2319 dixit
2760 2266 2898 2318 enim
2921 2305 2935 2330 ,
2991 2263 3189 2333 inquit,
3236 2260 3375 2331 quod
3405 2267 3617 2329 oportet
3661 2258 3863 2323 libare,

2309 2359 2524 2414 minime
2550 2366 2832 2411 autemest
2871 2355 3203 2409 manifestum
3230 2351 3367 2423 quod
3407 2367 3494 2407 res
3532 2349 3763 2405 deducta
3803 2350 3870 2402 sit

2307 2451 2371 2503 ad
2399 2448 2664 2503 eli'ectum.
2699 2448 2805 2501 Illic
2831 2462 2958 2500 vero
2987 2444 3323 2499 adduxerunt
3372 2450 3550 2495 tauros
3589 2448 3645 2493 ut
3674 2438 3868 2492 immo-

2319 2540 2489 2593 larent
2514 2555 2529 2590 :
2556 2548 2611 2593 et
2638 2538 2893 2591 vocabant
2919 2536 3139 2589 alterum
3170 2533 3378 2603 quidem
3399 2533 3616 2596 Jovem,
3644 2530 3872 2584 alterum

2318 2642 2447 2683 vero
2471 2626 2807 2681 Mercurium.
2837 2626 3096 2696 Torquem
3122 2632 3297 2680 autem
3320 2621 3550 2686 admisit,
3583 2630 3640 2675 ut
3665 2635 3723 2674 se
3747 2618 3838 2673 red
3854 2648 3871 2659 -

2314 2720 2463 2773 deret
2512 2715 2884 2781 manifestum;
2928 2716 3154 2769 libamen
3210 2725 3383 2768 autem
3413 2714 3507 2766 cu'r
3545 2727 3649 2765 non
3678 2708 3872 2763 dicitur

2316 2808 2611 2878 repellere?
2632 2808 2833 2861 Etenim
2853 2807 2957 2861 illic
2974 2822 3075 2861 non
3098 2807 3349 2869 fecerunt,
3369 2802 3462 2859 sed
3478 2802 3708 2873 aggressi
3729 2810 3869 2862 sunt,

2315 2908 2369 2953 et
2410 2898 2792 2968 prohibuerunt
2836 2897 3058 2965 apostoli
3094 2916 3107 2949 :
3153 2895 3495 2966 quamobrem
3537 2892 3623 2947 hic
3664 2904 3877 2960 quoque

2313 2989 2590 3058 Oportebat
2628 2990 2803 3043 statim
2850 2988 3105 3057 repellere
3133 3004 3146 3040 :
3176 2994 3231 3041 et
3251 2985 3358 3039 illic
3383 2993 3525 3039 totus
3564 2992 3674 3036 erat
3703 2996 3875 3052 popu-

2317 3081 2414 3145 lus,
2444 3081 2529 3134 hic
2550 3089 2726 3135 autem
2753 3088 3023 3150 tyrannus.
3055 3076 3161 3131 Cur
3183 3090 3309 3145 ergo
3337 3090 3460 3130 eum
3485 3073 3550 3127 ab
3576 3073 3663 3127 illa
3689 3086 3747 3126 re
3766 3085 3871 3124 non

2316 3169 2630 3230 abduxerit,
2663 3169 2770 3222 dixi
2800 3178 2952 3222 antea
2976 3209 2990 3233 ,
3024 3166 3162 3237 quod
3212 3182 3315 3221 non
3366 3164 3565 3219 libabat
3609 3173 3878 3230 tamquam

2317 3260 2417 3315 deo
2446 3260 2510 3314 ad
2543 3259 2882 3314 evertendam
2933 3259 3272 3327 religionem,
3316 3256 3412 3311 sed
3460 3265 3673 3326 prapter
3709 3253 3881 3320 majus

2320 3350 2648 3404 miraculum.
2688 3347 3000 3417 Quomodo?
3028 3348 3250 3417 Propter
3297 3347 3460 3401 Deum
3492 3344 3614 3399 fecit
3648 3344 3879 3398 edictum

2319 3456 2438 3493 eum
2487 3440 2761 3493 Dominum
2810 3437 3068 3494 conﬁtens
3113 3437 3277 3490 :idco
3326 3436 3442 3506 ejus
3471 3435 3723 3488 honorem
3775 3447 3881 3484 non

2319 3530 2607 3584 auferebat.
2639 3528 2905 3585 llliautem
2938 3544 3038 3583 non
3065 3528 3143 3582 sic
3162 3571 3175 3594 ,
3200 3528 3289 3582 sed
3317 3529 3459 3597 ipsos
3485 3525 3735 3597 putabant
3762 3538 3887 3580 es:e

2320 3623 2447 3676 deos
2476 3640 2488 3675 :
2524 3632 2799 3689 propterea
2829 3621 3173 3689 repellebant.

2392 3714 2491 3768 Cur
2516 3714 2698 3767 Daniel
2724 3713 2816 3767 sibi
2858 3712 3078 3767 oblatum
3114 3712 3325 3766 libamen
3374 3710 3576 3764 admisit
3610 3718 3654 3762 et
3681 3725 3746 3761 an
3789 3705 3890 3759 atl-

2324 3804 2526 3857 miserit.
2557 3834 2625 3843 —
2654 3803 2748 3857 llic
2768 3811 2942 3857 autem
2970 3816 3088 3856 cum
3119 3801 3415 3864 adorasset,
3446 3810 3567 3853 tunc
3596 3799 3694 3852 hoc
3722 3796 3843 3851 facit
3869 3812 3888 3851 ε

2327 3912 2427 3949 non
2469 3896 2608 3948 enim
2652 3908 2771 3948 eum
2829 3893 3067 3947 adoravit
3114 3901 3376 3960 tamquam
3406 3890 3583 3955 deum,
3612 3889 3705 3943 sed
3750 3898 3893 3942 tam-

2326 3999 2478 4055 quam
2536 3982 2801 4037 hominem
2854 3984 3167 4051 sapientem.
3213 3979 3317 4036 Sed
3388 3994 3485 4034 nec
3535 3988 3735 4032 certum
3809 3987 3896 4031 est

2329 4075 2465 4145 quod
2494 4074 2730 4129 Iibaverit
2757 4091 2771 4126 :
2798 4072 2947 4139 Quod
2974 4072 3018 4126 si
3058 4073 3215 4126 etiam
3256 4070 3468 4136 libavit,
3497 4069 3675 4123 libavit
3701 4067 3750 4122 id
3784 4082 3895 4121 non

2326 4165 2642 4235 suscipiente
2674 4163 2904 4219 Daniele.
2936 4162 3100 4229 Quid,
3135 4160 3272 4231 quod
3303 4160 3459 4215 etiam
3488 4158 3654 4228 ipsum
3686 4157 3899 4211 vocavit

2330 4258 2565 4312 Baltasar
2590 4255 2752 4325 ipsius
2779 4253 2859 4308 dei
2904 4253 3145 4308 nomen?
3190 4252 3264 4305 lta
3294 4250 3422 4305 deos
3455 4263 3578 4303 suos
3602 4248 3733 4303 nihil
3778 4262 3893 4301 ma-

2328 4364 2486 4417 gnum
2534 4344 2931 4407 existimabant,
2958 4357 3077 4398 cum
3122 4342 3281 4397 etiam
3312 4339 3575 4408 captivum
3600 4338 3676 4391 sic
3731 4350 3888 4390 voea-

2334 4449 2411 4494 ret
2436 4438 2523 4505 qni
2554 4450 2738 4491 omnes
2776 4433 2994 4504 jubebat
3021 4431 3215 4486 variam
3236 4440 3287 4486 et
3307 4428 3647 4499 multiplicem
3669 4426 3897 4480 admare

2336 4531 2613 4601 imaginem
2636 4570 2650 4595 ,
2694 4540 2745 4583 et
2773 4526 2861 4597 qui
2886 4525 3094 4581 colebat
3120 4524 3401 4578 draconem
3426 4539 3440 4575 :
3460 4528 3518 4601 et
3543 4526 3695 4601 erant
3723 4517 3895 4586 Baby-

2350 4595 2476 4684 lonii
2499 4625 2655 4693 longe
2683 4595 3003 4675 amentiores
3028 4613 3095 4667 iis
3117 4608 3211 4681 qui
3249 4613 3402 4661 erant
3447 4595 3653 4693 hystris
3678 4612 3693 4648 :
3720 4603 3914 4693 quam.

2352 4682 2532 4771 obrem
2557 4682 2660 4767 non
2688 4710 2880 4765 licebat
2914 4719 3009 4761 eos
3035 4702 3212 4758 statim
3235 4697 3299 4751 ad
3323 4696 3425 4749 hoc
3448 4688 3726 4746 inducere.
3750 4682 3914 4735 Multa

2352 4817 2604 4878 praeterea
2653 4802 2755 4857 diei
2792 4806 3053 4871 possunt,
3098 4792 3192 4850 sed
3243 4789 3454 4845 interim
3486 4783 3598 4836 hsce
3624 4774 3917 4833 sufﬁciunt.

2352 4871 2406 4954 Si
2462 4912 2587 4967 ergo
2643 4894 2883 4949 volumus
2931 4892 3109 4943 omnia
3168 4884 3302 4938 bona
3361 4871 3657 4941 consequi;
3709 4878 3912 4937 quaera-

2356 5008 2473 5047 mus
2520 4959 2639 5061 qua:
2685 4986 2750 5041 ad
2802 4985 2964 5039 Deum
2995 4977 3283 5049 pertinent.
3312 4970 3461 5027 Sicut
3486 4965 3627 5061 enim
3654 4959 3750 5059 qui
3775 4969 3917 5055 quat-

2351 5044 2472 5147 runt
2490 5044 2609 5157 qua:
2635 5088 2757 5137 sunt
2780 5072 2980 5135 mundi,
2998 5044 3072 5124 ret
3099 5066 3180 5120 his
3207 5071 3260 5119 et
3285 5060 3392 5115 illis
3415 5053 3708 5111 excidunt:
3738 5048 3811 5101 ita
3831 5044 3923 5114 qui

2355 5150 2671 5255 [imponunt
2694 5182 2813 5241 quae
2845 5164 2912 5221 ad
2954 5163 3118 5216 Deum
3160 5152 3434 5226 pertinent
3454 5188 3491 5255 ,J
3513 5154 3739 5255 utraque
3770 5150 3919 5255 asse-

2356 5228 2611 5346 quuhtur.
2643 5228 2727 5319 Ne
2742 5274 2867 5329 ergo
2891 5256 3007 5310 haec
3035 5256 3336 5320 quaeramus
3358 5282 3375 5307 ,
3401 5236 3495 5295 sed
3522 5235 3611 5346 il‘la
3640 5249 3654 5285 :
3678 5241 3740 5346 ut:
3759 5228 3921 5330 etiam

2362 5320 2496 5424 liona
2526 5356 2789 5435 promissa
2803 5320 3219 5414 consequamur,
3240 5330 3523 5393 inChristo
3544 5324 3670 5383 Jesu
3699 5320 3926 5379 Doniin

2368 5469 2568 5515 ιτοπιτο.
