4134 6342
174 410 255 462 liii»

998 405 1059 460 IN
1098 405 1311 463 EPIST.
1352 404 1441 459 AD
1480 402 1834 460 ιιΕΒΜΞυδ.
1874 404 2025 460 CAi’.
2070 405 2159 461 XI.
2204 406 2427 463 HOMIL.
2476 406 2679 463 ΧΧΥΙΙ.

3316 399 3413 453 ltiti

652 554 3413 578 Μ

1458 634 1804 698 HOMILIA
1847 628 2114 693 XXVII.

164 774 279 827 tiae.
313 773 399 825 il.
431 786 482 823 γ.
510 769 601 826 28.
635 767 764 822 Fide
789 766 1051 821 celebrauit
1081 765 1270 834 pascha
1296 775 1341 817 et
1370 758 1632 830 sanguinis
1658 757 1732 824 ef-

229 864 475 933 fusionem
500 904 513 927 ,
555 877 618 915 ne
653 860 735 930 qui
780 858 1001 913 uastabat
1040 856 1322 927 primitisa,
1370 858 1590 921 tangeret
1626 864 1729 903 eos.

226 954 312 1010 9.9.
344 952 477 1007 Fide
497 954 799 1006 transierunt
820 967 957 1004 mare
985 948 1228 1013 Rubrum,
1254 956 1506 1015 tamquant
1528 958 1617 1012 per
1638 941 1734 994 ari-

226 1045 340 1098 dam
383 1056 570 1098 terram
598 1043 772 1112 :quod
808 1040 998 1112 experti
1036 1037 1294 1108 Egyptii,
1335 1034 1555 1090 deeorati
1594 1041 1729 1086 sunt.

226 1135 312 1190 50.
360 1133 494 1188 Fide
533 1135 665 1188 muri
706 1131 909 1185 Jericho
952 1137 1265 1193 corruerunt,
1293 1128 1507 1181 circuitu
1535 1125 1731 1177 dierum

227 1236 433 1295 septem.
462 1227 549 1282 '51.
589 1223 719 1278 Fide
748 1223 925 1277 Rahab
954 1221 1189 1277 meretrix
1216 1236 1316 1273 non
1345 1219 1490 1289 periit
1518 1233 1630 1271 cum
1654 1217 1732 1268 in-

228 1318 467 1382 credulis,
491 1317 744 1387 excipiens
772 1316 1115 1382 exploratores
1138 1330 1250 1369 cum
1280 1327 1421 1383 pace.

227 1413 274 1464 i.
307 1409 469 1464 Multa
498 1409 633 1463 solet
660 1408 852 1463 Paulus
883 1408 1161 1477 interiecta
1187 1406 1413 1477 probare
1440 1419 1502 1459 ac
1530 1404 1729 1459 contir-

164 1517 319 1565 mare.
351 1510 407 1556 et
434 1510 517 1556 est
541 1500 729 1555 creber
753 1499 1053 1555 sententiis.
1090 1498 1231 1554 Talis
1263 1498 1403 1553 enim
1445 1506 1528 1552 est
1562 1497 1729 1566 gratia

165 1593 383 1661 Spiritus
414 1609 427 1646 :
455 1607 562 1646 non
590 1591 643 1646 in
667 1590 949 1646 verborum
978 1590 1313 1645 multitudine
1338 1591 1573 1645 continet
1603 1606 1732 1660 pau-

162 1699 245 1739 cos
266 1699 477 1747 sensus,
502 1684 593 1738 sed
622 1684 673 1737 in
705 1682 983 1737 verborum
1009 1682 1265 1737 brevitate
1291 1682 1511 1737 multam
1536 1691 1589 1739 et
1615 1698 1728 1737 ma-

161 1788 306 1841 gnam
358 1773 491 1827 indit
540 1772 959 1842 intelligentiam.
1009 1771 1139 1826 \‘ide
1181 1786 1347 1841 ergo,
1394 1788 1514 1826 eum
1565 1774 1731 1827 instar

161 1862 539 1917 adhortationis
566 1862 632 1917 de
663 1862 767 1917 ﬁde
794 1862 1113 1927 dissereret,
1144 1862 1296 1931 cujus
1327 1862 1507 1931 ﬁgura:
1534 1871 1585 1918 et
1613 1879 1730 1933 my-

161 1956 299 2010 sterii
332 1956 637 2021 admoneat,
668 1956 818 2024 cujus
846 1954 1102 2009 habemus
1127 1956 1426 2010 veritatem.
1458 1953 1608 2019 Fide,
1644 1955 1726 2009 in-

161 2048 287 2117 quit,
320 2048 584 2101 celebravit
614 2046 815 2100 Pascha
845 2056 889 2099 et
917 2046 1176 2116 sanguinis
1204 2045 1517 2113 ell'usionem,
1552 2063 1615 2100 ne
1643 2048 1731 2115 qui

162 2138 376 2190 rastabat
408 2138 741 2207 primoycuita
763 2152 845 2189 eos
867 2147 1109 2207 tangeret.
1130 2139 1209 2210 (a)
1242 2136 1375 2205 Quid
1401 2148 1481 2192 est
1508 2140 1728 2210 sangui-

164 2229 237 2281 nis
266 2229 489 2283 eﬁ‘usio?
528 2230 708 2297 Agnus
739 2226 1134 2281 sacriﬁcabatur
1172 2227 1221 2279 in
1263 2228 1464 2283 sedibus
1484 2270 1498 2293 ,
1524 2239 1578 2285 et
1606 2246 1730 2284 san-

162 2322 270 2389 guis
293 2322 407 2390 ejus
431 2320 735 2373 illinebatur
761 2320 1020 2389 postibus,
1046 2327 1100 2373 et
1126 2317 1224 2372 hoc
1250 2330 1363 2373 erat
1391 2336 1496 2389 quo
1525 2324 1731 2376 numic-

164 2421 306 2466 hatur
356 2408 635 2479 rEgyptius
681 2406 946 2459 interitus.
992 2405 1049 2459 Si
1092 2422 1218 2476 ergo
1258 2409 1475 2477 sanguis
1514 2410 1634 2478 agni
1683 2410 1732 2462 iu

162 2503 329 2559 medio
359 2500 731 2570 Egyptiorum
762 2506 817 2551 et
858 2497 912 2550 in
946 2507 1091 2551 tanto
1129 2500 1290 2552 exitio
1332 2500 1524 2553 illaesos
1558 2510 1736 2555 custo-

162 2597 332 2650 diebat
358 2594 609 2657 Judmos,
648 2592 816 2645 multo
842 2591 1010 2659 magis
1038 2605 1134 2643 nos
1159 2591 1497 2645 conservabit
1521 2594 1736 2662 sanguis

162 2688 372 2751 Christi,
405 2686 570 2739 illitus
594 2698 697 2737 non
727 2682 1000 2752 postibus,
1036 2682 1130 2736 sed
1166 2683 1363 2737 nostris
1390 2683 1580 2739 animis
1609 2702 1620 2736 :
1652 2693 1735 2739 et-

162 2777 295 2830 enim
325 2790 468 2829 nunc
498 2788 708 2843 quoque
737 2772 824 2841 qui
854 2780 1024 2824 vastat
1053 2780 1107 2825 et
1133 2773 1327 2840 perdit,
1359 2774 1409 2827 in
1441 2773 1539 2829 hac
1562 2773 1735 2829 media

165 2877 310 2922 nocte
336 2865 543 2921 circuit.
575 2864 679 2919 Sed
703 2878 973 2917 armentur
993 2863 1085 2916 illo
1110 2864 1388 2919 sacriﬁcio.
1427 2865 1735 2922 Unctionem

164 2969 308 3012 vocat
338 2956 654 3011 eﬁusiouem
687 2972 698 3007 :
724 2970 784 3008 ex
814 2953 1048 3024 Aigypto
1073 2954 1214 3007 enim
1238 2969 1342 3008 nos
1368 2955 1549 3011 eduxit
1575 2958 1733 3025 Deus,

164 3066 193 3104 e
223 3047 475 3111 tenebris,
506 3061 575 3100 ex
609 3044 927 3098 idololatria.
959 3044 1115 3112 Atqui
1137 3045 1277 3114 quod
1302 3045 1497 3099 faettmt
1523 3049 1735 3117 quidem

164 3140 272 3203 fuit,
310 3138 442 3193 nihil
484 3146 628 3201 erat;
675 3136 813 3204 quod
853 3147 1032 3190 autem
1067 3136 1192 3191 hinc
1224 3138 1616 3205 perﬁciebatur,
1652 3156 1738 3197 res

164 3244 361 3299 magna.
390 3228 521 3281 Nam
549 3226 689 3296 quod
721 3226 914 3280 factum
942 3225 1155 3294 quidem
1190 3228 1281 3281 fuit
1301 3269 1315 3292 ,
1345 3238 1460 3283 erat
1487 3234 1736 3301 sanguis;

162 3321 296 3388 quod
322 3328 504 3373 autem
532 3316 878 3382 eﬁiciebatur,
901 3319 1046 3371 salus
1072 3324 1127 3371 et
1156 3318 1445 3373 obstruetio
1473 3336 1533 3375 ac
1560 3323 1741 3391 prohi-

166 3410 288 3465 bitio
336 3408 606 3464 interitus.
648 3407 846 3461 Timuit
885 3409 1195 3477 sanguinem
1240 3411 1490 3479 angelus;
1542 3413 1742 3469 sciebat

163 3503 297 3555 enim
340 3500 493 3569 cujus
538 3508 685 3555 esset
728 3508 915 3570 typus;
964 3499 1204 3567 horruit,
1252 3512 1476 3557 mortem
1532 3506 1741 3561 Domini

165 3591 395 3660 cogitans
430 3606 443 3642 :
471 3599 751 3657 propterea
780 3604 883 3641 non
914 3588 1159 3659 tangebat
1186 3602 1383 3659 postes.
1428 3593 1566 3648 Dixit
1594 3596 1744 3666 Mey—

166 3696 282 3745 εεε,
324 3679 547 3749 Ungite;
605 3686 660 3731 et
704 3688 1001 3745 unxerunt,
1050 3678 1367 3751 fueruntque
1416 3684 1745 3741 cooﬁdentes

167 3781 216 3825 et
244 3771 436 3825 securi.
470 3770 574 3824 Vos
600 3779 777 3825 autem
804 3770 970 3840 ipsius
987 3772 1107 3841 agni
1129 3772 1386 3827 habentes
1408 3779 1741 3846 sanguinem,

170 3879 265 3916 non
295 3861 597 3917 conﬁditis?
643 3860 772 3914 Fide
810 3865 1113 3916 transierunt
1145 3880 1281 3918 mare
1313 3866 1574 3935 Rubrum,
1610 3878 1742 3923 tant-

169 3970 308 4021 quam
334 3970 423 4023 per
448 3952 644 4005 aridum
667 3963 871 4007 terram.
904 3952 1106 4008 Rursus
1136 3964 1300 4009 totum
1327 3960 1576 4027 populum
1600 3976 1745 4015 com-

173 4052 315 4111 parat
351 4043 569 4112 p0pulo,
602 4057 669 4095 ne
707 4043 915 4107 dicant,
957 4044 1069 4098 Non
1116 4061 1399 4114 possumus
1447 4067 1565 4106 esse
1612 4055 1748 4109 sicut

172 4136 351 4188 Sancti.
384 4134 534 4197 Fide,
568 4136 757 4203 inquit.
788 4138 1093 4199 transierunt
1135 4155 1273 4193 mare
1323 4142 1575 4199 Rubrum.
1614 4158 1741 4198 tam-

178 4242 317 4292 quam
340 4242 429 4286 per
452 4226 648 4277 aridam
668 4236 851 4277 terram
872 4241 889 4276 :
911 4225 1042 4290 quod
1069 4226 1257 4294 experti
1276 4224 1509 4294 At'gyptii
1531 4224 1734 4292 fuerunt

178 4317 427 4371 submersi.
467 4316 564 4371 llic
593 4316 670 4369 eis
700 4326 909 4369 revocat
937 4316 989 4369 in
1022 4315 1329 4369 memoriam
1370 4331 1428 4367 ea
1458 4330 1573 4384 qua:
1614 4330 1732 4383 per-

178 4408 307 4473 pessi
339 4416 461 4461 sunt
492 4407 542 4459 in
573 4404 819 4476 Egypto.
853 4405 1128 4472 Quomodo
1156 4405 1290 4458 ﬁde?
1319 4404 1580 4470 Quoniam
1611 4418 1731 4472 spe-

176 4508 349 4552 rarunt
374 4513 432 4552 se
464 4512 558 4564 per
581 4512 724 4549 mare
754 4495 1084 4559 transituros,
1110 4504 1161 4548 et
1190 4496 1306 4548 ideo
1335 4496 1591 4548 orabant:
1622 4495 1728 4547 imo

173 4603 290 4640 vero
313 4598 425 4641 erat
455 4589 664 4656 Moyses
688 4588 774 4654 qui
798 4587 999 4639 orabat.
1031 4585 1187 4639 Vides
1217 4584 1353 4653 quod
1385 4586 1574 4653 ubique
1598 4585 1726 4639 ﬁdes

171 4677 389 4732 humana
416 4686 702 4745 exsuperat
730 4676 998 4730 ratiocinia
1025 4686 1079 4730 et
1110 4677 1519 4731 imbecillitatem
1550 4686 1599 4730 et
1627 4676 1723 4729 htt-

171 4770 475 4823 militatem?
511 4768 659 4822 vides
680 4809 693 4832 ,
722 4768 877 4821 simul
907 4778 959 4821 et
985 4767 1300 4831 credebant,
1334 4776 1386 4821 et
1409 4768 1718 4836 supplicium

169 4863 535 4924 extimuerunt,
578 4867 630 4911 et
668 4860 718 4911 in
759 4860 1009 4926 sanguine
1044 4858 1319 4923 ostiorum,
1361 4870 1412 4912 et
1449 4860 1498 4911 in
1541 4858 1719 4913 Rubro

167 4953 325 5005 mari?
362 4953 426 5007 Et
454 4951 556 5005 hoc
581 4951 879 5004 declarabat
908 4950 1067 5003 fuisse
1095 4965 1315 5017 aquam,
1358 4966 1453 5019 per
1496 4965 1587 5004 eos
1630 4951 1716 5020 qui

164 5042 462 5096 ceciderunt
501 5052 555 5094 ct
598 5042 646 5092 in
684 5056 743 5093 ea
787 5040 996 5092 factum
1027 5039 1282 5104 sulfoeati,
1318 5050 1367 5093 et
1405 5057 1506 5092 non
1555 5040 1716 5094 fuisse

167 5129 434 5195 visionem,
467 5128 562 5184 sed
592 5130 880 5181 veritatem.
924 5126 1025 5181 Sed
1060 5129 1195 5181 sicut
1229 5130 1315 5198 qui
1353 5127 1563 5182 fuerunt
1588 5144 1714 5183 con-

162 5222 345 5291 sumpti
374 5239 401 5273 a
434 5220 695 5284 leonibus,
720 5219 1068 5274 ostendebant
1110 5237 1283 5273 rcrmn
1316 5223 1625 5285 veritatem,
1659 5234 1712 5276 et

161 5311 238 5377 qui
264 5311 523 5365 combusti
555 5310 764 5363 fuerunt
790 5309 837 5362 in
866 5309 1097 5375 fornace,
1132 5310 1200 5364 ita
1235 5328 1371 5365 nunc
1397 5328 1601 5380 quoque
1634 5315 1710 5366 vi-

159 5401 244 5455 des
268 5419 351 5458 res
372 5403 586 5458 easdem
613 5403 692 5455 his
716 5402 927 5471 quidem
951 5402 1110 5456 fuisse
1133 5403 1284 5456 saluti
1306 5414 1358 5458 et
1380 5404 1577 5473 gloria},
1607 5406 1710 5460 illis

158 5501 319 5546 autem
346 5494 531 5547 exitio.
562 5492 786 5546 Tantum
820 5492 1011 5547 bonum
1041 5502 1121 5548 est
1149 5494 1277 5548 ﬁdes
1308 5514 1318 5547 :
1348 5511 1466 5547 nam
1498 5497 1707 5564 quando

160 5582 213 5634 ad
252 5593 449 5637 tantam
486 5584 787 5638 venerimus
832 5584 1263 5653 perplexitatem,
1310 5598 1363 5641 ut
1408 5587 1581 5641 nullus
1624 5589 1703 5641 in-

204 5746 269 5806 (at)
298 5749 380 5799 llic
408 5752 651 5805 humilium
677 5760 841 5819 munit
866 5762 1001 5811 Loth.

1850 752 2295 815 veniaturexitus,
2317 760 2442 805 tunc
2460 750 2763 817 liberamur,
2782 750 2989 805 etiamsi
3013 750 3077 804 ad
3097 751 3263 820 ipsam
3282 766 3417 805 mor-

1848 854 1952 899 tem
1970 839 2500 904 venerimus,ctimnsi
2518 855 2602 894 res
2616 850 2809 894 nostra:
2826 841 2931 893 sint
2949 840 3103 907 plane
3118 840 3416 912 desperata:

1847 947 1899 991 et
1932 934 2244 1004 deploratae.
2274 930 2411 1000 Quid
2451 930 2594 985 enim
2633 930 2868 989 restabat
2903 930 3343 1003 aliud?.£gyptii
3360 942 3415 988 et

1843 1041 1989 1081 mare
2027 1038 2119 1080 eos
2151 1019 2553 1077 circumdabant
2598 1020 2862 1086 inermes,
2906 1030 2961 1077 et
3001 1023 3281 1092 oportebat
3317 1039 3411 1080 eos

1843 1118 1922 1173 vel
1963 1115 2212 1172 sulfocari
2252 1114 2510 1183 fugientes
2533 1153 2547 1177 ,
2578 1112 2659 1166 vel
2691 1111 2925 1167 incidere
2950 1112 3003 1167 in
3034 1128 3219 1168 inanus
3241 1113 3408 1186 Egy-

1839 1212 2056 1281 ptiacas.
2101 1206 2205 1263 Sed
2244 1214 2419 1260 tamen
2446 1219 2479 1258 a
2505 1207 2662 1259 rebus
2684 1202 2820 1258 adeo
2847 1203 3021 1259 dubiis
3054 1214 3107 1258 et
3144 1206 3409 1275 perplexis

1836 1319 1928 1358 eos
1959 1300 2200 1357 liberavit
2231 1313 2294 1352 ac
2322 1299 2678 1353 conservavit.
2724 1295 2817 1351 His
2847 1296 2985 1352 idem
3014 1313 3162 1352 mare
3191 1300 3405 1368 quidem

1834 1402 2057 1448 stratum
2098 1390 2193 1443 fuit
2234 1389 2370 1442 sicut
2406 1396 2545 1441 terra
2566 1426 2581 1452 ,
2613 1386 2729 1441 illos
2758 1397 2934 1441 autem
2961 1388 3243 1443 submersit
3273 1398 3404 1443 tam-

1833 1498 1989 1554 quam
2028 1494 2193 1535 mare.
2244 1478 2354 1533 lllic
2378 1477 2588 1547 quidem
2612 1476 3021 1532 obliviscebatur
3055 1488 3275 1544 naturzc,
3317 1478 3403 1535 hic

1832 1577 1990 1631 etiam
2028 1573 2289 1627 adversus
2342 1569 2487 1639 ipsos
2514 1569 2833 1626 armabatur.
2877 1570 3009 1625 Fide
3034 1573 3167 1625 muri
3191 1572 3399 1627 Iericho

1828 1673 2121 1721 corruerunt
2158 1662 2371 1717 circuitu
2412 1670 2595 1731 septem
2631 1661 2845 1713 dierum.
2891 1660 3005 1715 Non
3048 1664 3191 1717 enim
3230 1679 3398 1721 sonus

1830 1760 2071 1813 tubarum
2100 1764 2277 1826 potest
2305 1770 2489 1811 muros
2512 1755 2744 1823 dejicere
2765 1797 2779 1822 ,
2812 1757 3020 1811 etiamsi
3052 1760 3197 1814 mille
3224 1775 3397 1814 annos

1826 1847 2080 1909 souttcrit,
2111 1846 2204 1901 sed
2230 1845 2359 1900 ﬁdes
2384 1854 2559 1914 potest
2588 1847 2784 1901 omnia.

1893 1941 1947 1993 2.
1979 1939 2137 1992 Vides
2176 1952 2294 1997 eam
2336 1937 2531 2003 ubique
2581 1932 2793 1998 mutari,
2836 1946 2939 1984 non
2989 1927 3392 1999 consequentia,

1825 2046 1925 2085 nec
1950 2030 2063 2099 lege
2095 2038 2317 2093 naturm,
2346 2025 2441 2082 sed
2472 2024 2645 2079 omnia
2679 2022 2792 2078 ﬁeri
2822 2030 3014 2091 praeter
3041 2020 3395 2091 exspectatio-

1824 2120 1979 2175 nem?
2018 2119 2155 2187 Ergo
2189 2117 2276 2171 hic
2312 2131 2523 2186 quoque
2556 2123 2745 2184 prmtcr
2785 2112 3234 2183 exspectationem
3263 2110 3395 2164 liunt

1823 2210 2020 2265 omnia.
2060 2207 2190 2263 Nam
2217 2208 2465 2276 quoniam
2492 2221 2688 2275 susque
2723 2205 2894 2274 deque
2931 2203 3140 2259 dicebat
3166 2200 3390 2256 creden-

1821 2300 1947 2355 dum
1991 2313 2110 2353 csse
2149 2298 2262 2367 spei
2311 2298 2500 2350 futura:
2533 2338 2547 2360 ,
2605 2296 2705 2349 hoc
2770 2304 2937 2348 totum
2997 2293 3138 2363 quod
3194 2293 3392 2347 dicitur

1822 2392 2006 2458 movit,
2028 2390 2316 2445 ostendens
2337 2388 2477 2457 quod
2507 2404 2609 2440 non
2629 2402 2769 2441 nunc
2794 2386 2988 2451 solum,
3012 2384 3105 2439 sed
3134 2385 3294 2439 etiam
3323 2383 3392 2439 ab

1820 2482 1971 2536 initio
1992 2479 2167 2534 omnia
2195 2478 2448 2532 miracula
2473 2493 2569 2546 per
2594 2477 2731 2531 hanc
2754 2485 2869 2530 acta
2897 2486 3020 2530 sunt
3048 2484 3101 2529 et
3134 2473 3388 2542 perfecta.

1820 2571 1951 2625 Fide
1981 2569 2158 2623 Ila/tab
2188 2570 2419 2622 meretrix
2454 2584 2552 2621 non
2587 2568 2733 2637 periit
2773 2582 2885 2619 cum
2921 2563 3225 2627 incredulis,
3256 2564 3390 2617 exci-

1820 2665 1961 2734 piens
1988 2662 2329 2729 exploratores
2354 2676 2468 2713 cum
2504 2676 2644 2728 pace.
2686 2658 2864 2726 Turpe
2893 2666 2975 2713 est
3003 2671 3130 2726 ergo
3157 2656 3200 2709 si
3228 2654 3387 2710 etiam

1819 2753 2101 2807 meretrice
2147 2751 2448 2819 apparentia
2494 2750 2659 2818 magis
2706 2747 2965 2803 increduli
3009 2765 3022 2800 :
3068 2759 3388 2816 quamquam

1818 2845 1904 2898 illa
1944 2845 2085 2897 viros
2119 2843 2318 2897 audivit
2359 2851 2560 2895 tantum
2586 2841 2959 2894 annuntiantes
2982 2848 3037 2893 et
3061 2837 3237 2893 statim
3268 2851 3391 2891 cre-

1818 2935 1970 2989 didit.
2019 2934 2163 2989 Finis
2198 2949 2324 3003 ergo
2355 2942 2437 2987 est
2470 2940 2827 3000 consequutus
2856 2952 2868 2984 :
2898 2946 3017 2984 nam
3046 2945 3168 2984 cum
3201 2942 3389 2983 omnes

1819 3026 2119 3095 periissent,
2145 3025 2254 3078 sola
2280 3024 2373 3077 fuit
2394 3022 2559 3078 salva.
2578 3022 2698 3077 Non
2721 3020 2853 3075 dixit
2871 3020 3012 3089 apud
3034 3034 3112 3085 se,
3141 3020 3244 3074 Ero
3266 3034 3387 3072 eum

1818 3116 1994 3169 amitis
2030 3115 2115 3184 qni
2157 3125 2279 3168 sunt
2320 3113 2421 3167 mei
2456 3128 2598 3165 :non
2639 3112 2789 3179 dixit,
2823 3110 3002 3180 Egone
3029 3125 3241 3179 possum
3268 3123 3389 3164 esse

1819 3207 2130 3277 prudentior
2168 3214 2243 3259 tot
2278 3206 2405 3260 viris
2445 3202 2861 3273 intelligentibns
2885 3203 2971 3272 qui
3002 3216 3103 3255 non
3130 3201 3385 3265 credunt,

1816 3308 1868 3352 et
1892 3313 1989 3367 ego
2016 3298 2212 3352 credo?
2242 3296 2381 3350 Nihil
2404 3296 2534 3350 dixit
2558 3294 2837 3364 ejusmodi,
2861 3294 3000 3361 quod
3026 3293 3389 3347 verisimiliter

1815 3395 1950 3447 alius
1990 3393 2213 3447 dixisset
2255 3404 2307 3447 et
2348 3391 2582 3455 fecisset,
2613 3389 2706 3445 sed
2736 3390 2889 3444 dictis
2919 3388 3163 3443 credidit.
3197 3387 3285 3442 52.
3325 3388 3387 3439 Et

1815 3486 1934 3554 quid
1964 3484 2127 3537 adhuc
2144 3474 2353 3536 diram?
2382 3482 2576 3549 deﬁciet
2600 3498 2677 3533 me
2696 3490 2890 3548 tempus
2910 3489 3244 3532 enarrantem.
3270 3478 3385 3532 Non

1814 3578 2041 3645 amplius
2062 3575 2127 3629 dc
2151 3585 2346 3628 emtero
2371 3575 2510 3642 ponit
2540 3572 2774 3637 nomina,
2804 3571 2893 3625 sed
2922 3585 3040 3624 cum
3065 3572 3309 3625 desiisset
3334 3573 3383 3624 in

1815 3669 2173 3732 meretricem,
2222 3677 2276 3721 et
2316 3681 2407 3719 eos
2456 3666 2735 3719 excitasset
2773 3679 2869 3734 per
2910 3663 3213 3731 qualitatem
3258 3676 3383 3730 per-

1814 3774 1979 3825 sonae,
2005 3773 2107 3812 non
2134 3756 2358 3825 amplius
2380 3756 2566 3809 dilatat
2589 3754 2851 3818 historias,
2873 3768 2937 3806 ne
2962 3754 3202 3807 videatur
3227 3752 3385 3806 nimis

1815 3851 2015 3921 prolixa
2048 3851 2119 3903 uti
2150 3849 2385 3913 ratione;
2435 3862 2538 3899 non
2571 3856 2743 3899 tamen
2773 3859 2863 3897 eas
2892 3843 3142 3909 dimittit,
3172 3843 3264 3897 sed
3293 3844 3385 3896 ad—

1815 3943 2025 3996 modum
2056 3941 2322 4009 sapienter
2352 3938 2628 4008 percurrit,
2666 3946 2946 4005 ntrumque
2973 3950 3186 3998 curans,
3218 3945 3272 3990 et
3299 3951 3385 3990 sa-

1815 4036 2049 4088 tietatem
2094 4032 2321 4100 fugiens,
2370 4039 2423 4085 et
2468 4028 2847 4083 sententiarum
2889 4028 3229 4083 crebritatem
3276 4044 3381 4082 non

1812 4126 2077 4195 perimens
2104 4141 2116 4176 :
2154 4137 2322 4190 neque
2353 4122 2570 4174 omnino
2601 4120 2744 4173 siluit
2764 4161 2777 4181 ,
2835 4135 3006 4187 neque
3034 4120 3218 4173 dicens
3243 4129 3382 4174 attu-

1812 4217 1871 4270 lit
1908 4216 2228 4278 molestiam,
2251 4214 2341 4267 sed
2368 4224 2647 4282 utrumque
2671 4212 2811 4266 facit.
2838 4211 2967 4266 Nam
2992 4211 3201 4281 quando
3230 4216 3381 4283 quis-

1812 4306 1950 4375 piam
1978 4306 2321 4360 vehementer
2362 4302 2653 4366 contendit,
2705 4304 2747 4356 si
2786 4312 2972 4374 pergat
3018 4304 3379 4371 contendere,

1812 4404 1999 4449 eneeat
2036 4395 2326 4447 auditorem
2373 4407 2717 4461 persuasum,
2769 4394 3006 4447 molestia
3045 4393 3303 4460 afﬁciens,
3326 4406 3383 4451 et

1814 4486 2054 4553 prmbens
2075 4484 2142 4538 de
2159 4499 2216 4538 se
2236 4485 2538 4551 opinionem
2555 4483 2693 4552 quod
2712 4485 2778 4536 sit
2799 4483 3107 4537 ambitiosus
3131 4495 3183 4537 et
3212 4484 3381 4539 hono-

1810 4576 1879 4627 ris
1897 4574 2119 4642 cupidus
2141 4583 2351 4642 oportet
2377 4575 2517 4627 enim
2544 4590 2602 4629 se
2628 4576 3034 4631 accommodare
3059 4578 3290 4631 utilitati.
3316 4578 3385 4633 Et

1805 4665 1925 4733 quid
1939 4665 2105 4717 adhuc
2124 4665 2324 4719 dicam?
2343 4665 2538 4734 inquit:
2556 4667 2748 4732 deﬁciet
2767 4684 2843 4720 me
2859 4678 3051 4738 tempus
3069 4682 3386 4725 enarrantth

1805 4758 1867 4808 de
1888 4755 2107 4821 Gedeon,
2131 4756 2314 4822 Barac,
2346 4758 2620 4827 Sampson,
2643 4758 2846 4828 Iephte,
2876 4760 3060 4827 David,
3086 4764 3313 4830 Samuel,
3340 4774 3387 4818 et

1808 4848 2084 4916 prophetis.
2108 4848 2333 4914 Quidam
2357 4849 2575 4903 Paulum
2597 4850 3013 4918 reprehendunt,
3035 4853 3175 4922 quod
3194 4853 3384 4921 Barac,

1807 4939 2067 5008 Sampson
2094 4939 2364 5007 etJephte
2402 4940 2453 4991 in
2498 4940 2583 4993 his
2628 4952 2790 5009 ponat
2832 4943 2982 4997 locis.
3033 4944 3169 5011 Quid
3214 4945 3385 5000 dicis?

1805 5044 1924 5081 cum
1968 5030 2301 5083 meretricem
2333 5032 2601 5097 posuerit,
2635 5030 2733 5084 hos
2765 5048 2868 5087 non
2900 5034 3101 5103 ponet?
3136 5034 3214 5090 Ne
3255 5036 3385 5091 mihi

1805 5122 1944 5172 enim
1975 5121 2230 5189 reliquam
2262 5135 2447 5175 eorum
2478 5122 2637 5175 vitam
2667 5122 2900 5189 dixeris,
2931 5125 3023 5179 sed
3054 5142 3179 5180 num
3207 5127 3384 5182 credi-

1804 5212 1997 5265 derunt
2034 5220 2089 5266 et
2130 5212 2232 5267 ﬁde
2267 5214 2732 5282 resplenduerunt.
2774 5215 2837 5269 lit
2864 5221 3143 5287 prophetis,
3178 5222 3266 5276 55.
3297 5225 3385 5292 qui

1804 5319 1891 5369 per
1930 5302 2081 5370 [idem
2122 5305 2343 5357 vicerunt
2385 5322 2560 5376 regna.
2596 5307 2758 5362 Vides
2796 5310 2935 5378 quod
2974 5326 3079 5365 non
3124 5312 3256 5367 ferat
3283 5315 3385 5370 hoc

1806 5394 2166 5447 testimonium
2189 5394 2255 5449 de
2280 5396 2382 5448 vita
2408 5396 2659 5465 prmclara
2689 5416 2701 5452 :
2730 5414 2833 5452 non
2860 5402 3001 5455 enim
3025 5412 3139 5457 erat
3168 5403 3219 5458 id
3239 5406 3381 5474 quod

1806 5485 2067 5552 pr:t‘cipuc
2110 5486 2481 5553 qumrcbatnr;
2530 5489 2621 5541 sed
2655 5489 2774 5544 ﬁdei
2803 5492 3014 5545 interim
3041 5502 3157 5547 erat
3183 5498 3383 5551 exami~

1802 5577 1965 5628 natio.
2000 5574 2131 5629 Nam
2162 5575 2247 5630 dic
2273 5577 2424 5644 mihi,
2456 5593 2632 5633 annon
2661 5579 2763 5635 ﬁde
2792 5582 3098 5637 universum
3131 5586 3380 5642 confeee~

1802 5671 1956 5723 runt?
2000 5671 2312 5735 Quomodo?
2362 5672 2466 5727 Per
2504 5675 2676 5743 ﬁdem,
2723 5676 2911 5746 inquit,
2942 5678 3162 5731 uicerunt
3202 5696 3374 5749 regna,

1802 5779 1990 5829 nempe
2036 5764 2273 5821 Gedeou.
2327 5764 2537 5831 Opinati
2578 5764 2693 5827 sub!
2737 5769 3000 5834 iustitiam.
3054 5771 3278 5838 Quinam
3323 5773 3375 5827 hi
