4134 6342
240 386 335 443 199

1042 378 1105 438 IN
1142 378 1353 436 EPIST.
1397 377 1486 433 AD
1524 373 1879 432 ilEBiiAt05.
1921 374 2071 430 CAP.
2116 374 2203 430 XI.
2245 373 2453 431 llOMlL
2518 372 2723 429 XXVII.

3352 371 3450 425 190

231 510 417 567 Hom?
441 505 556 565 [loc
571 514 670 568 est,
699 504 837 560 diem
883 502 1041 557 faciat
1074 500 1348 570 majorem.
1379 498 1489 552 lloc
1518 498 1675 552 etiam
1717 498 1791 552 fa-
1875 492 2053 548 all'ecit
2086 510 2097 543 :
2132 469 2333 555 Audiri,
2361 490 2550 561 inquit,
2574 489 2815 560 gemitum
2833 503 3025 554 eorum,
3046 494 3093 540 et
3122 488 3358 542 descendi
3378 488 3447 540 ad

220 612 365 657 etum
392 608 478 656 est
507 600 559 653 in
593 595 859 657 Ezechia;
903 593 981 648 sol
1037 591 1367 646 retrocessit.
1416 588 1521 644 Sed
1572 588 1671 643 hoc
1712 600 1787 642 cst

222 692 312 746 illo
336 688 722 748 admirabilius,
753 698 943 752 nempe
963 680 1224 737 contraria
1242 680 1324 732 via
1349 693 1533 733 rursus
1564 679 1787 748 ingredi,

220 797 339 835 cum
362 792 579 835 cursum
619 791 770 831 suum
798 773 1029 829 nondum
1062 771 1397 825 confecisset.
1422 769 1527 824 Sed
1557 769 1640 823 his
1673 784 1786 823 ma-

219 876 330 946 jora
353 888 451 928 nos
474 885 840 940 assequemur,
882 866 927 921 si
955 865 1199 920 velimus.
1218 863 1348 917 Nam
1373 878 1613 934 qumnam
1635 862 1789 917 nobis

220 963 464 1031 promisit
482 960 724 1015 Christus
741 959 763 1012 Ἰ
780 957 893 1011 Non
922 955 1035 1010 fore
1058 964 1115 1008 ut
1139 952 1305 1008 solem
1329 954 1597 1018 sistamus,
1619 967 1789 1021 neque

220 1057 420 1116 lunam,
447 1066 619 1121 neque
647 1050 775 1104 solis
798 1045 1323 1117 retrogradationem,
1357 1043 1451 1098 sed
1478 1044 1602 1112 quid
1625 1044 1647 1096 ?
1686 1043 1785 1098 Ve-

216 1149 431 1212 niemus,
474 1144 663 1213 inquit,
695 1142 762 1195 ad
795 1143 957 1209 ipsum
996 1155 1086 1210 ego
1107 1148 1153 1192 et
1202 1136 1356 1190 Pater
1371 1152 1542 1200 mens,
1569 1145 1614 1188 et
1644 1152 1788 1189 utan-

214 1238 408 1293 sionem
436 1235 572 1306 apud
598 1250 710 1287 eum
734 1232 972 1303 faciemus
1002 1228 1181 1298 (Joan.
1212 1228 1297 1284 H.
1325 1226 1441 1295 23).
1473 1225 1609 1294 Quid
1656 1225 1784 1280 mihi

213 1341 347 1395 Opus
377 1335 457 1380 est
502 1325 617 1379 sole
665 1331 721 1378 et
766 1323 886 1376 luna
926 1328 979 1376 ct
1029 1317 1402 1373 hismiraculis
1430 1358 1445 1382 ,
1495 1332 1613 1371 cum
1672 1318 1784 1387 ipse

214 1418 453 1470 omnium
486 1414 739 1469 Dominus
784 1412 850 1466 ad
880 1425 965 1465 me
1001 1408 1307 1470 descendat,
1335 1418 1386 1462 et
1417 1407 1554 1475 apud
1586 1422 1670 1461 me
1696 1409 1782 1460 tir-

214 1523 335 1561 mus
362 1516 572 1560 maneat
600 1514 651 1558 et
677 1501 912 1558 stabilis?
944 1501 1044 1554 hoc
1081 1498 1209 1553 mibi
1236 1514 1336 1552 non
1361 1508 1443 1553 cst
1464 1511 1614 1565 opus,
1644 1497 1779 1565 Quid

217 1586 362 1634 enim
394 1583 523 1635 mihi
577 1584 685 1637 ullo
716 1584 902 1637 horum
930 1598 1061 1653 opus
1098 1589 1224 1640 est?
1273 1586 1384 1655 ipse
1407 1588 1508 1642 erit
1558 1588 1688 1641 mihi
1732 1588 1783 1641 in

211 1672 381 1726 solem
400 1684 455 1726 et
472 1673 649 1727 lunam
672 1684 725 1728 et
751 1674 942 1728 lucem.
970 1673 1122 1740 Nam,
1153 1674 1238 1729 dic
1260 1675 1408 1740 mihi,
1426 1676 1551 1745 quid
1574 1676 1781 1744 malles,

212 1761 415 1831 regiam
443 1763 727 1832 ingressus,
761 1780 826 1818 an
848 1763 1043 1834 aliquid
1072 1774 1423 1820 transmutarc
1452 1782 1633 1820 eorum
1665 1784 1782 1836 qua:

212 1852 313 1904 fixa
345 1862 491 1918 sunt,
522 1868 587 1907 an
617 1870 793 1923 regem
827 1855 916 1908 tibi
950 1863 1094 1907 tanta
1124 1854 1445 1925 conjungere
1496 1856 1783 1912 familiari-

211 1951 341 2006 tate,
364 1952 419 1996 ut
448 1944 496 1998 ei
518 1945 836 2013 persuadeas
863 1955 914 1997 ut
944 1944 1008 1996 ad
1043 1954 1093 1999 te
1113 1944 1383 2000 deveniat?
1413 1962 1589 2001 nonne
1613 1947 1780 2001 multo

207 2032 378 2101 magis
405 2032 523 2097 hoc,
556 2049 709 2102 quam
747 2034 906 2087 illud?
934 2034 1067 2100 Quid
1121 2037 1292 2089 vero?
1326 2051 1428 2090 non
1476 2039 1689 2104 mirum,
1732 2041 1773 2092 si

205 2140 324 2191 qum.
356 2123 515 2178 homo
545 2124 787 2194 imperat,
819 2126 930 2180 base
956 2141 1163 2196 qquue
1189 2127 1465 2183 Christus?
1493 2130 1595 2185 Sed
1626 2130 1776 2204 Chri-

205 2222 339 2272 slus,
365 2215 551 2284 inquit,
583 2232 685 2269 non
716 2227 860 2286 rogat
891 2218 1119 2283 Patrem,
1138 2219 1231 2273 sed
1256 2234 1351 2275 sua
1380 2220 1504 2276 facit
1546 2226 1776 2277 auctori-

193 2313 331 2367 ⁸ιειιο.
359 2304 524 2360 Recte
555 2323 567 2359 :
602 2308 829 2376 primum
852 2324 977 2378 ergo
999 2308 1253 2364 confitere
1278 2310 1417 2380 quod
1442 2293 1652 2366 i’atrcm
1669 2329 1773 2368 non

206 2403 374 2463 rogat,
404 2404 457 2447 et
482 2409 575 2449 sua
605 2396 725 2451 facit
744 2398 1094 2463 auctoritate;
1116 2408 1171 2453 et
1210 2408 1332 2455 tunc
1360 2415 1423 2455 ex
1459 2411 1508 2455 te
1530 2402 1771 2457 sciscita—

206 2486 319 2551 lior,
362 2485 471 2540 imo
523 2495 574 2541 te
601 2485 801 2542 docebo
845 2488 986 2543 circa
1018 2491 1392 2559 precationem,
1442 2507 1598 2561 quam
1628 2493 1769 2558 facit,

204 2580 395 2635 fecisse
429 2596 523 2649 per
548 2584 1036 2653 attemperationem
1054 2593 1108 2639 et
1133 2587 1480 2640 (ecouomiam
1510 2585 1637 2655 (non
1660 2594 1773 2639 erat

202 2671 341 2723 enim
374 2670 615 2739 Christus
638 2674 810 2726 minor
827 2673 951 2728 Jcsu
977 2672 1166 2740 Nave),
1198 2674 1411 2742 etquod
1441 2683 1646 2743 poterat
1676 2687 1772 2727 nos

203 2758 395 2811 :loccre
438 2759 553 2813 sine
580 2761 840 2816 oratione.
868 2761 1013 2816 Sicut
1038 2754 1177 2815 enim
1208 2763 1514 2832 magistrum
1541 2762 1765 2816 audiens

201 2848 584 2902 balbutientem
625 2860 679 2904 et
706 2850 966 2905 elementa
1017 2859 1415 2915 rccensentem,
1464 2865 1570 2905 non
1626 2850 1761 2906 dicis

200 2940 369 3007 ipsum
412 2940 691 3009 ignorare;
723 2951 776 2996 et
812 2937 1025 3010 quando
1062 2943 1387 3011 interrogat:
1426 2940 1522 2995 Ubi
1561 2949 1641 2995 est
1669 2940 1769 2993 hoc

198 3029 563 3083 elementum?
602 3031 708 3083 scis
752 3030 891 3099 quod
923 3044 1028 3083 non
1053 3030 1304 3100 ignorans
1327 3031 1636 3099 interrogat,
1675 3030 1767 3084 sed

198 3118 514 3187 discipulum
543 3117 725 3172 volens
766 3120 1043 3173 instituere
1073 3135 1087 3172 :
1116 3119 1189 3173 ita
1212 3118 1370 3173 etiam
1395 3117 1636 3174 Christus
1665 3135 1763 3174 non

198 3210 439 3263 oratione
467 3207 705 3277 indigens
751 3210 957 3272 orabat.
987 3208 1079 3264 sed
1127 3218 1178 3264 te
1206 3207 1456 3263 inducere
1492 3208 1677 3262 volens
1708 3219 1763 3262 ut

201 3298 414 3363 assidue
444 3300 519 3353 sis
547 3306 779 3353 attentus
807 3300 1071 3361 orationi,
1129 3306 1186 3352 ut
1232 3314 1350 3353 eam
1394 3299 1606 3353 emittas
1652 3300 1768 3356 sine

198 3391 610 3455 intermissione,
628 3400 686 3444 ut
710 3390 903 3453 sobrie,
923 3399 1115 3445 etcum
1135 3390 1299 3443 multa
1319 3374 1769 3461 vigilantia.Vigi-

198 3480 306 3536 lare
328 3490 508 3536 autem
537 3497 639 3536 non
661 3482 781 3537 dico
794 3482 964 3537 solum
986 3491 1143 3554 noctu
1158 3483 1473 3552 expergisci,
1492 3482 1585 3536 sed
1607 3483 1764 3537 etiam

198 3570 427 3625 interdiu
441 3571 671 3626 sobrium
694 3586 811 3626 esse
831 3574 879 3625 in
908 3571 1183 3641 precibus:
1213 3570 1263 3626 ls
1294 3571 1435 3626 enim
1468 3572 1769 3641 appellatur

196 3662 439 3731 vigilans.
490 3663 666 3717 Potest
703 3665 843 3718 enim
886 3679 1005 3719 esse
1035 3673 1091 3718 ut
1120 3665 1236 3735 quis
1266 3675 1423 3718 noctu
1452 3679 1613 3718 orans
1641 3665 1768 3720 dor-

197 3753 342 3815 miat,
388 3762 447 3807 et
476 3753 702 3807 interdiu
734 3770 837 3807 non
866 3768 1025 3808 orans
1064 3754 1283 3823 vigilet,
1313 3754 1525 3823 quando
1560 3757 1767 3809 animus

195 3843 349 3899 fuerit
372 3844 442 3898 ad
484 3845 646 3898 Deum
678 3845 909 3899 intentus
928 3845 1161 3915 quando,
1182 3847 1377 3914 COgitat
1398 3862 1515 3901 cum
1538 3863 1641 3916 quo
1667 3848 1778 3900 dis-

194 3944 355 3999 serat,
388 3934 459 3990 ad
498 3950 655 4005 quem
697 3936 857 3989 verba
902 3936 1076 4001 faciat,
1124 3936 1333 4003 quando
1359 3937 1406 3989 ei
1436 3937 1488 3989 in
1536 3948 1764 3991 mentem

196 4025 336 4078 venit
360 4024 503 4094 quod
526 4025 696 4095 angeli
719 4025 926 4079 adstcut
946 4040 1065 4080 cum
1096 4035 1324 4080 tremore
1337 4034 1392 4080 et
1419 4026 1627 4091 timore,
1655 4028 1767 4096 ipse

193 4124 364 4169 autem
396 4114 603 4169 accedit
629 4117 859 4170 oscitans
885 4124 939 4170 et
964 4131 1021 4170 se
1044 4115 1253 4170 fricans.

268 4203 486 4258 Precum
516 4214 701 4274 quanta
726 4206 790 4259 sit
821 4207 998 4259 vis.——
1024 4205 1205 4274 Magna
1227 4222 1375 4260 arma
1405 4218 1520 4260 sunt
1557 4222 1761 4277 preces,

193 4297 234 4349 si
262 4312 382 4350 cum
420 4311 487 4350 ca
516 4312 618 4365 qua
643 4312 735 4365 par
761 4306 843 4353 ost
871 4307 1046 4351 mente
1076 4302 1219 4352 fiant.
1253 4298 1316 4350 Et
1337 4308 1395 4351 ut
1416 4314 1599 4351 earum
1650 4300 1763 4351 vim

195 4386 479 4455 intelligas,
515 4387 637 4440 hinc
660 4386 933 4457 perpende
964 4404 977 4440 :
1007 4387 1386 4455 impudentiam
1430 4370 1759 4457 et‘iniquita-

199 4482 321 4536 lein,
350 4473 720 4528 crudelitatem
760 4483 815 4527 et
843 4476 1194 4542 importunam
1242 4474 1512 4528 audaciam
1546 4473 1762 4525 vincunt

198 4564 421 4617 assiduae
453 4578 676 4631 preces:
708 4563 889 4616 Audite
940 4564 1097 4626 enim,
1136 4564 1321 4632 inquit,
1364 4564 1483 4631 quid
1514 4562 1648 4615 dicat
1671 4562 1764 4630 ju—

197 4656 289 4706 dea:
338 4654 617 4721 iniquitatis
647 4652 793 4720 (Luc.
839 4653 888 4708 8.
921 4653 1002 4721 6).
1035 4655 1098 4706 Et
1142 4668 1324 4706 rursus
1367 4654 1583 4706 vincunt
1626 4651 1766 4705 desi-

198 4742 335 4795 diam
371 4759 385 4794 :
419 4751 473 4795 et
500 4743 637 4810 quod
672 4758 775 4795 mm
818 4743 939 4795 fecit
976 4744 1220 4806 amicitia,
1256 4744 1357 4795 hoc
1384 4742 1589 4793 assidua
1644 4740 1766 4795 fecit

200 4832 556 4899 interpeilatio
584 4849 594 4883 :
626 4832 687 4884 Et
712 4834 871 4885 sinon
900 4849 955 4885 eo
984 4833 1116 4900 quod
1142 4836 1203 4883 sit
1226 4835 1331 4901 ejus
1345 4834 1549 4895 amicus,
1576 4831 1760 4898 inquit,

199 4921 331 4973 dabit
358 4922 422 4983 ei,
453 4922 541 4973 sed
568 4932 729 4973 tamen
762 4933 963 4989 propter
992 4924 1097 4990 ejus
1123 4923 1521 4989 impudentiam,
1559 4938 1764 4989 surgens

198 5014 329 5067 dabit
356 5016 404 5067 ei
434 5002 586 5083 (Luc.
624 5016 707 5067 Η.
739 5013 814 5084 8).
848 5014 911 5067 Et
949 5030 1063 5068 eam
1116 5030 1231 5082 qum
1263 5022 1378 5067 erat
1420 5014 1643 5079 indigna,
1682 5013 1764 5065 di-

200 5123 349 5175 gnam
379 5107 505 5162 fecit
552 5107 833 5160 assiduitas
867 5088 893 5157 τί
909 5106 1029 5158 Non
1078 5118 1169 5170 est,
1203 5108 1388 5175 inquit,
1423 5106 1605 5157 bonum
1633 5107 1764 5157 acci-

200 5213 311 5261 pere
355 5214 539 5265 panem
569 5197 805 5265 ﬁliorum,
836 5206 881 5249 et
930 5198 1051 5249 dare
1076 5196 1299 5249 canibus.
1354 5196 1539 5257 Etiam,
1567 5195 1755 5263 inquit,

203 5288 413 5344 Domine
444 5307 463 5343 :
490 5308 607 5343 nam
633 5301 680 5343 et
700 5292 853 5343 catuli
895 5292 1156 5343 comedunt
1188 5308 1212 5343 e
1256 5306 1423 5343 mensa
1449 5289 1763 5341 dominorum

199 5398 401 5437 suorum
425 5383 638 5453 (Matth.
671 5384 755 5437 15.
780 5382 868 5437 26.
898 5382 1011 5452 27).

265 5474 315 5528 5.
360 5474 714 5528 Attendamus
758 5489 884 5541 ergo
909 5474 1134 5527 orationi
1167 5493 1178 5527 :
1210 5482 1331 5527 sunt
1379 5490 1562 5541 [lingua
1614 5488 1759 5526 arma

202 5576 403 5629 preces,
451 5564 494 5617 si
529 5563 653 5616 fiant
696 5572 895 5617 attente
924 5575 977 5617 ct
1009 5564 1238 5629 aSsidue,
1285 5566 1327 5617 si
1382 5565 1581 5632 absque
1622 5566 1760 5617 inani

202 5654 385 5722 gloria,
414 5655 457 5709 si
489 5670 607 5708 cum
666 5672 796 5723 puro
827 5666 879 5712 et
927 5657 1136 5711 sincero
1178 5656 1388 5709 affectu.
1416 5657 1594 5709 Oratio
1628 5658 1761 5711 bella

202 5744 407 5814 evertit,
435 5744 545 5811 ipsa
575 5754 785 5812 gentem
819 5747 1075 5817 inte-graui
1108 5757 1158 5802 et
1210 5746 1473 5817 indignam
1508 5748 1761 5803 beuelieio

1870 600 1953 636 cus
2007 582 2294 637 liberandos
2338 579 2529 653 \Exod.
2562 580 2615 634 5.
2644 578 2738 647 8):
2768 578 2939 632 oratio
2988 585 3070 631 est
3100 576 3444 647 pbarmacnm

1870 672 2117 738 salutare,
2140 681 2193 725 et
2218 670 2507 742 prohibens
2537 677 2777 741 peccata,
2799 678 2850 722 et
2878 666 3326 722 medicamentum
3350 667 3445 722 de-

1871 762 2136 815 lictorum.
2170 760 2309 815 ln'ea
2350 768 2464 814 crat
2498 758 2711 813 assidue
2757 757 2911 811 vidua
2959 757 3045 811 illa
3087 758 3271 811 relicta
3302 757 3437 828 sola,

1870 854 2001 908 Nam
2028 854 2069 907 si
2100 868 2315 909 oremus
2356 868 2475 907 cum
2510 851 2826 915 humilitate,
2877 851 2919 903 si
2950 859 3135 919 pectus
3153 852 3442 919 pulsantes

1870 957 1924 998 ut
1956 946 2268 1013 publicanus
2288 985 2303 1009 ,
2337 944 2381 998 si
2417 958 2478 997 ea
2507 957 2624 1012 quae
2656 942 2742 997 ille
2773 942 3050 1011 loquentes
3070 980 3083 1003 ,
3112 941 3155 993 si
3179 939 3437 1007 dicamus,

1869 1034 1993 1089 Esto
2040 1036 2288 1106 propitius
2337 1034 2461 1087 milii
2490 1034 2739 1104 peccatori
2774 1031 2923 1103 (Luc.
2964 1032 3051 1087 18.
3096 1033 3209 1101 i3),
3262 1033 3439 1085 omnia

1868 1143 2276 1197 consequemur.
2320 1127 2451 1181 Nam
2493 1126 2591 1181 etsi
2624 1140 2728 1179 non
2755 1139 2940 1180 sumus
2969 1124 3253 1193 publicani.
3278 1124 3441 1179 habe-

1870 1233 1987 1273 mus
2011 1218 2109 1271 alia
2137 1226 2351 1287 peccata
2379 1217 2519 1272 illius
2543 1216 2774 1284 peccatis
2805 1230 2907 1269 non
2942 1215 3169 1268 minora.
3203 1214 3279 1269 Ne
3307 1214 3438 1269 mihi

1868 1310 2067 1365 dixeris
2114 1318 2167 1365 te
2217 1310 2268 1364 in
2307 1308 2534 1379 quadam
2568 1322 2724 1377 parva
2756 1322 2813 1362 re
2845 1321 3095 1375 peccasse
3128 1324 3141 1360 :
3182 1321 3267 1360 res
3296 1306 3437 1362 enim

1868 1403 2108 1458 eamdem
2148 1400 2308 1456 habet
2333 1411 2595 1455 naturam.
2627 1398 2777 1454 Sicut
2802 1398 2942 1453 enim
2978 1398 3228 1454 similiter
3248 1399 3437 1455 dicitur

1866 1492 2151 1559 homicida,
2185 1500 2238 1547 et
2267 1493 2353 1561 qui
2383 1505 2573 1562 parvos
2604 1506 2795 1561 pueros
2831 1491 3123 1555 interemit,
3152 1502 3209 1547 et
3236 1493 3324 1561 qui
3358 1494 3435 1545 vi-

1866 1600 1983 1638 rum
2010 1600 2023 1637 :
2054 1586 2123 1637 ita
2150 1585 2309 1638 etiam
2339 1592 2422 1639 est
2449 1598 2658 1649 avarus,
2684 1593 2737 1637 et
2758 1584 2846 1654 qui
2878 1584 2927 1637 in
2959 1585 3160 1650 multis,
3180 1594 3232 1638 et
3260 1588 3349 1654 qui
3382 1587 3433 1639 in

1862 1675 2043 1742 paucis
2065 1672 2274 1727 fraudat
2300 1673 2623 1743 quempiam.
2664 1673 2728 1727 Et
2758 1674 2962 1742 injuria:
2990 1685 3223 1745 accepta.-
3252 1690 3433 1729 recor-

1863 1762 2027 1829 datio,
2060 1780 2163 1819 nnn
2194 1777 2276 1820 eSt
2304 1780 2541 1833 parvum,
2566 1767 2658 1820 sed
2690 1782 2939 1836 tiiagnnm
2964 1777 3241 1834 peceatum
3276 1786 3288 1821 :
3324 1768 3433 1822 Eo-

1862 1871 1975 1909 rum
2004 1860 2142 1910 enim
2164 1857 2249 1923 qui
2271 1857 2475 1928 injuria:
2498 1867 2717 1927 accepta:
2740 1868 2857 1911 sunt
2890 1876 3153 1933 memores,
3183 1862 3277 1914 vite
3317 1872 3433 1915 sunt

1859 1939 1924 1989 ad
1946 1938 2348 2009 nwrtem(Prov.
2374 1940 2461 1993 12.
2490 1941 2615 2009 23);
2652 1953 2727 2007 et,
2765 1945 2865 2009 Qui
2900 1947 3134 2001 irascitur
3160 1954 3306 2018 fratri
3341 1970 3431 2007 suo

1861 2028 1971 2081 sine
1994 2044 2169 2095 causa,
2200 2031 2293 2083 erit
2334 2031 2577 2086 obnoxius
2598 2036 2837 2105 geltenntz
2884 2037 3094 2106 (Matth.
3132 2043 3186 2097 5.
3214 2042 3341 2111 22);
3376 2053 3431 2099 et

1859 2120 1946 2186 qui
2006 2130 2157 2174 vocat
2206 2122 2422 2177 fratrem
2471 2139 2622 2181 stium
2665 2125 2862 2181 fatuum
2894 2140 2946 2183 et
2975 2131 3334 2202 insipientem,
3372 2147 3428 2191 ct

1858 2213 1957 2265 alia
1991 2212 2237 2280 plurima.
2276 2213 2711 2269 Reverendorum
2768 2220 2926 2272 etiam
2974 2233 3429 2284 sacramentorum

1859 2304 2152 2372 participes
2178 2319 2362 2359 sumus
2406 2306 2642 2377 indigne,
2669 2317 2718 2362 ct
2770 2308 3092 2380 inridemus,
3124 2324 3177 2370 cl
3201 2318 3427 2373 maledi-

1859 2399 1961 2449 etis
2006 2396 2303 2466 appetimns
2334 2416 2346 2451 :
2377 2399 2591 2469 quidam
2626 2416 2693 2455 ex
2744 2402 2897 2457 nobis
2935 2419 3077 2476 sirpe
3124 2409 3282 2461 etiam
3309 2422 3430 2463 sunt

1861 2485 2126 2540 inebriati.
2160 2487 2356 2541 llorum
2408 2504 2538 2544 vero
2570 2491 2981 2563 unumquodque
3031 2496 3202 2564 ipsmn
3252 2514 3347 2567 per
3374 2515 3431 2553 sc

1860 2576 2051 2631 sufficit
2072 2578 2136 2632 ad
2164 2580 2530 2647 expellendum
2550 2596 2579 2634 e
2598 2597 2763 2651 regno
2790 2598 2804 2637 :
2832 2584 3047 2653 quando
3073 2596 3249 2643 autem
3270 2591 3426 2644 simul

1860 2681 2262 2737 congeruntur,
2316 2685 2601 2740 quamnam
2651 2674 2962 2731 habebimus
3022 2678 3432 2740 defensiOnem?

1862 2756 2040 2820 Multa,
2082 2774 2111 2813 ο
2159 2758 2360 2825 dilecti,
2409 2762 2563 2815 nobis
2606 2777 2742 2832 opus
2768 2772 2851 2819 est
2884 2768 3215 2836 pmnitentia,
3265 2772 3429 2827 multa

1860 2851 2120 2914 oratione,
2138 2851 2299 2912 multa
2334 2852 2637 2920 tolerantia,
2657 2856 2823 2910 multa
2841 2858 3174 2923 assiduitate,
3203 2870 3262 2916 ut
3291 2863 3427 2917 bona
3454 2891 3458 2894 ~

1862 2943 2014 2997 nobis
2045 2944 2302 3012 promissa
2352 2945 2615 3014 possimus
2644 2948 2877 3017 assequi.
2903 2950 3151 3009 Dicamus
3182 2969 3308 3025 ergo
3334 2970 3433 3012 nos

1861 3048 2088 3103 quoque,
2121 3031 2387 3102 Propitius
2415 3043 2519 3089 esto
2548 3037 2672 3089 mihi
2702 3039 2993 3106 peccatori;
3032 3042 3141 3097 imo
3170 3058 3299 3099 vero
3324 3060 3431 3100 non

1862 3124 2031 3178 solum
2076 3124 2332 3188 dicamus,
2357 3125 2451 3179 Sed
2496 3127 2651 3181 etiam
2674 3130 2968 3185 sentiamus
3004 3147 3066 3187 ac
3119 3136 3431 3205 cogitemus,

1862 3223 1915 3267 et
1936 3212 1981 3266 si
2009 3214 2143 3267 alius
2170 3228 2264 3269 nos
2293 3214 2373 3268 sic
2391 3224 2625 3282 accuset,
2655 3232 2724 3272 ne
2754 3218 3066 3276 irascamur.
3086 3223 3300 3279 Audivit
3320 3226 3430 3293 ille,

1864 3303 1985 3358 Non
2010 3321 2123 3358 sum
2150 3306 2275 3359 sicut
2296 3307 2596 3375 publicanus
2622 3309 2755 3375 istc;
2800 3326 2899 3367 nec
2939 3313 3127 3382 iratus,
3160 3318 3252 3372 sed
3283 3334 3433 3373 com-

1865 3404 2089 3465 punctus
2114 3404 2196 3450 est
2225 3414 2238 3449 :
2268 3396 2541 3451 victoriam
2568 3398 2811 3463 obt’nnit,
2837 3413 2889 3456 et
2909 3405 3251 3473 opprobrium
3269 3409 3435 3478 depo-

1864 3486 1989 3539 suit.
2023 3485 2282 3541 lndicavit
2306 3486 2394 3541 ille
2421 3488 2643 3555 vulnus;
2678 3490 2761 3544 hic
2789 3492 3133 3560 pbarmacum
3165 3501 3432 3568 quaesivit.

1864 3577 2109 3631 Dicamus
2136 3592 2284 3646 ergo,
2313 3577 2575 3647 Propitius
2596 3592 2701 3634 esto
2722 3584 2846 3637 mihi
2867 3590 3117 3652 peccaturi
3138 3605 3159 3652 ,'
3187 3590 3281 3645 sed
3307 3601 3360 3647 ct
3389 3595 3435 3647 si

1863 3668 1998 3723 alios
2041 3668 2202 3733 dicat,
2231 3684 2299 3723 ne
2348 3670 2709 3741 indignemur.
2752 3673 2846 3729 Sin
2888 3687 3063 3733 autem
3092 3681 3190 3749 ipsi
3216 3680 3433 3751 quidem

1864 3760 2099 3813 dicamus
2124 3759 2191 3815 de
2216 3761 2367 3815 nobis
2395 3762 2531 3815 mala
2558 3763 2983 3831 innumerabilia,
3019 3776 3075 3825 et
3105 3771 3173 3824 ab
3201 3773 3318 3828 aliis
3339 3790 3431 3828 au-

1863 3850 2070 3904 dientes
2098 3850 2411 3918 irascamur,
2444 3867 2549 3905 non
2572 3864 2647 3907 est
2684 3854 2785 3910 hoc
2813 3858 2994 3928 utique
3040 3860 3312 3917 humilitas
3335 3881 3427 3920 ne-

1864 3957 1966 4009 que
1992 3939 2277 4007 confessio,
2296 3941 2385 3996 sed
2415 3946 2699 3999 ostentatio
2722 3955 2775 4001 et
2792 3948 2961 4002 inanis
2981 3950 3165 4020 gloria.
3188 3953 3435 4010 Ostenta-

1865 4034 2007 4085 tione
2024 4038 2125 4093 est.
2143 4032 2327 4099 inquit,
2343 4032 2417 4085 sei
2425 4047 2578 4101 psum
2593 4049 2782 4089 vocare
2796 4048 3125 4105 peccatorem
3140 4040 3398 4098 ?Maxime
3420 4062 3434 4099 :

1865 4118 2175 4173 humilitatis
2216 4119 2358 4173 enim
2391 4122 2783 4179 existimatione
2829 4124 3073 4195 fruimur,
3122 4130 3175 4183 in
3203 4132 3437 4187 admira-

1866 4213 2007 4267 tione
2036 4212 2310 4276 habemur,
2347 4212 2590 4267 laudibus
2619 4216 2964 4271 extollimur:
2999 4221 3040 4273 si
3072 4236 3199 4275 vero
3244 4222 3310 4277 de
3337 4238 3436 4277 no-

1865 4303 1944 4357 bis
1971 4303 2193 4355 dieimus
2219 4304 2562 4367 contrarium,
2587 4304 2932 4375 despicimur.
2955 4309 3309 4376 Quamobrem
3338 4315 3439 4369 hoc

1864 4408 2073 4464 quoque
2100 4392 2323 4447 facimus
2356 4404 2569 4462 propter
2594 4395 2838 4465 gloriam.

1940 4483 2216 4536 llunn'titas
2264 4484 2382 4552 quid
2410 4485 2492 4537 sit.
2527 4516 2596 4525 --
2624 4486 2757 4552 Quid
2788 4497 2871 4543 est
2916 4500 3092 4545 autem
3132 4492 3437 4549 lunnilitas?

1866 4574 2059 4627 Prubra
2088 4574 2288 4642 ingesta
2320 4573 2475 4639 ferre,
2504 4586 2772 4642 peccatum
2818 4594 3123 4648 agnoscere,
3154 4583 3292 4638 ferre
3324 4600 3437 4637 ma-

1867 4666 2073 4718 ledicta.
2110 4665 2182 4718 Ne
2212 4665 2309 4717 hoc
2339 4667 2550 4732 quidem
2584 4666 2743 4721 fuerit
2773 4668 3108 4735 humilitatis,
3143 4674 3236 4727 sed
3282 4674 3429 4728 Ιιυιιί-

1862 4747 1947 4816 gni
1975 4747 2136 4799 animi
2167 4756 2219 4799 et
2242 4746 2471 4814 ingenui.
2490 4746 2829 4801 Nuncautem
2851 4762 2947 4801 nos
2976 4750 3189 4817 quidem
3208 4750 3434 4805 dicimus

1864 4845 2191 4907 peccatores,
2244 4835 2507 4905 indignos,
2533 4846 2586 4890 et
2612 4837 2712 4889 alia
2759 4838 3202 4901 innumerabilia;
3248 4840 3343 4894 sed
3392 4844 3435 4896 si

1862 4928 1979 4995 quis
2004 4926 2135 4980 alius
2162 4927 2311 4980 nobis
2341 4943 2501 4979 unum
2555 4943 2618 4980 ex
2652 4927 2732 4980 bis
2760 4928 2995 4997 obiiciat,
3025 4946 3165 4999 mgre
3193 4929 3433 4997 ferimus,

1864 5018 2167 5071 eil'cramur.
2218 5016 2376 5071 Vides
2407 5017 2545 5086 quod
2579 5018 2677 5072 hoc
2708 5036 2811 5072 non
2845 5021 2913 5072 sit
2943 5021 3230 5083 confessio,
3263 5038 3437 5090 neque

1863 5112 2024 5164 animi
2074 5111 2411 5179 tngenuilas?
2446 5112 2627 5165 Dixisti
2680 5112 2904 5180 teipsum
2948 5128 3066 5168 esse
3123 5115 3326 5168 talem:
3372 5133 3437 5169 ne

1864 5202 2127 5267 irascaris,
2171 5202 2211 5255 si
2257 5202 2323 5254 ab
2367 5202 2481 5255 aliis
2512 5202 2559 5254 id
2590 5204 2739 5256 audis
2784 5214 2836 5257 et
2864 5205 3140 5273 argueris;
3173 5221 3294 5259 nam
3343 5207 3433 5259 tibi

1863 5295 1938 5348 sic
1970 5295 2104 5351 levia
2142 5296 2436 5349 redduntur
2460 5306 2696 5365 peccata,
2722 5299 2935 5367 quando
2959 5300 3046 5352 alii
3076 5302 3432 5368 exprobrant;

1862 5390 1961 5442 sibi
2009 5388 2148 5441 enim
2192 5403 2327 5441 onus
2373 5388 2689 5457 imponunt,
2742 5399 2792 5444 te
2838 5399 3013 5443 autem
3057 5391 3315 5445 inducunt
3369 5394 3433 5446 ad

1865 5479 2271 5548 philosophiam.
2309 5480 2442 5532 Audi
2470 5480 2595 5548 quid
2629 5480 2769 5535 dicat
2797 5481 2984 5535 beatus
3015 5482 3197 5545 David,
3226 5484 3436 5552 quando

1861 5585 1980 5623 eum
2016 5570 2393 5624 exsecrabatur
2419 5570 2594 5624 Setnei
2630 5590 2643 5623 :
2680 5570 2887 5625 Dimitte
2920 5590 3053 5636 cum,
3084 5573 3287 5640 inquit:
3326 5573 3434 5628 Do-

1860 5661 2022 5713 minus
2050 5661 2091 5713 ei
2124 5659 2393 5726 numdavit,
2423 5670 2475 5714 ut
2504 5662 2661 5715 rideat
2683 5663 3012 5716 humilitatem
3033 5680 3191 5716 meam
3217 5681 3232 5717 .·
3256 5674 3297 5717 ct
3320 5669 3432 5716 red—

1859 5753 1937 5805 det
1970 5753 2089 5805 nti/ti
2126 5751 2364 5815 Dominus
2396 5753 2523 5808 bona
2554 5772 2642 5821 pro
2674 5758 2779 5821 eius
2814 5773 2943 5811 met
2958 5758 3151 5810 ratione
3193 5774 3302 5828 (μιιυ
3336 5760 3433 5814 fuit
