4134 6342
690 328 778 381 liii

695 448 839 501 hodie
879 444 953 511 (2.
999 446 1119 510 Reg.
1156 439 1235 495 ιθ.
1290 438 1373 492 to.
1418 436 1527 506 12).
1557 435 1635 491 Tu
1677 442 1849 487 autem
1878 430 1947 485 de
1982 439 2032 483 te
2058 428 2240 512 dicens

690 537 895 579 summa
924 524 1080 586 mala,
1106 520 1150 575 si
1183 531 1287 573 non
1313 520 1379 571 ab
1399 518 1516 569 aliis
1547 516 1728 568 audias
1769 523 2072 581 magnorum
2105 524 2241 561 mo-

694 632 809 671 rnm
837 627 888 670 et
909 614 1166 685 jostorum
1202 610 1403 676 laudes,
1435 606 1691 663 efferatis.
1733 604 1891 659 Vides
1925 600 2061 671 quod
2106 599 2239 653 ludis

695 704 750 760 in
780 706 935 760 rebus
963 720 1063 758 non
1105 700 1352 755 ludicris?
1402 696 1586 752 laudes
1612 696 1750 751 enim
1781 693 2080 763 repellimus
2109 688 2241 741 alia—

695 811 811 848 rum
839 793 1044 848 laudum
1070 791 1353 855 desiderio,
1374 798 1430 843 ut
1460 790 1646 843 iterum
1674 788 1870 851 majora
1898 792 2241 849 assequamur

694 883 951 945 encomia,
986 891 1041 935 ut
1083 882 1133 934 in
1162 881 1366 950 majore
1409 879 1697 933 habeamur
1734 875 2098 929 admiratione.
2136 869 2243 925 Nos

698 973 876 1042 itaque
897 986 1000 1027 non
1028 972 1371 1026 admittentes
1414 968 1595 1024 laudes
1630 978 1685 1023 ut
1730 983 1819 1021 eas
1839 977 2120 1035 augeamus
2148 963 2248 1015 hoc

1325 316 1381 373 S.
1420 311 1691 371 JOANNIS
1723 303 2188 371 CHRYSOSTOMI
2228 299 2539 362 Αῐιειιιερ.
2574 286 3095 353 CONSTANTINOP.

3797 275 3891 329 illi

2338 418 2575 481 facimus,
2600 424 2653 469 et
2691 410 2864 467 omnia
2904 425 2932 461 a
2981 403 3130 459 nobis
3169 401 3299 454 fiunt
3327 395 3393 451 ad
3421 393 3662 463 gloriam,
3688 402 3795 481 non
3821 385 3885 481 ad

2338 478 2633 566 veritatem.
2657 506 2932 571 Propterea
2956 507 3077 551 sunt
3105 492 3279 547 omnia
3304 487 3501 549 inania,
3518 482 3689 537 omnia
3710 478 3887 531 dubia.

2341 599 2692 670 Quamobrem
2724 610 2852 663 rogo
2878 601 2937 643 ut
2961 601 3098 643 nunc
3125 584 3311 637 saltem
3335 574 3643 633 abstineatis
3671 586 3702 625 a
3726 578 3892 622 matre

2345 666 2598 750 malorum
2648 688 2785 741 inani
2828 681 3030 753 gloria,
3062 685 3116 732 et
3144 675 3327 727 vivatis
3353 682 3410 725 ut
3450 671 3556 724 Deo
3583 666 3750 735 placet
3839 668 3891 711 ιιι

2348 789 2516 842 l'utura
2560 791 2770 847 quoque
2800 751 2935 829 bona
2983 779 3392 836 consequamur,
3441 760 3493 814 in
3538 755 3750 814 Christo
3770 751 3894 806 Jesu

2353 874 2573 929 Domino
2599 878 2799 925 nostro.

1863 1099 3788 1121 mw
3838 1107 3898 1112 ψη

1946 1159 2285 1223 HOMILIA
2325 1129 2615 1218 XXVIII.

703 1303 829 1359 Cn.
855 1301 937 1354 ll.
978 1316 1028 1352 v.
1056 1300 1144 1354 '57.
1189 1298 1497 1352 Circuierunt
1522 1296 1573 1348 iu
1600 1292 1811 1356 ntelotis,
1838 1292 1889 1344 in
1917 1290 2125 1359 pellibus
2150 1302 2231 1340 ea.

773 1391 950 1461 prinis,
976 1398 1189 1461 egentes,
1212 1388 1506 1458 angustiati,
1533 1383 1730 1454 amicti;
1753 1381 1840 1437 58.
1867 1379 2044 1448 quibus
2063 1377 2245 1445 dignus

774 1498 871 1534 non
898 1490 1003 1533 erat
1029 1477 1266 1540 mundus;
1295 1477 1345 1529 in
1372 1472 1723 1529 solitudinibus
1752 1478 1993 1533 errantes,
2022 1468 2074 1521 in
2102 1482 2245 1519 mon-

775 1570 923 1625 tibus;
948 1570 999 1621 in
1023 1568 1271 1637 speluncis
1297 1575 1343 1618 et
1370 1568 1422 1617 in
1448 1563 1669 1617 cavernis
1698 1571 1861 1615 terrte.

777 1662 828 1719 ί.
866 1660 1087 1728 Semper
1112 1657 1344 1728 quidem,
1379 1654 1605 1709 maxime
1632 1661 1807 1709 autem
1836 1648 2045 1721 quando
2073 1646 2248 1717 cogito

708 1767 793 1806 res
815 1759 990 1819 gestas
1015 1757 1335 1810 sanctorum,
1365 1756 1487 1801 tunc
1512 1742 1640 1797 mihi
1668 1742 1812 1798 venit
1856 1742 1907 1794 in
1934 1748 2162 1793 mentem
2186 1736 2254 1791 de

708 1842 1121 1911 tnedesperare.
1144 1840 1280 1909 quod
1329 1852 1426 1893 nec
1468 1834 1766 1909 insomnis
1811 1833 2021 1903 quidem
2052 1830 2253 1901 experti

708 1946 911 1996 sumus,
942 1933 992 1984 io
1025 1931 1215 2001 quibus
1243 1928 1341 1982 viri
1373 1927 1449 1981 illi
1479 1935 1589 1981 toto
1616 1935 1854 1993 tempore
1882 1930 2006 1978 sunt
2033 1920 2253 1987 versati,

710 2038 812 2074 non
844 2028 1173 2089 peccatorum
1205 2031 1385 2087 pinnas
1410 2018 1633 2079 luentes,
1652 2014 1745 2069 sed
1772 2028 1857 2069 res
1874 2015 2037 2069 bonas
2062 2028 2125 2067 ex
2143 2012 2252 2067 vir-

702 2107 811 2153 tute
828 2108 1069 2179 gerentes
1086 2114 1138 2155 et
1155 2115 1363 2169 semper
1377 2100 1575 2155 afﬂicti.
1594 2102 1721 2157 Nam
1738 2102 1906 2173 cogita
1925 2101 2049 2156 mihi
2070 2101 2259 2163 Etiam,

718 2189 780 2242 ad
828 2205 981 2259 quem
1016 2189 1172 2245 hodie
1199 2191 1335 2243 redit
1357 2192 1525 2246 oratio
1552 2207 1566 2245 :
1593 2192 1660 2247 de
1688 2193 1777 2245 illo
1810 2193 1949 2246 enim
1989 2191 2073 2245 hic
2100 2190 2259 2257 dicit,

713 2283 1024 2337 Circuierunt
1079 2283 1131 2335 in
1175 2282 1389 2341 metatis.
1430 2292 1480 2337 et
1536 2283 1587 2336 in
1637 2298 1755 2338 eum
1804 2284 2051 2338 desinunt
2097 2282 2262 2350 ipsius

715 2370 954 2438 exempla
988 2389 1000 2424 :
1031 2369 1171 2438 quod
1202 2378 1316 2424 erat
1344 2370 1604 2426 familiare
1632 2372 1746 2427 istis
1775 2381 1827 2425 et
1865 2372 2154 2441 preprium.
2197 2369 2265 2423 Et

719 2460 1023 2514 memoratis
1067 2459 1324 2526 apostolis
1370 2460 1510 2529 quod
1560 2461 1612 2513 in
1659 2460 1925 2515 occisione
1960 2460 2118 2530 gladii
2159 2460 2262 2513 sint

718 2549 908 2602 mortui
935 2589 950 2613 ,
990 2546 1131 2616 quod
1178 2547 1388 2616 lapidati
1414 2590 1429 2612 ,
1468 2549 1709 2604 ascendit
1738 2563 1923 2603 rursus
1953 2550 2016 2603 ad
2048 2548 2217 2601 Etiam
2245 2588 2259 2613 ,

717 2638 804 2700 qui
845 2637 1027 2691 eadem
1052 2651 1167 2705 qua:
1194 2636 1290 2705 ipsi
1329 2652 1514 2703 passus
1542 2645 1642 2691 est.
1683 2636 1814 2691 Nam
1856 2639 2105 2706 quoniam
2149 2644 2261 2689 erat

719 2726 1002 2780 verisimile
1028 2741 1120 2779 eos
1148 2725 1215 2780 de
1255 2726 1506 2793 apostolis
1550 2726 1783 2779 nomium
1830 2734 2025 2779 tantam
2067 2740 2259 2779 conce-

723 2820 859 2886 pisse
903 2816 1233 2885 Opinionem,
1264 2817 1329 2869 ab
1368 2831 1431 2870 eo
1479 2816 1564 2885 qui
1615 2818 1709 2868 fuit
1754 2824 2084 2883 assumptus,
2112 2824 2164 2870 et
2208 2817 2260 2868 in

721 2904 947 2958 maxima
965 2904 1171 2959 habitus
1191 2914 1271 2957 est
1292 2903 1659 2968 admiratione,
1678 2902 1831 2957 allert
1846 2903 2267 2957 exhortationem

716 3008 769 3046 et
790 2993 1224 3047 consolationem.
1249 2991 1557 3047 Circuierunt
1578 3008 1740 3058 enim,
1766 2993 1952 3061 inquit,
1979 2992 2029 3043 ia
2054 2992 2267 3053 ntelotis,

716 3083 765 3131 in
797 3082 1009 3149 pellibus
1037 3082 1281 3151 caprinis,
1309 3092 1526 3153 egentes,
1551 3082 1841 3151 angustiati,
1869 3082 2072 3150 amicti:
2096 3081 2270 3149 quibus

717 3172 899 3239 dignus
924 3187 1022 3223 non
1051 3185 1158 3224 erat
1191 3172 1426 3225 mundus.
1456 3171 1531 3227 Ne
1557 3183 1754 3225 vt-stcm
1786 3172 1996 3239 quidem
2020 3212 2033 3234 ,
2066 3172 2266 3240 inquit,

718 3259 979 3314 habebant
1003 3271 1221 3330 propter
1243 3276 1504 3315 summam
1535 3261 1877 3316 afﬂictionem
1897 3303 1911 3326 ,
1945 3276 2048 3315 non
2080 3262 2266 3315 civita-

717 3362 839 3415 tem,
872 3366 973 3405 non
1003 3352 1241 3418 domum,
1271 3369 1371 3406 non
1407 3352 1757 3407 habitaculum
1786 3370 1797 3406 :
1822 3351 1923 3407 hoc
1943 3352 2080 3421 quid
2111 3351 2267 3405 Chri'o

714 3450 827 3493 stus
878 3440 1113 3503 diccbat,
1153 3440 1318 3494 Filius
1365 3451 1529 3495 autem
1582 3443 1795 3495 hominis
1841 3456 1941 3494 non
1993 3441 2136 3493 habet
2183 3442 2267 3494 ubi

713 3540 864 3595 caput
892 3531 1096 3584 reclinet
1129 3530 1343 3600 (Matth.
1372 3532 1425 3587 8.
1452 3530 1566 3601 20).
1596 3532 1730 3600 Quid
1760 3532 1899 3594 dico,
1933 3546 2035 3585 non
2066 3532 2267 3586 habita-

714 3619 924 3672 culum?
957 3635 1023 3674 ne
1067 3621 1347 3675 stationem
1390 3622 1602 3689 quidem
1629 3640 1642 3675 :
1674 3638 1792 3674 nam
1824 3637 1996 3690 neque
2025 3636 2143 3676 cum
2173 3638 2265 3675 ve-

716 3712 919 3766 nissent
949 3713 999 3766 in
1031 3714 1405 3776 solitudinem,
1436 3714 1665 3782 quietem
1694 3714 1918 3782 agebant
1945 3729 1958 3766 :
1993 3729 2098 3767 non
2124 3714 2264 3768 enim

710 3803 856 3865 dicit,
884 3802 1152 3858 Sedebant
1184 3805 1233 3856 iu
1264 3805 1565 3867 solitudine,
1590 3804 1682 3858 Sed
1709 3812 1905 3857 etcum
1934 3805 2039 3857 illic
2062 3813 2261 3870 essent,

712 3895 978 3963 fugiebant
1007 3906 1059 3948 et
1087 3898 1231 3950 illinc
1255 3896 1677 3965 expellebantur,
1706 3912 1808 3949 non
1840 3897 2009 3949 solum
2035 3911 2097 3949 cx
2124 3906 2260 3948 terra

715 3983 964 4047 habitata,
990 3986 1080 4038 sed
1110 3987 1265 4038 etiam
1289 4002 1353 4040 ex
1382 3984 1726 4039 inhabitabili.
1778 3986 1841 4039 Et
1873 3986 1921 4038 in
1951 3986 2261 4038 memoriam

710 4073 787 4126 eis
818 4084 1028 4128 revocat
1058 4076 1168 4128 loca
1200 4076 1249 4127 in
1280 4076 1469 4139 quibus
1499 4074 1749 4129 sederunt
1772 4116 1786 4135 ,
1820 4084 1871 4127 et
1901 4090 1986 4128 res
2012 4091 2127 4144 qua:
2160 4076 2263 4129 illic

713 4165 865 4217 facta:
894 4174 1014 4217 sunt
1042 4182 1053 4217 :
1086 4163 1321 4234 ﬁgentes.
1346 4166 1532 4235 amicti.
1566 4165 1765 4219 Deinde
1802 4181 1917 4228 vos,
1950 4165 2146 4234 inquit,
2178 4180 2263 4217 ac-

710 4264 894 4307 cusant
943 4265 1158 4322 propter
1190 4255 1485 4321 Christum,
1519 4266 1573 4308 et
1624 4254 1723 4307 hoc
1766 4255 2041 4321 patrabant
2077 4264 2262 4307 contra

714 4345 882 4397 tiliam
916 4363 928 4398 :
956 4345 1079 4413 quid
1129 4346 1393 4407 habebant
1418 4346 1485 4400 de
1516 4362 1619 4415 quo
1647 4364 1765 4399 eum
1793 4355 2139 4409 accusarent,
2171 4360 2265 4399 cur

709 4437 1031 4503 expellerent
1055 4478 1068 4497 .
1104 4449 1547 4506 persequerentur
1577 4448 1627 4491 ct
1657 4453 1774 4492 cmn
1807 4439 1940 4492 fame
1968 4438 2260 4492 conlliCIaI-i

709 4525 1160 4593 cogerent'lQuod
1185 4527 1233 4579 hi
1261 4543 1467 4595 quoque
1494 4538 1613 4580 tunc
1647 4528 1973 4596 patiebantur
1999 4547 2010 4580 :
2033 4538 2263 4596 propter-

708 4631 769 4665 ιιι
800 4614 923 4666 alibi
959 4614 1191 4680 dicebat,
1222 4616 1597 4681 Derreverunt,
1628 4617 1815 4685 inquit,
1841 4618 2052 4670 mittere
2076 4618 2149 4669 eis
2172 4618 2259 4684 qui

708 4706 1008 4774 afﬂiguntur
1038 4722 1099 4759 ex
1128 4707 1417 4777 discipulis.
1444 4708 1699 4773 Quantum
1728 4719 1994 4777 suppetunt
2012 4708 2158 4761 alicui
2178 4714 2260 4777 fa-

709 4799 930 4861 cultates,
950 4808 1226 4851 statuerunt
1270 4802 1600 4869 unusquisque
1627 4817 1797 4854 earum
1826 4803 2016 4853 mittere
2034 4802 2082 4855 in
2118 4802 2261 4852 mini-

708 4890 909 4940 sterium
941 4889 1275 4943 habitantibus
1302 4890 1352 4942 in
1377 4889 1559 4943 Judtea
1588 4890 1825 4957 fratribus
1856 4892 1987 4961 (Act.
2015 4892 2104 4945 ll.
2127 4890 2194 4944 29
2216 4894 2256 4959 ).

707 4979 856 5043 Quod
902 4980 1087 5033 horum
1133 4996 1341 5050 quoque
1398 4991 1528 5035 erat.
1576 4982 1770 5050 Aﬁlicti,
1812 4983 2007 5050 inquit;
2061 4982 2111 5035 id
2158 4992 2257 5047 est,

708 5071 843 5122 male
887 5071 1179 5136 patientes,
1226 5073 1275 5123 i'l
1324 5072 1458 5135 viis,
1510 5074 1560 5123 iu
1606 5074 1849 5140 periculis
1878 5090 1889 5125 :
1919 5072 2055 5140 quod
2100 5074 2257 5125 etiam

709 5162 891 5213 horum
923 5174 1057 5215 erat.
1108 5162 1417 5215 Cirrttierunt
1446 5174 1639 5226 autem,
1672 5165 1793 5233 quid
1820 5166 1932 5217 est?
1978 5164 2039 5215 In
2082 5165 2259 5217 solitu-

706 5250 918 5314 dinibus,
955 5252 1125 5320 inquit
1147 5294 1161 5316 ,
1190 5265 1409 5306 errantes
1438 5263 1481 5305 et
1510 5256 1757 5308 montibus
1784 5266 1826 5307 et
1856 5256 1905 5307 in
1932 5257 2183 5322 speluncis
2212 5269 2258 5307 et

705 5344 921 5394 cavernis
952 5352 1114 5397 tcrrw.
1144 5344 1414 5412 Tanquam
1446 5345 1669 5413 lttgititi,
1701 5346 1887 5415 inquit,
1914 5347 2254 5409 cirruierunt,

706 5441 751 5480 et
788 5431 872 5497 qni
900 5447 928 5484 e
954 5433 1064 5485 suis
1092 5434 1320 5502 migrant
1349 5435 1583 5498 sedibus,
1613 5448 1875 5504 tamquam
1900 5438 1987 5505 qui
2021 5440 2253 5507 turpissi

709 5537 910 5573 nimum
944 5524 1198 5576 scelerum
1236 5527 1643 5588 sttntcouvicti,
1688 5536 1952 5593 tamquam
1999 5545 2064 5581 ne
2113 5530 2254 5593 digni

709 5605 916 5669 quidem
962 5608 1122 5660 solum
1171 5610 1360 5663 iutueti
1392 5651 1405 5673 ,
1438 5628 1500 5664 nc
1530 5627 1590 5662 rx
1623 5611 1901 5665 atdillttiittt‘
1933 5613 2141 5679 tlltizit'lll
2172 5615 2244 5666 in-

2354 1293 2608 1335 venerunt
2647 1282 2931 1352 effugium,
2971 1284 3065 1338 sed
3110 1298 3322 1356 semper
3363 1287 3639 1354 Oportebat
3686 1287 3911 1355 fugere,

2351 1375 2627 1441 oportebat
2671 1375 2885 1431 latibula
2929 1376 3515 1446 qumrere,oportebat
3556 1394 3616 1431 se
3660 1378 3807 1433 vivos
3855 1379 3907 1433 in

2352 1474 2543 1518 terram
2588 1463 2827 1520 infodere
2852 1508 2867 1531 ,
2910 1481 3124 1536 semper
3164 1481 3285 1522 esse
3330 1469 3379 1521 in
3421 1477 3583 1521 metu.
3616 1468 3706 1522 39.
3748 1466 3812 1521 Et
3856 1470 3908 1521 hi

2351 1572 2519 1610 ontnes
2560 1558 2835 1611 testimonio
2877 1557 3071 1628 probati
3104 1574 3189 1625 per
3216 1558 3365 1626 ﬁdem
3388 1600 3403 1623 ,
3448 1575 3548 1611 non
3590 1559 3909 1611 obtinuerunt

2350 1646 2803 1716 repromissionetu,
2829 1647 2919 1701 40.
2949 1646 3057 1700 Deo
3086 1664 3176 1716 pro
3205 1648 3346 1701 nobis
3374 1649 3555 1703 melius
3570 1648 3764 1716 aliquid
3792 1666 3908 1717 pto-

2352 1738 2560 1803 ridente,
2584 1749 2635 1791 ut
2662 1755 2723 1791 ne
2740 1740 2847 1793 sine
2870 1741 3009 1793 nobis
3027 1751 3513 1793 consummarentur.
3536 1740 3664 1807 Qua:
3683 1752 3763 1795 est
3784 1758 3905 1810 ergo

2351 1842 2552 1890 merces
2578 1838 2737 1883 tantm
2762 1830 2910 1898 spei?
2934 1845 3051 1898 qua:
3078 1831 3467 1885 remuneratio?
3496 1830 3660 1885 Tanta
3686 1840 3905 1885 certent

2350 1918 2589 1971 oratione
2615 1916 2838 1986 exprimi
2867 1933 2969 1971 non
3003 1919 3186 1987 possit.
3216 1918 3294 1971 Ea
3323 1920 3464 1972 enim
3486 1959 3499 1980 ,
3533 1920 3701 1989 inquit
3728 1960 3741 1982 ,
3775 1935 3907 1986 prte-

2351 2012 2541 2077 paravit
2571 2008 2702 2063 Deus
2727 2009 3048 2079 diligentibus
3073 2026 3210 2073 eum,
3238 2025 3352 2079 qua:
3376 2026 3535 2079 neque
3561 2010 3737 2064 oculus
3762 2010 3903 2070 vidit.

2349 2118 2437 2154 nec
2459 2103 2597 2155 auris
2624 2102 2813 2154 audivit
2840 2142 2854 2163 ,
2885 2116 2975 2154 nec
3005 2102 3056 2155 in
3082 2118 3167 2154 cor
3194 2101 3411 2155 hominis
3451 2102 3786 2155 ascenderunt
3813 2104 3830 2169 (
3856 2102 3906 2153 ι.

2349 2190 2465 2244 Cor.
2492 2190 2548 2245 2.
2577 2190 2667 2260 9).
2726 2191 2829 2245 Sed
2867 2190 3090 2243 nonduin
3132 2200 3451 2260 acceperunt,
3497 2205 3682 2244 verum
3731 2190 3906 2242 adhuc

2348 2288 2675 2347 exspectant,
2703 2295 2823 2334 cum
2855 2279 2909 2332 in
2940 2289 3080 2333 tanta
3110 2279 3440 2334 decesserint
3466 2278 3773 2334 afﬂictione.
3805 2280 3911 2333 Tot

2348 2382 2470 2423 sunt
2498 2369 2621 2422 anui
2648 2385 2712 2423 ex
2741 2385 2846 2439 quo
2874 2371 3109 2423 vicerunt
3133 2412 3146 2435 ,
3177 2378 3229 2425 et
3275 2370 3508 2424 nondum
3540 2383 3862 2438 acceperunt
3888 2392 3904 2427 :

2350 2478 2441 2517 vos
2463 2472 2637 2517 autem
2664 2463 2788 2515 dum
2814 2461 2988 2516 adhuc
3009 2462 3243 2527 certatis,
3275 2464 3450 2515 maesti
3475 2462 3639 2516 estis?
3665 2465 3909 2533 Cogitate

2352 2568 2446 2606 vos
2477 2550 2685 2623 quoque
2712 2553 2836 2621 quid
2868 2562 2922 2606 ct
2950 2562 3202 2621 quantum
3231 2553 3318 2616 sit,
3348 2552 3537 2606 sedere
3562 2552 3828 2609 Abraham
3853 2565 3911 2609 et

2348 2646 2563 2699 Paulum
2608 2645 2905 2714 apostolum
2948 2653 3319 2712 exspectantes
3371 2645 3584 2712 quando
3642 2654 3694 2699 tu
3746 2645 3910 2702 fueris

2346 2748 2777 2798 consummatus,
2811 2745 2866 2792 ut
2897 2744 3021 2789 tunc
3053 2737 3253 2804 possint
3290 2737 3533 2804 accipere
3580 2738 3904 2791 mercedem.

2346 2829 2499 2892 Nam,
2534 2829 2629 2880 nisi
2659 2843 2755 2880 nos
2782 2841 2995 2896 quoque
3023 2826 3369 2895 adfuerimus,
3405 2826 3647 2895 przcdixit
3675 2829 3755 2881 eis
3783 2828 3910 2882 Ser-

2348 2929 2498 2973 vator
2523 2933 2582 2972 se
2609 2933 2711 2971 non
2742 2917 2986 2971 daturum
3015 2933 3028 2967 ε
3053 2917 3189 2969 sicut
3209 2917 3253 2969 si
3282 2925 3432 2983 pater
3457 2916 3748 2971 benevolus
3769 2918 3912 2971 dicat

2348 3010 2526 3078 probis
2557 3008 2678 3061 [iliis
2698 3015 2752 3060 et
2776 3019 2863 3075 qut
2895 3022 3029 3073 opus
3059 3004 3425 3063 confecerunt.
3448 3020 3505 3058 sc
3533 3022 3636 3058 non
3659 3006 3906 3060 daturum

2348 3101 2484 3177 quod
2512 3099 2669 3154 edant
2692 3140 2705 3158 .
2742 3098 2839 3150 nisi
2876 3096 3121 3151 venerint
3151 3110 3336 3149 eorum
3376 3096 3585 3149 fratres.
3620 3096 3697 3149 Tu
3728 3105 3905 3151 autem

2349 3205 2487 3261 a-gre
2518 3189 2622 3244 fers
2650 3187 2787 3258 quod
2822 3187 3118 3240 mercedem
3150 3187 3383 3239 nondum
3428 3187 3743 3254 acceperis?
3772 3190 3906 3253 Quid

2348 3297 2474 3351 ergo
2503 3281 2657 3335 faciet
2685 3279 2832 3341 Abel,
2862 3280 2949 3347 qui
2982 3288 3106 3330 ante
3132 3291 3317 3329 omnes
3347 3277 3469 3329 vicit
3491 3317 3504 3339 ,
3538 3286 3592 3331 et
3621 3277 3770 3333 sedet
3800 3293 3905 3331 non

2348 3369 2663 3427 coroaatus?
2681 3367 2802 3436 quid
2828 3384 2951 3419 vero
2974 3365 3121 3419 Noe?
3140 3365 3263 3433 quid
3285 3364 3340 3427 ii,
3361 3365 3448 3433 qui
3478 3365 3581 3419 illis
3606 3366 3752 3421 fuere
3776 3376 3910 3420 tem-

2348 3464 2593 3533 poribus,
2624 3461 2711 3529 qui
2746 3469 2794 3513 te
2824 3469 2877 3512 et
2907 3474 3000 3512 uos
3025 3459 3113 3527 qui
3151 3467 3269 3524 post
3300 3466 3350 3509 te
3378 3465 3533 3509 erunt
3560 3460 3909 3525 exspectant?

2419 3551 2815 3605 Christianorum
2857 3549 3047 3616 Optima
3077 3547 3319 3599 conditio.
3344 3575 3413 3585 —
3445 3546 3603 3600 Vides
3630 3546 3771 3616 quod
3806 3548 3908 3600 illis

2350 3654 2531 3695 smnus
2558 3640 2882 3704 superiores,
2907 3654 2958 3689 et
2986 3637 3173 3691 melior
3197 3637 3263 3688 sit
3292 3644 3474 3690 nostra
3504 3651 3661 3703 quam
3691 3637 3904 3689 illorum

2349 3730 2614 3783 conditio?
2634 3726 2709 3780 De
2726 3726 2865 3780 nobis
2886 3730 3036 3790 enim,
3063 3725 3254 3794 inquit,
3276 3725 3473 3793 aliquid
3487 3727 3906 3793 nteliusprteuitlit

2354 3818 2506 3871 Deus.
2529 3817 2605 3871 Ne
2627 3818 2929 3870 viderentur
2943 3816 3081 3869 enim
3104 3829 3223 3867 esse
3244 3813 3478 3868 melioris
3496 3830 3653 3883 quam
3672 3830 3767 3868 nos
3780 3831 3904 3867 con-

2353 3904 2587 3967 ditionis,
2632 3906 2676 3956 si
2710 3904 2860 3971 primi
2913 3913 3317 3966 coronarentur,
3373 3900 3611 3955 delinivit
3659 3900 3904 3953 omuilms

2356 4009 2514 4046 unum
2549 4003 2754 4060 tempus
2797 4007 3140 4055 coronarum;
3184 4001 3235 4045 ct
3262 3992 3349 4061 qui
3377 4000 3479 4043 tam
3508 3992 3683 4044 multis
3707 4001 3828 4045 ante
3860 4003 3911 4043 te

2354 4083 2509 4135 annis
2535 4083 2677 4143 vicit,
2699 4092 2867 4135 tecum
2896 4082 3083 4149 accipit
3108 4095 3380 4134 coronam.
3407 4080 3568 4134 Vides
3606 4081 3695 4133 Dei
3724 4096 3907 4135 curam

2355 4181 2409 4225 et
2458 4170 2877 4238 providentiun?
2928 4169 3037 4223 Non
3084 4169 3232 4233 dixit,
3265 4169 3338 4224 Ne
3390 4171 3504 4223 sine
3552 4170 3703 4223 nobis
3750 4186 3907 4223 coro-

2359 4272 2580 4324 nentur;
2638 4261 2751 4324 sed,
2807 4260 2872 4313 Ut
2922 4278 3019 4313 nou
3069 4262 3175 4314 sine
3213 4262 3353 4315 nobis
3398 4273 3865 4314 consunnnarentnr
3894 4278 3913 4314 :

2359 4352 2532 4420 itaque
2563 4362 2683 4405 tunc
2713 4360 2967 4419 apparent
3012 4352 3253 4419 perfecti.
3299 4352 3693 4405 Praecessermvt
3716 4352 3765 4404 in
3795 4368 3920 4405 cer-

2360 4442 2675 4505 taminibus,
2730 4440 2824 4493 sed
2894 4458 2994 4492 non
3061 4440 3363 4506 prmcedunt
3405 4442 3454 4494 in
3510 4442 3741 4493 coronis.
3796 4441 3916 4495 Non

2359 4531 2475 4584 illos
2524 4531 2677 4594 laisit,
2730 4530 2821 4582 sed
2869 4546 2965 4583 nos
3014 4530 3341 4583 honoravit:
3379 4531 3475 4598 ipsi
3530 4532 3669 4584 enim
3720 4532 3919 4586 fratres

2357 4628 2683 4681 exspectant.
2719 4618 2850 4671 Nam
2902 4620 2944 4671 Si
3000 4633 3185 4671 onmcs
3232 4634 3414 4671 sumus
3466 4636 3625 4672 unum
3682 4635 3915 4689 corpus,

2358 4710 2562 4761 exsistit
2610 4708 2728 4761 huic
2772 4710 2979 4777 corpori
3027 4709 3196 4776 major
3241 4709 3501 4777 voluptas.
3530 4710 3740 4779 quando
3767 4727 3920 4764 com-

2360 4800 2585 4851 muniter
2628 4810 2931 4859 coronatur.
2987 4808 3039 4852 et
3087 4815 3190 4852 non
3218 4800 3543 4869 singulatim.
3598 4801 3803 4855 Etenim
3862 4803 3916 4857 ia

2360 4888 2457 4939 hoc
2488 4902 2697 4956 quoque
2720 4898 2840 4940 sunt
2861 4888 2987 4957 justi
3011 4887 3372 4953 admirabiles,
3398 4891 3535 4958 quod
3560 4891 3798 4943 itl‘lzlltlltf‘
3821 4895 3918 4944 ho-

2359 4979 2438 5028 nis
2468 4978 2687 5029 fratrum
2723 4985 2989 5045 tatnquam
3021 4979 3151 5031 suis.
3187 4978 3540 5046 Quamobrem
3576 4981 3675 5034 hoc
3704 5000 3918 5051 qnutpie

2358 5069 2462 5120 illis
2490 5068 2629 5120 cedit
2655 5084 2717 5120 cx
2749 5070 2909 5122 animi
2940 5070 3016 5122 sui
3050 5072 3333 5131 sententia,
3360 5072 3504 5139 quod
3534 5088 3654 5125 cum
3687 5075 3919 5141 propriis

2360 5159 2611 5209 membris
2641 5158 2746 5210 sint
2768 5161 3005 5212 coronati
3036 5177 3047 5210 :
3077 5159 3217 5227 quod
3241 5161 3381 5213 cnim
3409 5162 3563 5214 simul
3586 5162 3689 5213 sint
3716 5165 3917 5231 gluriti-

2355 5250 2477 5311 cati,
2504 5266 2688 5318 magna
2720 5262 2798 5303 est
2823 5252 3084 5319 voluptas.
3126 5252 3274 5321 (Cap.
3306 5253 3393 5321 19.)
3426 5254 3474 5305 l.
3505 5252 3725 5323 Ideoque
3749 5266 3791 5307 rt
3822 5274 3915 5309 aus

2359 5353 2550 5393 tantum
2576 5342 2805 5394 habentes
2831 5344 3116 5404 impositam
3147 5342 3321 5395 nubent
3354 5345 3569 5397 testium.

2425 5435 2478 5485 9..
2522 5435 2789 5499 Scriptura
2822 5444 2959 5499 sa‘pe
2988 5436 3178 5503 accipit
3207 5436 3624 5489 consolationem
3654 5436 3708 5490 ἷνι
3738 5441 3912 5506 malis,

2355 5543 2383 5578 ιι
2412 5526 2567 5578 rebus
2595 5543 2709 5593 qua:
2738 5525 2982 5578 acritlunt
3012 5546 3021 5577 :
3051 5538 3101 5578 ul
3131 5528 3339 5595 quando
3360 5528 3490 5581 dicit
3519 5529 3769 5597 propheta
3795 5552 3805 5585 :
3831 5532 3912 5584 lix

2356 5627 2497 5681 astu,
2532 5627 2573 5669 ct
2604 5617 2808 5681 tluritir,
2841 5629 2885 5669 tt
2918 5619 3155 5670 imbribus
3188 5620 3360 5687 eripiet
3392 5630 3437 5672 te
3466 5619 3615 5676 limi.
3654 5624 3700 5675 ι.
3738 5626 3829 5690 (3);
3860 5637 3913 5677 et
