4134 6342
310 387 403 444 195

304 514 487 575 llavitl,
522 511 621 564 l’er
643 511 772 563 diem
794 508 869 560 sol
890 521 988 559 non
1014 517 1121 558 uret
1148 516 1214 568 te,
1240 520 1397 574 neque
1418 506 1539 555 luna
1564 519 1652 571 per
1673 511 1866 554 nectent

303 603 477 675 (Psal.
502 596 625 657 ﬁt).
657 601 733 669 6).
763 600 871 653 lloc
892 600 1051 652 etiam
1077 597 1161 650 hic
1184 596 1329 661 dicit,
1356 594 1496 664 quod
1521 594 1729 647 illorum
1752 609 1867 647 san-

302 707 514 751 ctorum
541 692 859 757 recordatio,
892 692 1029 744 sicut
1056 689 1223 743 nubes
1252 703 1370 742 cum
1402 686 1491 756 qui
1522 687 1696 740 ttritur
1720 704 1747 740 a
1777 704 1863 741 ea-

302 787 491 843 lidiore
517 785 666 839 radio
693 783 993 847 obumbrat,
1026 781 1093 834 ita
1117 779 1311 834 excitat
1334 790 1383 832 et
1407 790 1613 833 recreat
1634 779 1865 832 animam

302 894 419 948 qua:
447 877 600 931 malis
632 875 857 929 laborat.
892 872 957 926 Et
983 888 1088 925 non
1119 870 1271 936 dixit,
1305 870 1358 923 In
1386 870 1550 923 altum
1577 883 1741 940 super
1762 885 1834 928 no
1858 905 1864 916 .

303 970 515 1032 elatam,
544 965 659 1029 scd,
693 963 852 1018 Nobis
878 964 1160 1032 impositam
1186 976 1204 1014 :
1232 960 1374 1030 quod
1402 961 1617 1030 quidem
1642 969 1756 1015 erat
1778 962 1870 1014 illo

303 1057 552 1127 amplius.
571 1064 627 1110 ut
648 1070 743 1123 per
766 1054 866 1109 hoc
885 1052 1212 1117 ostenderet,
1233 1051 1373 1121 quod
1395 1051 1551 1105 nobis
1572 1052 1622 1105 in
1644 1052 1866 1106 circuitu

302 1147 582 1216 impositus
612 1146 778 1216 magis
816 1159 1030 1200 securos
1058 1142 1262 1197 reddet.
1289 1141 1473 1198 Testes
1496 1142 1624 1197 dicit
1649 1158 1752 1196 non
1777 1158 1872 1198 eos

301 1231 473 1285 solum
504 1230 591 1300 qtti
625 1240 749 1284 sunt
780 1236 829 1283 In
862 1230 1009 1283 Novo
1031 1272 1043 1293 ,
1087 1233 1179 1284 Sed
1227 1234 1387 1283 etiam
1420 1249 1511 1286 cus
1539 1233 1625 1301 qui
1659 1245 1783 1286 sunt
1815 1236 1864 1287 in

305 1318 482 1374 Veteri
514 1337 529 1373 :
558 1334 678 1372 nam
715 1320 814 1388 ipsi
856 1334 1070 1389 quoque
1112 1321 1344 1373 tulcrunt
1394 1323 1757 1377 testimonium
1810 1324 1875 1378 de

305 1411 397 1467 Dei
427 1411 790 1481 magnitudine
812 1428 823 1463 :
847 1420 901 1465 ut
922 1421 1030 1466 tres
1054 1414 1220 1480 pueri,
1248 1422 1301 1466 et
1331 1414 1494 1479 filias,
1520 1424 1573 1468 et
1600 1415 1874 1483 prophetae

301 1517 507 1558 omnes.
539 1503 857 1572 Deponentes
884 1520 1031 1557 onme
1072 1506 1291 1571 pondus.
1333 1504 1494 1559 Omne
1514 1547 1527 1570 ,
1563 1507 1827 1575 quodnam
1853 1508 1874 1560 ?

302 1592 576 1655 Somnum,
600 1593 994 1662 negligentiam,
1018 1594 1147 1648 viles
1169 1605 1221 1648 et
1244 1596 1478 1664 abjectas
1500 1598 1871 1666 cogitationes,

302 1684 477 1735 omnia
498 1683 743 1735 humana.
764 1682 831 1735 Et
853 1684 1182 1737 circumstans
1204 1702 1293 1738 nos
1317 1697 1598 1753 peccatum.
1619 1688 1873 1758 Autquod

307 1786 400 1824 nos
426 1771 578 1827 facile
600 1773 965 1836 circumsistit,
996 1783 1087 1827 aut
1114 1774 1253 1843 quod
1283 1776 1436 1830 facile
1464 1777 1661 1845 patitur
1688 1788 1745 1832 ut
1765 1779 1871 1833 cir-

309 1864 709 1917 rutm'eniatur:
740 1863 840 1917 hoc
868 1873 1043 1918 autem
1077 1867 1251 1935 potius
1282 1884 1294 1919 :
1326 1867 1479 1922 facile
1508 1871 1672 1935 enim,
1708 1872 1751 1924 si
1787 1887 1873 1924 re-

308 1957 461 2009 limus
482 1997 497 2018 ,
530 1970 809 2025 possumus
831 1969 1413 2026 superare~peccatum.
1448 1960 1550 2013 Per
1578 1964 1873 2031 patientiam

302 2062 563 2098 curramus
586 2046 895 2115 propositum
917 2047 1058 2100 nobis
1079 2056 1352 2102 certamen.
1372 2050 1487 2104 Non
1505 2051 1659 2118 dixit,
1677 2053 1875 2122 Pugna-

304 2150 439 2196 mus,
466 2150 655 2203 neque,
687 2135 994 2199 Luctemur,
1024 2154 1218 2207 neque,
1250 2140 1454 2194 Bellum
1480 2156 1751 2211 geramus,
1776 2144 1868 2197 sed

300 2228 439 2297 quod
466 2238 584 2282 erat
609 2224 855 2284 omnibus
884 2230 1073 2297 levius,
1099 2247 1291 2301 nempe
1320 2249 1534 2288 cursum
1559 2234 1608 2288 in
1636 2235 1866 2289 medium

300 2320 493 2372 attulit.
542 2319 723 2388 Neque
748 2320 913 2387 dixit,
942 2320 1133 2376 Cursui
1160 2323 1473 2391 adjiciamus
1499 2364 1514 2388 ,
1544 2324 1639 2379 sed
1665 2367 1679 2390 ,
1715 2324 1769 2377 In
1806 2340 1871 2379 eo

302 2410 415 2476 ipso
443 2409 803 2465 sustineamus
828 2422 882 2466 et
914 2413 1295 2481 persistamus,
1329 2430 1395 2469 ne
1421 2415 1590 2469 simus
1616 2416 1867 2471 dissoluti

299 2514 352 2556 et
395 2504 655 2558 enervati.
699 2503 1009 2572 Currantus,
1044 2506 1250 2576 inquit,
1280 2524 1491 2577 agonem
1536 2510 1867 2578 propositum.

302 2596 497 2650 Deinde
524 2596 903 2652 consolationis
925 2607 980 2653 et
1000 2600 1386 2653 exhortationis
1414 2610 1595 2669 caput,
1625 2601 1765 2670 quod
1790 2611 1871 2655 est

298 2699 350 2742 et
381 2692 604 2758 prinunn
628 2700 680 2746 et
707 2692 969 2757 ultimum,
997 2694 1165 2762 ponit,
1190 2695 1457 2749 Christum
1487 2715 1498 2748 :
1527 2696 1582 2751 9..
1606 2697 1868 2767 Aspicien-

298 2789 389 2841 tes,
415 2780 605 2850 inquit,
628 2782 680 2834 in
701 2792 957 2836 auctorem
980 2784 1101 2852 ﬁdei
1124 2794 1169 2837 et
1196 2796 1646 2839 consummatorem
1671 2786 1705 2840 Ι
1711 2805 1868 2840 esum.

298 2870 448 2937 Quod
472 2872 587 2939 ipse
607 2888 817 2942 quoque
840 2873 1084 2927 Christus
1106 2875 1320 2929 assidue
1341 2876 1552 2931 dicebat
1579 2878 1689 2931 suis
1712 2877 1874 2932 disci-

299 2964 436 3034 pulis
484 2980 498 3017 :
551 2964 609 3019 Si
663 2973 854 3034 patrem
903 2966 1129 3036 familias
1174 2965 1452 3020 Beelzebub
1507 2969 1869 3037 appellarunt,

299 3064 487 3123 quanto
514 3057 673 3125 magis
703 3055 1002 3111 domesticos
1029 3058 1139 3127 ejus
1161 3057 1375 3126 (.llatth.
1411 3060 1498 3113 l0.
1524 3061 1654 3129 9.5)?
1680 3070 1733 3114 ct
1757 3077 1873 3114 rur-

299 3159 408 3207 sus,
444 3144 560 3198 Non
588 3154 659 3198 est
690 3146 970 3215 discipulus
998 3164 1154 3217 supra
1180 3146 1497 3218 magistrum,
1524 3166 1679 3219 neque
1700 3167 1872 3205 servus

300 3251 445 3303 super
472 3235 730 3288 dominum
755 3252 902 3289 suum
930 3237 949 3308 (
984 3234 1114 3290 Ibid.
1144 3254 1191 3291 υ.
1217 3237 1352 3306 21).
1398 3240 1711 3308 Aspicietttes
1741 3282 1755 3304 ,
1790 3242 1870 3295 in.

299 3325 410 3394 quit
439 3341 453 3379 :
488 3327 587 3380 hoc
613 3336 719 3393 est,
752 3335 809 3381 ut
835 3328 1106 3383 discamus
1132 3343 1369 3396 currere,
1404 3331 1683 3386 videamus
1714 3333 1867 3387 Chri-

300 3426 460 3469 stunt.
494 3415 641 3472 Sicut
663 3419 805 3473 enim
831 3419 880 3472 in
912 3420 1160 3474 omnibus
1180 3422 1385 3476 artibus
1411 3431 1465 3477 et
1490 3423 1871 3479 certaminibus

300 3506 366 3560 ad
398 3509 677 3576 magistros
707 3509 1047 3578 aspicientes,
1081 3510 1152 3564 ita
1183 3510 1236 3564 in
1265 3523 1447 3566 mente
1476 3523 1647 3567 artem
1681 3514 1869 3581 impri-

303 3600 527 3659 mimus.
564 3614 657 3668 per
691 3600 901 3655 ridendi
946 3600 1249 3657 facultatem
1288 3603 1543 3672 quasdam
1596 3616 1870 3662 sumentes

302 3689 514 3759 regulas
548 3708 560 3745 :
593 3692 663 3746 ita
717 3692 803 3747 hic
852 3708 1103 3764 quoque,
1149 3695 1193 3748 si
1244 3696 1470 3750 velimus
1512 3712 1768 3763 currere,
1816 3709 1871 3753 et

300 3770 506 3829 discere
532 3789 677 3831 recte
702 3793 936 3846 currere,
964 3785 1251 3853 aspicimus
1276 3786 1341 3839 ad
1368 3787 1643 3843 Christum
1674 3800 1855 3845 aucto-

300 3878 411 3917 rem
438 3864 561 3921 fidei
598 3877 652 3921 et
690 3882 1173 3929 consummatorem
1200 3876 1402 3931 Jesum.
1432 3877 1569 3945 Quid
1613 3880 1713 3934 hoc
1744 3881 1863 3935 est?

303 3953 356 4007 Id
385 3964 469 4009 est
488 3996 503 4018 .
533 3956 647 4026 ipse
672 3961 827 4015 nobis
854 3962 1009 4018 fidem
1035 3964 1253 4033 indidit,
1281 3970 1393 4037 ipse
1418 3972 1736 4040 principium
1760 3972 1861 4027 de-

300 4043 395 4100 dit.
443 4047 595 4114 Quod
626 4050 835 4117 dicebat
869 4053 1114 4109 Christus
1143 4057 1460 4128 discipulis:
1495 4060 1617 4116 Non
1654 4079 1739 4117 vos
1787 4080 1867 4118 me

300 4138 535 4216 elegistis,
564 4145 651 4196 sed
681 4159 768 4214 ego
794 4144 924 4217 elegi
948 4163 1035 4202 vos
1059 4148 1238 4220 (Joan.
1264 4153 1352 4207 15.
1382 4152 1493 4225 16).
1526 4154 1719 4210 Paulus
1744 4166 1871 4225 quo-

300 4243 403 4321 que
436 4230 563 4321 dicit
590 4251 604 4287 :
636 4233 777 4290 Tunc
803 4254 1103 4310 cognoscam
1131 4243 1259 4297 sicut
1286 4254 1333 4299 et
1370 4248 1599 4318 cognitus
1628 4265 1738 4303 sum
1768 4248 1787 4321 (
1812 4250 1865 4303 1.

299 4315 418 4410 Cor.
442 4320 532 4377 13.
564 4322 692 4396 12).
722 4325 779 4381 Si
823 4337 1002 4384 autem
1045 4330 1159 4401 ipse
1189 4334 1344 4389 nobis
1384 4315 1634 4408 imposuit
1662 4315 1868 4410 princi-

302 4408 481 4501 Pium.
507 4412 622 4482 ipse
647 4431 864 4489 quoque
891 4422 1045 4476 nobis
1076 4423 1234 4479 finem
1266 4426 1512 4496 imponit.
1558 4408 1871 4501 Qui‘propo-

300 4500 396 4554 sita
419 4500 515 4555 sibi
538 4505 727 4576 gaudio
753 4510 989 4564 sustinuit
1008 4529 1225 4579 crucem,
1246 4519 1542 4590 confusione
1564 4500 1867 4592 contempta.

305 4589 418 4646 ttoc
446 4602 568 4659 est,
601 4595 793 4653 licebat
834 4600 884 4654 ci
924 4602 1057 4657 nihil
1100 4606 1241 4674 pati,
1274 4608 1317 4661 si
1363 4609 1662 4666 voluisset:
1700 4589 1871 4683 neqtte

302 4686 445 4739 enim
477 4699 751 4755 peccatum
776 4691 919 4759 fecit,
951 4710 1126 4766 neque
1151 4698 1399 4756 inventus
1419 4712 1503 4756 est
1526 4702 1683 4759 dolus
1705 4707 1755 4759 in
1780 4719 1875 4761 ore

301 4776 418 4846 ejus
449 4776 612 4850 (lsai.
640 4782 730 4837 55.
763 4782 834 4856 9)
862 4803 875 4839 :
904 4786 1040 4842 sicut
1069 4788 1187 4858 ipse
1214 4806 1428 4862 quoque
1451 4793 1582 4850 dicit
1612 4795 1663 4848 in
1694 4796 1874 4850 Evan-

302 4868 454 4937 geliis
480 4887 493 4923 :
535 4871 675 4926 Venit
706 4877 881 4929 mundi
907 4880 1158 4949 princeps,
1190 4893 1236 4936 et
1261 4885 1313 4937 in
1342 4901 1419 4939 me
1438 4902 1538 4939 non
1564 4886 1710 4942 habet
1733 4889 1875 4958 quid-

302 4975 455 5031 quam
485 4962 662 5033 (Joan.
690 4967 780 5022 14.
807 4970 923 5038 50).
955 4971 1082 5027 Erat
1109 4988 1236 5045 ergo
1260 4976 1310 5031 ei
1339 4988 1645 5049 promptum
1664 5023 1678 5047 ,
1708 4981 1751 5035 si
1780 4997 1875 5039 vo-

313 5050 500 5110 luisset
527 5069 629 5109 non
659 5060 839 5115 venire
865 5062 929 5115 ad
956 5076 1167 5119 crucem
1193 5083 1208 5119 :
1237 5064 1538 5123 Potestatetn
1578 5070 1717 5127 enim
1742 5113 1758 5139 ,
1788 5073 1873 5127 it:-

306 5144 439 5214 quit,
462 5144 619 5200 habeo
641 5151 860 5217 ponendi
883 5156 1103 5207 animum
1124 5172 1305 5217 nteant.
1333 5169 1382 5212 et
1407 5171 1698 5229 potestatem
1718 5164 1876 5219 habeo

308 5246 483 5327 rursus
512 5237 788 5292 recim'endi
816 5257 923 5295 eam
954 5242 1131 5313 (Joan.
1168 5248 1251 5302 10.
1286 5249 1395 5319 18).
1427 5249 1503 5324 (a)
1544 5252 1598 5308 Si
1629 5270 1756 5325 ergo
1784 5257 1874 5327 qui

312 5323 532 5380 minime
578 5342 798 5385 necesse
834 5330 1061 5389 habebat
1102 5339 1334 5409 crucifigi
1357 5382 1371 5406 ,
1405 5323 1622 5413 propter
1649 5323 1747 5402 nos
1780 5323 1876 5403 fuit

309 5417 593 5474 crucifixus
618 5436 631 5474 :
658 5433 858 5489 quanto
887 5429 1051 5500 magis
1083 5444 1177 5497 par
1200 5440 1283 5487 est
1312 5443 1368 5488 ut
1396 5450 1495 5490 nos
1524 5438 1699 5493 omnia
1730 5438 1879 5495 forti-

313 5515 394 5560 ιρι-
424 5506 698 5567 feramus?
724 5514 825 5580 Qui
853 5520 1130 5585 proposito,
1164 5522 1364 5592 inquit,
1387 5527 1483 5580 sibi
1505 5530 1691 5599 gaudio
1720 5531 1875 5585 susti-

313 5599 419 5653 nuit
446 5617 643 5656 crucem
668 5644 682 5667 ,
712 5608 1011 5677 confusione
1044 5616 1510 5685 contempta.,Qttid
1549 5629 1629 5675 est
1648 5661 1664 5688 ,
1692 5619 1881 5692 Confu-

389 5759 463 5825 (a)
484 5759 691 5816 Grandis
709 5763 785 5815 hic
799 5764 957 5818 hiatus
980 5776 1055 5820 est
1078 5771 1123 5821 in
1146 5773 1359 5827 Colbert.

1106 387 1170 443 ΙΝ
1209 386 1413 442 EI‘IST.
1462 386 1547 439 AD
1588 382 1943 439 “Elin/EOS.
1985 385 2137 441 C.\l’.
2180 390 2291 444 ΧΗ.
2337 392 2566 448 1101111..
2612 393 2835 449 XXVI".

3451 394 3543 447 lll’t

1971 505 2111 559 sione
2140 518 2427 577 contempla
2445 511 2470 562 .9
2496 508 2839 577 Probrosam,
2874 512 3073 582 inquit,
3103 512 3263 584 elegit
3293 522 3539 571 mortem.

1974 594 2101 649 Esto
2126 599 2266 651 enim
2290 640 2303 663 ,
2336 600 2538 669 inquit,
2574 609 2655 655 est
2684 611 2967 668 mortuus;
3011 620 3108 660 cur
3158 604 3549 676 ignominiosa?

1972 685 2086 740 Non
2115 698 2335 757 propter
2359 689 2521 752 aliud,
2552 706 2709 759 quam
2736 708 2832 747 nos
2858 693 3080 759 docens,
3105 705 3161 751 ut
3181 697 3405 765 gloriam
3428 712 3549 765 quas

1974 778 2040 833 ab
2081 778 2381 835 hominibus
2420 780 2577 835 datur
2611 782 2763 837 nihili
2791 783 3068 840 ducamus.
3102 787 3395 857 Propterea
3423 803 3547 844 cum

1974 884 2078 923 non
2100 880 2238 924 esset
2260 874 2482 939 peccato
2504 872 2797 941 subjectus,
2825 890 2940 929 eam
2964 877 3145 946 elegit,
3175 877 3428 933 erudiens
3451 894 3551 934 nos

1977 970 2031 1014 ut
2060 960 2315 1015 adversus
2338 976 2453 1015 eam
2482 963 2651 1016 simus
2672 964 2904 1020 audaces
2930 1006 2944 1029 .
2976 977 3028 1021 et
3054 983 3171 1021 eam
3204 970 3356 1024 nihili
3384 969 3554 1025 iacia-

1977 1064 2114 1103 mus.
2137 1050 2310 1117 Quare
2336 1067 2440 1105 non
2465 1051 2618 1113 dixit,
2645 1053 2889 1121 Tristitia,
2919 1056 3011 1111 sed
3041 1057 3390 1128 Confusione?
3411 1060 3556 1128 Quo-

1982 1142 2121 1193 niam
2154 1156 2257 1193 non
2291 1141 2404 1195 lucc
2438 1141 2639 1198 ferebat
2668 1160 2787 1199 cum
2822 1148 3055 1202 tristitia.
3098 1150 3226 1214 Quis
3264 1159 3441 1205 autem
3486 1152 3555 1206 sit

1978 1228 2097 1282 linis
2117 1230 2237 1283 audi
2268 1248 2280 1283 :
2304 1231 2465 1299 Atque
2485 1233 2536 1286 in
2558 1234 2765 1287 dextera
2785 1237 2917 1289 sedis
2942 1237 3035 1290 Dei
3059 1239 3212 1292 sedet.
3232 1238 3392 1295 Vides
3421 1257 3556 1310 prm-

1965 1315 2127 1368 tnium
2159 1316 2508 1372 certaminis?
2533 1318 2687 1384 Quod
2724 1320 2920 1376 Paulus
2952 1340 3166 1396 quoque
3193 1331 3437 1387 scribens
3461 1334 3542 1387 di-

1963 1407 2036 1459 cit
2067 1424 2079 1458 :
2114 1404 2333 1473 Propter
2359 1408 2493 1477 quod
2521 1418 2565 1461 et
2596 1409 2733 1465 Deus
2760 1412 2912 1465 istum
2938 1420 3353 1488 superemltavit,
3378 1433 3426 1476 et
3452 1424 3543 1476 do-

1964 1498 2099 1548 navit
2127 1496 2206 1548 illi
2234 1514 2431 1561 nomen,
2474 1499 2609 1567 quod
2656 1510 2725 1553 est
2768 1519 2919 1571 super
2960 1521 3107 1559 omne
3148 1524 3350 1574 nomen,
3390 1522 3446 1564 ut
3488 1515 3542 1567 in

1965 1590 2163 1640 nomine
2188 1587 2310 1641 Jesu
2342 1606 2488 1643 omne
2518 1608 2647 1660 gcntt
2678 1594 2912 1661 flectatur
2942 1594 3203 1669 (Philipp.
3236 1600 3289 1654 2.
3325 1602 3376 1657 9.
3410 1603 3477 1658 ιο

1968 1678 2104 1731 Dicit
2127 1680 2265 1749 quod
2290 1691 2372 1733 est
2397 1682 2687 1735 secundum
2713 1698 2950 1740 carnem.
2976 1690 3148 1758 Atque
3174 1694 3403 1748 maxime
3428 1695 3544 1763 qui-

1967 1768 2125 1834 dem,
2171 1771 2379 1824 etiamsi
2428 1772 2630 1825 nullum
2682 1784 2824 1829 esset
2878 1780 3210 1848 propositum
3263 1784 3542 1853 praemium

1966 1864 2292 1928 certaminis,
2327 1863 2601 1918 sufficeret
2646 1870 2948 1937 exemplum
2998 1870 3063 1925 ad
3113 1876 3543 1941 persuadendum

1969 1963 2025 2007 ut
2066 1955 2242 2009 omnia
2285 1966 2466 2008 nostra
2500 1966 2688 2024 sponte
2720 1963 3110 2017 sustineremus
3141 1982 3154 2017 :
3190 1982 3331 2022 nunc
3359 1978 3542 2024 autem

1969 2044 2122 2097 nobis
2149 2046 2306 2098 etiam
2338 2059 2710 2115 proponuntur
2737 2054 2975 2119 praemia,
3008 2071 3113 2109 non
3140 2058 3413 2127 quaelibet,
3446 2061 3543 2115 sed

1968 2148 2154 2204 magna
2200 2146 2252 2189 et
2295 2136 2600 2191 inell'abilia.
2650 2139 3011 2209 Quamobrem
3042 2161 3139 2200 nos
3169 2163 3383 2219 quoque
3421 2166 3541 2205 cum

1968 2224 2166 2294 aliquid
2197 2227 2301 2281 tale
2332 2229 2470 2296 passi
2502 2228 2780 2297 fuerimus,
2812 2245 2937 2288 ante
2966 2238 3242 2305 apostolos
3269 2240 3547 2298 Christum

1970 2316 2281 2383 cogitemus.
2306 2316 2513 2384 Quare?
2538 2319 2669 2385 Quia
2695 2330 2800 2376 tota
2823 2323 2939 2392 ejus
2976 2327 3080 2381 vita
3110 2329 3264 2398 plena
3294 2329 3393 2386 fuit
3418 2347 3547 2387 cun-

1970 2405 2203 2458 tttmcliis
2234 2424 2246 2457 :
2280 2421 2491 2476 semper
2519 2410 2659 2463 enim
2692 2413 2830 2468 male
2855 2415 3134 2485 audiebat,
3162 2429 3220 2474 ut
3247 2423 3334 2491 qui
3368 2438 3537 2477 voca-

1972 2505 2117 2548 retur
2139 2494 2391 2560 furiosus,
2416 2498 2667 2555 seductor
2690 2510 2743 2555 et
2767 2506 3153 2576 prmstigiator;
3182 2519 3237 2565 et
3258 2513 3548 2582 aliquando

1971 2585 2182 2654 quidem
2206 2585 2455 2641 dicebant
2476 2588 2666 2657 Judmi,
2700 2592 2799 2646 llic
2819 2612 2919 2650 non
2941 2607 3013 2651 est
3037 2614 3068 2651 a
3088 2598 3235 2666 Dea;
3264 2602 3550 2673 aliquando

1971 2685 2167 2738 autem,
2203 2674 2322 2729 Non
2344 2719 2357 2741 ,
2388 2678 2475 2732 sed
2498 2681 2689 2735 seducit
2719 2684 2928 2751 turbas;
2956 2697 3011 2741 et
3039 2704 3226 2746 rursus
3246 2734 3261 2757 ,
3292 2690 3546 2749 Seductor

1972 2765 2059 2819 ille
2086 2767 2279 2820 dicebat
2308 2769 2475 2822 adhuc
2501 2772 2817 2837 vivens,Post
2847 2784 2945 2831 tres
2970 2779 3075 2833 dies
3099 2797 3377 2853 resurgam.
3410 2785 3551 2841 Pric~

1971 2856 2244 2925 stigiarum
2273 2873 2485 2928 quoque
2525 2871 2579 2915 et
2618 2866 2837 2933 magica:
2885 2868 3015 2922 artis
3062 2885 3185 2925 eum
3228 2875 3550 2932 accusabant

1972 2947 2210 3002 dicentes
2238 2966 2250 3001 ι
2280 2947 2347 3001 In
2378 2948 2655 3005 Beelzebub
2684 2955 2819 3025 ejicit
2845 2955 3097 3013 daemonia
3150 2961 3338 3032 (.Ioan.
3370 2965 3425 3021 9.
3459 2968 3546 3023 16.

1974 3049 2017 3092 et
2045 3039 2096 3090 7.
2130 3037 2219 3104 l2;
2251 3039 2440 3096 Matth.
2463 3041 2552 3095 27.
2583 3044 2671 3098 65.
2698 3055 2743 3099 et
2772 3047 2859 3101 12.
2883 3049 2975 3121 Ἡ)
3004 3069 3014 3103 :
3042 3062 3096 3106 et
3123 3056 3262 3121 quod
3293 3058 3554 3114 insaniret

1974 3138 2028 3183 et
2061 3130 2279 3184 haberet
2308 3131 2633 3189 dtemonium
2664 3156 2675 3190 :
2715 3137 2835 3194 Non
2866 3141 2986 3197 bene
3012 3144 3324 3215 dicebamus,
3356 3150 3551 3221 inquit,

1973 3220 2107 3290 quod
2133 3221 2278 3274 habet
2307 3222 2614 3279 dannonium
2644 3239 2692 3281 et
2720 3231 2910 3286 insanit
2954 3233 3147 3302 (Joan.
3181 3239 3270 3293 10.
3294 3241 3366 3295 20
3386 3220 3449 3313 )‘i
3488 3244 3555 3300 Et

1977 3312 2091 3367 huic
2117 3312 2185 3366 ab
2215 3312 2319 3369 illis
2351 3316 2631 3382 audiebat,
2658 3334 2780 3374 eum
2822 3338 2917 3378 cos
2957 3325 3236 3383 beneficiis
3274 3312 3553 3399 afficeret.

1977 3406 2233 3459 miracula
2265 3405 2486 3475 faceret,
2522 3409 2616 3463 Dei
2649 3426 2811 3482 opera
2842 3416 3172 3475 ostenderet.
3204 3420 3334 3476 Nam
3363 3424 3408 3480 si
3434 3428 3555 3496 qni-

1942 3494 2097 3549 “dem
2128 3495 2260 3550 nihil
2291 3496 2489 3553 faciens
2523 3500 2638 3554 haec
2663 3503 2911 3569 audiret,
2946 3508 3078 3561 nihil
3109 3520 3255 3566 esset
3282 3513 3419 3569 adeo
3451 3494 3555 3573 ini-

1979 3602 2095 3640 rum
2119 3604 2133 3640 :
2157 3588 2201 3641 si
2228 3598 2405 3643 autem
2448 3590 2648 3646 docens
2687 3610 2806 3663 qua:
2835 3598 3104 3665 pertinent
3140 3602 3208 3657 ad
3254 3608 3555 3674 veritatem,

1979 3678 2233 3734 audiebat
2261 3695 2320 3736 se
2347 3684 2523 3737 vocari
2551 3685 2910 3755 seductorem,
2939 3700 2995 3745 et
3015 3691 3289 3750 dazmoues
3311 3697 3554 3767 ejiciens,

1978 3770 2227 3825 audiebat
2248 3787 2306 3826 se
2334 3774 2530 3842 probro
2552 3777 2727 3844 appeti
2750 3780 2891 3847 quod
2916 3779 3139 3839 haberet
3160 3784 3482 3854 dmntonem,
3505 3801 3557 3848 ct

1979 3876 2327 3932 quacumque
2352 3873 2507 3919 erant
2533 3870 2799 3921 contraria
2826 3874 3390 3939 evertens,dieebatnr
3423 3895 3559 3949 prte-

1980 3952 2225 4021 stigiator
2249 3972 2262 4006 :
2283 3970 2439 4023 quam
2471 3955 2713 4013 mirabile
2736 3958 2861 4015 illud
2882 3962 3001 4017 est?
3030 3963 3232 4022 [lorum
3261 3970 3402 4024 enim
3434 3986 3557 4027 cum

1980 4043 2195 4098 assidue
2219 4046 2559 4102 accusabant.

2058 4134 2114 4190 5.
2152 4134 2209 4189 Si
2233 4135 2314 4189 vis
2336 4140 2513 4187 autem
2554 4133 2739 4187 audire
2779 4132 3001 4187 dicteria
3046 4140 3102 4188 et
3123 4132 3403 4190 irrisiones
3426 4151 3561 4206 quas

1988 4226 2043 4281 in
2071 4241 2192 4283 eum
2218 4225 2552 4291 emittebant,
2571 4224 2711 4294 quod
2736 4234 2947 4279 nostros
2970 4223 3202 4282 maxime
3222 4227 3432 4283 mordet
3456 4229 3568 4284 ani-

1987 4331 2124 4382 mos,
2156 4316 2278 4371 audi
2312 4318 2535 4386 primum
2566 4330 2595 4368 a
2617 4330 2851 4386 genere:
2877 4314 2999 4369 Non
3029 4326 3102 4370 est
3141 4316 3240 4381 hic,
3283 4314 3472 4387 inquit,
3496 4319 3560 4387 ﬁ-

1986 4412 2085 4465 lius
2111 4410 2262 4480 fabri,
2287 4409 2433 4479 cujus
2454 4424 2547 4461 nos
2566 4408 2793 4460 nouimus
2819 4417 3012 4478 patrem
3033 4418 3080 4461 et
3107 4410 3357 4462 matrem?
3395 4424 3564 4465 nonne

1987 4503 2168 4571 fratres
2189 4502 2297 4571 ejus
2326 4516 2499 4553 omnes
2519 4499 2657 4569 apud
2684 4515 2773 4553 nos
2794 4507 2908 4553 sunt
2930 4498 3145 4569 (Matth.
3181 4501 3265 4555 l5.
3290 4500 3379 4569 55)
3402 4500 3426 4553 'l
3447 4510 3501 4555 et
3529 4516 3561 4557 a

1987 4592 2156 4662 patria
2184 4606 2304 4645 eum
2332 4591 2663 4645 ludificantes
2691 4589 2939 4644 dicebant
2966 4604 3089 4644 eum
3136 4603 3254 4645 esse
3283 4604 3350 4645 ex
3392 4588 3560 4644 Naza-

1987 4683 2125 4738 reth.
2155 4683 2219 4738 Et
2240 4696 2423 4736 rursus
2446 4699 2457 4735 :
2488 4679 2774 4750 Interroga,
2801 4681 2990 4750 inquit,
3017 4689 3064 4734 et
3083 4681 3196 4734 vide
3216 4680 3352 4751 quod
3374 4697 3438 4733 ea:
3457 4678 3564 4735 Ga-

1985 4774 2123 4827 liltea
2150 4789 2252 4825 non
2282 4772 2442 4842 surgit
2484 4771 2730 4841 propheta
2776 4769 2955 4842 (Joan.
3002 4771 3059 4825 7.
3105 4768 3311 4841 5'2):et
3358 4770 3563 4826 ferebat

1984 4879 2103 4917 cum
2136 4862 2219 4917 his
2251 4869 2595 4932 appeteretur
2620 4860 2918 4916 calumniis.
2952 4859 3018 4914 Et
3045 4874 3233 4915 rursus
3264 4860 3510 4915 dicebant
3540 4876 3556 4915 :

1984 4954 2166 5006 Annon
2189 4953 2308 5005 dicit
2329 4951 2598 5021 Scriptura
2621 4950 2757 5020 quod
2775 4966 2837 5005 ex
2854 4948 3111 5004 Bethleem
3126 4951 3233 5005 vico
3252 4951 3384 5005 venit
3405 4950 3528 5005 Chri
3541 4980 3560 4991 -

1982 5053 2089 5097 stus
2128 5042 2234 5115 (Ib.
2262 5058 2311 5097 tt.
2344 5041 2473 5112 49.)?
2500 5042 2590 5097 Vis
2618 5042 2781 5097 etiam
2816 5040 3002 5096 audire
3041 5042 3320 5097 irrisiones
3364 5042 3559 5111 quibus

1982 5134 2035 5188 in
2064 5148 2186 5188 eum
2209 5134 2307 5189 sub
2344 5132 2459 5202 ipsa
2500 5146 2664 5188 cruce
2689 5132 3009 5187 utebantur?
3046 5130 3327 5187 illudentes
3352 5132 3551 5187 adora-

1984 5224 2111 5279 bant
2131 5239 2275 5292 eum,
2304 5234 2359 5290 et
2397 5224 2764 5295 percutiebant
2800 5233 2855 5280 et
2891 5222 3553 5295 colaphasimpingebant,

1981 5315 2333 5386 dicebantque
2351 5330 2366 5367 :
2392 5313 2491 5369 Dic
2513 5315 2655 5370 nobis
2678 5316 2791 5385 quis
2803 5324 2877 5370 est
2895 5316 2982 5387 qui
3000 5326 3046 5371 te
3058 5318 3300 5387 percussit
3313 5317 3339 5370 ?
3360 5325 3416 5372 et
3432 5332 3557 5373 ace-

1984 5418 2093 5462 tum
2122 5405 2417 5463 offerebant
2434 5408 2504 5473 ei,
2533 5407 2773 5463 dicentes
2795 5425 2810 5463 :
2834 5406 2897 5464 Si
2914 5424 2967 5462 es
2986 5406 3157 5463 Filius
3179 5408 3291 5474 Dei,
3312 5409 3558 5465 descende

1980 5500 2044 5553 de
2070 5515 2216 5553 cruce
2251 5498 2461 5570 (Matth.
2493 5498 2585 5554 26.
2614 5499 2703 5555 68.
2730 5511 2777 5554 et
2801 5499 2893 5555 27.
2915 5500 3029 5571 40).
3058 5500 3324 5555 Praeterea
3368 5514 3559 5557 servus

1981 5606 2193 5661 quoque
2216 5591 2485 5660 pontificis
2513 5589 2661 5645 dedit
2702 5591 2752 5646 ei
2779 5590 3011 5661 alapam,
3056 5600 3109 5645 ct
3136 5590 3298 5645 dicit:
3334 5590 3396 5646 Si
3423 5590 3559 5646 male

1981 5682 2219 5750 loquutus
2257 5699 2389 5755 sunt,
2445 5682 2777 5736 testimonium
2820 5682 3023 5751 perhibe
3059 5683 3122 5736 de
3148 5683 3281 5735 malo
3301 5698 3320 5737 :
3340 5682 3384 5736 si
3409 5682 3552 5749 bene,

1979 5773 2100 5839 quid
2129 5790 2207 5829 me
2234 5773 2385 5839 credis
2416 5772 2594 5844 (Joan.
2626 5772 2713 5827 18.
2735 5771 2865 5844 25)?
2891 5772 2957 5828 Et
2979 5772 3265 5828 irridentes
3287 5775 3556 5843 imposue-
