4134 6342
605 397 694 449 11ρῦ

604 527 725 573 runt
752 516 800 570 ei
838 510 1190 581 chlamydem,
1235 514 1287 559 ct
1328 510 1582 573 spncrunt
1611 502 1661 553 in
1694 499 1808 567 ejits
1849 497 2065 555 faciem;
2097 505 2148 545 et

606 613 920 663 tentationcs
943 606 988 660 ci
1013 615 1218 670 semper
1243 590 1577 659 adhibebant,
1606 606 1722 645 eum
1750 598 2034 645 tentantes.
2066 589 2150 641 \‘is

604 700 761 753 etiam
792 697 970 750 videre
1011 690 1390 750 accusationes,
1440 699 1557 753 qua:
1594 683 1748 743 ciam,
1790 693 1905 749 qua:
1955 678 2145 748 palam,

605 807 722 859 qua:
750 790 904 843 ctiam
932 786 999 837 ab
1024 783 1150 850 ipsis
1174 779 1365 835 fiebant
1390 773 1694 845 discipulis?
1719 770 1858 824 Nam
1880 779 1923 824 et
1945 785 2047 833 vos,
2074 768 2151 821 in-

607 858 736 948 quit,
763 877 906 929 vultis
934 872 1107 925 abire?
1134 880 1204 931 et,
1240 867 1551 922 Dtemonium
1592 863 1737 916 habes
1764 860 1939 930 (Joan.
1976 858 2027 913 6.
2060 858 2148 912 68.

607 982 652 1022 et
678 971 729 1023 7.
760 967 876 1035 20),
907 963 1180 1019 dicebatur
1209 960 1274 1014 ab
1302 961 1365 1013 iis
1389 958 1476 1027 qui
1514 956 1621 1025 jam
1662 952 2014 1006 crediderant.
2060 950 2151 1003 Dic

607 1072 778 1114 autem
808 1058 954 1123 mihi,
986 1068 1161 1109 nonne
1191 1054 1302 1120 ipse
1317 1064 1522 1120 quoque
1541 1060 1748 1113 semper
1776 1043 2023 1109 fugiebat,
2045 1039 2145 1094 ali-

605 1150 814 1220 quando
843 1147 1052 1218 quidem
1081 1146 1130 1200 in
1162 1143 1447 1204 Galilznam,
1475 1134 1760 1207 aliquando
1778 1143 1953 1187 autem
1982 1133 2033 1186 in
2061 1131 2152 1185 Ju-

607 1219 811 1295 dmam?
837 1253 1012 1292 annon
1044 1236 1108 1288 ah
1138 1233 1267 1303 ipsis
1297 1228 1607 1284 incunabilis
1630 1225 1726 1279 fuit
1753 1223 1914 1277 multa
1945 1219 2151 1289 appeti-

610 1344 693 1385 tus
714 1328 1034 1384 tentatione?
1057 1340 1228 1379 annon
1252 1338 1395 1384 eum,
1436 1334 1553 1374 cum
1582 1326 1723 1373 esset
1751 1315 1939 1379 infans,
1983 1322 2153 1367 mater

606 1419 824 1475 deduxit
851 1419 899 1471 in
919 1414 1235 1484 Egyptum‘l
1264 1411 1480 1479 Propter
1502 1406 1613 1461 haec
1630 1405 1801 1459 omnia
1820 1404 1982 1458 dicit:
2008 1401 2153 1469 Aspi-

608 1513 786 1563 cientas
814 1510 865 1561 iu
894 1517 1142 1559 auctorem
1171 1505 1286 1573 ﬁdei
1316 1512 1361 1556 et
1389 1507 1832 1555 consummatorem
1857 1494 2153 1562 Jcsum,q‘ui

612 1592 863 1659 proposito
885 1592 976 1643 sibi
1000 1592 1183 1658 gaudio
1211 1591 1442 1643 sustinuit
1471 1604 1681 1650 crucem,
1713 1586 2001 1651 confusione
2024 1598 2148 1633 eon-

608 1690 811 1750 tempta,
840 1690 987 1749 atque
1013 1678 1065 1731 in
1094 1680 1295 1731 dextera
1323 1678 1454 1731 sedis
1478 1676 1572 1730 Dei
1595 1678 1745 1729 sedet.
1779 1674 1854 1728 Ad
1883 1690 2000 1727 eum
2027 1687 2152 1742 ergo

606 1771 918 1839 aspiciamus
944 1779 993 1824 et
1010 1769 1074 1823 ad
1096 1771 1209 1837 ejus
1229 1766 1529 1837 discipulos,
1555 1767 1785 1834 legentes
1801 1780 1915 1833 qua:
1934 1778 2148 1831 perpes-

606 1873 696 1912 sus
722 1870 797 1911 est
822 1859 1028 1917 Paulus.
1054 1870 1105 1912 ct
1132 1858 1399 1910 audientes
1422 1872 1539 1910 eum
1566 1856 1824 1909 dicentem
1850 1871 1862 1906 :
1886 1853 1952 1906 lu
1996 1855 2151 1905 multa

608 1951 866 2018 patientia,
880 1952 931 2002 in
948 1950 1357 2013 tribulationibus,
1374 1953 1424 2000 in
1443 1946 1878 2010 necessitatibus,in
1895 1960 2151 2012 persequu-

607 2042 838 2103 tionibus,
858 2042 907 2092 in
923 2040 1182 2108 angustiis,
1205 2041 1253 2090 in
1271 2039 1450 2107 plagis,
1468 2038 1518 2089 in
1532 2035 1882 2098 carceribus,in
1900 2034 2153 2087 seditioni-

604 2132 1025 2198 bas,in}e]uniis,
1042 2130 1091 2180 in
1120 2128 1403 2191 laboribus,
1419 2128 1471 2178 in
1493 2126 1752 2187 castitate,
1770 2124 1821 2174 in
1843 2120 2057 2174 scicntia
2072 2119 2147 2185 (‘2.

604 2220 722 2272 Cor.
737 2224 787 2272 l3.
805 2220 940 2288 4-6);
961 2228 1009 2272 et
1025 2233 1229 2280 rursus,
1250 2215 1416 2286 Usque
1428 2216 1495 2269 ad
1505 2210 2148 2268 hancharamesurinmset

605 2310 831 2370 sitimus,
844 2308 1232 2369 etnudisumns,
1247 2298 2149 2375 etcolaphisca'dimar,etinstabiles

606 2413 796 2458 sumus,
826 2405 873 2448 et
899 2394 1179 2448 laboramus
1205 2401 1463 2459 operantes
1502 2388 1726 2441 manibus
1760 2386 1973 2439 nostris:
1998 2384 2154 2435 mute-

607 2486 836 2549 dicimur,
886 2494 931 2536 et
974 2483 1336 2542 benedicimus;
1382 2478 1797 2549 persequutinnem
1829 2474 2062 2543 patimur,
2109 2483 2152 2523 et

607 2575 935 2635 sustinemus;
963 2571 1380 2639 blasphemamur,
1411 2578 1456 2622 et
1498 2569 1810 2621 obsecramus
1853 2563 1927 2633 (ι.
1950 2561 2067 2616 Cor.
2099 2562 2149 2614 ὅ.

610 2663 777 2717 11-15
794 2662 836 2732 ).
865 2662 1122 2716 Passusne
1149 2668 1230 2713 est
1256 2658 1533 2728 quispiam,
1562 2656 1645 2710 vel
1673 2655 1941 2708 minimam
1967 2651 2151 2706 borum

610 2752 847 2820 partem?
873 2750 1162 2820 Tamquam
1206 2747 1532 2811 seductores,
1560 2744 1748 2812 inquit,
1782 2751 2044 2806 tamquam
2071 2740 2154 2791 in-

610 2844 797 2906 fames,
845 2852 1107 2909 tamquam
1138 2838 1266 2892 nihil
1317 2836 1574 2890 habentes
1610 2831 1701 2905 (2.
1741 2832 1858 2887 Cor.
1898 2832 1950 2885 6.
1987 2832 2076 2899 8):
2106 2838 2157 2884 et

612 2946 816 2995 rursus,
848 2932 892 2984 Α
929 2929 1123 2983 Judwis
1162 2928 1418 2997 quinquies
1443 2925 1808 2995 quadragenas,
1836 2938 1940 2975 una
1971 2924 2150 2985 minus,

611 3021 778 3089 accepi
796 3038 815 3085 ;
843 3029 917 3073 ter
934 3020 1082 3088 virgis
1102 3034 1257 3072 caesus
1276 3033 1405 3080 sunt,
1429 3015 1578 3069 semel
1593 3014 1843 3081 lapidatus
1859 3028 1967 3069 sum
1982 3029 2000 3076 ,'
2016 3021 2158 3064 nocte

612 3122 659 3166 et
684 3113 763 3165 die
786 3112 838 3164 in
867 3109 1115 3179 profundo
1137 3109 1289 3159 maris
1314 3106 1407 3175 fui,
1429 3117 1473 3157 et
1497 3107 1547 3157 in
1570 3104 1825 3157 itineribus
1845 3116 1995 3171 swpe,
2028 3101 2157 3170 ami-

614 3202 875 3268 ctionibus,
898 3200 1146 3269 angustia,
1175 3198 1308 3266 fame
1331 3196 1403 3267 (2.
1434 3194 1551 3251 Cor.
1585 3196 1669 3249 11.
1695 3193 1907 3258 24-26).
1934 3194 1999 3246 Et
2018 3192 2156 3261 quod

615 3296 727 3347 hsce
756 3293 862 3345 Deo
891 3290 1177 3358 placerent,
1207 3288 1327 3343 audi
1354 3303 1473 3342 cum
1500 3287 1793 3341 dicentem:
1831 3283 2041 3352 PrOpter
2067 3285 2160 3335 hoc

614 3394 686 3436 ter
717 3382 980 3435 Dominum
1022 3379 1214 3448 rogari,
1255 3388 1299 3431 et
1320 3378 1445 3430 dixit
1471 3377 1626 3429 mihi:
1665 3374 1857 3443 Sta/ficit
1885 3373 1970 3425 tibi
1998 3375 2159 3442 gratia

614 3491 722 3527 nisa
740 3490 757 3524 :
780 3474 934 3527 uirtus
960 3472 1089 3525 enim
1118 3486 1224 3522 mea
1245 3470 1295 3521 in
1320 3468 1605 3535 inﬁrmitate
1640 3465 1913 3533 perﬁcitur.
1945 3462 2161 3532 Propter

613 3564 765 3634 quod.
796 3563 983 3631 inquit,
1011 3561 1181 3629 placeo
1211 3559 1333 3611 mihi
1362 3559 1413 3610 in
1440 3556 1809 3624 inﬁrmitatibus
1834 3555 1973 3619 meis,
1996 3554 2049 3606 in
2076 3556 2160 3622 af-

616 3652 937 3724 ﬂictibnibus,
958 3652 1008 3703 in
1036 3648 1425 3712 necessitatibus,
1459 3647 1511 3698 in
1538 3644 1802 3713 angustiis,
1830 3643 1881 3695 in
1910 3642 2087 3712 plagis,
2112 3642 2163 3693 in

617 3742 915 3806 carceribus,
941 3751 994 3793 ut
1019 3741 1071 3793 in
1098 3755 1175 3792 me
1200 3738 1437 3791 inhabitet
1461 3737 1614 3790 uirtus
1636 3735 1817 3788 Christi
1839 3732 1915 3802 (2.
1934 3732 2050 3787 Cor.
2073 3730 2159 3784 12.

619 3835 671 3889 8.
695 3834 747 3889 9.
777 3832 885 3903 10).
914 3830 1046 3886 Audi
1069 3837 1242 3903 autem
1272 3827 1441 3897 ipsum
1462 3838 1671 3895 quoque
1696 3822 1959 3878 Christum
1980 3822 2165 3875 dicen-

620 3935 759 3979 tem:
794 3922 857 3975 In
905 3920 1090 3974 mundo
1115 3916 1423 3989 aﬂiictionent
1451 3914 1687 3975 habebitis
1716 3912 1891 3982 (Joan.
1925 3912 2010 3966 16.
2048 3910 2161 3977 '55).

617 4017 671 4074 ὖ.
714 4016 1016 4086 Recogitate,
1048 4014 1233 4082 inquit,
1265 4028 1394 4076 eum,
1422 4011 1507 4079 qui
1544 4010 1692 4063 talem
1724 4007 1957 4062 sustinuit
1985 4023 2016 4058 a
2048 4022 2165 4077 pec-

619 4103 863 4157 catoribus
886 4103 1117 4155 adversus
1141 4104 1303 4170 ipsum
1323 4098 1779 4161 contradictionem,
1807 4106 1860 4149 ut
1885 4113 1946 4150 ne
1970 4096 2155 4165 defati-

621 4194 801 4264 gentini
824 4193 1003 4245 animis
1027 4191 1197 4244 vestris
1226 4189 1526 4255 deﬁcientes.
1555 4186 1681 4241 Jure
1712 4186 1898 4239 merito
1924 4188 2037 4237 ha'c
2070 4184 2166 4237 ad—

621 4283 755 4337 didit
779 4300 792 4336 :
818 4296 937 4334 nam
961 4280 1004 4334 si
1027 4279 1385 4348 proximorum
1412 4290 1509 4329 nos
1529 4274 1760 4329 excitant
1780 4273 2165 4342 perpessiones,

627 4358 801 4439 ipsius
822 4366 1025 4422 Domini
1052 4362 1420 4434 perpessiones
1447 4369 1698 4430 quantam
1729 4356 1881 4412 nobis
1902 4370 2006 4411 non
2035 4372 2178 4427 pra:-

629 4461 825 4517 bebuut
847 4457 1008 4514 animi
1035 4454 1394 4511 alacritatem?
1420 4452 1542 4523 quid
1577 4451 1729 4506 nobis
1760 4464 1863 4504 non
1893 4447 2086 4503 faciet!
2114 4447 2181 4502 Et

628 4552 750 4607 vide
775 4548 1043 4621 quomodo
1073 4547 1483 4617 prmtermittens
1503 4542 1681 4596 omnia
1707 4540 1905 4607 dicere,
1936 4553 2029 4608 per
2053 4553 2181 4593 con-

632 4642 995 4698 tradictionem
1034 4648 1198 4693 totum
1227 4636 1571 4706 significavit:
1602 4635 1735 4688 ictus
1761 4634 1900 4686 enim
1927 4631 1981 4685 in
2008 4630 2177 4701 genis,

634 4736 819 4799 risum,
846 4729 1214 4793 contumelias,
1243 4726 1698 4796 exprobrationes,
1730 4723 2019 4791 irrisiones,
2067 4721 2183 4777 bmc

632 4826 807 4879 omnia
848 4821 1095 4877 iudicavit
1143 4835 1237 4889 per
1284 4816 1755 4871 contradictionem
1791 4831 1803 4863 :
1836 4828 2008 4883 neque
2054 4827 2181 4867 vero

632 4916 805 4971 solum
834 4914 942 4978 illa,
976 4912 1068 4968 sed
1093 4922 1148 4965 et
1173 4924 1288 4979 qua:
1316 4911 1526 4962 fuerunt
1555 4906 1605 4959 in
1652 4905 1891 4958 universa
1933 4904 2052 4958 vitze
2081 4903 2179 4958 do-

632 5008 822 5067 ctrina.
868 5004 991 5060 llaec
1023 5004 1198 5072 igitur,
1228 4998 1575 5061 dilectissimi,
1609 5012 1817 5065 semper
1858 5006 2179 5064 reputemus,

634 5106 685 5149 et
704 5104 855 5150 noctu
878 5103 930 5149 et
950 5090 1175 5146 interdiu
1200 5090 1250 5143 in
1278 5088 1469 5141 animis
1488 5087 1682 5139 nostris
1709 5100 1995 5149 versemus,
2016 5086 2185 5138 scien-

636 5197 713 5241 tes
739 5187 874 5255 quod
897 5183 1089 5239 isthinc
1107 5196 1291 5251 magna
1310 5178 1622 5248 reportaturi
1651 5190 1831 5230 sumus
1862 5176 2017 5240 bona,
2051 5175 2184 5229 mul-

636 5287 846 5345 tamque
873 5275 993 5329 inde
1018 5274 1295 5327 utilitatem
1324 5271 1659 5339 recipiemus.

704 5366 889 5421 Christi
910 5365 1245 5434 perpessiones
1260 5364 1313 5415 in
1340 5360 1625 5415 memoriam
1652 5359 1961 5412 revocanda.
1984 5386 2056 5400 ——
2073 5357 2181 5412 Ma~

634 5473 791 5526 gnum
823 5457 983 5519 enim,
1020 5469 1205 5509 revera
1232 5468 1475 5523 magnum
1524 5460 1651 5505 sunt
1697 5450 1944 5505 solatium
1990 5450 2186 5505 Christi

639 5549 1003 5617 perpessiones
1024 5555 1076 5600 et
1096 5546 1457 5615 perpessiones
1479 5543 1855 5613 apostolorum.
1882 5542 2026 5598 Adeo
2044 5557 2185 5598 cmm

637 5639 835 5694 sciebat
864 5638 998 5694 hanc
1024 5640 1162 5693 viam
1192 5638 1399 5692 virtutis
1425 5652 1541 5692 esse
1571 5638 1863 5699 meliorem,
1898 5646 1953 5690 nt
1973 5647 2027 5691 et
2050 5637 2182 5705 ipse.

638 5731 725 5801 qui
757 5747 817 5786 ea
844 5747 947 5785 non
976 5730 1181 5800 cgebat,
1223 5744 1339 5784 eam
1377 5730 1444 5784 sit
1484 5729 1781 5790 ingressus:
1810 5728 1943 5784 adeo
1989 5727 2185 5784 sciebat

1302 384 1357 437 S.
1386 378 1655 436 JOANNIS
1693 375 2154 433 CllftYSOSTmii
2188 365 2489 423 .\I{Cll|l".l’.
2529 357 3050 417 CUNSTANTINOP.

3701 338 3790 391 lilii

2239 486 2593 540 alliictiomem
2640 483 2848 551 juvare,
2881 486 2937 529 ut
2962 490 3077 545 qua:
3108 471 3272 538 magis
3314 471 3381 523 sit
3409 483 3565 523 causa
3606 467 3794 537 quietis

2239 592 2291 634 «ιι
2319 579 2665 635 remissionis.
2699 574 2831 628 Audi
2860 573 2999 623 enim
3034 570 3202 635 ipsum
3218 564 3487 619 Christum
3509 562 3793 616 dicentem:

2242 674 2303 728 Si
2338 674 2449 741 quis
2489 687 2587 722 non
2620 668 2761 721 tollat
2800 678 2996 717 crucem
3040 674 3203 720 suum,
3235 666 3281 710 et
3308 672 3384 707 me
3413 663 3666 722 sequatur.
3698 668 3795 705 non

2240 776 2310 817 est
2339 779 2415 815 me
2443 762 2625 829 dignus
2662 756 2872 827 (Matth.
2907 752 2992 807 1ο.
3027 751 3140 816 58).
3174 751 3252 801 Ac
3279 747 3321 800 si
3351 746 3583 799 diceret:
3611 742 3667 797 Si
3716 757 3793 806 es,

2240 857 2433 926 inquit,
2464 851 2775 919 discipulus,
2821 847 3026 899 imitm-e
3054 842 3389 909 Magistrum;
3424 837 3525 891 hoc
3549 834 3689 888 enim
3717 844 3797 887 est

2240 925 2503 1013 discipuli.
2522 942 2578 997 Si
2599 952 2773 994 autem
2803 938 2916 1004 ipse
2934 933 3141 1004 quidem
3162 930 3303 984 venit
3318 945 3412 998 per
3432 925 3793 989 afflictionem,

2244 1045 2297 1089 tu
2320 1045 2494 1088 autem
2518 1048 2610 1101 per
2625 1032 2853 1099 quietem
2880 1034 2934 1077 et
2960 1022 3347 1083 remissionem,
3375 1032 3478 1071 non
3504 1016 3689 1075 eadem
3716 1015 3795 1067 vin

2242 1123 2537 1193 ingrederis
2560 1137 2658 1189 qua
2691 1117 2779 1171 ille
2808 1125 2890 1171 est
2917 1114 3206 1181 ingressus,
3235 1107 3328 1162 sed
3368 1108 3491 1159 alia.
3520 1103 3797 1172 Quomodo

2241 1229 2366 1285 ergo
2392 1213 2631 1281 sequeris
2662 1226 2761 1263 non
2791 1202 3054 1276 sequens?
3079 1199 3345 1272 quomodo
3387 1212 3445 1252 es
3486 1197 3795 1266 discipulus,

2242 1322 2345 1361 non
2372 1318 2599 1373 sequens
2640 1296 2984 1369 Magistrum?
3026 1293 3136 1347 Iloc
3167 1292 3357 1345 Paulus
3385 1302 3595 1356 imoque
3628 1285 3794 1339 dicit:

2245 1398 2355 1462 Nos
2376 1396 2584 1464 inﬁrmi,
2613 1409 2696 1446 vos
2718 1401 2883 1443 autem
2911 1392 3092 1457 fortes;
3126 1400 3215 1436 nos
3242 1381 3496 1452 ignobiles,
3529 1394 3612 1432 vos
3633 1388 3797 1438 autem

2243 1487 2433 1541 nobiles
2464 1487 2481 1553 (
2494 1486 2544 1538 1.
2576 1482 2693 1538 Cor.
2727 1483 2780 1535 4.
2806 1478 2915 1551 10).
2943 1479 3047 1531 Ant
3073 1473 3338 1545 quomodo
3360 1478 3443 1525 est
3466 1468 3653 1522 rationi
3675 1482 3798 1520 con-

2243 1586 2554 1630 sentaneum
2580 1586 2675 1627 nos
2701 1567 2935 1624 :cumlari
2958 1563 3244 1623 contraria,
3263 1569 3317 1615 et
3336 1575 3365 1613 ν
3380 1574 3434 1613 ss
3454 1557 3664 1626 quidem
3683 1569 3801 1609 esse

2246 1664 2554 1733 discipulos,
2590 1676 2685 1715 nos
2711 1671 2885 1713 autem
2914 1653 3229 1724 magistros?
3250 1651 3434 1720 Magna
3459 1664 3583 1719 ergo
3606 1662 3693 1701 res
3720 1656 3795 1699 est

2242 1755 2476 1816 afﬂictio,
2509 1767 2541 1805 0
2568 1750 2740 1804 dilecti
2764 1767 2776 1801 :
2802 1750 2906 1800 duo
2935 1746 3078 1798 enim
3121 1741 3303 1805 efficit,
3335 1754 3520 1807 eaque
3546 1737 3796 1796 maxima,

2241 1854 2295 1899 et
2320 1852 2529 1913 peccata
2563 1841 2723 1905 delet,
2750 1848 2804 1892 et
2832 1836 2953 1889 facit
2982 1834 3144 1888 fortes
3170 1840 3224 1886 et
3253 1831 3516 1885 robustos.

2307 1911 2362 1989 ἑ.
2408 1922 2543 1989 Quid
2592 1936 2737 1983 vero,
2788 1922 2973 1989 inquit,
3016 1919 3060 1973 si
3099 1914 3348 1972 everterit
3375 1925 3431 1969 et
3461 1911 3789 1984 perdiderit?

2238 2014 2351 2069 Non
2380 2014 2481 2067 hoc
2512 2011 2635 2066 facit
2661 2010 2898 2075 afflictio,
2922 2009 3013 2064 sed
3042 2017 3219 2061 nostra
3248 2007 3471 2077 ignavia.
3493 2003 3791 2071 Quomodo,

2241 2105 2445 2173 inquit?
2473 2104 2526 2157 Si
2556 2102 2717 2157 sobrii
2748 2101 2931 2166 simus,
2964 2100 3005 2153 si
3042 2100 3201 2151 Deum
3231 2109 3477 2165 rogemus
3506 2107 3562 2147 ut
3592 2109 3693 2147 non
3720 2094 3794 2145 si-

2241 2207 2330 2250 nat
2358 2211 2451 2250 nos
2483 2195 2668 2249 tentari
2703 2193 2816 2261 plus
2840 2208 2995 2260 quam
3030 2189 3166 2243 ferre
3193 2187 3476 2258 possimus,
3508 2185 3551 2239 si
3583 2185 3629 2238 ei
3657 2198 3793 2238 sem-

2244 2302 2337 2358 per
2365 2286 2655 2341 bwrcamus
2676 2327 2689 2349 ,
2724 2284 2925 2337 fortiter
2954 2281 3205 2335 stabimus
3226 2287 3281 2333 et
3305 2278 3356 2332 in
3381 2277 3512 2332 acie.
3538 2274 3794 2344 Quamdiu

2242 2394 2360 2433 cum
2398 2377 2732 2432 habuerimus
2762 2373 3056 2442 adjutorem
3080 2413 3095 2435 ,
3124 2370 3330 2424 etiamsi
3357 2365 3602 2422 omnibus
3628 2364 3796 2417 ventis

2243 2470 2603 2524 vehementius
2640 2466 2886 2535 spirat-int
2914 2463 3229 2519 tentationes
3248 2504 3262 2527 ,
3293 2468 3447 2515 erunt
3473 2458 3624 2512 nobis
3650 2457 3794 2527 palea

2242 2570 2296 2616 et
2321 2560 2499 2614 folium
2529 2558 2666 2630 quod
2711 2557 2896 2611 leviter
2936 2564 2989 2611 et
3031 2565 3229 2610 temere
3258 2553 3442 2607 fertur.
3484 2548 3618 2604 Audi
3664 2549 3800 2602 Pau-

2245 2654 2352 2707 lum
2382 2653 2641 2705 direntcm
2676 2666 2690 2702 :
2722 2647 2789 2702 In
2809 2649 2885 2701 his
2912 2648 3138 2700 omnibus
3166 2656 3490 2714 superamus;
3514 2652 3567 2695 et
3592 2653 3797 2704 rursus,

2248 2744 2494 2798 Existimo
2520 2744 2648 2794 enim
2675 2739 2807 2808 quod
2833 2756 2931 2792 non
2953 2747 3067 2790 sunt
3093 2734 3354 2805 condigna:
3373 2732 3629 2802 passiones
3651 2730 3800 2799 hujus

2248 2834 2481 2903 temporis
2518 2832 2585 2883 ad
2624 2833 2845 2901 futuram
2875 2828 3086 2898 gloriam
3116 2842 3227 2894 (μίαν
3255 2823 3551 2876 revelabitur
3577 2821 3629 2873 in
3663 2819 3800 2872 nobis

2249 2926 2421 2998 (Rom.
2450 2924 2502 2979 8.
2534 2923 2619 2976 37.
2650 2932 2694 2974 et
2724 2920 2808 2991 18)
2827 2924 2855 2986 ;“
2875 2931 2925 2973 et
2954 2930 3157 2981 rursus,
3206 2915 3273 2968 Id
3310 2914 3442 2982 quod
3478 2916 3531 2967 in
3573 2912 3802 2981 prtcsenti

2248 3028 2319 3071 est
2361 3024 2758 3069 montcntaneum
2802 3023 2847 3064 et
2890 3012 2994 3064 leve
3035 3008 3369 3063 tribulationis
3409 3015 3612 3071 nostra,
3654 3021 3803 3072 supra

2249 3106 2450 3159 modum
2466 3112 2703 3157 a'ternum
2718 3100 2893 3171 gloria:
2908 3098 3101 3167 pondus
3117 3106 3352 3167 operatur
3370 3095 3421 3146 in
3442 3093 3580 3147 nobis
3592 3093 3668 3162 (ὲ.
3689 3093 3802 3146 Cur.

2259 3197 2303 3250 1.
2341 3193 2444 3265 ib).
2481 3192 2609 3246 \‘ide
2645 3199 2835 3260 quanta
2874 3189 3136 3259 pericula,
3168 3186 3472 3256 naufragia.
3506 3189 3806 3257 frequentes

2251 3288 2579 3346 aﬂiietiones.
2622 3295 2673 3339 et
2702 3299 2817 3353 qua:
2845 3290 2967 3336 sunt
3011 3277 3333 3347 huiusmodi,
3364 3287 3517 3331 vocat
3546 3277 3679 3330 levia
3712 3294 3724 3328 :
3754 3286 3807 3329 et

2253 3378 2499 3431 antmlare
2526 3374 2662 3427 hunc
2688 3373 3017 3426 adamantem
3048 3369 3148 3423 hoc
3176 3384 3400 3436 corpore
3439 3366 3626 3421 leviter
3647 3378 3699 3421 et
3728 3377 3807 3421 tc-

2254 3481 2399 3521 mere
2436 3465 2694 3519 indutum.
2741 3462 2813 3518 Es
2855 3462 2906 3515 in
2938 3457 3288 3531 paupertate?
3328 3458 3421 3512 sed
3452 3472 3555 3510 non
3586 3457 3639 3511 in
3668 3465 3807 3509 tanta

2252 3567 2444 3628 quanta
2476 3555 2666 3610 Paulus
2688 3596 2701 3621 ,
2733 3555 2820 3624 qui
2852 3568 2971 3607 cum
3000 3552 3164 3617 fame,
3203 3550 3286 3603 siti
3315 3560 3369 3603 et
3411 3548 3650 3603 nuditate
3677 3564 3806 3603 con-

2254 3649 2548 3703 flictabatur
2577 3663 2589 3697 :
2621 3662 2723 3699 non
2746 3647 2885 3698 enim
2915 3659 3073 3697 unum
3100 3643 3239 3696 diem
3270 3641 3368 3694 hoc
3389 3651 3470 3695 est
3491 3655 3695 3710 passus,
3718 3643 3808 3693 sed

2254 3751 2509 3811 perpetuo
2551 3739 2650 3793 hoc
2692 3737 3003 3805 patiebatur.
3054 3734 3199 3791 Unde
3247 3734 3346 3787 hoc
3386 3733 3632 3787 constat?
3677 3733 3809 3786 Audi

2255 3848 2373 3887 eum
2417 3828 2676 3885 dicentem
2714 3846 2726 3881 :
2762 3826 2928 3897 Usque
2965 3828 3016 3879 in
3062 3826 3190 3878 hanc
3227 3825 3402 3877 horam
3449 3824 3734 3889 esurimus,
3765 3834 3811 3876 et

2255 3923 2467 3985 sitimus,
2500 3930 2544 3974 et
2580 3917 2701 3973 nudi
2729 3934 2903 3972 sumus
2932 3918 3005 3987 (1.
3038 3915 3154 3971 Cor.
3186 3916 3247 3970 6.·
3274 3917 3388 3983 11).
3418 3914 3605 3982 Panic!
3640 3930 3810 3985 quan-

2256 4023 2360 4066 tam
2391 4010 2607 4081 gloriam
2650 4010 2758 4077 jam
2806 4015 3118 4080 assequutus
3165 4006 3218 4059 in
3264 4004 3656 4075 praedicatione,
3708 4017 3813 4059 tam

2255 4104 2417 4165 multa
2448 4098 2667 4165 ferebat,
2693 4111 2751 4179 et
2771 4101 2877 4169 jam
2910 4100 3086 4168 viginti
3113 4112 3279 4152 annos
3319 4097 3370 4151 in
3398 4112 3459 4151 ea
3490 4096 3812 4161 confecerat,

2258 4194 2471 4265 quando
2501 4192 2612 4247 lucc
2639 4190 2946 4247 scribebat?
2976 4189 3095 4243 Scia
3126 4189 3278 4251 enim,
3322 4188 3517 4255 inquit,
3564 4187 3816 4241 hominem

2255 4296 2371 4339 ante
2399 4300 2555 4337 annos
2580 4280 2954 4351 quatuordecim
2975 4317 2991 4343 ,
3040 4280 3141 4334 sire
3183 4281 3234 4331 in
3274 4294 3501 4347 corpore,
3533 4279 3634 4331 sive
3673 4289 3815 4333 extra

2256 4392 2435 4445 corpus
2477 4376 2639 4428 nescio
2684 4372 2758 4443 (ἐ.
2809 4372 2925 4425 Cor.
2968 4370 3051 4435 12.
3105 4370 3199 4439 2);
3243 4380 3297 4423 et
3325 4384 3527 4431 rursus,
3560 4368 3682 4423 Post
3706 4366 3817 4424 tres

2255 4481 2414 4518 annos
2434 4504 2446 4527 ,
2478 4464 2679 4533 inquit,
2709 4461 2910 4515 accendi
2935 4460 3301 4530 Jerosolymam
3332 4457 3471 4526 (Gal.
3510 4462 3555 4512 1.
3595 4460 3705 4530 18).
3751 4459 3818 4514 Et

2257 4570 2441 4609 rursus
2476 4555 2597 4609 audi
2636 4569 2756 4608 eum
2793 4552 3055 4606 dicentem
3088 4569 3102 4604 :
3144 4549 3337 4603 Bonum
3377 4560 3449 4603 est
3495 4550 3614 4603 mihi
3659 4550 3818 4620 iungis

2256 4650 2405 4716 mori,
2432 4661 2580 4717 quam
2602 4655 2656 4699 ut
2674 4644 2887 4716 gloriam
2913 4659 3072 4702 meam
3098 4642 3206 4712 quis
3230 4651 3446 4695 evacuet.
3473 4639 3581 4694 Nec
3607 4639 3710 4695 hoc
3733 4656 3818 4695 so-

2258 4743 2365 4796 lum
2386 4782 2400 4800 ,
2430 4739 2522 4793 sed
2550 4740 2707 4793 etiam
2740 4750 2922 4790 rut-sos
2952 4733 3190 4788 scribens
3218 4732 3427 4786 dicebat
3458 4749 3471 4784 :
3506 4731 3651 4785 Sicut
3698 4748 3819 4797 pur-

2260 4814 2491 4897 gamenta
2517 4819 2688 4876 mundi
2719 4822 2838 4890 [acti
2864 4833 3035 4871 sumus
3061 4814 3138 4888 (1.
3166 4815 3281 4871 Cor.
3310 4815 3366 4872 9.
3405 4816 3491 4870 15.
3528 4824 3575 4869 et
3612 4814 3668 4871 ι.
3701 4815 3812 4886 l3).

2262 4914 2395 4981 Quid
2426 4914 2564 4969 fame
2591 4910 2840 4981 gravius?
2867 4907 2991 4978 quid
3020 4908 3237 4977 frigore,
3268 4904 3391 4976 quid
3418 4905 3621 4961 insidiis
3650 4920 3679 4959 a
3713 4905 3818 4960 fra-

2266 5005 2467 5070 tribus,
2506 5016 2637 5071 quos
2684 5002 2843 5056 etiam
2880 4998 3108 5067 appellat
3164 4996 3324 5051 falsos
3365 4993 3598 5050 fratres?
3647 5009 3820 5050 nonne

2264 5096 2548 5149 vocabatur
2570 5091 2715 5147 urbis
2749 5101 2903 5145 terrae
2933 5089 3212 5158 pernicies,
3255 5102 3357 5141 nan
3398 5087 3674 5157 intpostor,
3718 5102 3819 5140 nou

2263 5185 2518 5242 eversor?
2552 5199 2727 5237 annon
2756 5180 3197 5237 conscindebatur
3237 5178 3416 5247 ﬂagris
3456 5174 3672 5233 cassus?
3699 5175 3819 5231 ιιωε

2268 5277 2419 5331 nobis
2444 5274 2654 5329 veniant
2684 5273 2735 5326 in
2763 5282 3029 5335 mentem,
3063 5284 3093 5323 ο
3124 5269 3319 5334 dilecti,
3362 5267 3477 5323 haec
3509 5266 3818 5336 cogitemus,

2269 5370 2381 5423 haec
2411 5364 2806 5423 meminerimus
2832 5374 2880 5417 ct
2906 5376 3186 5431 numquam
3212 5360 3562 5415 dissolvemur
3586 5370 3641 5413 et
3669 5372 3821 5413 ener-

2268 5462 2525 5523 vabimur,
2571 5457 2773 5512 etiamsi
2821 5455 3009 5523 injuria
3055 5452 3337 5507 afticiamur
3369 5491 3382 5515 ,
3426 5450 3635 5505 etiamsi
3687 5449 3820 5505 bona

2268 5562 2444 5607 nostra
2477 5550 2808 5619 diripiantur,
2842 5547 3045 5603 etiamsi
3075 5544 3211 5599 mala
3239 5542 3497 5613 patiatnur
3526 5542 3818 5595 innumera.

2271 5648 2431 5700 ht‘lur
2458 5643 2607 5697 nobis
2631 5652 2687 5695 ut
2712 5643 2760 5695 in
2790 5640 2933 5694 cadis
2961 5639 3013 5692 in
3040 5638 3176 5692 bona
3206 5636 3368 5690 simus
3397 5633 3782 5689 existimatione
3802 5671 3818 5695 ,

2273 5748 2322 5793 ct
2352 5748 2470 5790 sunt
2498 5734 2671 5788 onmia
2703 5730 2991 5788 tolerabilia
3020 5746 3035 5783 :
3080 5728 3233 5784 detur
3274 5737 3327 5782 ut
3369 5726 3476 5781 illic
3505 5736 3589 5778 res
3616 5733 3817 5779 nostras
