4134 6342
249 351 346 405 19τ

250 463 383 515 bene
410 469 676 529 geramus,
711 461 765 509 ct
803 467 989 508 eorum
1022 468 1140 522 qua:
1172 451 1255 506 hie
1282 460 1402 505 Sunt
1433 452 1572 505 nulla
1600 450 1701 505 erit
1725 464 1814 504 ra-

247 553 327 605 tio
373 548 904 619 cujusmodieumque
953 544 1167 606 fuerint,
1202 542 1315 598 hac
1360 552 1482 597 sunt
1527 542 1711 597 umbra
1760 551 1815 597 et

244 642 537 699 somnium.
558 640 611 693 ln
631 638 732 692 illis
762 652 876 707 qua:
899 644 1176 705 sperantur
1193 645 1243 688 et
1272 641 1667 702 exspectantur,
1684 632 1813 688 nihil

242 742 501 803 cstgrave
523 745 621 785 nec
639 735 843 793 natura,
869 741 966 780 nec
984 734 1244 794 tempore.
1273 724 1407 792 Quid
1426 723 1567 779 enim
1591 724 1808 779 viscum

252 826 350 879 illis
367 823 613 895 gravibus
633 832 685 876 et
709 821 977 874 atrocibus
997 818 1371 875 conferamus?
1390 817 1515 889 quid
1544 832 1663 872 eum
1692 818 1812 888 igne

248 918 335 987 qui
363 930 464 971 neu
498 922 672 984 potest
707 913 968 983 exstingui
992 914 1015 966 ἲ
1040 926 1162 968 cum
1187 927 1366 967 verme
1392 912 1483 981 qui
1514 924 1620 966 non
1650 910 1813 965 mori-

244 1018 334 1062 tur
358 1006 379 1060 ?
405 1005 529 1077 quid
557 1021 619 1059 ex
652 1006 713 1058 iis
740 1019 857 1073 quae
885 1003 973 1059 hic
1000 1011 1124 1058 sunt
1161 1011 1334 1072 potest
1367 1002 1546 1057 dicere
1574 1016 1668 1071 par
1691 1016 1811 1057 esse

242 1103 459 1160 stridori
477 1102 736 1165 dentium,
766 1099 1009 1160 vinculis,
1036 1098 1269 1152 tenebris
1291 1098 1671 1163 exterioribus,
1694 1096 1808 1163 inc,

242 1192 554 1257 afﬂictioni,’
584 1189 886 1259 augustize?
912 1191 979 1241 At
1010 1187 1279 1255 tempore?
1306 1186 1374 1240 Et
1403 1186 1529 1256 quid
1559 1194 1681 1241 sunt
1714 1185 1810 1241 de-

237 1289 353 1340 cies
398 1284 541 1338 mille
579 1282 703 1335 anui
741 1281 805 1334 ad
843 1279 1035 1334 smcuia
1079 1277 1281 1331 infinita
1323 1286 1376 1331 et
1415 1292 1531 1345 qua:
1563 1292 1666 1330 non
1712 1276 1810 1330 dc-

237 1374 460 1429 sinunt?
483 1388 658 1426 nonne
684 1377 935 1440 quantum
960 1382 1115 1437 parva
1128 1376 1270 1438 gutta
1289 1368 1354 1421 ad
1370 1368 1616 1437 abyssum
1636 1366 1812 1420 infini-

239 1467 392 1521 tam?
420 1467 487 1519 At
519 1461 861 1518 conferentur
889 1474 1007 1515 cum
1032 1459 1186 1513 bonis
1211 1459 1235 1510 ἲ
1261 1458 1363 1513 Sed
1392 1459 1500 1513 illic
1530 1460 1699 1527 major
1728 1467 1811 1513 est

235 1560 577 1631 exsuperatio
606 1575 620 1611 :
654 1555 865 1621 Oculus,
880 1552 1069 1637 inquit,
1092 1570 1193 1606 nou
1216 1553 1359 1619 uidit,
1380 1567 1470 1606 nec
1500 1553 1639 1606 auris
1662 1551 1811 1605 audi-

236 1656 330 1717 vit,
352 1662 398 1707 et
424 1652 475 1705 in
495 1667 584 1704 cor
612 1647 825 1702 Itouu'm's
844 1661 944 1700 non
965 1644 1294 1699 ascenderunt
1311 1646 1387 1714 (1.
1411 1643 1530 1698 Cor.
1558 1643 1612 1697 9.
1634 1643 1711 1714 9).
1742 1643 1808 1698 Et

243 1748 360 1803 lucc
406 1759 591 1801 rursus
633 1740 871 1799 eruntin
902 1740 1112 1796 saiculis
1154 1739 1395 1794 infinitis.
1429 1738 1529 1792 Pro
1559 1737 1642 1791 bis
1681 1751 1809 1807 ergo

240 1856 418 1895 annon
449 1839 644 1893 bonum
671 1844 751 1891 est
777 1834 970 1889 millies
996 1831 1306 1895 conscindi,
1340 1830 1568 1884 interimi
1592 1869 1606 1895 ,
1634 1829 1805 1918 exuri,

238 1917 385 1969 mille
412 1915 588 1969 subire
629 1925 863 1977 mortes,
894 1916 1117 1984 quodvis
1155 1929 1318 1983 grave
1358 1924 1413 1970 et
1458 1929 1703 1983 asperum
1750 1915 1805 1972 et

235 2008 414 2061 verbis
456 2014 509 2061 et
553 2007 717 2062 rebus
753 2006 881 2076 ipsis
923 2005 1220 2062 sustinere?
1258 2006 1389 2061 Nam
1418 2008 1463 2061 si
1493 2006 1607 2061 fieri
1640 2008 1808 2076 possit

237 2108 293 2153 ut
334 2099 389 2153 in
432 2098 551 2167 igue
588 2098 693 2153 usti
733 2099 1061 2162 viveremus,
1093 2112 1273 2151 annon
1304 2106 1578 2167 oporteret
1618 2097 1799 2153 omnia

236 2190 464 2259 perpeti,
492 2199 550 2242 ut
578 2188 716 2243 bona
742 2188 829 2243 illa
860 2188 1120 2258 promissa
1147 2188 1593 2257 assequar-emori

310 2278 643 2350 Elecmoryna
667 2294 896 2348 quianam
925 2294 1037 2333 acre
1062 2278 1166 2331 dici
1194 2279 1371 2348 possit.
1416 2306 1487 2318 —
1530 2276 1636 2334 Sed
1678 2277 1805 2347 quid

236 2372 353 2428 hzec
396 2372 516 2428 dico
557 2370 795 2427 delirans
834 2370 974 2440 apud
1025 2370 1269 2425 homines
1313 2370 1401 2440 qui
1447 2383 1514 2423 ne
1554 2368 1807 2438 pecunias

236 2462 448 2533 quidem
460 2462 766 2532 despiccere
779 2462 934 2515 velint
946 2502 961 2527 ,
976 2460 1067 2516 sed
1086 2469 1350 2530 tamquam
1373 2460 1696 2514 immortales
1716 2471 1807 2514 eas

234 2562 571 2608 assectantur
595 2562 647 2607 et
672 2552 749 2607 eis
775 2550 1167 2613 adharrescunt,
1194 2560 1248 2605 et
1273 2552 1315 2605 si
1343 2567 1408 2606 ex
1436 2550 1614 2606 multis
1637 2566 1805 2621 pauca

234 2643 485 2699 dederint
505 2683 521 2707 ,
551 2652 719 2697 totum
761 2656 819 2696 se
852 2641 1159 2697 existimant
1199 2640 1431 2697 fecisse?
1458 2640 1573 2696 Non
1597 2652 1679 2697 est
1707 2642 1809 2698 hoc

234 2735 575 2803 eieemosyua
615 2732 997 2801 :eleemosyna
1039 2739 1123 2786 est
1165 2730 1307 2785 illius
1353 2730 1525 2785 vidua:
1571 2731 1806 2787 cleemo-

235 2837 391 2895 syna,
422 2837 542 2898 quae
577 2821 852 2876 universas
888 2836 1012 2876 suas
1041 2819 1276 2890 profudit
1307 2820 1589 2878 facultates
1613 2821 1806 2893 (ﬂare.

237 2914 325 2969 12.
355 2912 467 2985 AM).
501 2911 555 2967 Si
586 2923 767 2967 autem
797 2911 851 2965 in
883 2922 932 2965 te
960 2927 1064 2966 non
1103 2913 1266 2977 cadit,
1296 2922 1353 2967 ut
1383 2922 1588 2967 tantum
1617 2929 1809 2985 eroges

235 3015 490 3075 quantum
536 3002 625 3058 illa
674 3001 850 3067 vidua,
896 3016 1054 3072 eroga
1085 3002 1275 3057 saltem
1315 3001 1569 3073 quidquid
1598 3013 1682 3059 est
1714 3020 1808 3060 su-

237 3108 648 3166 pervacaneum,
681 3091 816 3146 habe
850 3106 971 3162 quae
1012 3091 1302 3159 suflieiunt,
1332 3107 1438 3147 non
1468 3109 1586 3162 qua:
1615 3108 1807 3164 super-

235 3186 341 3239 flua
386 3192 531 3238 sunt.
578 3182 683 3237 Sed
732 3196 891 3236 nemo
934 3192 1015 3236 est
1051 3181 1141 3250 qui
1170 3190 1353 3251 eroget
1390 3198 1456 3235 ne
1483 3197 1547 3237 ea
1594 3183 1806 3253 quidem

233 3292 354 3345 qua:
382 3282 506 3329 sunt
532 3288 926 3344 supervacanea
958 3287 1116 3328 :nain
1146 3276 1396 3344 quamdiu
1425 3275 1590 3331 habes
1615 3278 1806 3334 multos

236 3365 481 3429 famulos,
507 3373 562 3420 et
587 3374 760 3420 vestes
785 3365 984 3420 sericas
1007 3404 1022 3429 ,
1058 3363 1171 3419 hinc
1197 3366 1375 3419 omnia
1398 3375 1522 3421 sunt
1548 3380 1808 3453 superva-

234 3472 423 3513 canea.
456 3456 597 3510 Nihil
624 3466 707 3510 est
728 3456 1087 3511 necessarium
1113 3470 1211 3510 nec
1232 3456 1349 3510 usui
1377 3457 1619 3511 serviens
1644 3458 1694 3512 in
1720 3458 1805 3523 iis,

235 3552 351 3604 sine
372 3549 567 3617 quibus
590 3549 767 3603 vivere
798 3562 1078 3616 possumus
1104 3564 1119 3609 ;
1145 3562 1207 3603 ea
1237 3557 1359 3603 sunt
1388 3563 1807 3617 supervacanea,

235 3655 288 3696 et
310 3649 463 3696 extra
492 3649 615 3693 sunt
662 3639 852 3707 posita.
886 3638 1021 3706 Quid
1051 3639 1120 3692 sit
1156 3645 1286 3709 ergo
1321 3639 1394 3705 id,
1435 3640 1552 3695 sine
1573 3656 1679 3711 quo
1705 3658 1809 3695 non

236 3730 507 3798 possimus
534 3729 732 3794 vivere,
763 3727 1055 3793 videamus,
1084 3729 1127 3783 si
1154 3728 1345 3798 placet.
1366 3729 1479 3785 Etsi
1506 3732 1651 3785 solos
1676 3730 1811 3786 duos

237 3819 531 3873 habeamus
571 3816 814 3881 famulos,
865 3830 1147 3886 possumus
1174 3818 1373 3873 vivere.
1404 3818 1535 3872 Nam
1566 3819 1654 3874 ubi
1686 3831 1813 3877 sunt

236 3909 400 3978 aliqui
423 3908 511 3977 qui
542 3908 726 3961 vivunt
754 3906 957 3975 abSque
983 3906 1214 3972 famulis,
1243 3923 1399 3977 quam
1433 3908 1693 3965 habemus
1713 3926 1812 3967 nos

234 3997 655 4061 excusationem,
689 3998 733 4050 si
763 4012 867 4049 non
892 3997 1058 4049 simus
1078 3999 1310 4051 contenti
1338 3997 1588 4053 duobus?
1621 4000 1813 4055 Possu-

238 4106 359 4146 mus
386 4090 546 4144 etiam
572 4104 639 4143 ex
682 4073 934 4142 lateribus
971 4088 1167 4155 habere
1198 4089 1413 4143 domum
1454 4100 1811 4147 constructam

239 4184 400 4238 trium
439 4181 861 4234 habitaculorum
908 4196 920 4232 :
959 4189 1013 4233 et
1050 4180 1152 4234 hoc
1198 4180 1466 4235 sufficeret
1512 4181 1682 4237 uobis.
1721 4183 1814 4239 Dic

237 4276 381 4331 enim
416 4272 561 4335 mihi,
583 4287 758 4323 annon
784 4280 906 4322 sunt
927 4269 1085 4336 aliqui
1109 4271 1196 4337 qui
1220 4284 1338 4323 cum
1365 4272 1543 4324 liberis
1569 4284 1623 4326 et
1648 4288 1813 4327 uxore

248 4374 405 4413 unam
449 4358 645 4412 habent
692 4358 951 4411 deruunt?
993 4357 1111 4413 Sint
1150 4367 1346 4422 autem,
1389 4359 1433 4413 si
1470 4358 1620 4424 velis,
1651 4359 1812 4414 etiam

244 4449 352 4502 duo
372 4447 570 4502 famuli.
598 4448 661 4501 Et
685 4448 951 4517 quomodo
973 4490 987 4513 ,
1020 4448 1227 4519 inquies
1253 4490 1267 4513 ,
1296 4464 1400 4504 nou
1428 4459 1510 4505 est
1534 4451 1703 4521 pudor
1730 4452 1814 4505 in-

244 4553 473 4605 genuam
502 4538 748 4592 iaeedere
784 4554 903 4592 cum
946 4538 1153 4592 duobus
1180 4538 1429 4593 famulis?
1460 4543 1673 4611 Apage,
1705 4558 1811 4597 non

245 4639 321 4682 est
356 4631 526 4697 pudor
553 4630 792 4697 iugenure
818 4628 1066 4684 incedere
1090 4645 1208 4683 eum
1228 4630 1431 4684 duobus
1463 4632 1691 4697 famulis,
1717 4632 1812 4688 sed

246 4720 418 4787 pudor
446 4730 524 4774 cet
554 4721 838 4787 procedere
854 4737 973 4775 cum
997 4723 1195 4776 multis.
1220 4722 1466 4779 Fortasse
1495 4725 1677 4780 ridetis
1699 4725 1813 4782 hac

244 4809 539 4863 audientes.
567 4809 801 4875 Credite,
835 4810 934 4863 hoe
952 4821 1033 4864 cst
1060 4812 1248 4879 pudor,
1272 4828 1390 4866 cum
1418 4814 1597 4868 multis
1623 4829 1812 4883 proce-

245 4899 391 4953 dere.
418 4898 567 4953 Sicut
594 4901 682 4969 qui
711 4916 838 4955 oves
867 4903 1116 4966 vendunt,
1146 4912 1236 4957 aut
1263 4905 1398 4958 sicut
1426 4918 1812 4974 eiupouatores

246 4992 654 5060 mancipiorum,
692 5007 937 5061 magnum
969 4992 1240 5062 quidpiam
1270 4996 1587 5051 existimatis
1626 5012 1813 5066 proce-

244 5080 370 5136 dere
410 5096 531 5135 cum
562 5082 741 5135 multis
772 5082 1001 5137 famulis.
1054 5084 1160 5139 lioe
1202 5095 1284 5140 est
1328 5085 1493 5141 fastus
1540 5097 1594 5143 et
1643 5090 1815 5144 inanis

244 5172 405 5240 gloria
439 5191 451 5245 ;
484 5174 610 5226 illud
639 5184 717 5228 est
753 5174 1085 5243 philosophia
1110 5185 1163 5230 et
1203 5177 1468 5233 honestas.
1498 5178 1626 5232 Nam
1666 5180 1814 5250 inge-

245 5279 401 5315 nuam
435 5278 541 5317 nou
586 5279 651 5318 ex
690 5264 1025 5321 multitudine
1071 5269 1510 5337 pedissequormu
1560 5285 1815 5339 apparere

244 5363 499 5421 oportet:
558 5369 677 5421 qua:
721 5355 863 5409 enim
918 5368 1001 5411 est
1045 5359 1212 5412 virtus
1263 5359 1350 5413 illa
1402 5361 1564 5415 multa
1614 5362 1814 5418 habere

242 5444 548 5513 mancipia?
580 5444 689 5499 lloe
717 5463 819 5499 non
849 5457 928 5500 est
949 5450 1140 5501 animat
1166 5468 1178 5500 :
1217 5450 1357 5519 quod
1398 5462 1571 5506 autem
1602 5469 1705 5506 non
1734 5463 1815 5508 est

241 5536 430 5587 anima;
454 5576 467 5597 ,
518 5551 621 5587 non
652 5537 883 5589 ostendit
925 5539 1228 5607 ingenuam.
1268 5541 1490 5607 Quando
1520 5553 1603 5597 est
1634 5546 1814 5611 paucis

240 5637 511 5690 t‘oulcutzt,
548 5635 671 5679 tunc
703 5642 827 5681 vere
847 5638 928 5681 est
957 5630 1181 5698 ingenua
1214 5651 1225 5684 :
1261 5634 1472 5699 quando
1498 5646 1670 5690 autem
1693 5647 1814 5707 eget

237 5721 438 5784 multis,
475 5731 556 5774 cst
588 5720 780 5772 ancilla
809 5732 861 5771 et
887 5719 1119 5773 deterior
1152 5725 1445 5793 mancipiis.

567 5803 841 5865 ΡΑτιιοι..
893 5808 1003 5867 Gn.
1060 5813 1277 5877 LXIII.

960 359 1023 414 IN
1064 356 1277 414 EPIST.
1322 358 1408 412 AD
1450 354 1802 413 IIEBR."EOS.
1842 353 1994 409 CAP.
2037 353 2151 409 XII.
2198 352 2427 409 IiObilL.
2472 353 2704 409 XXVIII.

3382 348 3479 402 1⁸38

1988 459 2042 514 5.
2075 458 2165 512 Dic
2192 458 2341 523 mihi,
2366 458 2535 527 angeli
2557 472 2733 511 annon
2754 455 2854 511 soli
2876 455 3058 512 orbem
3084 466 3240 512 terra:
3275 458 3493 521 obeunt.

1917 559 1969 604 et
2002 566 2107 604 non
2149 560 2306 620 egent
2354 550 2535 619 aliquo
2564 551 2653 619 qui
2696 550 2763 603 sit
2807 563 2901 603 eos
2951 551 3317 619 sequuturus?
3366 569 3493 607 num

1918 651 2197 710 propterea
2226 650 2351 695 sunt
2391 640 2566 707 nobis,
2596 640 2686 710 qui
2712 654 2965 711 egemus,
2990 639 3292 696 deteriores
3339 643 3373 697 ii
3403 644 3496 714 qui

1916 747 2019 785 non
2048 730 2248 801 egent?
2272 730 2328 787 Si
2357 746 2488 801 ergo
2513 745 2580 787 ne
2606 732 2827 786 omnino
2855 722 3067 801 quidem
3110 747 3271 804 egere
3291 737 3495 792 assecla

1913 821 1994 874 vel
2022 820 2341 891 pedissequo
2367 829 2445 875 est
2473 820 2793 889 angelicum,
2822 835 3067 889 quamam
3094 823 3264 892 magis
3289 824 3496 880 accedit

1911 912 1975 965 ad
2006 911 2163 965 vitam
2206 911 2498 980 angelicam
2522 952 2537 976 ,
2567 926 2700 965 caue
2747 926 2867 980 qua:
2920 911 3100 967 multis
3146 913 3385 983 indiget,
3423 930 3492 971 an

1909 1018 2028 1072 quin
2058 1001 2273 1073 pitueis?
2300 1003 2485 1057 Nonne
2520 1012 2601 1057 est
2636 1002 2738 1057 hoc
2776 1003 2987 1073 pudor?
3024 1002 3194 1074 pudor
3235 1016 3318 1060 est
3346 1007 3489 1063 euiot

1910 1092 2107 1162 aliquid
2138 1103 2292 1163 turpe
2323 1093 2498 1148 facere
2524 1102 2579 1149 et
2602 1093 2914 1148 absurdum.
2944 1094 3037 1149 Dic
3058 1096 3213 1163 mihi,
3244 1111 3490 1167 quaenam

1906 1186 1973 1239 ad
2002 1200 2061 1240 se
2087 1186 2349 1240 convertit
2374 1200 2467 1240 eos
2492 1202 2610 1255 qua:
2640 1195 2766 1241 sunt
2794 1187 2845 1241 in
2879 1185 3015 1249 foro,
3044 1201 3179 1243 eane
3202 1204 3325 1259 quzc
3350 1190 3485 1245 mul-

1909 1284 1989 1328 tos
2024 1290 2202 1331 secum
2231 1277 2395 1342 ducit,
2425 1293 2490 1330 au
2512 1290 2574 1333 ea
2603 1293 2721 1347 quin
2753 1278 2997 1347 paucos?
3026 1279 3123 1335 hac
3152 1291 3333 1336 autem
3365 1298 3489 1353 quin

1907 1378 2101 1432 paucos
2146 1366 2323 1428 ducit,
2376 1383 2554 1422 annon
2602 1383 2664 1423 ea
2716 1370 2883 1439 magis
2920 1385 3039 1440 quin
3094 1370 3207 1426 sola
3257 1385 3480 1443 apparet

1905 1472 2009 1511 non
2041 1456 2309 1527 praevisa?
2339 1458 2495 1513 Vides
2524 1458 2664 1528 quod
2708 1460 2836 1514 illud
2863 1447 2933 1515 sit
2974 1462 3175 1531 pudor?
3222 1466 3481 1533 Quisnam

1902 1548 1954 1603 in
2000 1563 2061 1603 se
2086 1550 2346 1604 convertit
2373 1564 2468 1605 eos
2502 1552 2591 1621 qui
2621 1563 2745 1606 sunt
2773 1553 2827 1606 in
2856 1554 3005 1620 foro,
3051 1570 3186 1611 cane
3210 1572 3330 1626 quae
3358 1558 3479 1627 pui-

1901 1638 2057 1694 cbras
2079 1648 2253 1708 gestat
2272 1650 2467 1706 vestes,
2501 1656 2568 1695 an
2598 1657 2716 1712 quas
2742 1642 3053 1712 simpliciter
3081 1654 3165 1701 est
3210 1648 3401 1702 vestita
3427 1659 3482 1703 et

1900 1730 2047 1784 nullo
2070 1740 2377 1801 comparato
2395 1734 2541 1788 cultu
2562 1744 2615 1790 et
2643 1738 2999 1791 ornamento?
3022 1754 3265 1807 quamam
3299 1756 3481 1796 rursus

1900 1820 2070 1890 magis
2093 1821 2160 1876 ad
2191 1836 2250 1877 se
2278 1825 2545 1878 convertit
2572 1839 2665 1880 eos
2690 1827 2781 1896 qui
2808 1839 2932 1882 sunt
2960 1828 3013 1881 in
3043 1828 3177 1896 foro,
3203 1845 3337 1888 eane
3361 1848 3482 1902 qua:

1901 1911 2058 1965 mulis
2086 1912 2294 1967 vehitur
2320 1923 2373 1969 et
2400 1914 2656 1971 inauratis
2681 1918 2949 1987 stragulis,
2988 1934 3055 1972 an
3097 1935 3159 1975 ea
3188 1935 3307 1991 qua:
3346 1922 3482 1977 sim-

1901 2000 2109 2070 pliciter
2138 2013 2191 2057 et
2229 2005 2747 2076 quomodocumque,
2796 2009 2891 2063 sed
2935 2008 3130 2067 decore
3171 2023 3225 2067 et
3261 2014 3484 2071 honeste

1900 2091 2135 2147 incedit?
2162 2109 2231 2149 au
2284 2095 2422 2152 hanc
2447 2112 2515 2153 ne
2544 2099 2833 2156 viderimus
2878 2102 3097 2172 quidem
3129 2113 3184 2160 et
3210 2110 3484 2176 aspexeri-

1899 2196 2040 2249 mus,
2065 2183 2209 2237 illam
2240 2194 2417 2241 autem
2470 2203 2577 2244 non
2606 2190 2779 2245 solum
2810 2200 2867 2246 ut
2898 2193 3114 2250 videant
3148 2205 3341 2267 urgent
3378 2199 3482 2254 ali-

1898 2273 2010 2343 qui,
2041 2273 2135 2330 sed
2166 2277 2325 2332 etiam
2352 2289 2546 2349 rogant
2570 2297 2814 2351 quamam
2839 2283 2909 2338 sit
2929 2295 2983 2341 et
3008 2287 3187 2343 unde?
3212 2289 3363 2346 Mitto
3388 2307 3484 2347 att-

1902 2373 2007 2419 tem
2038 2366 2217 2425 dicere
2247 2380 2443 2440 quanta
2476 2373 2602 2429 hinc
2643 2376 2848 2431 oriatur
2881 2378 3098 2436 invidia.
3139 2382 3280 2450 Quid
3329 2400 3481 2457 ergo,

1900 2456 1988 2511 die
2018 2458 2170 2527 mihi,
2200 2470 2283 2516 est
2322 2472 2497 2533 turpe,
2529 2465 2694 2520 videri
2740 2481 2809 2521 an
2864 2483 2969 2523 non
3008 2471 3216 2530 videri?
3270 2476 3483 2545 quando

1899 2558 1985 2604 est
2012 2552 2183 2621 major
2211 2553 2398 2623 pudor,
2440 2557 2655 2626 quando
2681 2573 2870 2616 omnes
2896 2562 2961 2617 ad
3002 2578 3121 2619 eam
3147 2570 3477 2637 aspexerint.

1902 2655 1969 2695 an
1998 2642 2211 2711 quando
2237 2644 2459 2699 nullus?
2490 2649 2707 2717 quando
2736 2665 2924 2707 omnes
2948 2651 3015 2707 de
3048 2668 3110 2709 ea
3140 2669 3385 2726 quietiam
3413 2661 3485 2716 sit

1900 2733 2219 2799 resciscunt,
2249 2748 2315 2789 an
2338 2737 2552 2805 quando
2579 2754 2644 2795 ue
2665 2752 2854 2797 curant
2871 2743 3128 2814 quidem?
3159 2746 3317 2804 Vides
3341 2752 3481 2820 quod

1901 2837 2007 2877 non
2053 2834 2272 2893 propter
2310 2828 2590 2896 pudorem,
2631 2832 2723 2887 sed
2759 2843 2975 2903 propter
3002 2835 3215 2895 inanem
3257 2840 3480 2911 gloriam

1900 2916 2075 2968 omnia
2114 2917 2359 2987 agimus?
2388 2920 2490 2975 Sed
2520 2924 2771 2991 quoniam
2802 2925 2908 2983 hoc
2937 2927 3053 2986 fieri
3084 2946 3189 2987 non
3225 2945 3398 3004 potest
3424 2948 3484 2992 ut

1898 3017 1997 3059 nos
2021 3006 2087 3060 ab
2118 3007 2222 3061 illis
2250 3008 2601 3079 abducamus,
2634 3014 2834 3070 sufficit
2859 3019 2987 3075 mihi
3028 3022 3245 3079 interim
3284 3035 3341 3082 ut
3383 3044 3481 3085 vos

1898 3095 2112 3151 discatis
2139 3098 2241 3154 hoc
2268 3115 2373 3155 non
2400 3117 2517 3158 esse
2549 3107 2951 3175 turpitudinem.
2994 3112 3179 3173 Solum
3206 3130 3479 3187 peccatum

1897 3195 1980 3240 est
2006 3188 2298 3258 turpitudo,
2342 3194 2483 3260 quod
2514 3210 2672 3259 nemo
2699 3200 2968 3257 existimat
3020 3220 3141 3261 esse
3184 3209 3439 3277 pudorem
3462 3254 3477 3279 ,

1896 3276 1991 3333 sed
2031 3278 2241 3347 quidvis
2278 3283 2444 3352 magis
2474 3299 2633 3354 quam
2674 3287 2865 3357 ipsum.
2904 3276 3232 3352 Vestimenta
3283 3301 3391 3354 sint
3416 3276 3478 3358 ea

1895 3382 2016 3436 qua:
2034 3380 2158 3423 sunt
2186 3373 2323 3437 usui,
2344 3388 2449 3429 non
2472 3385 2649 3432 autem
2669 3392 3061 3449 supervacanea
3096 3399 3383 3446 :caiterum
3412 3411 3481 3449 ne

1898 3456 1952 3510 in
1980 3457 2171 3514 nimias
2199 3476 2293 3517 vos
2336 3464 2654 3520 concludam
2682 3473 2982 3539 angustias,
3015 3475 3145 3531 illud
3188 3480 3477 3550 admoneo,

1894 3545 2038 3614 quod
2084 3564 2189 3603 non
2240 3551 2311 3605 sit
2354 3553 2508 3609 vobis
2537 3570 2673 3625 opus
2709 3561 2887 3615 aureis
2933 3570 3265 3625 ornamentis
3306 3545 3479 3643 neque

1895 3640 2179 3698 subtilibus
2228 3645 2367 3702 telis.
2421 3638 2491 3703 Et
2519 3650 2631 3706 lucc
2676 3668 2780 3708 non
2826 3670 2925 3725 ego
2964 3657 3085 3713 dico
3120 3678 3133 3711 ε
3164 3676 3284 3717 nam
3333 3638 3475 3737 quod

1895 3748 2001 3787 non
2029 3749 2145 3789 mea
2181 3737 2492 3804 sintverba,
2524 3741 2645 3797 audi
2694 3744 2905 3801 beatum
2937 3749 3156 3805 Paulum
3188 3753 3474 3823 dicentem,

1896 3832 1947 3876 et
1977 3824 2285 3881 mulieribus
2312 3830 2730 3901 prmcipientem,
2765 3834 2833 3889 Ut
2864 3850 3134 3906 uernent,
3158 3847 3332 3900 nonin
3373 3858 3477 3903 tor.

1921 3919 1980 3973 tt's
2006 3920 2225 3974 crinibus
2252 3933 2338 3975 aut
2365 3939 2513 3987 auro,
2549 3936 2634 3978 aut
2670 3928 2974 3997 margaritis,
3005 3939 3093 3982 aut
3118 3942 3250 3985 veste
3274 3938 3491 4003 pretiosa

1923 4010 1997 4077 (I.
2029 4009 2157 4062 Tim.
2190 4010 2244 4064 2.
2272 4011 2349 4080 9).
2377 4012 2482 4067 Sed
2514 4013 2627 4078 die,
2677 4016 2945 4084 quomodo
2988 4020 3066 4073 vis
3098 4030 3153 4075 ut
3190 4033 3429 4089 ornetur,
3460 4038 3493 4077 ο

1919 4098 2117 4153 Paule?
2143 4100 2383 4156 fortassis
2410 4105 2551 4159 enim
2587 4106 2765 4161 dicent
2792 4109 2902 4162 sola
2934 4125 3094 4166 aurea
3119 4126 3236 4168 csse
3260 4116 3489 4191 pretiosa

1918 4200 1973 4242 et
2003 4200 2331 4261 sumptuosa,
2368 4196 2595 4263 pretiosa
2628 4206 2802 4252 autem
2832 4209 2885 4254 et
2910 4212 3217 4271 sumptuosa
3242 4220 3343 4258 non
3375 4220 3491 4259 esse

1916 4280 2085 4335 Serica
2110 4281 2228 4337 :die
2254 4298 2381 4354 ergo
2407 4288 2676 4354 quomodo
2705 4290 2781 4344 vis
2821 4299 2880 4345 ut
2908 4295 3206 4347 ornentur?
3238 4294 3490 4352 [labentes

1915 4379 2083 4423 autent
2120 4373 2358 4427 alimenta
2397 4385 2442 4429 et
2480 4379 2658 4446 quibus
2690 4389 2936 4450 tegantur,
2984 4384 3046 4437 iis
3075 4387 3291 4437 contenti
3336 4390 3491 4442 simus

1916 4462 1994 4528 (I.
2025 4461 2160 4517 Tim.
2194 4465 2245 4519 6.
2276 4466 2355 4537 8).
2388 4467 2663 4537 Ejusmodi
2707 4474 2778 4527 sit
2810 4474 2969 4529 vestis
3013 4485 3067 4529 ut
3104 4479 3273 4531 solum
3327 4489 3486 4548 tegat.

1916 4552 2199 4623 Propterea
2227 4559 2365 4613 enim
2394 4562 2547 4617 nobis
2587 4577 2647 4617 ea
2675 4564 2822 4619 dedit
2848 4567 2989 4621 Deus
3031 4578 3087 4621 ut
3118 4578 3356 4639 legamus
3388 4590 3487 4625 nu-

1913 4642 2166 4711 ditatem;
2198 4648 2298 4703 hoe
2324 4660 2500 4706 autem
2529 4663 2700 4722 potest
2741 4655 2914 4712 facere
2950 4661 3355 4730 vestimentum,
3386 4667 3487 4719 etsi

1913 4734 1982 4786 sit
2012 4734 2127 4790 vilis
2161 4740 2336 4806 pretii.
2389 4741 2636 4799 Fortasse
2684 4746 2871 4802 ridetis
2919 4765 3037 4818 qua:
3068 4764 3244 4807 vestes
3269 4757 3488 4824 gestatis

1912 4826 2353 4891 sericas;revera
2380 4834 2521 4888 enim
2560 4846 2770 4905 oportet
2812 4839 3007 4893 ridere.
3055 4842 3188 4907 Quid
3238 4848 3489 4916 prmcepit

1912 4913 2147 4970 Paulus?
2173 4919 2297 4987 quid
2342 4935 2439 4976 nos
2488 4938 2615 4978 vero
2664 4924 2921 4981 facimus?
2950 4929 3062 4983 Non
3104 4942 3279 4987 autem
3311 4913 3483 4988 solum

1911 5006 2159 5061 mulieres
2208 5012 2467 5079 alloquor,
2523 5015 2617 5069 sed
2659 5017 2818 5070 etiam
2874 5020 3037 5074 viros.
3084 5022 3289 5077 Ca'tera
3342 5027 3484 5080 cuint

1910 5097 2084 5150 omnia
2126 5115 2244 5169 qua:
2289 5103 2545 5159 habemus
2580 5119 2703 5160 sunt
2731 5121 3146 5177 supervacanea.
3200 5112 3308 5168 Soli
3357 5132 3486 5184 pati-

1911 5203 2066 5257 percs
2116 5206 2218 5246 non
2267 5196 2539 5262 possident
2596 5214 2988 5267 supervacanea
3039 5222 3052 5257 :
3112 5205 3335 5262 fortasse
3384 5224 3483 5261 au-

1910 5289 2013 5335 tetn
2044 5283 2115 5337 illi
2145 5300 2355 5354 quoque
2403 5298 2616 5357 preptcr
2645 5295 3017 5349 necessitatem
3046 5314 3058 5348 :
3094 5297 3161 5350 ita
3204 5307 3299 5365 ut,
3333 5302 3375 5354 si
3416 5302 3482 5355 li-

1907 5382 2090 5439 ceret,
2123 5390 2187 5429 ne
2217 5377 2289 5430 illi
2337 5379 2550 5447 quidem
2584 5381 2936 5439 abstinerent.
2973 5385 3166 5441 Verum
3220 5390 3291 5441 illi
3314 5432 3326 5454 ,
3370 5391 3482 5443 sive

1908 5474 2165 5531 prmtextu
2205 5476 2257 5520 et
2292 5471 2593 5535 occasione,
2637 5474 2749 5527 sive
2776 5476 2849 5528 rei
2883 5477 3121 5540 veritate,
3152 5495 3254 5530 nou
3284 5479 3480 5535 habent

1904 5570 2317 5623 supervacanea.
2350 5558 2496 5613 Talia
2530 5577 2659 5631 ergo
2702 5574 2969 5631 gestetnus
3016 5570 3328 5621 vestimenta
3359 5587 3476 5639 qua:

1906 5663 2054 5700 usum
2094 5649 2361 5716 impleant.
2393 5652 2526 5718 Quid
2568 5657 2706 5707 enim
2734 5655 2833 5709 sibi
2864 5659 2971 5710 vult
3004 5660 3223 5712 multum
3255 5669 3478 5713 aunuut‘

1904 5738 2137 5791 Sceuicis
2169 5740 2281 5793 haec
2304 5744 2623 5797 conveniunt
2658 5763 2664 5772 ·
2698 5745 2809 5800 hinc
2843 5747 2907 5799 ab
2939 5749 3041 5801 illis
3059 5760 3175 5801 sunt
3199 5754 3473 5819 gestanda,

3110 5838 3185 5901 13
