4134 6342
663 389 759 442 199

669 505 779 549 nare
816 501 932 547 sunt
964 487 1314 551 meretricum,
1342 497 1457 552 qua:
1487 481 1658 535 onmia
1700 479 1894 532 faciunt
1919 475 1982 528 ad
2029 474 2125 527 hoc
2155 482 2211 528 ut

668 595 989 657 Spectentur.
1012 583 1234 636 Ornetur
1265 578 1350 629 illa
1378 588 1494 643 qua:
1524 582 1603 627 est
1624 572 1674 626 in
1702 568 1993 657 scena,illa
2021 581 2135 634 qua:
2158 565 2210 619 in

667 656 969 738 orchestra;
1016 672 1117 724 vult
1149 668 1287 722 enim
1334 678 1519 719 omnes
1558 661 1623 716 ad
1666 675 1724 714 se
1751 656 2014 712 attrahere
2053 667 2213 723 :quae

668 779 841 820 autem
875 778 992 816 vere
1023 761 1268 828 pietatem
1299 753 1590 822 proﬁtetur,
1629 764 1731 803 non
1760 749 1834 802 sic
1864 754 2098 811 ornetur,
2123 743 2213 798 sed

668 856 818 908 aliter
862 851 1044 905 haheat
1073 855 1317 901 ornatum
1343 844 1433 897 illo
1462 843 1613 911 longe
1644 839 1912 907 majorem.

739 940 940 993 Mulieri
963 937 1276 991 Christiania.
1307 962 1377 973 -—
1402 932 1571 985 Habes
1615 939 1667 983 et
1711 939 1764 981 tu
1807 926 2065 981 theatrum
2101 942 2112 976 :
2149 922 2215 976 ad

671 1014 795 1066 illud
844 1015 1102 1068 theatrum
1152 1027 1200 1068 te
1258 1028 1425 1077 orna,
1479 1013 1564 1064 illo
1612 1022 1664 1064 tu
1723 1009 1914 1064 mundo
1967 1010 2206 1063 Induere.

667 1102 938 1168 Quodnam
981 1113 1060 1156 est
1090 1113 1232 1156 tuum
1265 1101 1566 1155 theatrum?
1609 1097 1822 1161 Caelum,
1856 1098 2079 1167 populus
2116 1113 2206 1149 an-

667 1192 937 1258 gelorum':
970 1207 1073 1244 non
1099 1192 1213 1244 dico
1243 1191 1409 1244 solum
1438 1190 1714 1258 virginum,
1745 1187 1836 1241 sed
1865 1187 2020 1242 etiam
2058 1203 2206 1240 mun-

666 1283 916 1335 danarum
962 1297 1054 1335 seu
1085 1282 1412 1336 saecularium
1453 1297 1466 1331 :
1499 1293 1840 1348 quaecumque
1863 1277 2074 1332 Christo
2098 1293 2213 1332 cre-

669 1371 817 1433 dunt,
848 1372 1041 1425 habent
1072 1371 1194 1424 illud
1227 1372 1507 1423 theatrum.
1534 1369 1678 1424 Talia
1710 1370 1982 1438 loquamur
2012 1379 2068 1422 ut
2097 1369 2212 1426 illos

670 1460 991 1514 oblectemus
1017 1468 1372 1528 spectatores:
1403 1458 1593 1512 talibus
1622 1458 1856 1519 induere,
1887 1469 1941 1512 ut
1969 1458 2084 1513 illos
2117 1459 2210 1513 lte-

669 1552 779 1604 titia
811 1552 1005 1605 afficias
1036 1550 1129 1621 (a).
1160 1551 1287 1603 Nam
1327 1550 1411 1604 die
1452 1549 1597 1615 mihi,
1629 1550 1670 1603 si
1712 1549 1954 1604 meretrix
1985 1549 2213 1604 dimissis

670 1641 992 1694 ornamentis
1018 1640 1192 1694 aureis
1223 1640 1645 1709 sumptuosisque
1690 1639 1920 1692 vestibus
1943 1648 1996 1693 et
2027 1641 2131 1692 risu
2161 1649 2215 1694 et

672 1730 843 1784 verbis
875 1731 1085 1785 urbanis
1134 1739 1185 1784 et
1213 1730 1493 1795 obscoenis,
1539 1730 1627 1782 vili
1665 1738 1808 1786 veste
1855 1729 2116 1795 induatur,
2161 1741 2214 1786 et

675 1820 944 1873 illaborata
971 1821 1106 1874 cultu
1122 1821 1406 1888 composita
1427 1819 1769 1888 ingrediatur,
1798 1831 1849 1875 et
1870 1821 2109 1890 loquatur
2132 1823 2212 1891 pia

672 1919 724 1962 et
745 1911 984 1978 religiosa
1017 1910 1189 1970 verba,
1220 1921 1269 1963 et
1296 1909 1518 1963 disserat
1546 1909 1610 1963 de
1632 1913 1995 1978 temperantia,
2020 1913 2212 1966 etnihil

674 2009 822 2065 turpe
851 1998 1007 2062 dicat,
1040 2014 1212 2050 annon
1242 2013 1424 2051 omnes
1463 1997 1717 2068 surgent?
1747 2014 1918 2054 annon
1963 2000 2216 2055 dissolve-

675 2099 756 2144 tur
782 2091 882 2143 hoc
901 2090 1199 2143 theatrum?
1227 2105 1400 2144 annon
1428 2105 1541 2145 eam
1568 2091 1777 2160 ejicient
1799 2101 1853 2146 ut
1879 2109 1993 2162 quae
2018 2097 2215 2146 nesciat

671 2194 963 2246 congruere
986 2180 1197 2247 populo,
1227 2189 1278 2233 et
1301 2195 1416 2249 quae
1442 2180 1584 2233 dicat
1608 2180 1779 2234 aliena
1801 2181 1867 2237 ab
1891 2182 1980 2235 illo
2011 2183 2213 2236 theatro

672 2267 949 2321 satanico?
981 2270 1050 2321 ιω
1081 2278 1134 2322 ιιι
1159 2285 1385 2338 quoque,
1414 2270 1457 2323 si
1500 2269 1638 2325 illius
1670 2272 1990 2327 vestimentis
2028 2272 2215 2327 amicta

674 2359 985 2427 ingrediaris
1021 2359 1282 2413 theatrum
1312 2361 1583 2425 caelorum,
1626 2369 1677 2416 te
1706 2363 1917 2429 ejicient
1954 2371 2217 2433 spectato-

674 2462 779 2500 res.
811 2447 922 2503 lllic
951 2448 1095 2500 enim
1121 2463 1222 2501 non
1267 2463 1398 2516 opus
1426 2459 1504 2504 est
1536 2450 1616 2503 his
1657 2451 1980 2506 vestimentis
2021 2454 2214 2519 aureis,

676 2538 768 2592 sed
805 2540 941 2592 aliis.
992 2541 1354 2606 Quibusnam?
1400 2542 1704 2611 Cujusmodi
1749 2544 1873 2597 dicit
1908 2544 2165 2614 Propheta
2195 2562 2214 2601 :

675 2629 740 2682 In
789 2631 995 2698 ﬁmbriis
1033 2634 1195 2685 aureis
1237 2634 1560 2698 circumdata,
1605 2636 1852 2704 variegata
1910 2637 2076 2704 (Ps/tl.
2127 2640 2216 2694 Η.

676 2719 764 2788 M)
798 2737 810 2772 :
839 2736 939 2774 non
966 2734 1017 2774 ut
1042 2736 1231 2790 corpus
1253 2723 1444 2777 reddas
1471 2724 1751 2778 candidum
1780 2736 1832 2778 et
1859 2728 2216 2794 reSplendens,

676 2809 767 2862 sed
799 2820 854 2861 ut
884 2826 1039 2864 ornes
1069 2813 1294 2864 animam
1326 2829 1340 2865 :
1370 2828 1428 2866 ea
1457 2825 1533 2867 est
1556 2815 1694 2867 enim
1723 2829 1839 2883 quae
1866 2813 1970 2870 illic
1999 2828 2219 2872 conten-

677 2898 752 2952 dit
771 2909 821 2952 et
850 2901 1100 2955 decertat.
1142 2902 1315 2954 Omnis
1362 2904 1521 2972 gloria
1548 2905 1668 2971 ﬁlia:
1714 2905 1860 2975 Regia
1906 2908 2219 2974 intrinsecus,

680 2990 861 3057 inquit.
893 2990 961 3044 lis
985 2992 1198 3046 induere
1227 3011 1240 3046 :
1270 3008 1388 3046 nam
1419 3005 1472 3048 et
1497 2995 1561 3047 ab
1603 2995 2070 3052 innumerabilibus
2105 3000 2220 3054 aliis

681 3078 1172 3145 malisteliberabis,
1194 3081 1436 3138 maritum
1460 3099 1487 3134 a
1510 3084 2009 3151 sollicitudine,ette
2025 3103 2053 3140 a
2070 3103 2220 3145 cura.

682 3166 768 3220 Sic
782 3168 920 3219 enim
935 3169 1038 3221 eris
1056 3171 1243 3222 marito
1259 3172 1785 3240 veneranda,quando
1803 3176 1976 3242 paucis
1993 3179 2218 3246 egueris.

751 3257 804 3310 6.
852 3257 995 3310 Solet
1019 3259 1156 3311 cnim
1209 3260 1368 3313 homo
1407 3263 1623 3330 quilibet
1650 3263 2009 3329 dissimulare,
2039 3278 2091 3321 et
2125 3285 2217 3324 eos

669 3353 958 3422 despicatui
989 3355 1205 3422 habere,
1239 3360 1323 3427 qui
1348 3360 1461 3430 ipso
1497 3362 1727 3432 indigent
1759 3368 2001 3434 :quando
2041 3375 2215 3422 autem

673 3444 864 3498 viderit
891 3461 991 3500 non
1015 3462 1145 3517 opus
1177 3449 1389 3515 habere,
1439 3451 1624 3505 fastum
1651 3453 1914 3523 deprimit,
1947 3473 2048 3525 quo
2076 3458 2133 3511 fit
2161 3467 2217 3513 ut

671 3536 779 3603 pari
821 3545 988 3589 tecum
1022 3538 1218 3591 honore
1242 3539 1486 3592 disserat.
1518 3540 1735 3605 Quando
1781 3544 1970 3598 viderit
1998 3548 2216 3600 maritus

669 3633 720 3676 te
744 3625 796 3676 in
823 3626 964 3677 nullo
998 3626 1109 3693 ejus
1138 3642 1291 3695 cgere
1320 3637 1370 3681 et
1401 3630 1514 3696 ejus
1535 3631 1669 3683 dona
1696 3632 1984 3700 despicere,
2012 3636 2215 3688 etiamsi

675 3717 912 3784 ingentes
949 3717 1061 3786 ejus
1091 3721 1303 3787 Spiritus
1333 3729 1385 3773 et
1410 3737 1594 3790 magna
1638 3725 1796 3776 animi
1827 3725 1984 3779 elatio
2015 3737 2136 3781 tunc
2167 3735 2217 3782 te

668 3808 833 3875 magis
851 3810 1194 3872 revercbitur,
1218 3826 1374 3879 quam
1405 3812 1634 3865 indutam
1658 3815 1830 3869 aureis
1854 3819 2176 3872 ornamentis
2201 3836 2212 3871 :

669 3911 764 3949 nec
790 3897 896 3949 eris
939 3899 1163 3965 amplius
1188 3900 1301 3967 ejus
1325 3902 1533 3954 ancilla.
1573 3902 1701 3955 Nam
1730 3920 1950 3973 quorum
1978 3922 2211 3974 egemus,

667 4001 884 4041 necesse
931 3987 1182 4042 habemus
1213 4005 1308 4043 nos
1334 3991 1411 4044 eis
1439 3992 1746 4045 submittere
1771 4011 1783 4046 :
1813 3995 1890 4047 sin
1916 4007 2089 4049 autem
2122 4014 2216 4052 nos

665 4077 1056 4144 abduxcrlmus,
1094 4096 1196 4152 non
1239 4083 1431 4135 erimus
1461 4084 1686 4150 amplius
1712 4085 1924 4138 obnoxii
1953 4104 1964 4149 ;
1999 4089 2089 4142 sed
2119 4091 2216 4142 scit

664 4170 801 4237 quod
833 4180 1045 4236 prepter
1069 4171 1158 4224 Dei
1188 4174 1428 4226 timorem
1457 4175 1503 4227 ei
1530 4175 1758 4242 aliquam
1790 4177 2066 4232 tribuimus
2087 4181 2213 4234 obe-

662 4259 936 4323 dientiam,
971 4276 1071 4312 non
1103 4270 1314 4329 propter
1341 4277 1398 4316 ea
1428 4279 1544 4331 quae
1561 4265 1757 4332 abipso
1791 4268 2211 4333 proﬁciscuntur.

661 4349 787 4403 Nam
817 4366 954 4404 nunc
975 4352 1206 4420 quidem,
1241 4363 1296 4404 ut
1325 4354 1410 4421 qui
1441 4371 1624 4423 magna
1665 4356 1817 4409 nobis
1844 4358 2022 4425 donet,
2054 4377 2216 4430 quan-

662 4449 996 4508 tumcumque
1021 4441 1272 4494 honorem
1298 4444 1450 4496 fuerit
1474 4454 1805 4512 assequutus,
1829 4462 1931 4501 non
1953 4450 2215 4504 existimat

661 4547 714 4584 se
740 4542 900 4584 totum
925 4548 1041 4585 esse
1059 4545 1416 4603 assequutum;
1440 4547 1561 4591 tunc
1578 4549 1748 4593 autem
1771 4543 1973 4595 etiamsi
1996 4560 2212 4611 parvum

660 4620 815 4674 fuerit
842 4633 1171 4691 asscquutus,
1203 4626 1415 4712 habebit
1445 4630 1697 4695 gratiam:
1721 4647 1822 4685 non
1851 4636 2209 4701 exprobrabit,

661 4728 755 4766 nec
778 4715 888 4780 ipse
918 4726 1132 4782 cogetur
1154 4726 1366 4783 propter
1398 4727 1446 4770 te
1493 4735 1583 4786 per
1610 4724 1878 4776 avaritiam
1906 4726 2035 4777 alios
2063 4726 2210 4778 bonis

657 4805 918 4856 fraudare.
964 4805 1096 4867 Quid
1145 4808 1281 4858 enim
1322 4819 1400 4860 est
1443 4825 1470 4860 a
1522 4814 1721 4864 ratione
1767 4814 2008 4878 alienius,
2056 4831 2209 4883 quam

658 4910 814 4947 aurea
847 4907 1155 4948 ornamenta
1188 4898 1250 4950 ad
1276 4899 1373 4952 hoc
1403 4914 1727 4967 comparare,
1761 4913 1817 4956 ut
1839 4905 2208 4958 circumferan-

659 4994 739 5035 tur
772 4985 822 5036 in
852 4985 1054 5038 balneis
1077 4995 1127 5038 et
1158 4987 1208 5039 in
1243 4987 1405 5042 foris?
1434 4989 1535 5043 Sed
1569 4993 1613 5043 in
1644 4993 1844 5047 balneis
1873 5007 1922 5047 et
1953 4995 2078 5047 foris
2110 5014 2209 5049 non

657 5087 733 5128 cst
775 5076 991 5129 fortasse
1019 5079 1203 5130 mirum
1236 5096 1246 5128 ;
1275 5080 1322 5132 iu
1351 5081 1628 5134 ecclesiam
1651 5096 1824 5137 autem
1855 5086 2006 5136 etiam
2032 5102 2093 5138 co
2122 5089 2211 5138 lia-

659 5167 767 5218 hittt
801 5182 1035 5220 ornatam
1071 5171 1377 5236 procedere,
1412 5188 1499 5225 res
1528 5184 1606 5225 est
1636 5177 1784 5228 valde
1813 5177 2047 5230 ridicula.
2081 5179 2207 5231 Nam

655 5271 747 5307 cur
790 5257 887 5308 huc
931 5258 1218 5322 ingreditur
1266 5274 1424 5312 aurea
1471 5277 1682 5329 gestans
1725 5277 2062 5330 ornamenta,
2096 5284 2208 5334 quae

654 5346 809 5397 debet
847 5346 1048 5413 ingredi
1083 5358 1137 5399 ut
1166 5350 1338 5400 audiat
1371 5362 1612 5418 oportere
1647 5371 1702 5407 se
1746 5359 1915 5407 Ornari
1949 5373 2049 5410 non
2081 5374 2208 5411 auro

657 5452 750 5489 nec
794 5439 1107 5504 margaritis,
1159 5456 1326 5507 neque
1354 5455 1499 5496 veste
1540 5448 1888 5511 sumptuosa?
1931 5447 2029 5501 Cur
2084 5465 2207 5517 ergo

654 5528 964 5595 ingrederis,
999 5544 1029 5581 0
1059 5532 1282 5581 mulier?
1335 5537 1580 5602 numquid
1612 5547 1870 5605 tamquam
1904 5553 2019 5591 cum
2050 5541 2204 5595 Paulo

701 5691 770 5744 (ag
801 5688 879 5734 Hic
905 5688 1077 5734 dt‘bluil
1106 5688 1289 5732 honuliu
1321 5704 1360 5731 ιιι
1391 5687 1518 5733 Colla.

1323 373 1380 429 S.
1419 369 1688 427 JOANNIS
1725 357 2187 422 CHRYSOSTUMI
2230 357 2539 412 ARCHIEP.
2579 355 3100 412 CONSTANTINOP.

3732 348 3838 403 200

2283 479 2548 535 pugnans,
2581 477 2632 519 et
2662 466 2948 520 ostendens
2977 466 3115 535 quod
3156 467 3363 521 etiamsi
3393 467 3584 523 millies
3624 468 3737 524 hzcc
3764 472 3847 524 di-

2286 571 2384 619 cat,
2413 573 2518 610 non
2549 558 2875 612 converteris
2901 558 2924 609 ?
2955 558 3048 612 sed
3081 574 3207 612 num
3238 569 3499 626 tamquam
3533 575 3630 615 nos
3654 561 3844 616 docto-

2284 663 2366 701 res
2391 648 2571 702 volens
2614 647 2929 718 redarguere
2955 648 3067 702 haec
3111 648 3301 704 frustra
3331 649 3551 704 dicere?
3586 651 3715 705 Nam
3754 653 3848 707 dic

2283 737 2432 798 mihi,
2465 738 2508 791 si
2550 737 2665 806 quis
2704 736 2920 791 Graccus
2949 747 3002 790 et
3051 737 3275 794 infidelis
3319 754 3436 794 cum
3465 741 3694 796 audierit
3739 742 3843 812 legi

2280 826 2420 881 hunc
2453 827 2645 892 locum,
2673 826 2756 879 ubi
2788 827 2898 880 haec
2925 825 3052 880 dicit
3080 827 3264 881 beatus
3290 828 3500 893 Paulus,
3534 831 3846 900 praecipiens

2259 916 2604 985 mulieribus,
2638 925 2693 970 ut
2720 931 2784 969 ne
2808 931 2957 980 auro,
2995 927 3216 985 argento
3245 927 3297 972 et
3325 920 3641 988 margaritis,
3668 933 3844 989 neque

2280 1005 2522 1076 pretiosis
2551 1006 2782 1060 vestibus
2808 1016 3027 1060 ornetur
3057 1006 3131 1075 (1.
3163 1006 3293 1060 Tim.
3319 1009 3373 1060 2.
3395 1010 3471 1077 9);
3505 1020 3556 1063 et
3581 1024 3699 1064 cum
3727 1011 3843 1079 ipse

2289 1091 2478 1146 habeat
2503 1107 2719 1147 uxorem
2752 1093 2984 1159 fidelem,
3008 1095 3185 1149 videat
3208 1095 3350 1150 illam
3379 1099 3589 1151 ornatui
3611 1098 3848 1163 studere,

2289 1192 2346 1236 et
2367 1197 2526 1238 aurea
2560 1184 2960 1254 circumponere
2990 1196 3046 1240 ut
3075 1186 3395 1255 ingrediatur
3438 1188 3488 1241 in
3521 1188 3797 1242 ecclesiam
3833 1205 3846 1240 :

2287 1287 2462 1327 annon
2493 1273 2635 1329 dicet
2659 1276 2794 1344 apud
2827 1277 3092 1346 seipsum,
3121 1277 3306 1332 videns
3345 1292 3462 1333 eam
3508 1278 3560 1332 in
3606 1278 3852 1334 cubiculo

2289 1377 2349 1417 se
2377 1373 2561 1418 ornate
2590 1377 2994 1434 componentem
3020 1377 3073 1420 et
3102 1366 3470 1436 disponentem
3498 1387 3510 1422 :
3542 1368 3683 1435 Quid
3707 1371 3852 1422 intus

2289 1463 2468 1508 manet
2496 1456 2685 1509 mulier
2713 1456 2761 1508 in
2790 1456 3070 1512 cubiculo?
3100 1456 3224 1526 quid
3253 1458 3572 1512 cunctatur?
3602 1457 3724 1528 quid
3754 1474 3849 1510 au-

2291 1561 2379 1599 rca
2410 1546 2760 1617 circumponit
2788 1559 3097 1604 ornamenta
3123 1551 3141 1603 .’
3171 1566 3274 1618 quo
3311 1552 3422 1606 vult
3447 1552 3638 1606 abire?
3669 1555 3719 1606 in
3763 1565 3851 1606 ec-

2290 1637 2546 1692 clesiam?
2572 1639 2778 1707 quare?
2802 1649 2859 1693 ut
2885 1639 3081 1704 audiat,
3117 1638 3235 1693 Non
3263 1641 3315 1692 in
3359 1651 3491 1694 veste
3518 1652 3804 1710 wrrtptuosa
3825 1643 3853 1695 .’

2291 1726 2408 1781 Non
2449 1727 2671 1783 ridebit?
2719 1744 2822 1782 non
2869 1730 2921 1784 in
2949 1730 3233 1784 cachinnos
3277 1733 3561 1798 erumpet?
3596 1747 3696 1786 non
3736 1747 3850 1786 rem

2294 1817 2548 1871 ludicram
2578 1829 2628 1872 et
2660 1819 3024 1888 deceptionem
3056 1834 3140 1874 res
3168 1829 3374 1875 nosms
3415 1835 3535 1876 esse
3581 1822 3852 1875 existima-

2293 1906 2405 1959 bit?
2430 1906 2782 1972 Quamobrem
2825 1923 2971 1978 rogo,
3006 1917 3063 1963 ut
3103 1925 3258 1964 aurea
3287 1920 3594 1964 ornamenta
3647 1913 3852 1981 pompis

2293 1995 2636 2061 dimittamus,
2667 1997 2862 2064 scenis,
2881 2006 2947 2068 _et
2993 1998 3047 2051 in
3092 1998 3284 2052 tabulis
3332 1998 3660 2053 ofﬁcinarum
3691 2014 3854 2068 expo-

2293 2088 2437 2142 sita:
2491 2088 2582 2140 Dei
2629 2096 2803 2141 autem
2835 2088 3008 2156 imago
3049 2103 3151 2142 non
3208 2088 3288 2141 his
3335 2099 3591 2154 ornetur;
3637 2100 3854 2143 ornetur

2293 2179 2516 2249 ingenua
2540 2179 2784 2234 libertate
2819 2196 2831 2232 :
2869 2195 2896 2233 a
2933 2181 3175 2234 libertate
3213 2189 3388 2234 autem
3419 2181 3568 2234 abest
3608 2180 3770 2235 fastus
3800 2192 3854 2236 et

2293 2269 2839 2335 ornatusjndecorus.
2870 2269 3018 2336 Quod
3047 2270 3090 2324 si
3122 2271 3277 2324 etiam
3299 2270 3429 2322 velis
3458 2270 3524 2322 ab
3553 2270 3852 2325 hominibus

2293 2359 2514 2429 gloriam
2540 2360 2812 2428 consequi,
2846 2375 2960 2413 eam
3004 2361 3084 2413 sic
3126 2360 3444 2429 assequeris.
3490 2360 3671 2414 Divitis
3711 2360 3850 2416 enim

2296 2449 2524 2504 hominis
2553 2465 2773 2504 uxorem
2806 2466 2909 2504 non
2959 2453 3026 2504 ita
3071 2451 3449 2504 admirabimur
3490 2465 3648 2505 aurea
3698 2469 3852 2506 orna-

2295 2549 2467 2593 menta
2511 2549 2802 2610 gestantem
2835 2549 2888 2596 et
2935 2540 3133 2596 sericas
3178 2551 3385 2607 vestes;
3442 2541 3542 2596 hoc
3587 2553 3664 2597 est
3713 2546 3849 2598 enim

2295 2647 2578 2686 commune
2627 2632 2904 2698 omnibus;
2940 2642 2997 2687 ut
3026 2632 3237 2698 quando
3284 2633 3446 2688 fuerit
3490 2635 3670 2688 induta
3709 2647 3854 2690 veste

2296 2721 2541 2790 simplici.
2590 2730 2643 2776 et
2672 2737 2736 2776 ex
2788 2723 2904 2775 lana
2956 2732 3155 2777 tantum
3203 2733 3487 2778 contexta:
3520 2725 3618 2780 hoc
3671 2741 3852 2781 omnes

2299 2811 2720 2877 admirabuntur,
2775 2814 2876 2867 hoc
2902 2829 3019 2868 cum
3063 2816 3248 2884 plausu
3290 2817 3576 2885 excipient.
3627 2817 3753 2872 Nam
3802 2819 3852 2873 in

2297 2902 2388 2954 illo
2416 2901 2624 2970 quidem
2658 2904 2852 2956 mundo
2889 2914 3319 2958 ornamentorum
3349 2915 3402 2959 et
3428 2916 3852 2976 sumptuosmum

2297 2993 2519 3045 vestium
2571 2993 2760 3046 multas
2795 2992 2949 3047 habet
2988 2995 3198 3058 socias;
3230 3006 3282 3050 et
3329 2996 3372 3049 si
3426 2998 3560 3051 hanc
3607 3010 3852 3067 superat,

2297 3092 2575 3150 superatur
2599 3082 2666 3137 ab
2694 3083 2792 3136 alia
2819 3101 2830 3147 ;
2860 3093 2912 3136 et
2934 3084 2976 3137 si
3008 3099 3190 3140 omnes
3219 3087 3445 3154 excedit,
3481 3089 3547 3141 ab
3576 3089 3688 3159 ipsa
3714 3102 3856 3146 certe

2297 3173 2477 3242 regina
2531 3174 2803 3226 vincitur:
2849 3174 2935 3228 hic
2982 3184 3154 3230 autem
3208 3177 3374 3231 vincit
3423 3193 3648 3244 onmes,
3700 3183 3854 3235 etiam

2299 3264 2467 3330 ipsam
2501 3278 2717 3316 uxorem
2745 3264 3081 3332 imperatoris
3114 3284 3126 3319 :
3156 3269 3265 3321 sola
3293 3269 3432 3322 enim
3456 3271 3504 3322 in
3531 3270 3728 3324 divitiis
3751 3272 3857 3327 ele-

2301 3344 2373 3421 git
2396 3367 2511 3420 quae
2537 3361 2657 3404 sunt
2681 3367 2987 3422 pauperum.
3007 3355 3381 3423 Quamobrem,
3399 3359 3602 3412 etiamsi
3624 3376 3859 3414 amemus

2300 3441 2538 3510 gloriam,
2573 3443 2655 3496 hic
2681 3452 2761 3496 est
2789 3444 2957 3512 major
2982 3444 3166 3514 gloria.
3196 3446 3310 3500 Non
3343 3449 3512 3502 solum
3545 3449 3667 3504 dico
3689 3451 3861 3504 viduis

2302 3542 2350 3585 et
2375 3532 2648 3596 divitibus;
2680 3534 2762 3586 hic
2781 3534 2919 3587 enim
2937 3536 3342 3591 necessitatibus
3369 3539 3636 3594 viduitatis
3656 3541 3860 3595 videtur

2304 3622 2402 3675 hoc
2425 3622 2627 3687 facere;
2661 3624 2750 3676 sed
2782 3624 2842 3676 iis
2868 3626 3025 3678 etiam
3059 3642 3176 3694 qua:
3205 3628 3374 3681 virum
3408 3629 3622 3683 habent.
3656 3633 3720 3684 At
3747 3647 3856 3684 ma-

2302 3712 2423 3777 rito,
2456 3713 2639 3779 inquit,
2671 3728 2772 3766 non
2810 3714 3008 3781 placeo.
3035 3715 3142 3770 Nec
3169 3717 3249 3770 vis
3282 3719 3470 3771 marito
3499 3719 3723 3787 placere,
3767 3721 3857 3774 sed

2303 3802 2623 3854 multitudini
2655 3805 3089 3871 paupereularum
3119 3808 3434 3871 mulierum;
3468 3811 3571 3862 imo
3597 3826 3721 3863 vero
3755 3827 3856 3863 non

2305 3892 2531 3958 placere.
2562 3893 2652 3944 sed
2681 3908 2770 3946 eas
2802 3893 3099 3948 tabefacere
3130 3907 3178 3949 et
3209 3897 3393 3951 dolore
3423 3899 3655 3958 afﬁcere.
3689 3910 3740 3953 et
3770 3917 3858 3953 ca-

2317 3989 2432 4030 rum
2459 3978 2710 4042 majorem
2749 3978 2919 4031 facere
2948 3991 3326 4048 paupertatem.
3359 3985 3522 4050 Quam
3552 3991 3710 4040 multa
3745 4002 3866 4055 pro-

2316 4073 2432 4133 pter
2460 4074 2509 4117 tc
2549 4065 2792 4118 dicuntur
2825 4067 3165 4137 blaSphema?
3205 4070 3280 4124 Ne
3306 4072 3392 4135 sit,
3423 4075 3606 4142 inquit,
3648 4089 3870 4144 pauper-

2318 4164 2395 4206 tas
2428 4172 2440 4206 :
2477 4155 2613 4208 Deus
2644 4157 2762 4208 odio
2793 4156 2949 4210 habet
2975 4172 3193 4226 egenos,
3246 4162 3384 4215 Deus
3429 4177 3534 4215 non
3571 4163 3738 4232 diligit
3778 4180 3869 4221 eos

2313 4245 2397 4312 qui
2436 4256 2554 4298 sunt
2580 4245 2630 4298 in
2671 4258 2992 4315 paupertate.
3023 4248 3152 4302 Nam
3183 4251 3321 4320 quod
3372 4268 3473 4306 non
3502 4253 3630 4307 velis
3662 4256 3870 4322 placere

2315 4335 2503 4387 marito
2533 4375 2548 4399 ,
2596 4351 2691 4388 nec
2741 4352 2798 4389 ea
2839 4338 2904 4390 de
2934 4353 3090 4391 causa
3122 4343 3347 4406 orneris,
3395 4343 3641 4397 omnibus
3691 4344 3872 4398 reddis

2313 4428 2646 4491 perspicuum
2670 4441 2733 4478 ex
2766 4427 2825 4479 iis
2867 4444 2981 4494 quae
3009 4428 3118 4495 ipsa
3161 4430 3305 4484 facis.
3361 4430 3489 4485 Nam
3533 4448 3652 4486 cum
3703 4435 3862 4487 liincu

2295 4512 2520 4566 'thalami
2550 4516 2839 4578 transieris,
2870 4517 3147 4571 cenfestim
3189 4520 3409 4588 deponis
3449 4525 3647 4586 omnia,
3689 4533 3740 4576 et
3772 4540 3863 4576 vc-

2307 4616 2433 4669 stes,
2470 4617 2520 4658 et
2545 4621 2850 4660 ornamenta
2881 4624 3059 4673 aurea,
3094 4621 3147 4663 et
3190 4615 3530 4681 margaritas;
3562 4615 3648 4666 illa
3671 4617 3864 4682 quippe

2304 4696 2445 4748 domi
2474 4711 2576 4748 non
2606 4705 2799 4763 gestas.
2841 4699 2893 4750 Si
2933 4707 3109 4752 autem
3142 4702 3220 4754 vis
3249 4703 3468 4756 omnino
3497 4704 3705 4770 placere
3750 4721 3863 4758 nia-

2306 4789 2425 4851 rito,
2456 4801 2575 4840 sunt
2603 4805 2693 4854 per
2726 4806 2839 4857 qum
2889 4793 2958 4845 sis
2989 4793 3267 4860 placitura,
3313 4810 3405 4860 per
3431 4797 3719 4863 lenitatem,
3771 4816 3863 4866 per

2306 4878 2776 4940 mansuetudinem,
2812 4896 2900 4944 per
2925 4882 3271 4936 honestatem.
3302 4885 3428 4938 Nam
3457 4888 3611 4940 crede
3649 4889 3796 4946 mihi.
3831 4906 3850 4934 ς·

2303 4968 2487 5021 mulier
2513 5009 2523 5028 ,
2558 4970 2764 5021 etiamsi
2816 4971 3034 5024 maritus
3059 4983 3173 5028 tuus
3199 4976 3267 5028 sit
3292 4977 3480 5029 millies
3503 4978 3568 5032 ad
3611 4978 3792 5034 inferio

2303 5072 2609 5124 propensus,
2630 5059 2739 5110 hate
2762 5062 2924 5127 magis
2948 5077 3062 5114 eum
3086 5065 3366 5126 attrahent,
3383 5068 3590 5133 lenitas,
3615 5085 3856 5125 mansue-

2304 5147 2442 5208 tudo,
2473 5151 2808 5213 temperantia
2844 5163 2894 5203 ct
2921 5153 3227 5217 moderatio,
3249 5171 3278 5208 a
3309 5157 3440 5210 fastu
3464 5175 3579 5213 esse
3607 5162 3855 5224 alienam,

2301 5252 2399 5287 non
2419 5252 2532 5289 esse
2552 5250 2930 5306 sumptuosam,
2949 5244 3036 5296 sed
3065 5244 3311 5300 humilem
3343 5258 3393 5300 et
3420 5249 3850 5305 dimissamNan.

2298 5329 2392 5379 etsi
2414 5329 2557 5382 mille
2577 5331 2695 5381 talia
2720 5336 3001 5399 excogites,
3027 5334 3342 5403 impudicum
3367 5349 3420 5391 et
3438 5342 3850 5397 incontinentem

2297 5434 2397 5469 non
2429 5421 2747 5473 continebis:
2778 5424 2873 5474 hoc
2898 5425 3069 5477 sciunt
3090 5442 3203 5492 qua:
3230 5429 3356 5481 tales
3385 5430 3804 5485 habenttnaritos
3842 5456 3852 5488 :

2294 5525 2409 5560 nam
2453 5514 2939 5580 quomodocumque
2988 5526 3034 5569 te
3066 5533 3315 5582 exornes,
3342 5521 3449 5584 ille,
3486 5534 3536 5575 ut
3565 5525 3653 5592 qui
3680 5527 3743 5577 sit
3772 5528 3822 5580 in
3842 5557 3853 5564 -

2290 5601 2581 5665 continens,
2615 5603 2717 5654 abit
2749 5604 2809 5655 ad
2845 5606 2997 5657 aliam
3031 5624 3187 5662 zeum
3230 5619 3400 5663 autem
3431 5616 3513 5679 qui
3538 5627 3618 5667 est
3651 5626 3852 5684 tempe-

2289 5706 2408 5743 rans
2441 5702 2484 5743 ct
2523 5693 2768 5757 pudicus,
2801 5712 2898 5747 non
2937 5698 3013 5749 his
3044 5701 3217 5767 capies
3240 5742 3252 5764 ,
3284 5703 3373 5754 sed
3425 5708 3735 5770 contrariis;
3769 5713 3849 5764 his
