4134 6342
730 385 829 445 ςοι
1397 382 1455 440 S.
1498 377 1776 441 JOANNIS
1814 378 2301 438 CIIRYSOSTOMI
2338 377 2661 437 ARCHIEP.
2707 377 3249 436 CONSTANTINOP.
3827 385 3940 441 203

731 510 839 571 τοῖς
869 506 1127 569 ἐναντίοις
1149 519 1163 535 ο
1190 505 1248 559 ὲν
1268 504 1474 569 τούτοις
1491 505 1546 558 δὲ
1568 505 1658 559 καὶ
1685 506 1893 568 λυπεῖς,
1934 506 2103 575 σαυτῇ
2123 502 2278 565 δόξαν

730 590 1066 661 περιτιθείσα
1116 589 1463 658 φιλοκόσμου.
1511 589 1573 641 Εί
1623 588 1732 659 γάρ
1774 588 1866 641 καὶ
1911 586 2224 655 αἰδούμενος
2251 585 2279 638 6

728 672 889 743 ἀνὴρ,
937 672 1032 727 καὶ
1060 670 1213 725 τοῦτο
1244 669 1317 733 ὡς
1366 668 1596 741 σώφρων
1627 671 1688 724 ού
1717 670 1885 740 λέγει,
1927 669 2041 723 ἀλλ’
2068 668 2279 721 ἔνδοθεν

730 751 1140 821 καταγνώσεταί
1159 767 1273 804 σου·
1292 752 1416 815 τοὺς
1442 752 1496 805 δὲ
1514 751 1739 821 φθόνους
1768 752 1967 812 καὶτὰς
1985 749 2279 819 βασκανίας

724 838 789 889 οὐ
816 835 1230 906 περιπελείται.
1264 833 1338 887 Οὐ
1367 836 1547 887 πᾶσαν
1570 834 1761 905 ἡδονὴν
1793 832 2041 895 ἐκῦαλείς
2068 831 2275 895 λοιπὸν,

728 919 919 989 φθόνον
950 918 1234 988 ἐγείρουσα
1262 917 1404 970 κατά
1437 920 1663 986 σαυτῆςς

794 1001 857 1065 ζ’.
885 1001 1034 1070 Τάχα
1059 999 1331 1070 δυσχερῶς
1341 999 1565 1053 ἀκούετε
1581 999 1685 1051 τῶν
1697 996 2020 1069 λεγομένων,
2044 996 2135 1050 καὶ
2148 996 2278 1063 ἀγα-

726 1085 969 1137 νακτεῖτε
1000 1082 1273 1150 λέγουσαι,
1295 1083 1375 1134 δτι
1405 1084 1527 1145 τοὺς
1547 1081 1741 1150 ἄνδρας
1764 1079 2051 1151 παροξύνει
2080 1078 2276 1149 μᾶλλον

725 1166 865 1218 κατά
892 1164 1001 1217 τῶν
1026 1162 1317 1231 γυναικῶν.
1348 1163 1423 1215 Οὐ
1450 1163 1572 1224 τοὺς
1588 1161 1783 1234 ἀνδρας
1808 1159 2127 1231 παροξύνων
2148 1159 2278 1213 ταῦ-

722 1263 793 1300 τα
826 1247 987 1315 λέγω,
1013 1246 1147 1299 ἀλλά
1178 1246 1306 1314 παρ’
1338 1244 1491 1313 ὑμῶν
1549 1243 1869 1313 βουλόμενος
1898 1243 2078 1295 ἑκοντὶ
2107 1240 2276 1295 ταῦτα

723 1328 989 1396 γίνεσθαι,
1010 1327 1079 1379 δι’
1112 1328 1275 1396 ὑμᾶς,
1309 1326 1369 1379 οὐ
1390 1325 1458 1378 δι’
1483 1324 1723 1390 ἐκείνους
1754 1340 1767 1353 ·
1799 1325 1896 1395 ούχ
1925 1324 2010 1377 ἴνα
2036 1324 2275 1386 ἐκείνους

721 1409 1013 1474 ἀπαλλάξω
1042 1408 1257 1477 φθόνου,
1286 1405 1400 1459 ἀλλ’
1432 1405 1515 1459 ἵνα
1561 1407 1703 1476 ὑμᾶς
1739 1405 2031 1470 ἀπαλλάξω
2072 1421 2275 1473 φαντα-

725 1491 843 1553 σίας
867 1488 1143 1559 βιωτικῆς.
1202 1487 1394 1540 Βούλει
1436 1487 1667 1557 φανῆναι
1713 1488 1887 1558 καλή;
1916 1486 2070 1555 κάγὼ
2118 1485 2275 1539 τοῦτο

725 1571 872 1644 [2-68]
909 1570 1184 1641 βούλομαι,
1227 1570 1363 1624 ἀλλά
1391 1569 1584 1634 κάλλος
1606 1570 1633 1623 6
1653 1571 1680 1622 6
1695 1570 1825 1633 Θεὸς
1842 1568 2013 1641 ζητεῖ,
2030 1568 2222 1631 κάλλος
2246 1567 2275 1620 6

722 1640 977 1723 ξτξιθυμεῐ
994 1655 1021 1704 6
1036 1640 1306 1723 βασιλεύς.
1350 1653 1486 1707 Τίνα
1528 1652 1704 1722 βούλει
1736 1640 2158 1722 ηεῐνγέραστὴν,
2183 1650 2273 1703 τὸν

722 1736 855 1789 Θεὸν
881 1738 914 1807 ἢ
941 1734 1257 1807 ἀνθρώπους
1284 1754 1299 1803 ;
1332 1736 1454 1789 Ἐὰν
1470 1736 1644 1789 ἐκεῖνο
1660 1733 1725 1807 ᾖς
1751 1736 1813 1789 τὸ
1845 1736 2039 1798 κάλλος
2067 1734 2224 1805 καλὴ,
2247 1735 2275 1787 6

722 1820 855 1882 Θεὸς
880 1819 1039 1872 ἐπιθυ
1049 1818 1322 1889 μήσειτοῦ
1356 1817 1583 1880 κάλλους
1612 1835 1704 1871 σου
1728 1836 1743 1851 ·
1763 1818 1829 1871 ἂν
1853 1818 1909 1871 δι
1934 1816 2091 1871 τοῦτο
2110 1818 2275 1887 χωρὶς

723 1902 953 1964 ἐκείνου,
989 1902 1193 1963 ἐκεῖνος
1230 1900 1329 1969 μέν
1363 1917 1422 1952 σε
1457 1899 1766 1969 βδελύξεται
1789 1939 1805 1965 ,
1861 1900 2074 1953 ισονται
2100 1899 2155 1952 δέ
2182 1916 2274 1952 σοι.

722 1984 944 2056 ἐρασταὶ
962 1983 1152 2054 ἀνδρες
1178 1981 1359 2052 μιαροί
1379 1997 1393 2011 ο
1419 1982 1591 2046 οὐδεὶς
1606 1983 1714 2053 γὰρ
1732 1982 1999 2052 ὑπάνδρου
2023 1981 2277 2051 γυναικὸς

722 2065 862 2137 ἐρῶν
888 2064 1109 2134 ἀγαθός,
1138 2063 1308 2117 Τοῦτο
1336 2064 1431 2118 καὶ
1458 2066 1551 2116 ἐπὶ
1582 2065 1674 2119 τοῦ
1704 2064 1909 2135 κόσμου
1948 2065 2045 2118 τοῦ
2078 2064 2276 2129 ἔξωθεν

721 2148 956 2217 λογίζου.
994 2146 1232 2209 Ἐκεῖνος
1262 2146 1361 2215 μὲν
1393 2146 1499 2217 γὰρ
1522 2148 1551 2200 6
1580 2148 1848 2218 κόσμος,ό
1870 2151 1969 2218 τῆς
2000 2148 2177 2219 ψυχῆς
2191 2148 2275 2201 λέ·-

720 2246 822 2297 γω,
853 2228 944 2282 τὸν
965 2227 1095 2281 Θεὸν
1120 2228 1419 2280 ἐπισπᾶται
1436 2243 1450 2256 ’
1473 2222 1627 2292 οὗτος
1646 2228 1703 2281 δέ
1728 2228 1887 2284 πάλιν
1907 2231 2031 2293 τοὺς
2048 2230 2277 2300 μιαροὺς

720 2312 938 2382 ἄνδρας.
979 2310 1140 2381 Ὁρᾷς
1180 2312 1263 2363 ὅτι
1306 2309 1458 2381 ὑμῶν
1506 2311 1765 2381 κηδομαι,
1797 2313 1880 2365 ὅτι
1908 2312 2061 2382 ὑμῶν
2114 2330 2275 2384 φρον-

720 2392 875 2457 τίξω,
913 2392 999 2445 ῐνα
1023 2391 1187 2445 καλαὶ
1224 2386 1344 2460 ἦτε,
1378 2392 1545 2455 ὅντως
1596 2393 1780 2460 καλαὶ,
1814 2394 1979 2459 δντως
2023 2395 2271 2463 ἐπίδοξοι,

725 2477 813 2529 ινα
845 2475 965 2528 ἀντὶ
984 2474 1191 2544 ἀνδρῶν
1215 2474 1427 2546 μιαρῶν
1447 2476 1538 2528 τὸν
1566 2476 1819 2531 ἁπάντων
1848 2478 2120 2548 Δεσπότην
2145 2477 2275 2530 Θεὸν

720 2558 882 2627 ἔχητε
906 2557 1178 2627 ἐραστήν;
1224 2556 1285 2609 Ἦ
1311 2557 1369 2608 δὲ
1390 2559 1595 2611 ἐκεῖνον
1636 2557 1834 2627 ἔχουσα
1883 2559 2135 2630 ἐραστὴν,
2169 2559 2272 2611 τίνι

718 2640 873 2691 ἔσται
922 2638 1117 2707 όμοία;
1157 2638 1293 2710 μετά
1337 2639 1582 2707 ἀγγέλων
1619 2640 1849 2710 χορεύει.
1878 2640 1940 2693 Εί
1972 2641 2078 2711 γάρ
2123 2641 2274 2711 παρὰ

721 2721 988 2791 βασιλέως
1012 2722 1311 2792 φιλουμένη
1339 2738 1422 2785 τις
1448 2722 1585 2793 ὑπὲρ
1614 2724 1821 2787 πάντας
1863 2724 2220 2795 μακαρίζεται
2252 2740 2267 2757 ο

718 2809 751 2875 ἡ
792 2804 945 2873 παρά
972 2803 1066 2857 τοῦ
1104 2804 1238 2858 Θεοῦ
1270 2805 1566 2875 φιλουμένη
1625 2806 1805 2875 φιλίαν
1855 2806 2074 2878 πολλὴν,
2131 2806 2273 2871 τίνος

719 2891 871 2939 ἐσται
891 2887 1052 2952 ἀξίας
1090 2886 1190 2939 κᾶν
1218 2887 1316 2957 τὴν
1354 2887 1679 2958 οἰκουμένην
1712 2889 2061 2959 ἀντιστήσῃς,
2121 2888 2271 2944 οὐδὲν

718 2967 810 3021 τοῦ
836 2968 1063 3031 κάλλους
1088 2970 1303 3021 ἐκείνου
1324 2968 1492 3033 ἀξιον.
1529 2968 1699 3021 Τοῦτο
1723 2970 1900 3024 τοίνυν
1945 2971 2271 3041 ἀσκήσωμεν

719 3050 781 3103 τὸ
805 3050 1017 3117 κάλλος,
1050 3050 1223 3121 τούτῳ
1258 3050 1586 3120 κοσμὼμεθα
1601 3052 1676 3122 τῷ
1697 3052 1905 3124 κόσμῳ,
1938 3053 2024 3107 ἵνα
2052 3056 2129 3117 είς
2144 3056 2269 3120 τοὺς

719 3134 979 3202 οὐρανοὺς
1001 3135 1359 3203 χωρήσωμεν,
1387 3134 1465 3197 είς
1488 3132 1587 3195 τὰς
1610 3135 1885 3199 παστάδας
1910 3140 2008 3199 τας
2025 3153 2269 3208 πνευμα-

719 3217 894 3278 τικάς,
917 3218 995 3277 είς
1016 3214 1106 3267 τὸν
1132 3216 1394 3285 νυμφῶνα
1424 3216 1514 3270 τὸν
1544 3219 1835 3287 ἀκήρατον.
1868 3217 2037 3270 Τοῦτο
2050 3220 2147 3288 μὲν
2163 3220 2269 3291 γάρ

717 3299 779 3350 τὸ
812 3297 1004 3359 κάλλος
1031 3298 1135 3351 ὑπὸ
1165 3298 1381 3350 πάντων
1421 3298 1725 3361 ἁλίσκεται,
1766 3299 1858 3352 καὶ
1904 3300 2031 3353 ὅταν
2088 3319 2269 3373 παρα-

721 3381 878 3451 μείνῃ
900 3379 1098 3443 καλῶς,
1123 3380 1214 3432 καὶ
1241 3380 1378 3450 μήτε
1403 3379 1553 3443 νόσος
1572 3381 1838 3453 ἐνοχλήσῃ
1864 3383 1999 3451 μήτε
2024 3386 2266 3455 φροντὶς,

714 3464 855 3533 ὅπερ
881 3462 1159 3526 ἀδύνατον,
1193 3462 1253 3513 οὑ
1282 3461 1587 3532 παραμένει
1613 3463 1814 3516 είκοσιν
1846 3463 1939 3533 ἐτη
1962 3480 1975 3495 ·
2009 3466 2184 3519 ἐκεῖνο
2212 3466 2268 3519 δὲ

718 3548 805 3597 ἀεὶ
833 3544 1000 3609 ἀνθεῖ,
1034 3545 1120 3597 ἀεὶ
1149 3542 1423 3613 ἀκμάζει·
1456 3546 1556 3597 οὐκ
1585 3546 1730 3600 ἐστιν
1753 3548 1868 3599 ἐκεί
1887 3546 2061 3602 δεῖσαι
2100 3566 2266 3620 μετα-

720 3628 901 3695 ῦολὴν,
931 3627 991 3679 οὑ
1022 3626 1199 3696 γῆρας
1241 3626 1463 3679 ἐπελθὸν
1512 3627 1702 3695 ῥυτίδα
1760 3629 1987 3699 ἢγαγεν,
2021 3632 2081 3684 ού
2115 3633 2267 3697 νόσος

719 3707 1117 3777 κατασκήψασα
1142 3709 1434 3780 ἐμάρανεν,
1456 3710 1555 3762 οὐκ
1584 3709 1821 3781 ἀθυμίας
1870 3714 2090 3781 φροντὶς
2142 3714 2267 3766 ἐλυ-

718 3794 945 3861 μήνατο,
977 3790 1113 3843 ἀλλά
1131 3792 1347 3849 πάντων
1376 3792 1579 3845 τούτων
1600 3795 1747 3847 ἐστὶν
1777 3793 2069 3864 ἀνώτερον.
2098 3795 2267 3849 Τοῦτο

716 3875 775 3928 δὲ
819 3876 1007 3945 πρὶνῆ
1045 3876 1298 3945 φανῆναι,
1348 3876 1593 3946 ἀπέστη,
1642 3878 1737 3931 καὶ
1784 3879 1952 3947 φανέν
1998 3880 2097 3932 ούκ
2152 3879 2266 3949 ἔχει

719 3958 944 4021 πολλοὺς
976 3959 1102 4021 τοὺς
1125 3960 1461 4029 θαυμαστάς.
1478 3963 1542 4013 Ol
1571 3961 1670 4030 μὲν
1689 3960 1796 4032 γὰρ
1824 3962 2038 4031 κόσμιοι
2061 3962 2120 4015 ού
2135 3962 2267 4015 θαυ-

720 4042 1001 4111 μάζουσιν,
1026 4042 1072 4092 οἱ
1092 4041 1146 4093 δὲ
1178 4041 1577 4111 θαυμάζοντες,
1606 4046 1742 4112 μετά
1792 4044 2076 4113 ἀσελγείας
2137 4046 2266 4098 θαυ·

722 4124 970 4191 μάζουσι.
1011 4123 1101 4192 Μὴ
1130 4123 1307 4175 τοίνυν
1354 4123 1508 4177 τοῦτο
1553 4125 1829 4194 ἀσκῶμεν,
1879 4127 1991 4180 ἀλλ’
2050 4129 2258 4183 ἐκεῖνοο

716 4206 923 4257 ἐκείνου
952 4204 1221 4273 ἐχώμεθα,
1244 4208 1329 4258 ἵνα
1356 4208 1493 4273 μετὰ
1524 4206 1817 4276 λαμπάδων
1837 4210 2075 4280 φαιδρῶν
2098 4211 2261 4263 ἀπέλ-

718 4287 899 4354 θωμεν
922 4288 998 4348 είς
1027 4286 1117 4339 τὸν
1134 4287 1410 4357 νυμφῶνα.
1434 4288 1507 4340 Οὐ
1536 4289 1639 4359 γάρ
1666 4292 1787 4353 ταῖς
1802 4291 2089 4361 παρθένοις
2108 4294 2261 4347 τοῦτο

716 4369 1044 4438 ἐπήγγελται
1075 4371 1249 4438 μόνον,
1283 4371 1415 4423 ἀλλὰ
1443 4376 1559 4435 ταῖς
1578 4374 1775 4443 ψυχαῖς
1797 4376 1913 4437 ταῖς
1940 4376 2226 4446 παρθένοις
2246 4391 2261 4408 ο

718 4453 858 4515 ἐπεὶ,
891 4453 940 4504 εἰ
978 4452 1258 4522 παρθένων
1290 4450 1357 4524 ἦν
1388 4455 1573 4518 ἁπλῶς
1602 4456 1779 4521 τοῦτο,
1810 4459 1907 4511 οὐκ
1927 4457 1993 4511 ἂν
2021 4461 2076 4511 αἱ
2102 4460 2263 4512 πέντε

718 4534 1173 4603 ἀπεκλείσθησαν.
1213 4536 1408 4589 Πασῶν
1454 4539 1628 4590 τοίνυν
1655 4540 1772 4591 ἐστὶ
1803 4541 1959 4594 τοῦτο
1995 4542 2115 4595 ὅσαι
2164 4544 2263 4613 τὴν

717 4614 890 4684 ψυχήν
917 4617 1019 4667 είσι
1054 4617 1335 4685 παρθένοι,
1358 4621 1477 4675 ὅσαι
1505 4622 1611 4674 τῶν
1636 4623 1919 4692 νοημάτων
1943 4626 2047 4676 τῶν
2083 4625 2263 4693 βιωτι-

717 4696 825 4750 κῶν
850 4698 981 4751 είσιν
1004 4692 1454 4771 ἀπηλλαγμέναιλ
1489 4704 1767 4775 φθείρουσι
1800 4707 1905 4776 γὰρ
1960 4709 2055 4772 τὰς
2085 4692 2260 4777 ψυχὰς

1590 4880 1649 4905 λκ.

2383 500 2550 576 [269]
2611 503 2682 557 τὰ
2740 506 2983 575 νοήματα
3023 504 3213 557 ταῦτα.
3275 502 3399 558 Ἐάν
3447 502 3625 559 τοίνυν
3688 506 3939 578 ἀκέραιοι

2383 587 2633 657 μένωμεν
2655 627 2671 651 ,
2703 588 3113 657 ἀπελευσόμεθα
3154 590 3272 641 ἐκεῖ
3305 589 3398 641 καὶ
3425 587 3819 659 δεχθησόμεθα.
3905 620 3914 634 -

2462 669 2836 739 Ἠρμοσάμην
2862 672 2967 740 γὰρ
2999 670 3173 739 ὑμᾶς,
3198 672 3383 740 φησὶν,
3408 671 3494 724 ἐνί
3517 670 3709 739 ἀνδρὶ,
3726 670 3941 740 παροέ-

2379 767 2490 804 νον
2511 751 2704 820 ἁγνὴν
2714 750 3097 820 παραστῆσαι
3114 750 3190 817 τῷ
3206 752 3454 819 Χριστῷ.
3508 752 3690 807 Ταῦτα
3713 754 3775 807 ού
3802 753 3940 823 πρὸς

2377 832 2477 897 τάς
2494 834 2794 904 παρθένους
2810 830 2985 895 εἶπεν,
3014 834 3148 888 ἀλλά
3178 835 3314 905 πρὸς
3337 836 3395 889 τὸ
3417 835 3686 906 πλήρωμα
3724 836 3824 904 τῆς
3841 838 3939 888 ἐκ·

2378 918 2600 983 κλησίας
2612 918 2847 987 ἀπάσης.
2867 918 2930 970 Ἠ
2944 918 3053 987 γὰρ
3070 918 3305 988 ἀφθορος
3324 918 3499 989 ψυχὴν
3513 918 3779 989 παρθένος
3794 919 3934 983 ἐστὶ,

2378 1000 2483 1054 κᾶν
2504 1001 2671 1071 ἄνδρα
2691 1000 2789 1072 ἔχῃ
2818 1017 2831 1029 ·
2856 1002 3120 1072 παρθένος
3146 1003 3263 1055 ἐστὶ
3277 1002 3375 1073 τὴν
3403 1001 3570 1066 δντως
3614 1001 3935 1075 παρθενίαν,

2376 1084 2472 1154 τὴν
2524 1083 2843 1156 θαυμαστήν
2875 1101 2889 1115 ⁶
2913 1084 3050 1158 αὕτη
3097 1086 3260 1155 γάρή
3286 1084 3382 1137 τοῦ
3430 1084 3679 1155 σώματος
3720 1085 3938 1155 ἐκείνης

2378 1166 2526 1219 ἐστὶν
2566 1168 2984 1239 ἐπακολούθημα
3036 1169 3129 1222 καὶ
3156 1170 3303 1233 σκιά,
3326 1170 3360 1239 ή
3385 1170 3443 1223 δέ
3470 1168 3673 1240 ἀληθὴς
3730 1168 3938 1237 παρθε-

2377 1247 2463 1301 νία
2493 1248 2675 1319 ἐκείνη
2727 1251 2866 1304 ἐστί.
2917 1251 3134 1322 Ταύτην
3191 1249 3469 1322 ἀσκῶμεν.
3526 1251 3623 1305 καὶ
3662 1251 3805 1304 οὕτω
3840 1251 3934 1304 δυο

2376 1329 2652 1401 νησόμεθα
2720 1333 2856 1403 μετά
2912 1333 3135 1404 φαιδροῦ
3198 1332 3487 1404 προσώπου
3538 1334 3629 1387 τὸν
3696 1334 3933 1404 νυμφίον

2380 1413 2506 1466 ίδεῐν
2533 1453 2549 1479 ,
2604 1416 2742 1485 μετά
2810 1416 3046 1486 φαιδρῶν
3104 1415 3369 1470 είοελθεῖν
3430 1416 3538 1469 τῶν
3593 1417 3931 1487 λαμπάδων.

2376 1495 2471 1549 ἐὰν
2503 1495 2564 1549 τὸ
2618 1497 2793 1551 ἔλαιον
2849 1500 2995 1568 ἡμᾶς
3056 1498 3131 1569 μὴ
3180 1499 3427 1571 ἐπιλίπῃ,
3458 1498 3555 1553 ἐάν
3616 1500 3684 1552 τά
3730 1502 3935 1571 χρυσία

2375 1579 2716 1647 χωνεύσασαι
2773 1580 2951 1634 ἔλαιον
3009 1581 3375 1652 ἐργασώμεθα
3429 1582 3690 1647 τοιοῦτον,
3720 1582 3748 1635 6
3786 1584 3933 1636 ποιεῖ

2377 1661 2605 1729 φαιδράς
2645 1662 2741 1726 τάς
2795 1662 3078 1733 λαμπάδας
3120 1679 3132 1691 ·
3164 1662 3227 1715 τὸ
3252 1664 3311 1717 δὲ
3334 1663 3509 1717 ἔλαιον
3563 1664 3737 1718 ἐκεῖνό
3782 1666 3935 1717 ἐστιν

2376 1744 2408 1813 ἡ
2438 1743 2834 1815 φιλανθρωπία.
2852 1743 2976 1798 Ἐἀν
3000 1745 3209 1816 ἑτέροις
3240 1746 3558 1816 μεταδῶμεν
3578 1747 3644 1801 τὰ
3667 1746 3816 1811 ὄντα,
3833 1748 3935 1800 ἐὰν

2373 1824 2550 1879 ελαιον
2573 1827 2712 1880 αὐτά
2748 1827 3130 1898 ἐργασώμεθα,
3165 1829 3288 1881 τότε
3318 1829 3477 1899 ἡμῶν
3532 1830 3928 1900 προστήσεται,

2373 1910 2463 1961 καὶ
2476 1909 2574 1962 οὐκ
2588 1911 2817 1981 ἐροῦμεν
2836 1913 2895 1964 ἐν
2912 1912 3105 1983 ἐκείνῳ
3117 1911 3194 1981 τῷ
3206 1911 3399 1983 καιρῷ.
3418 1911 3559 1965 Δότε
3570 1912 3935 1981 ήμῖνὲλαιον

2373 1992 2460 2045 ὅτι
2503 1995 2863 2049 σϐένιννται
2900 1990 3144 2064 ἠμῶνὶιι
3181 1993 3510 2062 λαμπάδες,
3547 1995 3669 2049 οὐδὲ
3723 1994 3933 2065 ἐτέρων

2370 2074 2765 2145 δεηθησόμεθα,
2793 2076 2912 2130 οὐδὲ
2942 2075 3273 2130 ἀπελθοῦσαι
3300 2077 3435 2147 πρὸς
3448 2078 3575 2141 τοὺς
3589 2076 3928 2143 πωλοῦντας.

2372 2158 2917 2229 άποκλεισθησόμεθα
2946 2198 2961 2223 ,
3013 2159 3132 2213 οὺδέ
3174 2159 3523 2230 ἀκουσόμεθα
3578 2161 3675 2232 τῆς
3740 2162 3935 2231 φωνῆς

2372 2240 2584 2310 ἐκείνης
2600 2240 2698 2311 τῆς
2714 2242 2948 2311 φοϐερᾶς
2977 2242 3069 2295 καὶ
3084 2242 3337 2312 φρικτῆς,
3370 2243 3660 2313 κρούουσαι
3716 2244 3814 2305 τὰς
3827 2243 3936 2298 θύ-

2375 2340 2470 2393 ρας
2488 2340 2502 2354 ·
2534 2326 2654 2378 οὐκ
2671 2321 2801 2378 οῖδα
2820 2323 2973 2393 ὑμᾶς
2992 2341 3005 2356 ’
3033 2325 3146 2377 ἀλλ’
3178 2326 3542 2394 ἐπιγνώσεται
3596 2328 3761 2397 ἡμᾶς,
3829 2327 3937 2381 καὶ

2373 2406 2885 2477 συνεισελευσόμεθα
2906 2406 2984 2477 τῷ
3001 2407 3239 2479 νυμφίῳ,
3266 2408 3361 2461 καὶ
3379 2408 3709 2473 είσελθόντες
3738 2411 3815 2472 είς
3834 2410 3937 2463 τὸν

2372 2488 2637 2556 νυμφῶνα
2652 2488 2743 2541 τὸν
2773 2490 3162 2558 πνευματικὶν,
3198 2490 3407 2561 μυρίων
3425 2491 3802 2561 ἀπολαύσομεν
3816 2492 3938 2545 τῶν

2371 2569 2609 2636 ἀγαθῶν.
2641 2570 2703 2623 Et
2727 2571 2836 2641 γάρ
2894 2570 3127 2625 ἐνταῦθα
3173 2565 3315 2626 οὕτω
3376 2574 3596 2645 φαιδρὸς
3620 2576 3648 2627 6
3676 2574 3934 2644 νυμφὼν,

2371 2650 2512 2705 οὕτω
2541 2651 2789 2724 λαμπραὶ
2817 2654 2873 2706 αἱ
2908 2654 3197 2721 παστάδες,
3223 2655 3298 2719 ὡς
3326 2655 3533 2727 μηδένα
3571 2656 3936 2727 κορέννυσθαι

2373 2733 2739 2804 προσέχονται
2775 2736 2925 2806 πόσῳ
2976 2736 3176 2806 μᾶλλον
3209 2738 3359 2803 ἐκεί;
3415 2738 3665 2809 Θάλαμός
3718 2742 3864 2793 ἐστιν
3906 2742 3938 2795 6

2372 2816 2622 2886 οὐρανὸς,
2646 2816 2741 2869 καὶ
2786 2817 2880 2870 τοῦ
2934 2818 3163 2888 ιύρανοῦ
3186 2820 3213 2872 6
3235 2819 3462 2890 νυμφὼν
3522 2821 3741 2890 βελτίων
3765 2838 3779 2851 ·
3808 2823 3938 2876 ἐκεῖ

2372 2897 2747 2968 είσελευσόμεθ
2779 2940 2805 2951 ..
2829 2898 2892 2952 Εί
2920 2900 2975 2952 δὲ
2999 2901 3027 2953 6
3052 2899 3278 2970 νυμφὼν
3306 2902 3447 2955 οὕτω
3481 2904 3639 2965 καλὸς
3659 2944 3674 2969 ,
3704 2905 3787 2967 τίς
3817 2906 3934 2974 ἀρα

2372 2979 2522 3033 ἔσται
2547 2982 2575 3033 6
2596 2982 2823 3051 νυμφίος
2854 2997 2868 3045 ;
2900 2982 3010 3035 Καὶ
3036 2983 3089 3035 τί
3120 2983 3261 3050 λέγω
3287 2986 3355 3037 τὰ
3374 2985 3571 3054 χρυσία
3589 2986 3935 3056 ἀποθέμεναι

2374 3063 2691 3133 μεταδῶμεν
2722 3067 2831 3129 τοῖς
2853 3065 3155 3133 δεομένοις;
3186 3068 3233 3118 εί
3260 3066 3367 3137 γάρ
3386 3068 3480 3120 καὶ
3501 3068 3697 3131 ἑαυτὰς
3722 3072 3933 3125 πωλεῖν

2373 3146 2559 3216 ἐχρῆν,
2592 3148 2640 3199 εί
2663 3149 2769 3219 γὰρ
2794 3148 2904 3201 ἀντ’
2931 3148 3231 3218 ἐλευθέρων
3258 3152 3507 3218 γενέσθαι
3534 3153 3745 3218 δούλας,
3781 3155 3931 3210 ὥστε

2373 3229 2667 3298 δυνηθῆναι
2684 3231 3021 3299 μετ’ὲκείνου
3050 3228 3289 3285 είναιτοῦ
3315 3234 3673 3303 νυμφίου,τοῦ
3693 3237 3931 3302 κάλλους

2367 3310 2659 3364 ἀπολαύειν
2693 3313 2920 3377 ἐκείνου,
2942 3313 3100 3382 μόνον
3116 3316 3247 3384 ὀρᾷν
3276 3315 3353 3377 είς
3382 3316 3443 3367 τὸ
3469 3318 3755 3386 πρόσωπον
3771 3321 3928 3373 ἐκεί-ι

2367 3409 2496 3446 νου’
2530 3394 2630 3446 ούκ
2674 3395 2841 3464 ἐχρῆν
2876 3396 3013 3465 μετά
3062 3396 3369 3466 προθυμίας
3422 3398 3635 3452 ἅπαντα
3688 3403 3921 3455 καταδέ-

2368 3475 2563 3541 ξασθαι
2599 3492 2613 3542 ;
2644 3477 2752 3529 Καὶ
2778 3476 3000 3546 βασιλέα
3034 3478 3130 3547 μὲν
3146 3480 3237 3531 τὸν
3256 3479 3347 3532 ἐπὶ
3368 3478 3469 3549 γῆς
3493 3481 3579 3534 ἵνα
3613 3482 3774 3551 μόνον
3801 3486 3931 3538 ἴδω-ι

2368 3575 2488 3627 μεν,
2522 3558 2781 3622 πολλάκις
2816 3560 2956 3629 ὑπὲρ
2979 3560 3070 3613 τοῦ
3105 3561 3233 3613 ἰδεῖν
3266 3562 3425 3615 αὑτὸν
3455 3565 3543 3618 καὶ
3576 3566 3644 3617 τὰ
3682 3567 3739 3619 ἐν
3764 3572 3930 3639 χερσὶ.

2367 3640 2650 3709 ρίπτομεν,
2679 3643 2773 3693 καὶ
2800 3643 3075 3710 ἀναγκαῖα
3122 3644 3251 3698 ὅντα
3284 3659 3297 3674 ’
3331 3645 3469 3716 ὑπὲρ
3489 3646 3545 3699 δὲ
3568 3647 3661 3699 τοῦ
3692 3649 3927 3719 βασιλέα

2367 3723 2459 3774 καὶ
2486 3722 2715 3792 νυμφίον
2744 3724 2799 3775 ὲν
2819 3726 3066 3790 οὐρανοῖς
3094 3727 3376 3798 ἀμφότερα
3396 3729 3542 3791 ὄντα,
3569 3731 3705 3783 ὥστε
3732 3732 3803 3803 μὴ
3826 3736 3927 3801 μόν

2366 3821 2454 3857 νον
2482 3805 2883 3875 καταξιωθῆναι
2909 3809 3055 3870 ἰδεῖν,
3076 3809 3206 3861 ἀλλά
3234 3812 3328 3862 καὶ
3364 3812 3721 3880 προηγεῖσθαι
3752 3816 3917 3870 αὑτοῦ

2367 3888 2506 3958 μετὰ
2534 3888 2847 3957 λαμπάδιον,
2878 3891 2971 3942 καὶ
2994 3894 3158 3958 ἐγγὺς
3192 3892 3355 3944 αὑτοῦ
3387 3890 3545 3958 εἶναι,
3582 3896 3675 3947 καὶ
3694 3897 3929 3951 διαπσνυ

2362 3969 2454 4032 τὸς
2485 3969 2633 4040 [270]
2666 3967 2805 4023 εἶναι
2834 3973 2953 4039 μετ’
2974 3974 3160 4037 αὐτοῦ,
3193 3976 3243 4025 τί
3274 3976 3374 4027 οὐκ
3414 3976 3519 4027 ἔδει
3555 3981 3757 4040 ποιεῖν;
3784 3980 3839 4031 τί
3867 3981 3927 4032 δέη

2362 4052 2422 4106 ού
2458 4052 2749 4123 πράττειν;
2786 4054 2838 4104 τί
2864 4054 2918 4106 δέ
2940 4056 3037 4125 οὐχ
3062 4057 3388 4126 ύπομένειν;
3430 4061 3541 4122 Διὸ,
3594 4063 3913 4131 παρακαλῶ1

2364 4136 2614 4206 λάϐωμέν
2647 4154 2767 4189 τινα
2810 4137 2971 4189 πόθον
2996 4140 3221 4192 ἐκείνων
3254 4141 3361 4192 τῶν
3382 4141 3620 4208 ἀγαθῶν,
3662 4145 3913 4214 ποθήσως

2370 4235 2467 4288 μεν
2491 4220 2692 4271 ἐκεῖνον
2722 4222 2813 4271 τὸν
2840 4221 3089 4289 νυμφίον,
3122 4216 3271 4289 ὦμεν
3295 4223 3550 4292 παρθένοι
3592 4226 3689 4295 τὴν
3744 4228 3927 4297 ἀληθῖγ

2368 4300 2662 4369 παρθενίαν
2697 4317 2709 4329 ·
2742 4302 2839 4369 τὴν
2870 4302 2975 4371 γὰρ
3008 4306 3102 4372 τῆς
3129 4304 3307 4373 ψυχῆς
3354 4306 3645 4374 παρθενίαν
3672 4310 3900 4380 ὲπιζητε
3926 4316 3929 4355 Τ

2366 4384 2393 4435 ό
2423 4384 2718 4451 Δεσπότης.
2757 4385 2909 4436 Μετὰ
2932 4385 3130 4453 ταύτης
3168 4387 3495 4457 εἰσέλθωμεν
3529 4390 3608 4451 εἰς
3638 4392 3725 4441 τὸν
3755 4394 3909 4462 οὐρα·

2364 4466 2474 4529 νον,
2512 4466 2585 4535 μὴ
2618 4468 2827 4535 ἔχοντες
2853 4468 3111 4536 σπῖλον,ἢ
3147 4470 3402 4539 (imiimi;
3429 4489 3479 4522 τι
3501 4472 3608 4523 τῶν
3642 4476 3901 4528 τοιούτων

2367 4548 2451 4601 ἵνα
2486 4549 2576 4599 καὶ
2610 4549 2716 4601 τῶν
2752 4549 3175 4616 ἐπηγγελμένων
3208 4554 3335 4619 ἡμῖν
3376 4554 3593 4619 ἀγαθῶν
3648 4557 3907 4627 ἐπιτύχω-

2368 4648 2465 4699 μεν
2487 4648 2499 4660 ·
2526 4625 2598 4683 ὧν
2624 4632 3067 4697 γένοιτο,.πάντας
3098 4636 3245 4702 ἡμᾶς
3274 4640 3576 4705 μετασχεῖν,
3614 4639 3796 4708 χάριτι

2364 4714 2757 4783 φιλανθρωπίᾳ.

4120 3990 4121 4071 ι

4107 4892 4109 4987 l

4105 5036 4107 5139 Α

4120 3990 4121 4071 ι

4104 5036 4107 5147 1
