4134 6342
224 347 319 403 illi

235 461 391 513 etiam
414 472 475 513 es
493 457 541 513 ei
565 457 806 521 molesta,
822 464 877 511 ut
898 470 1015 527 qua:
1039 456 1088 510 ei
1109 454 1176 509 de
1197 463 1245 508 te
1262 452 1399 506 hanc
1417 466 1668 523 suggeras
1691 453 1810 523 upi-

231 550 471 617 nionem,
484 549 622 614 quod
643 548 868 603 tenearis
884 560 1067 601 amore
1083 551 1515 600 ornamentorum
1534 552 1588 599 et
1601 543 1807 601 mundi.

234 644 456 700 Etiamsi
472 643 614 700 enim
634 625 895 696 reveritus
911 637 1149 700 maritus,
1167 642 1217 685 ut
1232 630 1320 703 qui
1334 633 1398 684 sit
1416 628 1684 683 modestus
1698 640 1800 677 nun

230 735 392 802 dicat,
408 736 549 791 intus
565 741 738 787 tamen
757 728 893 800 apud
921 742 981 783 se
1005 736 1055 781 te
1071 723 1425 785 condemnat;
1448 716 1702 773 invidiam
1719 728 1805 768 au-

958 346 1023 405 lN
1062 346 1274 403 EPIST.
1308 346 1394 402 AD
1435 343 1784 401 liEBiiAZOS.
1828 345 1977 401 CAP.
2014 345 2125 402 XII.
2170 345 2397 402 llOMlL.
2436 343 2663 399 XXVIII.

3364 334 3478 391 202

1902 457 2093 512 nibus:
2126 442 2472 522 corrumpunt
2496 452 2638 507 enim
2667 448 2872 503 animas
2904 444 2986 500 lite
3010 442 3380 513 cogitationes.
3417 442 3470 495 Si

1895 563 2024 618 ergo
2046 560 2354 601 maneamus
2376 543 2564 613 integri
2586 550 2643 597 et
2667 537 2884 604 sinceri,
2907 536 3028 591 illuc
3048 534 3260 599 ibimus,
3288 540 3341 586 ct
3368 530 3475 585 illic

1893 654 2237 697 CXCllilellilli‘.

1974 658 2007 693 3|
2034 658 2237 695 llelllllr.

1974 658 2244 797 Virginitas
2285 737 2397 777 vera
2433 734 2562 790 quae.
2585 746 2656 757 —
2679 710 2945 783 Despondi.
2963 707 3094 763 enim
3121 720 3239 769 vos,
3271 702 3462 771 inquit,

233 838 337 882 tem
356 841 463 882 non
484 824 818 895 comprimet.
834 822 1023 876 Annon
1047 818 1157 889 jam
1174 829 1387 871 omnem
1409 812 1647 883 expelles
1666 807 1808 863 volu-

1911 820 1980 873 mi
2008 792 2132 883 uiro,
2161 814 2412 886 virginem
2434 817 2623 865 castam
2650 805 2882 860 exhibere
2909 792 3109 856 Christo
3134 795 3211 867 (2.
3233 794 3355 895 cur.
3375 792 3464 847 il.

234 928 457 989 ptatcm,
482 926 541 972 ut
568 883 684 987 quae
710 912 965 969 adversus
1018 883 1242 979 teipsum
1273 905 1473 961 excites
1515 899 1808 956 invidiam?

1911 910 1973 979 ι).
2021 907 2145 963 llaec
2170 883 2274 959 non
2302 902 2515 958 dicebat
2547 894 2864 967 virginibus,
2893 890 2989 947 sed
3014 886 3176 943 coetui
3204 883 3467 939 universa!

303 1009 358 1064 7.
381 1007 546 1079 Egre
566 982 792 1061 fortasse
810 1002 1004 1057 auditis
1018 1014 1140 1071 quae
1158 998 1427 1062 dicuntur,
1447 1003 1502 1049 et
1524 1004 1806 1048 succense-

1911 999 2153 1055 .‘cclesize.
2207 995 2339 1051 Nam
2390 991 2541 1063 cujus
2579 996 2661 1044 est
2704 986 2880 1040 anima
2910 983 3241 1049 incorrupta,
3284 989 3348 1030 ea
3386 982 3469 1030 est

237 1101 304 1153 tis
323 1099 569 1154 dicentes
595 1114 608 1151 :
642 1094 748 1151 lste
774 1093 994 1149 maritos
1026 1088 1194 1160 magis
1214 1087 1387 1143 irritat
1400 1084 1655 1140 adversus
1676 1094 1811 1136 uxo-

236 1206 346 1247 res.
378 1189 503 1245 Haec
527 1187 649 1243 dico
676 1200 784 1241 non
807 1184 1022 1241 irritans
1048 1182 1288 1246 maritos,
1316 1177 1410 1233 sed
1446 1176 1567 1232 volo
1595 1190 1625 1229 a
1662 1172 1812 1229 vobis

240 1282 547 1339 lubentibus
574 1279 689 1335 htec
716 1276 979 1350 praestari,
999 1283 1217 1345 propter
1242 1286 1364 1338 vos,
1384 1285 1488 1325 non
1520 1278 1732 1341 propter
1747 1266 1814 1321 il-

241 1372 359 1429 los:
381 1387 487 1426 non
514 1379 571 1425 ut
589 1368 708 1424 illos
724 1368 943 1423 liberem
966 1364 1034 1419 ab
1050 1363 1267 1429 invidia,
1290 1360 1383 1417 sed
1408 1370 1465 1415 ut
1484 1373 1577 1414 vos
1593 1359 1818 1414 liberem

242 1478 270 1517 a
291 1462 569 1534 phantasia
592 1474 772 1515 rerum
799 1456 958 1526 hujus
981 1456 1121 1510 vita.
1141 1453 1234 1508 Vis
1256 1452 1420 1508 videri
1443 1449 1697 1521 pulchra?
1718 1463 1822 1518 ego

244 1566 458 1622 quoque
483 1548 585 1605 hoc
608 1546 753 1614 volo,
782 1546 875 1601 sed
902 1543 1291 1616 pulchritudine
1315 1556 1477 1612 quam
1504 1540 1641 1594 Deus
1669 1552 1821 1609 quae-

247 1645 335 1708 rit,
353 1658 512 1714 quam
533 1641 648 1697 Rex
670 1638 1014 1708 concupiscit.
1035 1636 1326 1705 Quemnam
1349 1634 1427 1688 vis
1453 1631 1647 1688 habere
1670 1646 1822 1686 ama-

249 1746 417 1791 torem
440 1776 457 1802 ,
485 1734 652 1789 Deum
679 1745 747 1786 an
775 1725 1060 1785 homines?
1086 1725 1144 1783 Si
1185 1726 1259 1780 sis
1289 1725 1361 1780 ita
1394 1723 1634 1794 pulchra,
1680 1721 1824 1777 Deus

253 1838 396 1883 tuam
442 1823 786 1895 concupiscet
831 1817 1280 1889 pulchritudinem
1332 1832 1344 1869 :
1391 1816 1475 1871 sin
1518 1826 1694 1870 autem
1725 1814 1826 1869 hoc

253 1919 452 1988 absque
500 1915 591 1970 illo
608 1954 624 1981 ,
660 1913 750 1968 ille
775 1910 990 1981 quidem
1015 1918 1067 1965 te
1093 1906 1438 1971 abhorrebit,
1466 1914 1624 1961 erunt
1648 1914 1825 1960 autem

256 2012 329 2063 tui
353 2016 619 2062 amatores
648 2003 745 2057 viri
770 2001 981 2057 scelesti
1014 2017 1029 2053 :
1054 1998 1227 2053 nullus
1250 1998 1392 2053 enim
1415 2008 1496 2050 est
1523 1996 1713 2062 bonus,
1737 1990 1826 2065 qui

255 2108 398 2155 amet
424 2096 699 2152 mulierem
721 2094 958 2164 junctam
987 2090 1343 2146 matrimonio.
1388 2088 1499 2143 Hoc
1534 2089 1692 2144 etiam
1732 2103 1827 2145 co-

255 2191 362 2261 gita
402 2189 454 2242 in
497 2184 696 2241 mundo
735 2192 981 2239 externo.
1026 2181 1157 2236 Nam
1190 2180 1277 2234 ille
1314 2177 1529 2248 quidem
1560 2176 1826 2245 mundus,

258 2278 508 2344 mundus,
538 2276 776 2346 inquam,
803 2273 1016 2337 animae,
1051 2271 1218 2327 Deum
1252 2268 1504 2334 attrahit;
1542 2268 1627 2322 hic
1654 2278 1832 2323 autem

258 2380 442 2429 contra
485 2370 627 2423 viros
687 2367 998 2422 sceleratos.
1046 2363 1209 2418 Vides
1250 2360 1391 2433 quod
1440 2359 1603 2416 vestri
1651 2374 1831 2415 curam

259 2477 409 2535 gero,
440 2458 582 2532 quod
607 2458 674 2514 de
694 2457 846 2512 vobis
873 2471 989 2511 sum
1018 2454 1310 2520 sollicitus,
1342 2463 1399 2509 ut
1425 2452 1543 2508 sitis
1564 2452 1822 2523 pulchrae,

263 2553 397 2612 vere
421 2555 653 2623 pulchrae
674 2560 729 2607 et
754 2552 998 2621 gloriosa:
1031 2566 1045 2605 :
1076 2557 1135 2603 ut
1164 2563 1257 2617 pro
1286 2546 1412 2601 viris
1433 2545 1707 2601 sceleratis
1740 2544 1835 2597 ha-

273 2649 439 2705 beatis
485 2655 772 2700 amatorem
828 2642 995 2697 Deum
1054 2638 1290 2693 omnium
1344 2632 1667 2689 Dominum?
1707 2631 1837 2696 Quze

271 2751 445 2796 autem
468 2738 615 2792 illum
645 2735 805 2791 habet
830 2741 1123 2788 amatorem
1143 2770 1159 2793 ,
1192 2728 1277 2783 cui
1307 2726 1409 2781 erit
1436 2722 1661 2779 similis?
1704 2720 1838 2774 cho-

272 2846 364 2885 rus
388 2830 548 2885 ducet
575 2841 694 2881 cum
715 2822 943 2894 angelis.
987 2818 1120 2874 Nam
1168 2818 1210 2872 si
1253 2831 1371 2886 qure
1399 2829 1427 2868 a
1462 2826 1585 2883 rege
1610 2819 1836 2876 amatur,

272 2934 432 2989 supra
457 2931 646 2973 omnes
668 2917 820 2971 beata
850 2912 1062 2967 ducitur
1086 2928 1099 2965 :
1128 2924 1249 2979 quae
1277 2924 1307 2962 a
1337 2906 1448 2962 Deo
1473 2903 1637 2958 multo
1656 2915 1839 2956 amore

271 3010 525 3080 diligitur,
560 3006 882 3079 quantaerit
907 3004 1025 3073 ejus
1052 2999 1327 3070 dignitas?
1373 2993 1595 3051 Etiamsi
1638 2993 1838 3048 dixeris

270 3099 454 3153 orbem
498 3106 694 3161 terrae,
744 3093 876 3148 nihil
907 3094 1011 3148 erit
1038 3091 1253 3161 dignum
1296 3086 1384 3141 illa
1429 3083 1837 3156 pulchritudine.

274 3188 422 3243 llane
445 3201 573 3257 ergo
597 3186 833 3241 colamus
865 3179 1329 3252 pulchritudinem,
1352 3177 1454 3231 hoc
1470 3177 1666 3229 mundo
1686 3186 1841 3227 orne-

270 3294 409 3339 mur.
434 3285 493 3331 ut
518 3275 584 3330 ad
613 3274 775 3329 caelos
803 3271 1190 3343 perveniamus,
1219 3267 1273 3322 in
1293 3263 1562 3321 cenacula
1592 3261 1841 3333 spiritua-

270 3367 361 3435 lia,
384 3368 438 3421 in
457 3366 745 3420 thalamum
771 3362 951 3432 sponsi
974 3360 1025 3414 in
1044 3372 1198 3428 quem
1219 3355 1391 3410 nullus
1404 3352 1548 3407 cadit
1570 3351 1838 3409 interitus.

270 3456 402 3513 Nam
425 3457 540 3512 lucc
559 3455 771 3526 quidem
796 3450 1135 3521 pulchritudo
1152 3448 1218 3502 ab
1235 3445 1479 3502 omnibus
1493 3444 1652 3500 rebus
1667 3456 1837 3512 expu-

266 3559 481 3618 gnatur,
499 3556 553 3602 et
576 3543 788 3616 quando
822 3541 981 3598 etiam
1006 3537 1230 3611 pulchre
1258 3534 1545 3601 manserit,
1575 3542 1626 3588 et
1667 3546 1839 3601 neque

271 3640 487 3695 morbus
504 3652 675 3707 neque
702 3633 1001 3689 sollicitudo
1017 3646 1133 3686 eam
1155 3628 1445 3691 vexaverit,
1461 3623 1602 3695 quod
1626 3622 1838 3693 quidem

273 3730 386 3785 lieri
416 3742 522 3784 non
551 3734 744 3797 potest,
769 3739 873 3779 non
897 3727 1353 3793 permanetannos
1380 3714 1597 3786 viginti:
1631 3712 1720 3767 illa
1746 3728 1841 3767 au-

272 3832 377 3875 tem
394 3833 606 3889 semper
622 3817 798 3882 ﬂoret,
821 3829 1034 3884 semper
1045 3813 1211 3883 viget:
1231 3824 1333 3863 non
1353 3816 1436 3864 est
1456 3807 1561 3862 illic
1580 3804 1719 3876 quod
1739 3820 1843 3860 me-

271 3924 390 3967 tuas
411 3911 781 3975 mutationem,
803 3922 909 3962 non
930 3907 1139 3961 irruens
1155 3911 1398 3959 senectus
1416 3898 1613 3954 inducit
1632 3912 1837 3968 rugam,

271 4020 379 4059 non
406 4004 656 4074 ingruens
681 4000 900 4056 morbus
929 3996 1204 4052 ﬂaceidam
1225 3992 1408 4059 eitleit,
1436 4005 1539 4045 non
1562 4006 1628 4045 ex
1649 3988 1840 4043 animae

268 4091 583 4163 egritudine
609 4088 847 4161 proiecta
877 4102 1002 4142 cura
1029 4100 1149 4141 eam
1178 4082 1502 4152 corrumpit;
1528 4082 1621 4135 sed
1646 4088 1729 4135 est
1759 4078 1841 4133 his

270 4183 521 4240 omnibus
547 4178 815 4249 superior.
847 4176 972 4232 lltec
1005 4184 1180 4230 autem
1210 4172 1511 4243 priusquam
1539 4168 1841 4240 apparuerit

270 4273 476 4330 recedit
498 4288 515 4336 ;
537 4280 593 4327 et
618 4285 736 4325 cum
764 4267 1090 4338 apparuerit,
1122 4279 1228 4319 non
1259 4263 1453 4318 multos
1480 4260 1638 4315 habet
1667 4258 1838 4313 admi-

269 4372 503 4418 ratores.
531 4359 665 4416 Nam
696 4358 786 4428 qui
819 4364 947 4413 sunt
977 4354 1201 4410 modesti
1223 4362 1277 4407 et
1308 4360 1683 4421 temperantes,
1732 4364 1837 4404 non

268 4451 635 4515 admirantur;
658 4449 750 4517 qui
773 4455 951 4501 autem
973 4443 1324 4508 admirantur,
1352 4456 1471 4497 cum
1502 4438 1722 4495 libidine
1740 4438 1839 4493 ad-

270 4547 552 4600 mirantur.
585 4541 663 4597 Ne
692 4542 830 4596 hanc
852 4552 981 4610 ergo
1003 4537 1261 4599 colamus,
1293 4533 1385 4590 sed
1416 4531 1559 4588 illam
1597 4548 1611 4584 :
1640 4530 1714 4585 illi
1740 4529 1839 4584 ad.

276 4636 613 4697 haereamus,
659 4641 717 4686 ut
757 4645 877 4685 cum
922 4628 1195 4699 praeclaris
1219 4623 1546 4694 lampadibus
1576 4623 1628 4677 in
1658 4620 1840 4691 sponsi

274 4725 566 4779 thalamum
592 4722 886 4777 veniamus.
922 4717 1037 4774 Non
1063 4717 1205 4773 enim
1231 4714 1522 4786 virginibus
1557 4714 1727 4770 solum
1758 4720 1840 4767 est

276 4813 381 4868 hoc
431 4811 752 4882 promissum
771 4849 788 4875 ,
833 4807 929 4863 sed
956 4806 1235 4861 animabus
1262 4820 1379 4874 qua:
1413 4813 1537 4858 sunt
1562 4802 1793 4873 virgines
1822 4820 1836 4857 :

274 4898 399 4959 nam
422 4904 467 4958 si
490 4902 592 4957 hoc
618 4911 761 4957 esset
785 4900 1049 4970 virginum
1073 4905 1296 4962 tantum,
1323 4896 1555 4966 quinque
1578 4908 1684 4949 non
1711 4893 1841 4949 fuis—

275 5002 397 5047 sent
420 4993 669 5048 exelusze.
713 4990 824 5045 lloc
851 5004 977 5059 ergo
1002 4997 1084 5044 est
1108 4988 1343 5044 omnium
1371 5001 1490 5056 qua:
1515 4992 1640 5041 sunt
1663 4985 1845 5042 anima

275 5082 530 5155 virgines,
560 5096 680 5152 quae
708 5090 831 5139 sunt
860 5080 1095 5137 liberatae
1121 5078 1188 5134 ab
1216 5076 1374 5148 hujus
1399 5076 1517 5133 vita:
1562 5074 1840 5144 cogitatio-

1895 1093 2066 1161 virgo,
2091 1088 2190 1145 etsi
2218 1086 2378 1141 habet
2420 1080 2701 1143 maritum;
2734 1077 2903 1146 virgo,
2928 1074 3165 1142 inquam,
3194 1081 3315 1123 eum
3344 1079 3469 1120 vera

1898 1156 2284 1251 virginitatem
2298 1171 2608 1229 admiranda
2630 1187 2643 1224 :
2666 1184 2787 1225 nam
2809 1165 3049 1235 corporis
3075 1160 3285 1231 quidem
3313 1156 3473 1227 virgi-

1899 1246 2036 1325 nitas
2056 1275 2140 1325 est
2162 1268 2305 1324 illius
2321 1276 2503 1321 comes
2527 1268 2583 1316 et
2606 1258 2793 1313 umbra
2815 1272 2829 1321 ;
2858 1268 2981 1309 vera
2998 1261 3175 1306 autem
3197 1246 3473 1317 virginitas

1897 1368 1979 1415 est
1997 1359 2106 1415 illa.
2126 1358 2273 1412 lianc
2293 1354 2551 1417 colamus,
2582 1358 2636 1404 et
2664 1349 2733 1402 ita
2759 1346 3047 1416 poterimus
3078 1342 3200 1396 lteto
3221 1338 3369 1392 vultu
3390 1336 3473 1391 vi-

1898 1450 2028 1505 dere
2052 1461 2328 1518 sponsum,
2347 1452 2402 1500 et
2428 1457 2547 1497 cum
2576 1435 2975 1509 splendentibus
3004 1429 3206 1501 ingredi
3226 1426 3477 1518 lampadi-

1898 1516 2285 1605 bus,sivoleum
2308 1535 2463 1590 nobis
2492 1546 2597 1587 non
2622 1528 2855 1592 deﬁciat,
2880 1525 2922 1580 si
2944 1524 3119 1577 aureis
3147 1516 3477 1575 ornamentis

1899 1631 2030 1687 fusis
2050 1638 2103 1684 et
2130 1626 2377 1683 conﬂatis
2397 1618 2659 1694 ejusmodi
2688 1618 2864 1672 oleum
2898 1611 3309 1673 confecerimus,
3324 1607 3494 1678 quod.

1900 1718 2243 1791 splendentes
2272 1713 2446 1770 reddit
2475 1708 2747 1778 lampades
2777 1724 2790 1760 :
2815 1703 2952 1759 illud.
2981 1712 3157 1757 autem
3189 1698 3366 1757 oleum
3394 1705 3493 1755 est.

1900 1788 2092 1866 caritas
2132 1807 2188 1862 in
2232 1804 2495 1860 homines.
2545 1800 2602 1854 Si
2648 1797 2768 1853 aliis
2810 1802 3020 1850 nostras
3063 1788 3491 1860 impcrtierimus

1902 1899 2204 1963 facultates,
2228 1894 2273 1949 si
2313 1894 2490 1947 oleum
2517 1904 2609 1945 eas
2639 1885 2959 1951 icccrimus,
3005 1891 3131 1936 tunc
3168 1892 3265 1934 nos
3297 1885 3478 1948 prote-

1902 1999 1991 2062 get
2035 1998 2091 2046 et
2132 1985 2411 2051 deiendet,
2467 1991 2522 2039 et
2560 1995 2665 2036 non
2695 1978 2936 2035 dicemus
2969 1976 3026 2031 itt
3071 1974 3165 2029 illo
3190 1982 3479 2042 tempore:

1904 2060 2037 2135 Date
2083 2078 2225 2132 nobis
2269 2076 2471 2141 oleum,
2523 2071 2764 2142 quoniam
2793 2065 3053 2137 lampades
3084 2072 3271 2117 nostrtr
3294 2060 3483 2116 exstin-

1904 2181 2127 2245 guuntur
2156 2167 2371 2240 (Matth.
2400 2165 2490 2221 25.
2524 2163 2603 2234 8),
2632 2176 2807 2232 neque
2834 2159 2956 2214 aliis
2980 2156 3276 2227 egebimus,
3308 2166 3483 2222 neque

1904 2273 2093 2319 euntes
2122 2259 2189 2315 ad
2222 2272 2318 2314 eos
2343 2257 2434 2327 qui
2459 2254 2735 2317 vendunt,
2767 2249 3115 2307 exeludcmur
3136 2288 3153 2315 ,
3180 2260 3355 2317 neque
3382 2260 3481 2299 au-

1904 2352 2113 2408 diemus
2136 2363 2321 2404 vocem
2352 2346 2491 2401 illam
2522 2341 2815 2400 terribilem
2863 2348 2918 2395 et
2960 2336 3280 2392 horrendam
3302 2377 3314 2401 ,
3364 2336 3481 2405 pul-

1906 2452 2086 2500 santes
2111 2442 2327 2504 ostium,
2352 2437 2540 2492 Nescio
2569 2451 2688 2499 vos;
2713 2432 2809 2489 sed
2840 2446 2937 2487 nos
2964 2439 3217 2502 agnoscet
3236 2470 3251 2494 ,
3283 2439 3336 2485 et
3361 2444 3497 2487 cum

1907 2546 2105 2603 sponso
2135 2527 2488 2594 intrabimus,
2518 2533 2574 2581 et
2600 2524 2651 2579 in
2677 2521 3009 2593 spiritualem
3046 2519 3227 2589 sponsi
3256 2520 3484 2589 ingressi

1909 2624 2194 2679 thalamum
2219 2662 2234 2685 ,
2257 2619 2496 2675 fruemur
2523 2617 2679 2673 bonis
2701 2613 3197 2670 innumerabilibus.
3244 2611 3299 2668 Si
3339 2615 3495 2673 enim,

1908 2716 1994 2770 hic
2017 2715 2150 2770 adeo
2174 2714 2389 2782 elegans
2415 2719 2500 2766 est
2518 2708 2697 2779 sponsi
2721 2707 3005 2770 thalamus,
3036 2704 3173 2761 adeo
3200 2705 3481 2774 splendida

1908 2806 2203 2869 emnacula,
2229 2812 2290 2860 ιιι
2319 2817 2477 2857 nemo
2497 2798 2781 2855 attendens
2804 2798 3031 2853 satietur
3050 2837 3066 2863 ,
3088 2785 3287 2869 quanto
3316 2799 3490 2867 magis

1910 2900 2050 2956 illic?
2080 2898 2367 2953 Thalamus
2394 2903 2477 2951 est
2519 2893 2707 2949 caelum
2727 2932 2743 2957 ,
2780 2898 2835 2946 et
2858 2889 3040 2960 sponsi
3065 2888 3328 2947 thalamus
3354 2890 3486 2945 creto

1912 2988 2100 3044 melior
2131 3005 2145 3042 :
2172 2987 2296 3041 illuc
2322 2983 2704 3055 ingrediemur.
2732 2980 2787 3036 Si
2807 2987 2985 3034 autem
3012 2979 3195 3048 sponsi
3225 2977 3487 3035 thalamus

1910 3090 1993 3137 est
2018 3080 2152 3134 adeo
2181 3075 2418 3147 pulcher,
2449 3073 2569 3144 quis
2604 3073 2707 3127 erit
2758 3084 2891 3140 ergo
2930 3069 3046 3139 ipse
3092 3069 3370 3139 sponsus?
3420 3068 3487 3122 Et

1914 3171 2040 3243 quid
2064 3170 2185 3225 dico
2223 3176 2282 3221 ut
2310 3165 2570 3235 depositis
2612 3163 2789 3218 aureis
2816 3160 3168 3225 ornamentis,
3194 3175 3256 3216 ea
3284 3160 3485 3230 imper-

1915 3263 2108 3317 tiamus
2152 3255 2463 3328 egentibus?
2501 3269 2624 3309 nam
2674 3253 2721 3307 si
2762 3259 3036 3321 oporteret
3078 3250 3159 3306 vel
3200 3265 3297 3306 vos
3344 3252 3489 3322 ipsas

1914 3349 2278 3412 venumdare,
2329 3347 2374 3402 si
2410 3361 2507 3417 pro
2542 3345 2723 3400 liberis
2747 3344 2862 3399 ﬁeri
2889 3343 3144 3410 ancillas,
3175 3353 3233 3397 ut
3257 3345 3488 3414 possetis

1913 3455 2035 3498 cum
2080 3440 2169 3494 illo
2203 3450 2324 3493 esse
2355 3449 2576 3505 sponso,
2614 3435 2702 3489 illa
2729 3432 2830 3489 frui
2857 3433 3256 3505 pulchritudine
3275 3476 3291 3501 ,
3320 3444 3489 3494 etso-

1914 3530 2022 3586 lum
2055 3528 2205 3585 illum
2231 3529 2430 3585 vultum
2459 3527 2653 3584 intueri
2680 3545 2695 3582 :
2724 3542 2903 3582 annon
2933 3532 3208 3597 oporteret
3235 3538 3361 3582 cum
3386 3538 3495 3578 om-

1915 3622 1971 3677 ni
2010 3622 2288 3677 alacritate
2313 3621 2480 3677 animi
2507 3620 2691 3676 omnia
2716 3618 3033 3690 suscipere!
3059 3618 3259 3687 Regem
3290 3616 3380 3686 qui
3414 3625 3508 3676 est

1917 3712 1970 3767 in
1999 3719 2141 3766 terra
2162 3720 2221 3769 ut
2245 3712 2544 3778 videamus,
2566 3725 2710 3781 saepe
2732 3725 2853 3781 qua:
2878 3709 3076 3765 suntin
3104 3706 3353 3763 manibus
3394 3706 3499 3762 etsi

1917 3802 2243 3871 necessaria,
2255 3802 2553 3874 abjicimus.
2573 3801 2799 3870 Quando
2816 3810 2993 3856 autem
3017 3798 3211 3855 videris
3225 3806 3279 3853 et
3298 3797 3499 3867 Regem

1914 3903 1969 3948 et
1990 3906 2265 3964 sponsum,
2284 3892 2452 3948 multo
2474 3892 2640 3964 magis
2656 3892 2708 3948 id
2728 3891 2888 3948 alacri
2910 3890 3089 3945 animo
3108 3897 3388 3960 Oporteret
3406 3903 3501 3943 su-

1918 3987 2143 4055 scipere.
2182 3986 2389 4041 Revera
2425 3985 2540 4041 htee
2565 3984 2777 4056 quidem
2806 3994 2932 4041 sunt
2960 3983 3172 4048 umbra,
3203 3981 3290 4036 illa
3321 3991 3499 4036 autem

1922 4076 2137 4130 veritas.
2155 4075 2229 4132 Ut
2256 4092 2431 4147 regem
2461 4087 2638 4132 autem
2664 4084 2719 4131 et
2742 4089 2996 4145 sponsum
3025 4072 3079 4128 in
3110 4072 3258 4127 caelis
3283 4086 3387 4125 non
3416 4087 3503 4127 so-

1919 4168 2031 4224 lum
2058 4168 2245 4226 videre
2269 4170 2523 4238 digneris,
2547 4168 2642 4225 sed
2668 4170 2827 4224 etiam
2856 4166 3130 4239 praecedes
3146 4181 3269 4222 eum
3300 4166 3503 4235 lampas

1921 4260 2099 4325 dibus,
2133 4274 2186 4318 et
2213 4264 2287 4316 sis
2319 4275 2483 4329 prone
2512 4262 2707 4328 ipsum,
2735 4270 2791 4316 et
2818 4269 3075 4329 perpetuo
3100 4259 3175 4314 sis
3199 4273 3320 4315 cum
3347 4259 3463 4327 ipso
3481 4297 3503 4324 ι

1926 4346 2051 4419 quid
2074 4362 2180 4403 non
2204 4352 2477 4417 oporteret
2505 4344 2683 4403 facere
2704 4386 2719 4412 ,
2748 4346 2875 4417 quid
2902 4347 3379 4418 non,agere,.quidv
3401 4364 3509 4407 non

1935 4438 2206 4495 tolerare?
2227 4438 2351 4495 ideo
2370 4451 2502 4509 rogo
2521 4451 2615 4493 vos
2640 4438 2912 4509 capiamus
2938 4437 3153 4509 aliquod
3176 4438 3390 4498 illorum
3422 4440 3517 4495 bo.

1933 4546 2129 4587 norum.
2143 4529 2486 4595 desiderium,
2499 4528 2867 4587 desideremus
2884 4530 3033 4593 illum
3048 4545 3330 4601 sponsum,
3344 4532 3516 4592 simus

1933 4636 2057 4677 vera
2100 4621 2407 4692 virginitate
2434 4620 2704 4691 virgines:
2733 4621 2928 4676 anima:
2967 4622 3110 4676 enim
3155 4621 3516 4692 virginitatem

1934 4711 2157 4783 requirit
2204 4712 2482 4767 Dominus.
2507 4710 2641 4767 Cum
2666 4725 2731 4766 ea
2762 4711 2815 4766 in
2861 4712 3055 4767 cadum
3103 4712 3385 4779 intremus,
3414 4727 3516 4768 nec

1934 4802 2227 4859 habeamus
2244 4802 2502 4858 maculam
2520 4811 2610 4858 aut
2627 4816 2835 4873 rugam,
2853 4811 2944 4857 aut
2961 4801 3160 4872 aliquid
3180 4802 3480 4873 hujusmodi
3500 4820 3513 4856 :

1936 4904 1993 4949 ut
2042 4909 2391 4966 assequamur
2446 4894 2585 4949 bona
2638 4894 2944 4964 promissa:
2987 4908 3108 4965 qute
3156 4894 3314 4951 detur
3357 4894 3524 4954 nobis.

1934 4986 2188 5058 consequi
2216 4985 2385 5058 gratia
2415 4995 2469 5042 et
2491 4984 2836 5057 benignitate.
