4134 6342
658 285 755 336 ’215
1351 290 1404 342 S.
1445 291 1708 347 10.“le
1744 292 2209 350 CilllYSUSTOMl
2252 293 2557 347 .illClllEP.
2598 294 3119 349 CONS'I‘ANTIAOP.

929 428 953 435 Α-
972 420 1253 437 .....-.‘..._._..._.

740 425 899 433 ..ο-...-

3779 294 3880 344 Qui

2691 439 2910 452 ἠ’-σι...-

2918 443 3051 452 .“....-

1924 458 1927 459 ν
1984 506 2321 567 ΗΟΜΠᾸΛ
2366 510 2416 567 Χ
2432 510 2604 571 XIX.

660 622 781 672 (jar.
829 622 911 673 19..
957 639 1004 673 ν.
1043 624 1095 675 xl.
1144 621 1381 674 Nondum
1427 640 1577 691 usque
1618 626 1684 677 ad
1711 626 2000 694 sanguinem
2036 628 2219 679 restiti-

2315 623 2453 689 mi/ti,
2480 624 2669 692 Suﬂicil
2687 625 2772 677 tibi
2788 627 2947 694 gratia
2975 644 3081 679 mea
3102 645 3117 680 :
3135 647 3249 682 nam
3278 632 3429 685 virtus
3447 648 3552 684 mea
3572 634 3620 684 in
3642 633 3859 699 inﬁrmi-

727 715 814 765 stis
844 715 1073 764 (ulversus
1101 726 1355 782 peccatum
1388 728 1716 785 repugnantes
1741 734 1759 770 :
1784 718 1833 770 5.
1865 730 1909 771 et
1929 720 2068 771 obliti
2101 723 2198 772 esti.

2310 723 2408 764 tate
2426 716 2675 779 perﬁcitur
2698 714 2771 779 (2.
2789 716 3055 769 Cor.l‘2.8.
3079 718 3151 786 9).
3173 718 3259 772 Ille
3276 736 3401 790 ergo
3421 723 3675 775 concedit.
3703 722 3862 788 Quem

729 805 1096 866 consolationis,
1128 821 1239 872 qua:
1268 807 1402 859 vobis
1430 817 1682 875 tamquam
1710 808 1830 875 ﬁliis
1860 809 2099 877 loquitur,
2131 811 2208 861 di-

727 910 879 945 cens:
910 892 1011 945 Fili
1044 896 1109 946 mi
1131 936 1143 957 ,
1191 898 1291 947 noli
1320 896 1566 967 negligere
1605 898 1925 964 disciplinam
1972 898 2210 962 Domini,

726 999 881 1049 neque
903 983 1125 1052 [aligeris
1157 985 1273 1037 dum
1301 986 1362 1037 ab
1391 1002 1447 1039 eo
1477 987 1764 1054 corriperis.
1788 988 1853 1041 ·6.
1898 990 2054 1052 Quem
2080 990 2211 1041 enim

725 1076 884 1144 diligit
915 1074 1182 1139 Dominus,
1203 1078 1414 1146 castigat
1443 1077 1703 1146 :ﬂagellat
1727 1088 1891 1130 autent
1920 1095 2116 1131 onmem
2143 1080 2208 1145 ﬁ-

724 1167 843 1218 lium
874 1182 1018 1234 quem
1048 1168 1240 1235 recipit.
1265 1168 1316 1219 7.
1349 1167 1406 1219 Si
1434 1168 1687 1219 sus:inetis
1724 1167 2062 1237 disciplinam,
2090 1185 2207 1237 erga

722 1273 804 1308 vos
836 1267 1085 1323 tamquam
1104 1273 1227 1325 ergo
1246 1257 1377 1323 ﬁlios
1403 1256 1643 1326 aﬂicietur
1666 1255 1820 1310 Deus.
1845 1258 1967 1322 Quis
1988 1268 2058 1310 est
2075 1261 2204 1312 enim

722 1350 857 1413 filius
885 1364 1025 1415 quem
1053 1365 1149 1401 non
1179 1349 1379 1416 corripit
1408 1348 1584 1415 pater?

722 1440 772 1491 1.
819 1440 938 1491 Dum
966 1447 1087 1490 sunt
1116 1439 1322 1505 species
1348 1438 1759 1500 consolationis,
1806 1453 1921 1507 quae
1960 1438 2204 1492 videntur

649 1544 765 1582 esse
794 1529 927 1582 inter
955 1542 1013 1581 se
1034 1528 1313 1591 contraria:
1335 1569 1349 1593 ,
1397 1543 1635 1597 magnam
1662 1538 1838 1581 autem
1866 1544 2061 1597 secum
2095 1531 2197 1583 vim

648 1616 871 1671 afferunt
904 1633 917 1670 :
948 1632 1077 1685 quas
1104 1618 1191 1671 hie
1222 1618 1392 1685 posuit
1421 1619 1623 1672 ambas.
1666 1617 1779 1673 Una
1824 1620 2034 1688 quidem
2085 1630 2196 1685 est,

646 1708 854 1775 quando
891 1707 1115 1763 dicimus
1160 1708 1366 1778 aliquos
1395 1710 1557 1764 multa
1586 1725 1704 1763 esse
1733 1725 1952 1779 passos:
1986 1714 2197 1779 requie-

649 1798 904 1851 scitcuim
927 1799 1152 1863 animus,
1171 1800 1377 1866 quando
1408 1799 1565 1853 habet
1594 1802 1784 1856 multos
1807 1812 1966 1860 testes
1990 1821 2203 1862 suarum

650 1886 1049 1954 perpessionum
1080 1902 1093 1937 :
1125 1900 1278 1954 quam
1310 1887 1520 1955 quidem
1549 1903 1702 1955 supra
1734 1893 1944 1960 posuit,
1972 1895 2154 1950 dicens
2189 1916 2202 1951 :

648 1976 1067 2029 llememoramiui
1086 1986 1249 2028 autem
1268 1977 1503 2044 pristinos
1523 1979 1645 2043 dies,
1666 1980 1716 2031 in
1737 1982 1912 2049 quibus
1935 1984 2203 2039 illuminati

646 2082 884 2136 magnum
905 2075 1153 2119 certamen
1175 2068 1478 2121 sustinuistis
1499 2070 2065 2140 passionumtlleerO.
2089 2076 2198 2146 5‘2):

564 2163 572 2169 '
644 2157 810 2209 altera
840 2164 1036 2221 autem,
1065 2155 1274 2225 quando
1304 2156 1547 2224 dicimus,
1570 2158 1684 2214 Non
1712 2176 1767 2215 es
1796 2176 1981 2231 passus
2008 2165 2201 2235 aliquid

646 2261 888 2315 maguum
918 2263 931 2300 ε
966 2262 1084 2300 nam
1117 2247 1218 2300 hoc
1260 2247 1400 2301 dicto
1429 2252 1789 2305 convertimur
1816 2264 1866 2307 et
1887 2257 2198 2325 excitamur,

645 2350 801 2407 atque
822 2339 886 2391 ad
916 2339 1215 2406 patiendum
1250 2341 1534 2395 alacriores
1564 2341 1840 2398 eflieimur.
1871 2346 1960 2400 Illa
1989 2349 2197 2415 quidem

645 2427 767 2481 facit
787 2438 840 2481 ut
865 2427 1055 2481 afﬂicta
1073 2438 1124 2481 et
1142 2437 1323 2481 vexata
1344 2432 1610 2499 quie;cat;
1633 2432 1744 2487 haec
1760 2444 1932 2488 autem
1961 2438 2196 2506 ignavam

642 2520 870 2571 animam
889 2518 1038 2572 sedat
1060 2528 1113 2572 et
1142 2529 1380 2584 recreat;
1401 2522 1599 2590 pigram
1627 2534 1680 2577 et
1709 2526 1948 2596 supinam
1970 2519 2195 2585 conver¥

643 2608 705 2660 tit
726 2617 779 2660 et
805 2622 832 2660 a
857 2608 1101 2677 superbia
1125 2608 1364 2662 retrahit.
1392 2609 1469 2664 Ne
1493 2612 1649 2684 igitur
1679 2629 1745 2668 ex
1774 2616 1861 2669 illo
1893 2619 2192 2675 testimonio

641 2700 718 2751 eis
745 2706 1046 2753 nasceretur
1071 2698 1256 2772 fastus,
1277 2700 1393 2754 vide
1415 2702 1537 2769 quid
1570 2701 1729 2757 faciat
1761 2723 1772 2757 :
1804 2705 2081 2774 Nondum,
2110 2711 2192 2764 in-

643 2788 774 2855 quit,
802 2803 957 2856 usque
994 2788 1061 2840 ad
1086 2790 1378 2858 sanguinem
1405 2792 1657 2844 restitistis
1684 2794 1918 2849 adversus
1944 2810 2197 2865 peccatum

640 2887 972 2946 repugnantes
1006 2888 1089 2932 :et
1118 2880 1257 2933 obliti
1283 2882 1398 2933 estis
1439 2881 1814 2939 consolationis.
1869 2885 1978 2943 Nec
2020 2892 2197 2947 statim

642 2963 906 3031 subjunxit
954 2980 1069 3033 quae
1121 2974 1429 3035 sequuntur,
1473 2965 1564 3019 sed
1593 2980 1710 3018 cum
1755 2968 1831 3020 eis
1870 2968 2184 3021 ostendisset

639 3066 822 3105 onmes
862 3052 946 3120 qui
994 3052 1057 3105 ad
1096 3054 1402 3121 sanguinem
1443 3067 1606 3122 usque
1647 3054 1963 3117 restiterant,
2000 3054 2188 3109 deinde

639 3141 1015 3209 subjunxisset,
1044 3141 1403 3210 glorianouem
1434 3157 1552 3197 esse
1581 3142 1775 3197 Christi
1801 3145 2184 3212 perpessiones,

642 3243 764 3285 tunc
798 3230 949 3285 facile
979 3240 1169 3285 caetera
1196 3242 1274 3285 est
1296 3242 1658 3300 persequutus.
1710 3232 1820 3286 Hoc
1859 3234 2016 3287 etiam
2058 3235 2189 3287 scri-

639 3323 767 3375 bens
803 3322 867 3375 ad
897 3322 1227 3387 Corinthios,
1274 3322 1401 3384 dicit
1432 3341 1446 3375 :
1474 3321 1705 3376 Tentatio
1751 3339 1834 3377 vos
1877 3340 1977 3376 non
2009 3340 2186 3393 appre-

642 3412 852 3476 hendat,
878 3412 972 3464 nisi
999 3411 1216 3465 humana
1247 3411 1320 3481 (1.
1354 3411 1467 3467 Cor.
1496 3412 1687 3482 10.13)
1707 3452 1723 3477 ,
1753 3412 1853 3467 hoc
1876 3422 1974 3477 est,
2007 3428 2184 3483 parva.

638 3500 749 3554 lloc
771 3501 911 3554 enim
935 3500 1127 3570 sufﬁcit
1153 3501 1221 3555 ad
1258 3501 1592 3556 excitandum
1637 3512 1692 3557 et
1728 3504 2032 3572 erigendum
2076 3504 2187 3557 ani-

637 3605 779 3643 mum
797 3630 814 3655 ,
855 3590 1065 3659 quando
1090 3591 1396 3659 cogitaverit
1418 3590 1557 3660 quod
1588 3605 1692 3645 non
1720 3592 1782 3645 ad
1816 3600 1979 3645 totum
2004 3606 2186 3647 ascen-

638 3682 734 3746 dit,
759 3691 809 3734 et
834 3682 929 3733 sibi
960 3681 1274 3754 persuaserit
1302 3695 1362 3733 ex
1391 3679 1455 3733 iis
1482 3696 1599 3749 qua:
1624 3692 2023 3752 prtecesscrunt.
2058 3682 2187 3736 Dicit

638 3787 764 3825 vero
792 3789 803 3822 :
828 3770 1064 3825 Nondum
1110 3780 1331 3824 mortem
1381 3770 1522 3839 passi
1550 3771 1678 3826 estis
1706 3793 1718 3826 :
1749 3786 1915 3844 usque
1940 3772 2003 3825 ad
2033 3787 2187 3841 pecu-

637 3864 749 3916 nias
776 3864 1032 3932 processit
1073 3871 1303 3916 vestrum
1341 3861 1619 3927 damnum,
1648 3877 1810 3931 usque
1846 3863 1912 3917 ad
1944 3864 2182 3933 gloriam,

635 3963 687 4006 et
719 3968 950 4022 eousque
993 3963 1045 4005 ut
1070 3952 1469 4022 expelleremini
1495 3970 1510 4007 :
1533 3952 1776 4007 Christus
1808 3968 1935 4008 vero
1964 3970 2060 4023 pro
2086 3971 2185 4008 no-

636 4043 716 4094 his
737 4041 868 4095 fudit
888 4043 1214 4111 sanguinem;
1238 4057 1332 4097 vos
1352 4052 1526 4097 autem
1552 4058 1719 4113 neque
1746 4058 1842 4111 pro
1860 4044 2181 4113 vobisipsis:

640 4135 754 4199 ipse
777 4130 841 4184 ad
869 4143 1090 4185 mortem
1118 4146 1281 4201 usque
1306 4132 1624 4196 decertavit,
1652 4131 1847 4187 bellum
1872 4148 2062 4203 gerens
2092 4148 2186 4203 pro

643 4223 882 4286 veritate,
912 4236 1004 4290 pro
1037 4221 1218 4286 vobis;
1257 4236 1350 4276 vos
1383 4230 1558 4276 autem
1588 4222 1818 4275 nondum
1849 4222 2076 4277 venistis
2119 4222 2185 4277 ad

639 4310 867 4379 pericula
891 4319 1110 4365 mortem
1134 4311 1449 4365 minitantia.
1484 4310 1551 4364 Et
1572 4310 1710 4364 obliti
1738 4313 1853 4365 estis
1880 4313 2184 4367 consolatio-

636 4402 733 4458 nis.
765 4399 877 4453 [loc
915 4408 1017 4464 est,
1062 4409 1113 4454 et
1152 4414 1340 4453 manus
1381 4401 1676 4466 remisistis,
1702 4410 1755 4453 et
1778 4400 2016 4455 dissoluti
2037 4403 2180 4477 estis.

640 4485 914 4553 Nondum,
964 4489 1162 4557 inquit,
1191 4505 1341 4558 usque
1369 4491 1437 4542 ad
1460 4492 1748 4559 sanguinem
1776 4493 2025 4546 restitistis
2046 4533 2061 4557 ,
2089 4493 2184 4546 ad-

638 4594 805 4631 versus
835 4587 1083 4645 peccatum
1117 4588 1465 4646 repugnantes.
1494 4578 1589 4633 Hic
1630 4581 1861 4634 ostendit
1906 4591 1961 4637 et
2003 4597 2185 4651 pecca-

639 4676 750 4718 tum
793 4664 1131 4720 vehementer
1178 4668 1413 4733 spirare,
1441 4676 1494 4721 et
1525 4668 1694 4736 ipsum
1734 4684 1851 4724 esse
1889 4680 2183 4729 armatum:

635 4754 762 4811 illud
809 4756 973 4821 enim,
1012 4756 1274 4809 Restitistis
1295 4797 1309 4822 ,
1351 4755 1416 4810 atl
1462 4772 1555 4811 eos
1582 4760 1668 4827 qui
1697 4768 1837 4813 stant
1861 4760 2056 4815 dictum
2082 4770 2182 4816 est.

642 4846 769 4910 Qua
792 4846 927 4899 vobis
948 4856 1193 4917 tamquam
1215 4847 1335 4913 filiis
1363 4848 1578 4916 loquitur
1604 4850 1813 4904 dicens:
1844 4849 1953 4906 Fili
1968 4852 2056 4918 uti,
2083 4853 2186 4906 noli

639 4936 882 5006 negligere
915 4936 1229 5006 disciplinam
1260 4935 1498 5002 Domini,
1536 4956 1691 5005 neque
1724 4942 1946 5011 [aligeris
1980 4942 2100 4995 dum
2126 4944 2185 4995 ab

640 5043 697 5079 eo
727 5026 1005 5094 corriperis.
1026 5025 1452 5081 Consolationcm
1471 5039 1523 5082 et
1540 5028 1954 5087 exhortationem
1980 5032 2100 5087 facit
2121 5048 2186 5087 ex

638 5118 795 5172 rebus
818 5115 971 5185 ipsis:
996 5131 1056 5171 ex
1080 5117 1395 5171 abundantia
1421 5128 1594 5173 autem
1618 5120 1768 5176 affert
1794 5124 1949 5176 etiam
1976 5139 2039 5178 ex
2068 5140 2189 5178 vcr—

640 5207 741 5269 his,
771 5206 836 5259 ab
857 5206 955 5260 hoc
976 5206 1301 5261 teSIimonio:
1325 5206 1499 5275 Neque
1523 5211 1765 5280 [atigeris,
1787 5212 2106 5281 inquit,dum
2125 5214 2185 5267 ab

641 5312 699 5350 eo
720 5297 1003 5365 corriperis.
1026 5296 1157 5349 Sunt
1187 5312 1311 5365 ergo
1336 5297 1448 5353 b:ec
1480 5299 1587 5354 Dei.
1618 5300 1727 5354 Hoc
1751 5316 1957 5370 quoque
1978 5312 2058 5357 est
2084 5319 2187 5357 non

642 5402 856 5455 parvum
878 5387 942 5440 ad
966 5388 1397 5449 consolationem.
1413 5404 1529 5443 cum
1555 5391 1806 5445 discimus
1831 5394 1968 5463 quod
1996 5395 2091 5449 Dei
2107 5405 2188 5450 est

640 5492 771 5545 Opus
794 5487 849 5531 ut
878 5477 988 5531 hmc
1010 5478 1117 5531 fieri
1149 5479 1370 5546 possint,
1394 5479 1483 5535 illo
1504 5481 1824 5536 concedente
1844 5500 1856 5535 :
1877 5484 2009 5538 sicut
2029 5488 2185 5539 etiam

647 5567 767 5621 dicit
794 5567 1008 5622 Paulus:
1041 5566 1256 5636 Propter
1285 5568 1376 5622 hoc
1400 5579 1471 5623 ter
1490 5570 1749 5626 Dominum
1773 5574 1961 5644 rogavi,
1992 5587 2036 5629 et
2063 5576 2187 5630 dixit

2308 807 2436 853 enim
2464 803 2623 872 diligit
2650 803 2891 858 Dominus
2908 848 2921 868 ,
2953 808 3182 875 castigat,
3221 810 3446 879 ﬂagellat
3472 822 3639 865 autem
3666 828 3861 864 omnem

2307 891 2466 955 ﬁlium
2495 908 2637 955 quem
2673 894 2867 961 recipit.
2890 893 3001 947 Non
3033 907 3179 963 potes
3206 898 3386 953 dicere
3414 904 3550 968 quod
3578 901 3645 953 sit
3671 903 3861 969 aliquis

2302 981 2472 1047 justus
2492 983 2687 1049 absque
2712 982 2996 1040 afﬂictione
3025 1005 3037 1040 :
3072 987 3275 1041 etiamsi
3318 992 3455 1043 enim
3484 992 3560 1046 sic
3586 1002 3856 1061 appareat,

2305 1069 2394 1121 sed
2426 1085 2520 1124 nos
2556 1073 2819 1125 nescimus
2848 1073 2975 1128 alias
3003 1075 3335 1131 aiﬂictiones.
3384 1080 3737 1145 Quamobrem
3770 1100 3859 1137 ne-

2304 1176 2452 1213 cesse
2490 1175 2570 1215 est
2618 1173 2672 1215 ut
2720 1164 2888 1233 quivis
2932 1167 3104 1232 justus
3152 1172 3327 1224 veniat
3373 1188 3467 1241 per
3495 1174 3854 1230 afﬂictionem.

2304 1250 2396 1302 Est
2428 1253 2563 1303 enim
2593 1251 2789 1307 Christi
2828 1258 3086 1310 sententia
3106 1300 3121 1324 ,
3144 1261 3280 1324 quod
3310 1264 3389 1315 via
3418 1264 3527 1316 lata
3549 1276 3601 1319 et
3626 1268 3858 1334 spatiosa

2302 1340 2517 1394 abducit
2561 1342 2624 1396 ad
2676 1345 2964 1410 interitum,
2997 1359 3139 1403 arcta
3164 1363 3335 1406 autem
3364 1364 3415 1408 et
3436 1368 3654 1426 angusta
3686 1358 3753 1411 ad
3783 1359 3861 1411 vi-

2302 1441 2405 1482 tam
2432 1431 2640 1499 (Matth.
2662 1434 2711 1487 7.
2734 1435 2845 1504 i5).
2871 1436 2927 1490 Si
2954 1453 3080 1508 ergo
3106 1442 3226 1496 inde
3255 1443 3376 1497 licet
3395 1448 3571 1500 venire
3591 1448 3656 1501 ad
3676 1449 3859 1517 vitam,

2300 1519 2511 1574 aliunde
2540 1536 2664 1575 vero
2692 1538 2793 1577 non
2822 1525 2940 1581 licet
2974 1546 2988 1581 :
3022 1542 3414 1603 perangustam
3433 1551 3558 1605 ergo
3585 1539 3719 1592 viam
3746 1555 3861 1593 om-

2302 1625 2394 1663 nes
2426 1622 2700 1677 venerunt,
2729 1615 2815 1681 qui
2840 1628 3098 1673 venerunt
3126 1621 3190 1675 ad
3214 1624 3393 1678 vitam.
3424 1625 3486 1680 Si
3515 1629 3856 1699 disciplinam,

2302 1702 2485 1769 inquit,
2512 1706 2783 1771 sustinetis,
2806 1724 2923 1776 erga
2951 1725 3035 1763 vos
3056 1720 3307 1783 tamquam
3321 1734 3440 1787 erga
3466 1720 3597 1788 ﬁlios
3621 1723 3862 1792 aﬂicietur

2301 1789 2452 1843 Deus.
2484 1793 2606 1858 Quis
2639 1796 2769 1846 enim
2791 1797 2948 1863 ﬁlius,
2984 1815 3126 1867 quem
3154 1818 3252 1856 non
3281 1808 3487 1875 corripit
3509 1789 3690 1877 pater"?
3721 1812 3862 1880 Ergo

2298 1884 2361 1936 ad
2390 1886 2796 1953 correptionem.
2841 1904 2944 1942 non
2991 1891 3055 1945 ad
3087 1907 3293 1962 pinnam
3322 1938 3339 1963 ,
3369 1913 3538 1967 neque
3563 1902 3627 1953 ad
3654 1904 3858 1972 suppli-

2298 1974 2455 2037 cium,
2503 1990 2673 2043 neque
2710 1986 2765 2031 ut
2800 1978 2937 2032 male
2965 1981 3257 2049 patiamini.
3291 1985 3425 2042 Vide
3460 2008 3471 2040 :
3503 1990 3643 2046 unde
3668 1996 3858 2047 existi-

2300 2064 2507 2116 mahaut
2559 2078 2617 2118 se
2667 2081 2787 2120 esse
2833 2067 3135 2134 derelictos,
3183 2087 3247 2127 ex
3280 2074 3381 2139 his,
3417 2078 3604 2147 inquit,
3638 2084 3859 2137 credant

2297 2154 2433 2221 quod
2466 2171 2570 2209 non
2593 2156 2701 2209 sint
2718 2157 2975 2213 derelicti.
3005 2160 3163 2229 Quasi
3191 2165 3394 2221 diceret
3424 2186 3437 2222 :
3468 2170 3721 2235 Quoniam
3747 2184 3855 2230 tam

2298 2244 2460 2298 multa
2500 2247 2635 2299 mala
2680 2250 2819 2316 passi
2856 2252 3022 2317 estis,
3057 2254 3371 2312 existimatis
3416 2263 3557 2330 quod
3596 2265 3732 2319 Deus
3759 2282 3855 2323 vos

2297 2332 2550 2387 dimiserit
2582 2344 2633 2387 et
2660 2337 2869 2391 oderit?
2910 2339 3013 2395 Sed
3059 2343 3100 2395 si
3149 2359 3252 2399 non
3290 2349 3430 2415 passi
3471 2356 3694 2419 essetis,
3726 2364 3854 2413 tunc

2297 2431 2563 2487 Oporteret
2592 2423 2691 2478 hoc
2717 2426 2971 2495 suspicari
3016 2445 3028 2481 :
3063 2446 3181 2485 nam
3220 2435 3262 2486 si
3295 2434 3518 2505 ﬂagellat
3544 2454 3755 2496 omnem
3784 2444 3852 2498 fi-

2296 2511 2421 2564 limn
2448 2527 2601 2581 quem
2631 2516 2832 2584 recipit,
2862 2519 2953 2586 qui
2991 2535 3094 2574 non
3127 2521 3438 2593 ﬂagellatur,
3471 2529 3693 2588 fortasse
3736 2550 3843 2591 non

2296 2610 2376 2654 est
2403 2600 2557 2654 ﬁlius.
2588 2601 2723 2669 Quid
2748 2620 2907 2672 vero,
2943 2608 3145 2677 inquit,
3179 2615 3299 2667 mali
3325 2632 3427 2670 non
3474 2622 3611 2677 male
3647 2628 3854 2692 patiun-

2298 2700 2379 2741 tur
2400 2690 2423 2742 ?
2444 2690 2719 2747 Patiuntur
2744 2697 2953 2761 quidem
2984 2716 2997 2751 :
3021 2704 3285 2768 quomodo
3311 2709 3451 2761 enim
3477 2727 3579 2765 non
3610 2690 3852 2781 pateren-

2304 2780 2428 2871 tur?
2451 2780 2541 2834 sed
2574 2797 2677 2835 non
2703 2783 2863 2851 dixit,
2910 2786 3234 2862 Quicumque
3257 2793 3549 2865 ﬂagellatur
3572 2780 3653 2857 est
3672 2805 3807 2861 [ilius
3829 2848 3846 2871 ,

2298 2870 2413 2935 sed,
2460 2872 2643 2926 Omnis
2670 2873 2809 2929 filius
2844 2877 3156 2947 ﬂagellatur.
3200 2882 3304 2939 Sed
3334 2902 3436 2941 non
3469 2901 3619 2958 potes
3646 2893 3743 2949 hoc
3767 2870 3851 2950 di?-

2295 2973 2415 3014 cere
2447 2979 2458 3014 :
2486 2971 2606 3015 sunt
2634 2963 2772 3017 enim
2801 2966 2887 3034 qui
2915 2967 3246 3037 ﬂagellantur
3272 2976 3453 3044 multi,
3491 2983 3648 3035 etiam
3683 2988 3801 3039 mali
3827 3028 3842 3049 ,

2295 3060 2352 3102 ut
2384 3051 2687 3113 homicidae.
2718 3054 2980 3125 latrones,
3012 3062 3461 3135 praesngiatores,
3485 3074 3845 3140 sepulcrorum

2294 3140 2592 3195 eﬂossores.
2621 3143 2723 3198 Sed
2750 3144 2820 3198 illi
2851 3160 3067 3202 suorum
3095 3149 3354 3231 scelerum
3391 3156 3518 3212 dant
3544 3176 3755 3231 punias,
3788 3179 3841 3220 et

2294 3244 2400 3283 non
2430 3228 2760 3299 ﬂagellantur
2784 3243 3045 3305 tamquam
3071 3239 3184 3307 lilii,
3213 3226 3304 3297 sed
3335 3226 3621 3314 puniuntur
3644 3264 3701 3305 ut
3725 3226 3841 3309 see-

2288 3337 2470 3394 lcrati;
2501 3350 2598 3390 vos
2625 3346 2801 3390 autem
2831 3343 3095 3404 tamquam
3124 3333 3237 3387 filii.
3266 3333 3423 3388 Vides
3451 3333 3713 3402 quomodo
3744 3348 3842 3385 un-

2287 3423 2442 3495 dique
2483 3426 2754 3480 ratiocinia
2788 3434 2998 3489 movet,
3049 3439 3078 3478 a
3127 3423 3278 3478 factis
3304 3439 3421 3493 qua:
3451 3432 3572 3477 sunt
3616 3422 3668 3478 in
3697 3421 3843 3477 Scri-

2287 3523 2435 3582 ptura
2457 3556 2470 3578 ,
2499 3530 2527 3569 a
2557 3514 2728 3570 verbis
2747 3556 2762 3581 ,
2806 3529 2836 3569 a
2876 3514 3106 3585 propriis
3131 3514 3469 3577 notionibus,
3499 3514 3566 3568 ab
3589 3512 3848 3582 exemplis

2286 3622 2401 3674 qua!
2430 3616 2553 3661 sunt
2581 3607 2632 3661 in
2661 3607 2785 3660 vita.
2845 3606 3045 3661 Deinde
3090 3607 3248 3659 etiam
3280 3621 3310 3659 a
3339 3605 3603 3660 communi
3625 3618 3848 3658 consue-

2288 3696 2508 3751 tudine?
2534 3697 2586 3751 8.
2622 3696 2768 3763 Quod
2792 3696 2835 3749 si
2867 3706 3005 3750 extra
3030 3695 3349 3765 disciplinam
3375 3695 3512 3760 estis,
3547 3695 3690 3763 cujus
3723 3703 3846 3763 ‘par-

2287 3786 2458 3854 ticipes
2495 3776 2617 3857 {acti
2657 3794 2772 3839 sunt
2811 3801 2979 3839 onmes
3022 3801 3041 3839 :
3072 3801 3187 3855 ergo
3214 3784 3488 3837 adulterini
3505 3824 3519 3849 ,
3551 3793 3595 3838 et
3623 3800 3723 3837 non
3750 3782 3847 3851 ﬁlii

2286 3875 2419 3927 estis.

2354 3965 2411 4018 2.
2448 3964 2606 4020 Vides
2633 3964 2772 4036 quod
2800 3964 2934 4019 dixit
2961 3963 3013 4019 id
3058 3963 3200 4035 quod
3243 3962 3517 4029 dicebam,
3559 3962 3699 4033 quod
3739 3978 3845 4019 non

2286 4057 2453 4123 possit
2480 4054 2761 4110 esse‘ﬂlius
2789 4056 2876 4127 qui
2904 4070 3007 4109 non
3035 4054 3361 4125 castigatur?
3403 4053 3535 4108 Nam
3582 4054 3849 4124 quomodo

2287 4145 2339 4199 in
2365 4144 2574 4200 familiis
2601 4144 2924 4201 adulterinos
2951 4146 3087 4200 ﬁlios
3107 4144 3402 4214 despiciunt
3422 4160 3616 4215 patres,
3639 4146 3849 4201 etiamsi

2286 4236 2417 4291 nihil
2442 4236 2666 4304 discant,
2694 4237 2903 4292 etiamsi
2932 4251 3036 4290 non
3063 4236 3166 4291 sint
3189 4236 3355 4306 gloria
3386 4236 3651 4308 insignes;
3674 4235 3740 4292 de
3767 4238 3846 4292 le-

2283 4328 2480 4398 gitimis
2499 4339 2669 4383 autem
2700 4328 2823 4383 ﬂliis
2848 4329 3033 4384 timent
3060 4344 3127 4383 ne
3152 4343 3210 4384 se
3230 4329 3428 4383 dedant
3444 4330 3553 4384 otio
3575 4344 3629 4386 et
3657 4346 3847 4387 socor-

2285 4422 2385 4475 di-.e
2410 4441 2422 4475 :
2443 4422 2513 4475 ita
2538 4422 2694 4477 etiam
2724 4421 2776 4475 in
2808 4421 3072 4490 prmsenIi.
3098 4418 3152 4476 Si
3174 4430 3255 4475 est
3276 4437 3401 4492 ergo
3428 4423 3845 4478 adulterinorum

2286 4526 2389 4564 non
2406 4510 2625 4576 erttdiri,
2641 4510 2869 4581 gaudere
2896 4518 3106 4580 oportet
3123 4511 3192 4565 ob
3213 4512 3565 4580 disciplinam,
3586 4513 3847 4582 siquidem

2285 4615 2344 4653 ea
2367 4600 2644 4654 adhibetur
2671 4601 2721 4654 in
2746 4602 3013 4670 germanis
3037 4608 3092 4655 et
3112 4600 3359 4673 legitimis
3385 4601 3525 4655 ﬁliis.
3554 4603 3846 4673 Tamquam

2285 4691 2404 4745 filiis
2428 4692 2578 4745 vobis
2604 4706 2661 4746 se
2688 4691 3033 4747 oﬂ‘ertDeus:
3055 4703 3271 4761 propter
3298 4686 3396 4746 hoc
3423 4693 3594 4761 ipsum
3619 4693 3762 4747 dicit.
3788 4694 3845 4749 9.

2285 4782 2478 4837 Deinde
2496 4793 2659 4852 patres
2674 4782 2873 4852 quidem
2889 4782 3053 4836 carnis
3070 4794 3257 4835 nostra:
3272 4783 3545 4837 cruditores
3561 4783 3844 4850 habuimus,

2284 4882 2328 4927 et
2357 4873 2697 4926 reverebantur
2745 4887 2827 4925 eos
2856 4886 2874 4925 :
2898 4888 2998 4926 non
3038 4872 3194 4926 multo
3222 4874 3381 4944 magis
3406 4872 3850 4942 obtemperaltimus

2286 4962 2432 5016 Patri
2456 4962 2742 5032 spirituum,
2770 4971 2815 5015 et
2842 4962 3100 5016 vivemus?
3125 4963 3329 5017 Rursus
3371 4977 3400 5016 a
3448 4964 3673 5032 propriis
3722 4979 3848 5033 per-

2290 5052 2641 5120 pessionibus,
2669 5053 2735 5105 ab
2763 5051 2825 5105 iis
2854 5066 2972 5121 qua:
3014 5052 3112 5120 ipsi
3160 5052 3493 5122 patiebantur
3518 5094 3532 5118 ,
3579 5051 3843 5109 hortatur.

2286 5142 2429 5197 Sicut
2457 5143 2597 5196 enim
2627 5142 2733 5196 illic
2757 5140 2883 5195 dicit
2917 5158 2929 5192 :
2962 5140 3384 5195 Rememoramiui
3413 5143 3649 5210 pristinos
3690 5143 3795 5195 dies
3820 5158 3842 5197 :

2284 5235 2352 5288 ita
2382 5234 2466 5287 hic
2492 5247 2699 5303 quoque
2732 5248 2744 5284 :
2779 5232 2917 5286 Deus
2940 5273 2956 5298 ,
2987 5234 3190 5302 inquit,
3243 5233 3517 5288 nobiseum
3561 5233 3666 5301 agit
3712 5244 3852 5287 tam-

2284 5339 2442 5393 quam
2470 5338 2588 5377 cum
2620 5322 2763 5388 (iliis,
2792 5336 2891 5376 nec
2916 5323 3135 5391 potestis
3160 5321 3337 5377 dicere
3360 5364 3374 5387 ,
3421 5322 3538 5377 Non
3566 5337 3847 5391 possumus

2286 5416 2456 5479 ferre;
2483 5426 2536 5470 et
2566 5424 2828 5483 tamquam
2855 5428 2972 5469 eum
3003 5415 3141 5470 caris
3172 5414 3294 5469 [iliis
3322 5415 3362 5467 ⁸.
3396 5413 3529 5468 Nam
3573 5414 3619 5468 si
3670 5426 3848 5485 patres

2351 5528 2365 5557 ¹
2395 5526 2535 5584 Illud,
2556 5533 2600 5576 et
2621 5533 2863 5589 tamquam
2884 5537 2993 5575 cum
3014 5524 3149 5589 caris
3160 5523 3294 5589 ﬁliis,
3318 5538 3413 5575 non
3435 5522 3616 5589 legitur
3658 5528 3707 5578 in
3746 5528 3855 5579 llu-

2291 5591 2435 5646 timui,
2448 5596 2497 5637 et
2521 5590 2706 5639 videtur
2727 5588 2935 5638 alienum
2962 5600 3072 5638 esse
3095 5588 3483 5638 additamentum.
