4134 6342
1009 377 1072 432 lN
1115 376 1327 430 EPIST.
1364 373 1452 428 Al)
1491 372 1842 430 HEBIL‘EOS.
1884 373 2035 429 CAP.
2077 373 2190 431 XII.
2231 371 2462 428 HOMIL.
2504 372 2691 428 XXIX.

3410 374 3520 430 204

1677 791 1772 843 OM
1781 791 1917 843 ΙΛΙΑ
1961 787 2091 843 Κθν.

270 986 445 1039 οῡπω
488 981 697 1050 μέχρις
735 969 1678 1050 αἵματος-ἀντικατέστητε.πρὸς
1724 968 1838 1046 τῂν

1939 967 1966 1019 6
1999 939 2316 1038 συγχωρῶν.
2366 967 2476 1019 Ὃν
2519 967 2628 1037 γὰρ
2674 965 2875 1035 ἀγαπᾷ
2921 968 3169 1036 Κύριος,
3216 971 3519 1026 παιδεύει⁸

338 1037 626 1125 ἁμαρτίαν
655 1037 1209 1125 ἇντιὶγωνιξόμεζόις
1247 1045 1342 1125 καξ
1366 1037 1633 1125 lii-19760:
1637 1043 1699 1092 θε
1728 1037 1832 1125 τῆς
1931 1037 2217 1121 μαστιγοῖ
2234 1051 2301 1103 δὲ
2317 1050 2512 1104 πάντα
2534 1051 2668 1105 υίὸν
2690 1050 2756 1103 ὃν
2783 1049 3200 1118 παραδέχεται.
3224 1055 3337 1108 Ούκ
3359 1055 3520 1125 ἔχεις,

337 1109 791 1186 πῖιρῖικλήσεως.
815 1109 962 1182 ’ἣτις
992 1109 1133 1184 ὗμῖν
1168 1115 1244 1186 ᾡς
1264 1111 1434 1186 ,υίοῖς
1463 1109 1806 1186 διαλέγεται
1822 1124 1834 1186 ς

339 1176 433 1245 Υίέ
465 1176 612 1258 μου,
645 1176 762 1258 μὴ’
787 1176 1050 1258 ὀλιγῷρεὶ
1077 1176 1347 1258 παιδείας
1376 1184 1607 1258 ,ιςυριᾳυ
1627 1176 1670 1258 ,λ
1685 1176 1840 1253 μηδέ

337 1249 562 1316 ἐκλύου
590 1249 696 1313 ’ὑπ’
714 1249 901 1310 αὑτοῦ
920 1249 1332 1324 ἐλεγχόμενος.
1373 1254 1482 1324 *ον
1509 1252 1618 1318 γὰρ
1635 1249 1840 1324 άγαπᾷ

339 1332 572 1398 Κύριος,
614 1325 879 1398 παιδεύει
905 1340 918 1354 ⁸
954 1316 1232 1398 μᾴσὶὶγοῐ
1261 1316 1328 1375 δὲ
1364 1316 1560 1398 πάντα
1583 1316 1748 1398 υἱὸν,
1769 1316 1840 1396 6r

339 1389 758 1466 παραδέχεται..
785 1396 851 1447 ει
889 1389 1166 1466 παιδείαν
1193 1391 1542 1466 ὑπομένετε,
1575 1389 1656 1452 ὡς
1691 1389 1841 1466 υἱοῖς

340 1457 482 1537 ῠμῗν
524 1457 921 1537 προσφέρεται
969 1466 1000 1537 ο
1039 1463 1202 1524 Θεός.
1244 1457 1336 1527 Τίς
1370 1458 1478 1530 γάρ
1516 1459 1685 1511 ἐστιν
1713 1457 1842 1521 υίὸς

339 1531 413 1591 ὃν
440 1540 512 1591 οὺ
542 1531 807 1589 παιδεύει
838 1531 1032 1600 πατήρ
1055 1548 1077 1596 ;

341 1662 408 1717 α’.
433 1663 619 1715 Ἔστιν
643 1661 756 1731 εἴδη
785 1658 1180 1731 παρακλήσεως
1204 1654 1318 1721 δύο,
1347 1653 1566 1708 ἐναντία
1592 1651 1843 1722 ἀλλήλοις

269 1743 406 1801 εἶναι
436 1743 716 1805 δοκοῦντα,
745 1725 951 1810 ’πολλὴν
975 1725 1035 1794 δὲ’
1059 1725 1270 1800 ἐαυῗιοῖς
1302 1737 1721 1807 συνεισφέροντα
1745 1735 1845 1803 τὴν

274 1829 428 1900 ἰσχύν
449 1843 464 1857 ⁸
496 1826 638 1896 άπερ
669 1824 960 1894 ἀμφότερα
988 1821 1221 1876 ἐνταῦθα
1251 1819 1484 1873 τέθεικε.
1510 1819 1584 1872 T6
1615 1819 1713 1888 μὲν
1738 1817 1844 1888 γάρ

269 1914 440 1970 ἐστιν,
471 1909 599 1962 ὃταν
629 1906 801 1959 πολλά
826 1905 1071 1974 λέγωμεν
1102 1900 1430 1955 πεπονθέναι
1456 1901 1606 1964 τινάς
1629 1917 1642 1932 ⁸
1679 1902 1712 1970 ἡ
1739 1901 1847 1970 γὰρ

266 1991 416 2063 ψυχὴ
452 1987 846 2044 διαναπαύεται
873 2028 888 2052 ,
931 1989 1059 2040 ὃταν
1107 1986 1205 2055 ἔχῃ
1244 1983 1352 2036 τῶν
1397 1982 1612 2035 οἰκείων
1657 1981 1846 2035 παθῶν

273 2074 560 2143 μάρτυρας
606 2070 831 2132 πολλούς
861 2084 875 2099 ⁸
925 2070 1063 2139 ὅπερ
1115 2065 1373 2136 ἀνωτέρω
1416 2064 1609 2134 έθηκεν
1655 2063 1845 2125 εἰπὼν,

285 2156 838 2226 Ἀναμιμνήσκεσθε
871 2151 977 2218 τὰς
1019 2152 1306 2220 πρότερον
1353 2149 1575 2217 ἡμέρας
1596 2188 1610 2211 ,
1654 2148 1723 2201 έν
1753 2144 1850 2215 αἶς

268 2238 682 2310 φωτισθέντες,
712 2234 952 2303 πολλὴν
980 2234 1246 2300 ἄθλησιν
1275 2232 1631 2301 ὑπεμείνατε
1654 2233 1843 2298 παθη-

263 2323 470 2393 μάτων
489 2338 502 2352 ⁸
539 2322 598 2374 τὸ
627 2321 702 2384 δέ,
735 2322 861 2372 ὅταν
891 2319 1156 2387 λέγωμεν,
1195 2316 1275 2369 ὅτι
1298 2317 1369 2369 Οὐ
1400 2315 1542 2385 μέγα
1571 2331 1623 2367 τι
1649 2315 1851 2367 πέπον-

269 2408 369 2470 θας
391 2424 403 2439 ·
434 2403 873 2475 ἐπιστρεφόμεθα
900 2400 1006 2470 γὰρ
1034 2401 1110 2468 τῷ
1140 2397 1280 2466 λόγῳ
1309 2400 1405 2451 καὶ
1434 2395 1848 2467 διανιστάμεθα,

270 2491 365 2542 καὶ
408 2488 584 2541 πάντα
615 2485 751 2556 πρὸς
791 2484 851 2537 τὸ
896 2484 1089 2536 παθεῖν
1123 2480 1386 2551 γινόμεθα
1430 2479 1849 2558 προθυμότεροι.

267 2572 382 2626 Καὶ
406 2571 468 2625 τὸ
497 2571 593 2639 μὲν
627 2567 1047 2639 τετρυχωμένην
1071 2564 1170 2635 τὴν
1197 2564 1376 2633 ψυχὴν
1399 2561 1722 2615 διαναπαύει
1758 2563 1851 2614 καὶ

268 2656 532 2709 ἀναπνεῖν
558 2653 722 2717 ποιεῖ,
755 2650 812 2703 τὸ
849 2649 906 2702 δὲ
944 2645 1298 2719 ρᾳθυμοῦσαν
1325 2644 1496 2714 αὐτὴν
1525 2645 1619 2697 καὶ
1653 2644 1852 2696 ὑπτίαν

268 2734 570 2806 γενομένην
592 2730 932 2802 ἐπιστρέφει,
967 2728 1173 2783 καὶτοῦ
1193 2729 1542 2798 φρονήματος
1569 2727 1847 2796 κατασπᾷ.

273 2819 392 2871 Ἵνα
422 2819 602 2870 τοίνυν
638 2814 712 2885 μὴ
749 2815 808 2880 ἐξ
850 2814 1064 2880 ἐκείνης
1106 2811 1204 2880 τῆς
1252 2809 1554 2880 μαρτυρίας
1600 2809 1852 2880 φρόνημα

271 2901 458 2962 αὐτοῖς
500 2898 666 2969 τεχθῇ
691 2938 706 2963 ,
750 2896 852 2968 ὅρα
903 2895 954 2949 τί
998 2897 1145 2948 ποιεῖ
1176 2909 1189 2923 ⁸
1229 2893 1423 2957 Οὔπω,
1457 2892 1612 2962 φησὶ,
1641 2890 1852 2959 μέχρις

270 2983 522 3052 αἵματος
548 2977 1030 3045 ἀντικατέστητε,
1072 2975 1223 3042 πρὸς
1252 2973 1368 3041 τὴν
1395 2973 1690 3042 ἁμαρτίαν
1710 2974 1853 3026 άντ-

270 3063 710 3135 αγυνιζόμενοι·
753 3059 1218 3125 καίέκλέλησθε
1248 3054 1357 3124 τῆς
1395 3055 1851 3124 παρακλήσεως.
1924 3108 1930 3116 ,

271 3151 384 3202 Καὶ
414 3148 514 3200 οὐκ
546 3146 745 3208 εὐθέως
775 3145 1020 3213 ἐπήγαγε
1040 3139 1110 3193 τὰ
1130 3140 1276 3209 ἑξῆς,
1301 3139 1437 3192 ἀλλά
1463 3139 1643 3205 δείξας
1670 3139 1852 3202 αὐτοῖς

271 3233 484 3293 πάντας
513 3230 638 3292 τοὺς
664 3229 860 3298 μέχρις
882 3226 1114 3296 αἵματος
1139 3223 1394 3288 στάντας,
1421 3217 1538 3276 εἶτα
1563 3221 1854 3291 ἐπαγαγὼν

269 3315 335 3366 τὸ
372 3311 633 3383 καύχημα
663 3311 755 3365 τοῦ
799 3310 953 3384 [271]
996 3307 1231 3378 Χριστοῦ
1261 3308 1330 3360 τὰ
1375 3305 1695 3376 παθήματα,
1730 3307 1854 3359 τότε

272 3396 513 3458 εὐκόλως
557 3394 889 3464 κατέδραμε.
935 3390 1107 3444 Τοῦτο
1141 3390 1236 3443 καὶ
1277 3389 1582 3459 Κορινθίοις
1625 3389 1853 3459 γράφων

270 3480 422 3548 λέγει
439 3495 453 3508 ⁸
472 3479 803 3546 Πειρασμύς
830 3473 987 3545 ὑμᾶς
1013 3475 1125 3528 οὐκ
1146 3473 1422 3541 ειληφεν,
1453 3475 1503 3526 εὶ
1523 3472 1609 3541 μὴ
1631 3471 1850 3541 ἀνθρώ-

271 3579 447 3628 πινος
471 3577 485 3592 ⁸
521 3561 805 3624 τουτέστι,
857 3558 1071 3628 μικρός.
1112 3555 1319 3611 Ἱκανόν
1353 3554 1461 3626 γὰρ
1484 3555 1642 3609 τοῦτο
1669 3555 1851 3609 διανα-

274 3645 471 3714 στῆσαι
503 3644 597 3698 καὶ
631 3640 938 3714 ἀνορθῶσαι
969 3638 1148 3710 ψυχὴν
1171 3681 1185 3705 ,
1212 3640 1339 3692 ὅταν
1376 3639 1607 3711 ἐννοήσῃ
1626 3678 1642 3701 ,
1673 3639 1754 3692 ὅτι
1788 3640 1849 3692 οὐ

272 3724 412 3793 πρὸς
461 3723 521 3775 τὸ
571 3723 680 3777 πᾶν
724 3719 922 3789 ἀνῆλθε
947 3758 963 3784 ,
1006 3718 1101 3772 καὶ
1143 3719 1309 3790 πείσῃ
1351 3719 1551 3787 ἑαυτὴν
1598 3716 1707 3770 ἀπὸ
1743 3718 1850 3772 τῶν

273 3805 674 3876 προλαϐόντων.
702 3805 767 3857 Ὃ
792 3802 847 3855 δέ
877 3800 1048 3869 λέγει,
1077 3799 1235 3854 τοῦτό
1268 3802 1414 3853 ἐστιν
1441 3815 1454 3830 ⁸
1488 3798 1654 3852 υῦπω
1683 3799 1850 3853 θάνα-

271 3906 364 3942 τον
394 3890 686 3958 ύπὲστητε,
727 3886 886 3957 μέχρι
911 3883 1209 3955 χρημάτων
1242 3883 1370 3953 ὑμῖν
1399 3885 1432 3952 ἡ
1464 3882 1657 3953 ζημία,
1690 3883 1850 3954 μέχρι

271 3969 452 4040 δόξης,
486 3970 646 4040 μέχρι
667 3968 762 4022 τοῦ
796 3966 1114 4021 ἐλαύνεσθαι
1138 3982 1153 3998 ο
1182 3966 1210 4017 6
1247 3965 1428 4034 μέντοι
1452 3965 1686 4035 Χριστὸς
1710 3965 1851 4035 ὑπὲρ

273 4052 428 4121 ὑμῶν
455 4053 517 4105 τὸ
545 4047 685 4122 αἷμα
722 4050 934 4121 ἐξέχεεν
954 4090 970 4114 ,
1003 4049 1160 4118 ὑμεῖς
1189 4046 1246 4100 δέ
1285 4047 1402 4100 οὐδὲ
1438 4047 1577 4118 ὑπὲρ
1604 4047 1810 4100 ἐαυτῶν
1831 4063 1848 4079 ⁸

271 4135 436 4198 αὐτὸς
474 4135 635 4206 μέχρι
665 4134 896 4187 θανάτου
939 4131 1250 4202 ἠγωνίσατο
1282 4131 1410 4202 περὶ
1440 4130 1540 4201 τῆς
1570 4129 1846 4200 ἀληθείας,

275 4217 527 4288 πολεμῶν
558 4217 699 4283 ὑπὲρ
727 4215 881 4284 ὑμῶν
904 4230 916 4244 ⁸
961 4215 1117 4284 ὑμεῖς
1139 4212 1196 4266 δὲ
1224 4213 1432 4266 οὐδέπω
1458 4214 1537 4274 είς
1574 4211 1850 4276 κινδύνους

219 4287 234 4303 ’
273 4287 508 4367 ἐπέδητε
537 4295 764 4350 θάνατον
800 4292 1181 4356 ἀπειλοῦντας.
1232 4291 1337 4346 Καὶ
1376 4291 1710 4357 ἐκλέλησθε
1739 4289 1848 4359 τῆς

273 4377 743 4447 παρακλήσεως·
773 4378 1038 4439 τουτέστι,
1072 4376 1181 4428 Καὶ
1211 4374 1496 4443 παρήκατε
1526 4372 1624 4433 τάς
1641 4375 1846 4444 χεῖρας,

275 4459 583 4529 ἐξελύθητε.
618 4460 812 4524 Οὔπω,
859 4459 1013 4528 φησὶ,
1050 4457 1262 4525 μέχρις
1300 4456 1546 4524 αἵματος
1575 4456 1850 4509 ἀντικατ-

274 4544 508 4608 ἐστητε,
541 4542 689 4611 πρὸς
709 4542 822 4608 τὴν
849 4542 1140 4610 ἁμαρτίαν
1158 4536 1701 4608 ἀντάῃονιζόμενοι.
1739 4538 1850 4591 Ἐνο

274 4625 448 4678 ταῦθα
471 4625 708 4679 δείκνυσι
736 4627 830 4679 καὶ
854 4627 954 4695 τὴν
993 4624 1268 4694 ἁμαρτίαν
1308 4622 1511 4691 σφόδρα
1558 4621 1845 4687 πνέουσαν,

275 4710 368 4762 καὶ
410 4709 579 4779 αὐτὴν
610 4709 970 4777 ὀπλιζομένην
996 4723 1008 4736 ⁸
1040 4707 1101 4760 τὸ
1131 4706 1237 4775 γὰρ
1256 4745 1271 4769 ,
1315 4703 1804 4770 Ἀντικατέστητε
1827 4743 1842 4769 ,

276 4791 411 4862 πρὸς
445 4793 572 4854 τοὺς
610 4791 846 4854 ἑστῶτας
883 4792 1116 4860 εἴρηται.
1151 4790 1317 4854 Ἦτις
1346 4787 1507 4857 ὑμῖν,
1555 4788 1738 4857 φησὶν,
1769 4787 1850 4853 ὡς

273 4872 424 4939 υίοῖς
459 4871 788 4938 διαλέγεται
811 4914 826 4938 ,
853 4872 946 4926 Υίέ
969 4889 1084 4941 μου
1111 4912 1126 4937 ,
1157 4871 1242 4941 μὴ
1284 4869 1550 4939 ὀλιγώρει
1576 4869 1848 4936 παιδείας

274 4957 497 5024 Κυρίου
525 4995 541 5020 ,
589 4954 741 5024 μηδὲ
784 4955 1009 5008 ἐκλύου
1055 4955 1155 5008 ὑπ’
1193 4953 1378 5006 αὐτοῦ
1429 4953 1844 5020 ἐλεγχόμενος.

287 5038 609 5108 Ἑποιήσατο
651 5037 760 5089 ἀπὸ
801 5036 909 5089 τῶν
946 5037 1284 5107 πραγμάτων
1317 5034 1416 5105 τὴν
1457 5035 1804 5106 παράκλησιν
1831 5051 1845 5065 ⁸

274 5120 684 5190 ἐκ·περιουσίας
715 5120 806 5172 καί⁸
833 5118 932 5187 τὴν
979 5117 1086 5171 ἀπὸ
1123 5118 1227 5170 τῶν
1269 5118 1442 5186 λόγων
1471 5118 1666 5186 ἐπάγει
1692 5160 1707 5183 ,
1742 5118 1860 5171 ἀπὸΔ

273 5203 374 5273 τῆς
406 5201 712 5273 μαρτυρίας
742 5199 948 5270 ταύτης
970 5217 983 5230 ⁸
1008 5199 1103 5267 Μὴ
1132 5199 1379 5265 ἐκλύου,
1411 5200 1598 5269 φησὶν,
1621 5201 1721 5254 ὑπ’
1743 5202 1849 5253 αὺ-

273 5285 380 5339 τοῦ
407 5284 819 5352 ἐλεγχόμενος.
857 5283 999 5354 Ἀρα
1030 5281 1121 5334 τοῦ
1169 5281 1302 5335 Θεοῦ
1349 5282 1523 5336 ταῦτά
1559 5285 1694 5335 ἔστι.
1743 5283 1852 5335 Καὶ

273 5366 430 5420 τοῦτο
455 5367 512 5419 δὲ
542 5368 621 5428 εἰς
662 5365 1004 5434 παράκλησιν
1044 5366 1104 5417 οὑ
1148 5365 1362 5435 μικρὸν,
1391 5366 1519 5419 ὅταν
1566 5367 1848 5436 μάθωμεν,

274 5447 354 5501 ὃτι
380 5447 474 5501 τοῦ
508 5447 642 5501 Θεοῦ
676 5448 832 5518 ἔργον
867 5449 982 5501 ἐστὶ
1015 5447 1075 5500 τὸ
1105 5447 1331 5500 τοιαῦτα
1357 5447 1670 5517 δυνηθῆναι,
1703 5449 1848 5500 ἐκεί-

275 5547 366 5585 νου
419 5533 828 5602 συγχωροῦντος
871 5547 886 5562 ⁸
939 5529 1188 5601 καθάπερ
1243 5532 1336 5583 καὶ
1393 5530 1602 5594 Παῦλος
1655 5546 1842 5602 φησιν’

281 5614 460 5684 ’Υπὲρ
506 5614 719 5668 τούτου
748 5613 875 5680 τρίς
909 5614 1015 5666 τὸν
1051 5613 1268 5681 Κύριον
1300 5612 1703 5681 παρεκάλεσα,
1748 5615 1848 5667 καί

272 5696 472 5766 εῖρηκέ
498 5713 626 5766 μοι,
666 5694 855 5764 Ἅρκεῖ
893 5710 989 5748 σοι
1024 5696 1061 5762 ἠ
1096 5694 1265 5764 χάρις
1287 5710 1426 5764 μου·
1461 5696 1499 5762 ὴ
1533 5695 1642 5764 γὰρ
1675 5695 1853 5748 δύνεις

263 5782 366 5854 μίς
385 5798 509 5852 μου
532 5779 603 5833 ἐν
626 5779 907 5845 ἀσθενείᾳ
931 5779 1273 5834 τελειοῦται.
1294 5779 1457 5832 Ὥστε
1478 5779 1680 5843 ἐκεῖνός
1706 5779 1851 5832 ἐστιν

1944 1137 2131 1203 φησὶν,
2164 1135 2350 1203 ¹είπεῑν
2394 1136 2474 1187 ὅτι
2507 1135 2624 1187 ἔστι
2670 1151 2754 1196 τις
2797 1133 3005 1197 δίκαιος
3039 1135 3271 1205 θλίψεως
3304 1139 3474 1210 χωρίς
3507 1155 3522 1168 ⁸

1940 1219 2042 1270 κᾶν
2073 1217 2180 1289 γὰρ
2209 1219 2349 1272 οὕτω
2394 1219 2691 1290 φαίνηται,
2734 1217 2850 1271 ἀλλ’
2875 1217 2975 1270 οὐκ
3015 1218 3173 1289 ίσμεν
3219 1222 3382 1290 ἡμεῖς
3426 1222 3526 1285 τὰς

1940 1300 2106 1364 ἄλλας
2138 1301 2344 1370 θλίψεις
2369 1315 2382 1328 ⁸
2412 1301 2552 1354 ὥστε
2587 1301 2763 1355 πάντα
2803 1301 3010 1354 δίκαιον
3042 1303 3256 1372 ἀνάγκη
3285 1304 3374 1358 διὰ
3412 1304 3527 1359 θλί-

1939 1382 2084 1450 ψεως
2117 1381 2311 1438 ἐλθεῖν.
2356 1384 2655 1451 Ἀπόφασις
2700 1383 2808 1453 γάρ
2852 1383 2968 1436 ἐστι
3001 1383 3093 1436 τοῦ
3135 1385 3372 1455 Χριστοῦ
3400 1427 3416 1452 ,
3447 1387 3530 1441 ότι

1942 1469 1974 1535 ἡ
2006 1466 2236 1519 πλατεῖα
2279 1467 2373 1520 καὶ
2402 1467 2717 1538 εὐρύχωρος
2756 1466 2872 1530 όδὸς
2909 1466 3115 1536 ἀπάγει
3155 1471 3234 1532 εἰς
3269 1469 3368 1540 τὴν
3425 1470 3530 1524 ἀπ-

1944 1548 2157 1614 ώλειαν,
2192 1549 2224 1618 ἠ
2259 1548 2316 1601 δὲ
2357 1549 2518 1620 στενὴ
2547 1551 2644 1603 καὶ
2665 1549 3002 1619 τεθλιμμένη
3033 1551 3111 1614 είς
3140 1550 3240 1621 τὴν
3269 1551 3434 1622 ζωήν.
3465 1555 3526 1606 Et

1943 1633 2121 1686 τοίνυν
2146 1632 2358 1686 ἐκεῖθεν
2389 1633 2539 1687 ἐστιν
2570 1632 2744 1685 ἐλθεῖν
2772 1635 2849 1697 είς
2875 1634 2976 1702 τὴν
3007 1633 3172 1698 ζωὴν.
3208 1634 3430 1688 ἄλλοθεν
3473 1635 3530 1690 δέ

1945 1716 2042 1768 οὐκ
2076 1714 2174 1779 ἔνι,
2216 1714 2324 1785 ἄρα
2369 1715 2457 1776 διὰ
2486 1717 2584 1785 τῆς
2632 1715 2824 1785 στενῆς
2868 1717 3066 1780 πάντες
3115 1717 3384 1787 εἰσῆλθον,
3416 1720 3529 1773 ὅσοι

1947 1796 2082 1867 πρὸς
2113 1796 2210 1866 τὴν
2244 1796 2388 1866 ζωὴν
2427 1797 2692 1869 ἀπῆλθον.
2742 1800 2811 1852 El
2850 1798 3128 1852 παιδείαν
3165 1801 3490 1869 ὑπομένετε
3513 1843 3528 1864 ,

1948 1880 2134 1948 φησιν,
2163 1880 2243 1944 ὠς
2267 1879 2420 1945 υίοῒς
2442 1879 2586 1948 ὑμῖν
2612 1877 3012 1949 προσφέρεται
3036 1884 3068 1935 ό
3095 1883 3257 1948 Θεός.
3296 1883 3392 1949 Τίς
3421 1885 3531 1953 γάρ

1946 1963 2118 2015 ἐστιν
2146 1963 2296 2028 υίὸς,
2338 1961 2412 2016 δν
2456 1965 2527 2016 οὑ
2569 1962 2834 2017 παιδεύει
2885 1964 3123 2035 suum);
3162 1966 3223 2019 Εί
3265 1969 3529 2038 παιδεύει,

1948 2045 2054 2114 ἄρα
2083 2045 2163 2107 είς
2191 2043 2498 2114 διόρθωσιν,
2530 2043 2646 2097 ἀλλ’
2668 2045 2766 2099 οὐκ
2800 2049 2881 2108 είς
2924 2046 3170 2111 κόλασιν,
3197 2049 3316 2103 οὐδὲ
3343 2052 3424 2114 εἰς
3452 2068 3534 2104 τι-

1953 2129 2186 2198 μωρίαν,
2221 2129 2341 2181 ούδέ
2370 2131 2450 2194 είς
2489 2128 2551 2182 τὸ
2581 2129 2766 2193 κακῶς
2794 2130 3006 2186 παθεῖν.
3049 2129 3202 2204 [272]
3222 2132 3383 2205 Ὅρα,
3413 2135 3536 2188 ὅθεν

1949 2208 2196 2280 ἐνόμιζον
2258 2210 2785 2281 ἐγκαταλελεῖφθαι,
2833 2213 2942 2266 ἀπὸ
2990 2213 3196 2268 τούτων
3248 2218 3413 2286 φησὶν
3441 2218 3538 2270 αὖ-

1947 2292 2074 2354 τοὺς
2101 2293 2399 2358 πιστεύειν,
2423 2296 2504 2347 ὅτι
2535 2295 2634 2348 οὐκ
2662 2295 3214 2366 ἐγκαταλελειμμένοι
3243 2299 3400 2355 είσίν.
3449 2301 3537 2366 Ὠς

1947 2373 2012 2427 ἂν
2041 2376 2090 2428 εί
2119 2375 2322 2443 ἔλεγεν·
2340 2377 2559 2448 Ἐπειδὴ
2587 2376 2825 2432 τοσαῦτα
2841 2379 3073 2433 ἐπάθετε
3100 2380 3266 2441 κακά,
3286 2383 3537 2452 νομίζετε

1947 2456 2028 2509 ὅτι
2055 2459 2266 2526 ἀφῆκεν
2303 2460 2448 2530 ὑμᾶς
2491 2460 2520 2511 6
2548 2460 2680 2520 Θεὸς
2713 2461 2807 2513 καὶ
2842 2463 2992 2530 μισεῖ
3018 2478 3034 2530 ;
3079 2463 3142 2515 Εί
3173 2465 3251 2534 μὴ
3282 2465 3536 2534 ἐπάθετε,

1948 2539 2070 2592 τότε
2102 2538 2207 2594 εδει
2235 2540 2393 2594 τοῦτο
2422 2541 2754 2596 ὑποπτεύειν
2781 2560 2794 2574 ⁸
2827 2545 2875 2595 εἰ
2913 2543 3022 2615 γὰρ
3052 2544 3231 2600 πάντα
3271 2546 3386 2601 υίὸν
3434 2566 3540 2619 μα-

1953 2625 2146 2690 στιγοῖ,
2191 2623 2248 2676 δν
2296 2624 2682 2695 παραδέχεται,
2733 2627 2761 2678 ό
2809 2626 2882 2696 μὴ
2933 2629 3330 2698 μαστιζόμενος
3358 2669 3371 2695 ,
3406 2632 3540 2695 ἴσως

1950 2703 2048 2773 οὐχ
2068 2706 2200 2769 υἱός.
2231 2705 2296 2758 Τί
2322 2703 2414 2760 οὖν
2440 2722 2453 2772 ;
2487 2707 2649 2778 φησί’
2685 2709 2916 2778 πονηροὶ
2941 2710 3001 2762 οὐ
3031 2711 3298 2781 πάσχουσι
3328 2714 3536 2782 κακῶςς

1951 2786 2226 2858 Πάσχουσι
2259 2788 2358 2860 μέν
2391 2805 2403 2818 ’
2442 2790 2557 2853 πῶς
2588 2789 2695 2860 γὰρ
2720 2789 2782 2843 οῦ
2811 2809 2825 2857 ;
2875 2791 2990 2844 ἀλλ’
3031 2795 3133 2846 οὐκ
3176 2791 3318 2860 είπε,
3365 2796 3482 2860 Πᾶς
3510 2801 3539 2852 6

1956 2870 2355 2940 μαστιζόμενος
2377 2912 2392 2937 ,
2438 2873 2574 2936 υίὸς,
2607 2872 2763 2937 ἀλλὰ,
2793 2874 2909 2936 Πᾶς
2949 2877 2976 2928 ό
3005 2877 3120 2939 υίὸς
3156 2878 3536 2949 μαστιγοῦται.

1963 2950 2102 3004 Ἀλλ’
2128 2952 2228 3006 οὐκ
2259 2954 2324 3008 ἂν
2358 2953 2503 3025 ἔχοις
2533 2956 2708 3008 εἰπεῖν
2735 2971 2746 2983 ·
2794 2958 2904 3009 είσὶ
2940 2956 3040 3027 μὲν
3069 2960 3177 3030 γὰρ
3207 2960 3544 3034 μαστιζόμε·

1952 3050 2033 3086 νοι
2061 3034 2268 3108 πολλοὶ,
2312 3038 2408 3090 καὶ
2449 3036 2710 3108 πονηροὶ,
2748 3033 2861 3092 οἷον
2908 3041 3264 3111 ἀνδροφόνοι,
3303 3033 3498 3116 λῃσταὶ
3521 3087 3536 3110 ,

1953 3116 2169 3199 γόητες,
2190 3118 2563 3191 τυμδωρύχοι.
2596 3122 2737 3175 Ἀλλ’
2759 3122 2958 3176 ἐκεῖνοι
2983 3124 3082 3194 τῆς
3108 3125 3242 3189 ίδίας
3271 3129 3539 3199 πονηρίας

1952 3197 2158 3252 διδόασι
2186 3199 2363 3270 δίκην,
2390 3207 2485 3255 καὶ
2517 3206 2614 3275 οὐχ
2641 3204 2716 3268 ὡς
2749 3206 2854 3258 υίοὶ
2887 3205 3298 3275 μαστιγοῦνται,
3332 3197 3446 3264 ἀλλ’
3464 3211 3540 3277 ὼς

1954 3283 2116 3370 κακοὶ
2143 3281 2498 3370 κολάζονται·
2533 3287 2690 3356 ὑμεῖς
2716 3287 2773 3340 δὲ
2797 3287 2874 3351 ὠς
2903 3288 3028 3341 υίοί.
3071 3289 3236 3361 Ὁρᾷς
3267 3291 3385 3356 πῶς
3407 3293 3545 3348 πάν·
3607 3331 3614 3370 3

1953 3364 2110 3450 τοθεν
2153 3369 2293 3420 κινεῖ
2332 3368 2627 3439 λογισμοὺς
2653 3411 2668 3436 ,
2708 3370 2818 3424 ἀπὸ
2859 3373 3200 3441 πραγμάτων
3239 3375 3350 3428 τῶν
3386 3377 3446 3432 ἐν
3472 3382 3539 3450 τῇ

1955 3447 2179 3522 Γραφῇ,
2213 3450 2321 3504 ἀπὸ
2361 3453 2658 3522 ῥημάτων,
2709 3453 2817 3505 ἀπὸ
2861 3453 3078 3507 ἐννοιῶν
3126 3455 3342 3512 οίκείων
3367 3500 3382 3526 ,
3433 3447 3542 3515 άπδ

1955 3532 2412 3602 παραδειγμάτων
2443 3535 2551 3586 τῶν
2579 3534 2637 3588 ἐν
2664 3534 2741 3605 τῷ
2786 3535 2884 3606 βίῳ
2908 3553 2922 3603 ;
2949 3534 3082 3590 Εῐτα
3120 3539 3280 3594 πάλιν
3313 3541 3407 3596 καὶ
3433 3545 3540 3599 ἀπὸ

1955 3615 2053 3687 τῆς
2083 3616 2268 3686 κοινῆς
2311 3616 2619 3690 συνηθείας.
2659 3621 2727 3673 El
2769 3619 2833 3673 δὲ
2861 3622 3042 3689 χωρίς
3078 3621 3218 3678 ἐστε
3244 3626 3538 3693 παιδείας,

1952 3694 2028 3768 ἧς
2054 3699 2296 3769 μέτοχοι
2333 3705 2618 3771 γεγόνασι
2647 3704 2888 3773 πάντες,
2913 3705 3024 3776 ἄρα
3057 3708 3223 3763 νόθοι
3251 3709 3413 3780 ἐστὲ,
3441 3715 3542 3769 καί

1955 3785 2026 3837 οὐ
2030 3802 2068 3853 χ
2107 3786 2248 3840 υίοί.

2028 3868 2092 3938 β’.
2135 3869 2425 3950 ’ορᾷςὸτι,
2455 3870 2589 3942 ὅπερ
2633 3871 2802 3942 ἔφθην
2835 3872 3027 3937 εἰπὼν,
3072 3875 3173 3928 οὐκ
3199 3875 3278 3930 ἐνι
3305 3879 3381 3950 μὴ
3410 3897 3538 3935 παι-

1953 3947 2240 4022 δευόμενον
2266 3948 2568 4019 εἱναιυίόνς
2605 3954 2815 4026 Ὥσπερ
2837 3957 2944 4027 γὰρ
2973 3958 3030 4009 ὲν
3062 3960 3186 4022 ταῖς
3202 3947 3402 4026 οίκίαις
3430 3962 3542 4017 τῶν.

1955 4033 2126 4090 νόθων
2155 4037 2587 4106 καταφρονοῦσιν
2610 4041 2658 4092 οί
2696 4041 2951 4110 πατέρες,
2979 4041 3084 4095 κᾶν
3126 4044 3293 4112 μηδὲν
3328 4046 3536 4115 μανθά-

1955 4134 2086 4201 νωσι
2112 4157 2128 4183 ,
2166 4117 2271 4173 κᾶν
2329 4128 2407 4191 μη
2449 4119 2648 4189 ἔνδοξοι
2696 4123 2958 4192 γίνωνται
2983 4140 2994 4151 ⁸
3045 4125 3154 4180 τῶν
3195 4125 3252 4180 δὲ
3298 4131 3538 4201 γνησίων

1955 4200 2138 4255 ἕνεκεν
2179 4203 2309 4256 υίῶν
2348 4203 2620 4258 δεδοίκασι
2665 4208 2875 4276 μήποτε
2923 4207 3285 4279 ρᾳθυμήσωσι
3315 4227 3330 4242 ⁸
3376 4200 3537 4267 τοῦτο

1954 4284 2050 4337 καὶ
2084 4284 2176 4337 ἐπὶ
2206 4284 2297 4339 τοῦ
2339 4287 2628 4357 παρόντος.
2669 4288 2731 4341 Et
2768 4289 2948 4342 τοίνυν
2988 4289 3049 4343 τὸ
3076 4290 3153 4362 μὴ
3182 4293 3536 4350 παιδεύεσθαι

1954 4366 2125 4419 νόθων
2148 4368 2288 4434 ἐστὶ,
2315 4367 2397 4422 δεῖ
2423 4369 2635 4441 χαίρειν
2665 4371 2758 4424 ἐπὶ
2790 4374 2856 4443 τῇ
2893 4373 3132 4444 παιδείᾳ.
3155 4375 3208 4429 εί
3227 4393 3290 4442 γε
3316 4380 3536 4449 γνησιόο

1953 4466 2112 4520 τητος
2138 4449 2296 4504 τοῦτο
2318 4451 2476 4512 εστω.
2517 4454 2604 4517 Ὠς
2627 4455 2760 4518 υίοῖς
2786 4455 2915 4525 ὑμῖν
2938 4458 3310 4529 προσφέρεται
3329 4462 3358 4513 ό
3376 4461 3530 4522 Θεός·

1953 4533 2039 4586 διὰ
2080 4532 2240 4588 τοῦτο
2271 4535 2404 4589 αὐτό
2445 4553 2629 4606 φησιν.
2661 4534 2806 4591 Εἶτα
2834 4539 2974 4605 τοὺς
2998 4540 3116 4608 μὲν
3155 4541 3267 4610 τῆς
3305 4558 3534 4612 σαρκος

1951 4614 2121 4684 ἡμῶν
2151 4618 2408 4685 πατέρας
2445 4621 2687 4689 ειχομεν
2711 4621 3054 4688 παιδευτὰς,
3098 4625 3195 4677 καὶ
3225 4625 3537 4694 ἐνετρεπό-

1947 4703 2100 4768 μεθα
2122 4716 2136 4731 ⁸
2169 4702 2241 4754 οὐ
2273 4699 2482 4766 πολλῷ
2512 4701 2753 4772 μᾶλλον
2780 4707 3280 4776 ὑποταγησόμεθα
3312 4709 3390 4775 τῷ
3418 4715 3536 4766 Πα-

1951 4783 2043 4850 τρὶ
2103 4781 2222 4836 τῶν
2267 4785 2655 4854 πνευμάτων,
2715 4787 2814 4840 καί
2863 4785 3161 4857 ζήσομεν;
3213 4792 3382 4846 Πάλιν
3431 4795 3539 4849 ἀπὸ

1950 4864 2057 4917 τῶν
2090 4865 2306 4920 οἰκείων
2350 4867 2689 4938 παθημάτων
2715 4908 2730 4934 ,
2775 4870 2869 4939 ἀφ’
2908 4864 2983 4925 ὧν
3016 4873 3170 4926 αὐτοὶ
3210 4875 3470 4946 ἔπασχον,
3505 4879 3540 4949 ἡ

1952 4951 2257 5021 προτροπή.
2280 4950 2490 5023 ’Ὠσπερ
2511 4953 2621 5022 γὰρ
2637 4955 2753 5006 ἐκεῖ
2776 4953 2944 5022 λέγει,
2981 4956 3538 5026 Ἀναμιμνήσκεσθε

1949 5030 2056 5097 τὰς
2088 5035 2377 5101 πρότερον
2409 5035 2632 5104 ἡμέρας
2656 5053 2669 5067 ⁸
2713 5037 2856 5091 οὕτω
2897 5039 2990 5091 καὶ
3009 5040 3265 5106 ἐνταῦθα,
3303 5041 3362 5096 '0
3382 5041 3536 5110 Θεὸς,

1951 5114 2137 5182 φησὶν,
2173 5118 2247 5180 ὼς
2269 5118 2406 5181 υίοῖς
2437 5120 2564 5188 ὑμῖν
2591 5121 2982 5190 προσφέρεται,
3019 5123 3112 5175 καὶ
3142 5123 3240 5177 οὐκ
3270 5124 3335 5178 ἂν
3360 5125 3535 5196 ἔχοιτε

1950 5198 2150 5264 εἰπεῖν,
2180 5200 2261 5252 ὅτι
2285 5201 2345 5253 οὐ
2384 5201 2658 5272 δυνάμεθα
2691 5205 2899 5275 φέρειν,
2944 5205 3037 5258 καὶ
3065 5205 3140 5269 ὼς
3180 5210 3313 5272 υίοῑς
3354 5211 3538 5267 ποθει-

1953 5283 2061 5344 νοίς
2083 5291 2122 5335 ⁸.
2164 5283 2227 5335 Εἰ
2251 5283 2307 5336 δὲ
2342 5287 2466 5348 τοὺς
2493 5287 2732 5357 πατέρας
2764 5287 3037 5341 αἰδοῦνται
3074 5291 3200 5353 τοὺς
3241 5298 3536 5363 σαρκικοὺς

1952 5364 2189 5430 ἐκεῖνοι,
2222 5365 2337 5430 πῶς
2381 5368 2538 5437 ὑμεῖς
2569 5369 2660 5422 τὸν
2697 5371 2914 5441 Πατέρα
2959 5371 3051 5424 τὸν
3084 5374 3406 5444 ἐπουράνιον
3435 5378 3533 5433 οὐκ

1954 5446 2375 5532 αἰδεσθήσεσθες
2427 5452 2621 5504 Καίτοι
2650 5452 2749 5506 οὐκ
2796 5454 2903 5506 ἀπὸ
2931 5454 3123 5508 τούτου
3163 5457 3322 5525 μόνον
3352 5462 3383 5532 ἡ
3415 5459 3532 5512 δια-

1958 5529 2100 5600 φορὰ
2139 5532 2235 5584 καὶ
2278 5532 2386 5585 ἀπὸ
2427 5533 2758 5604 προσώπων,
2802 5535 2938 5589 ἀλλά
2984 5538 3078 5592 καὶ
3121 5539 3215 5593 ἀπ’
3239 5529 3410 5610 αὐτῆς
3433 5543 3534 5611 τῆς

1961 5727 2245 5840 mllVe’el-ba,
2271 5733 2349 5780 καὶ
2374 5735 2436 5790 ὡς
2456 5734 2572 5789 υἱοῖς
2593 5736 2838 5798 ποθεινοῖς,
2855 5750 2954 5788 non
2980 5737 3232 5802 express“
3267 5739 3533 5808 “uuln”,
