4134 6342
276 391 383 454 9.05

270 491 515 547 carnales
545 490 619 545 illi
656 497 967 547 reverentur
991 530 1005 554 ,
1034 489 1301 559 quomodo
1334 488 1539 542 Putrem
1580 486 1847 541 cudestetn

272 601 381 641 non
410 582 825 639 reverebimim'?
853 582 1182 652 Quamquam
1216 596 1319 635 non
1361 596 1426 636 ex
1451 595 1517 634 eo
1545 580 1661 635 Solo
1690 578 1846 633 dil'fe-

269 678 445 732 rcntia
470 684 697 737 constat,
726 684 817 729 aut
841 676 999 730 etiam
1024 690 1088 730 ex
1118 674 1360 744 personis
1384 714 1398 739 ,
1427 672 1520 727 sed
1561 682 1611 726 et
1638 672 1705 725 ab
1736 673 1847 739 ipsa

264 774 428 815 causa
447 769 503 815 et
522 774 585 814 ex
613 774 669 815 re
700 760 811 829 ipsa
842 778 855 811 :
892 756 995 813 non
1025 762 1165 815 enim
1198 771 1414 830 propter
1441 761 1627 815 eadem
1656 769 1711 816 et
1751 760 1837 818 hic

269 862 330 905 et
372 851 440 903 illi
490 850 759 905 erudiunt.
788 849 1019 920 ideoque
1044 851 1315 921 subjungit
1344 869 1356 904 :
1388 851 1478 905 Illi
1511 852 1641 907 enim
1667 856 1845 922 paucis

268 940 444 995 diebus
468 982 482 1003 ,
529 952 678 1006 prout
719 941 822 995 illis
863 941 1169 1007 videbatur,‘
1201 942 1493 996 erudiebant
1521 958 1540 997 :
1576 942 1679 998 hoc
1708 952 1793 997 est
1818 983 1835 1006 ,

267 1046 415 1098 stupe
436 1031 502 1084 im
513 1032 717 1099 pientes
735 1032 1082 1102 voluptatem,
1104 1049 1208 1088 non
1234 1047 1449 1102 semper
1466 1043 1768 1104 spectantes
1788 1034 1840 1088 id

268 1120 413 1190 quod
432 1129 514 1174 est
538 1120 891 1176 conducibile.
922 1121 1017 1176 llic
1037 1133 1209 1177 autem
1233 1137 1337 1177 non
1368 1134 1540 1194 potest
1563 1124 1663 1179 hoc
1688 1123 1791 1179 diei
1824 1141 1839 1180 :

270 1224 380 1265 non
433 1211 574 1264 enim
632 1212 733 1267 hoc
787 1213 909 1267 facit
960 1222 1178 1283 propter
1229 1214 1440 1283 aliquod
1502 1214 1840 1270 commodum

270 1314 454 1364 suum,
486 1300 578 1355 sed
608 1311 825 1372 propter
849 1317 945 1358 vos
970 1312 1020 1357 et
1049 1314 1281 1357 vestram
1313 1304 1480 1357 solam
1514 1304 1792 1360 utilitatem
1824 1322 1839 1357 :

270 1390 350 1445 illi
377 1402 433 1446 ut
459 1404 512 1448 et
538 1394 665 1462 ipsis
692 1394 808 1448 sitis
838 1394 1015 1459 utiles,
1053 1409 1194 1464 smpe
1217 1408 1393 1450 autem
1418 1397 1574 1451 etiam
1612 1407 1839 1462 temere;

271 1482 363 1538 hic
389 1494 563 1538 autem
592 1484 721 1539 nihil
755 1495 837 1541 est
866 1486 1188 1556 hujusmodi.
1229 1488 1382 1543 Vides
1411 1488 1553 1557 quod
1587 1489 1685 1543 hoc
1710 1503 1839 1558 quo-

269 1588 380 1642 que
406 1574 555 1628 aﬂ‘ert
580 1576 1036 1631 consolationem?
1062 1577 1189 1631 Nam
1221 1594 1341 1631 cum
1372 1579 1474 1633 illis
1502 1580 1730 1635 maxime
1753 1580 1843 1634 be-

271 1666 569 1721 nevolentia
593 1666 983 1735 coniungimur,
1002 1668 1215 1738 quando
1246 1668 1537 1724 viderimus
1565 1669 1705 1739 quod
1736 1685 1842 1723 non

269 1766 491 1825 propter
519 1756 715 1826 aliquid
742 1771 895 1812 suum
922 1769 1009 1811 att!
1036 1758 1221 1828 iubent
1240 1798 1257 1823 ,
1301 1768 1393 1813 aut
1435 1759 1700 1824 suadent,
1746 1760 1842 1815 sed

271 1854 493 1916 propter
522 1861 618 1901 nos
646 1856 809 1901 totum
839 1847 908 1901 ab
932 1849 1010 1902 eis
1040 1849 1254 1919 ponitur
1278 1849 1531 1905 studium.
1566 1849 1677 1906 lloc
1702 1851 1844 1906 enim

267 1937 589 1992 estsincera
638 1936 852 1993 dilectio
900 1945 955 1993 et
999 1953 1124 1994 vere
1171 1940 1416 2007 dilectio,
1466 1941 1678 2011 quando
1723 1956 1845 1997 cum

266 2026 407 2081 nihil
435 2027 600 2081 simus
626 2027 783 2082 utiles
812 2029 861 2083 ei
891 2029 979 2097 qui
1008 2028 1179 2099 diligit
1203 2070 1218 2093 ,
1246 2030 1315 2083 ab
1357 2044 1421 2085 eo
1458 2041 1632 2086 tamen
1670 2032 1847 2103 diligi-

266 2133 396 2172 mur
426 2135 439 2171 :
468 2118 737 2188 diligimur
766 2118 909 2174 enim
943 2134 1045 2172 non
1076 2130 1131 2173 ut
1170 2121 1426 2191 accipiat,
1473 2122 1565 2177 sed
1609 2132 1664 2176 ut
1708 2122 1798 2177 det
1829 2138 1845 2177 :

267 2210 465 2275 erudit,
499 2211 675 2263 omnia
708 2209 849 2278 facit,
878 2226 1035 2265 omne
1055 2212 1287 2266 studium
1318 2212 1543 2277 confert,
1574 2224 1629 2266 ut
1657 2214 1848 2269 redda-

265 2316 395 2355 ntur
422 2314 637 2354 suorum
669 2303 928 2356 bonorum
957 2316 1201 2371 capaces.
1252 2301 1318 2356 Et
1362 2304 1441 2357 illi
1482 2306 1681 2372 quidem
1705 2345 1722 2372 ,
1764 2306 1847 2359 itt-

268 2392 395 2462 quit
418 2433 431 2454 ,
464 2391 517 2446 in
541 2402 761 2461 tempore
790 2410 1069 2463 paucorum
1095 2394 1290 2448 dierum
1317 2396 1590 2450 secundum
1616 2398 1850 2451 volunta-

269 2492 374 2536 tem
406 2499 547 2537 suam
576 2483 866 2538 erudierunt
892 2501 983 2540 nos
1014 2501 1032 2541 :
1059 2486 1139 2541 hic
1165 2496 1331 2541 autem
1358 2489 1425 2540 ad
1463 2488 1517 2541 id
1555 2488 1689 2557 quod
1732 2490 1851 2543 utile

269 2583 391 2634 est.
427 2576 480 2626 in
523 2573 811 2642 recipiendo
859 2576 1308 2645 sancti/icationem
1351 2578 1481 2649 ejus.
1538 2577 1676 2646 Quid
1722 2585 1846 2643 est,

272 2664 745 2730 Sancti/irationem
774 2665 926 2735 ejus?
959 2662 1071 2722 Hoc
1093 2676 1194 2733 est,
1230 2667 1533 2736 puritatem,
1564 2678 1621 2722 ut
1651 2683 1747 2737 pro
1767 2668 1849 2721 vi-

270 2754 428 2809 ribus
454 2754 623 2809 simus
648 2769 714 2809 eo
743 2754 909 2825 digni.
945 2755 1039 2810 Ille
1071 2757 1217 2827 ponit
1242 2758 1476 2813 studium
1524 2769 1582 2813 ut
1625 2759 1852 2827 accipia-

272 2844 369 2909 tis,
396 2854 450 2899 et
477 2844 654 2899 omnia
684 2843 807 2900 facit
839 2853 895 2899 ut
924 2845 1015 2901 det
1046 2846 1201 2902 vobis
1230 2867 1244 2902 :
1276 2864 1369 2904 vos
1399 2858 1575 2903 autem
1613 2849 1849 2903 studium

273 2950 386 2989 non
415 2935 609 3005 ponitis
634 2943 696 2990 ut
720 2936 1011 3006 accipiatis.
1046 2935 1190 3004 Dixi,
1222 2937 1415 3008 inquit,
1451 2938 1697 3006 Domino,
1747 2936 1852 2991 Do-

274 3026 447 3080 minus
475 3042 613 3081 meus
636 3042 687 3081 es
714 3035 791 3093 tu,
823 3028 1061 3096 quoniam
1087 3028 1326 3083 bonorum
1348 3045 1577 3085 meorum
1604 3045 1703 3083 non
1745 3044 1855 3099 eges

276 3117 466 3188 (Psal.
504 3118 594 3173 15.
622 3118 720 3189 2).
766 3118 962 3190 Deinde
1007 3130 1173 3189 patres
1211 3122 1411 3190 quidem
1460 3122 1627 3176 carnis
1672 3132 1856 3175 nostra!

276 3209 557 3264 eruditores
586 3186 872 3276 habuimus;
904 3219 952 3264 et
976 3211 1319 3265 reaerebamur
1342 3227 1425 3267 eos
1453 3229 1471 3266 :
1501 3228 1670 3265 annon
1701 3212 1857 3266 multo

275 3304 443 3370 mgis
468 3302 917 3369 obtemperabimus
960 3301 1107 3357 Patri
1154 3304 1463 3373 spirituum,
1505 3312 1551 3357 et
1596 3301 1858 3356 vivemus?

268 3393 424 3450 Patri
445 3393 745 3465 spirituum;
769 3390 883 3445 sive
911 3387 1289 3444 charismatum
1312 3383 1480 3449 dicit,
1506 3390 1599 3437 aut
1636 3384 1832 3436 oratio-

268 3500 435 3549 num,
464 3484 557 3538 dut
579 3490 896 3553 potestatum
926 3479 1383 3548 incorporearum.
1412 3474 1468 3529 Si
1511 3472 1591 3528 sic
1634 3471 1831 3527 moria-

263 3592 435 3642 mur,
484 3583 610 3630 tunc
669 3573 928 3627 vivemus.
994 3568 1064 3624 Et
1111 3566 1353 3637 apposite
1409 3563 1542 3619 dixit
1583 3577 1597 3613 τ
1640 3559 1706 3614 Et
1756 3560 1834 3613 illi

262 3666 469 3742 quidem
506 3666 560 3719 in
601 3674 819 3735 tempore
860 3674 1136 3728 paucorum
1180 3656 1374 3710 dierum
1420 3650 1710 3708 erudiebant
1752 3666 1833 3742 sei

263 3740 494 3813 eundum
536 3754 841 3809 voluntatem
886 3766 1031 3805 suam
1056 3765 1075 3804 :
1106 3762 1211 3802 non
1247 3748 1391 3801 enim
1434 3757 1645 3813 semper
1689 3740 1831 3811 quod

267 3854 507 3919 videtur,
537 3858 621 3907 est
642 3845 775 3905 utile
806 3864 821 3901 :
850 3845 935 3901 hic
976 3851 1151 3899 autem
1194 3839 1262 3895 ad
1304 3838 1356 3895 id
1390 3837 1532 3909 quod
1576 3835 1707 3891 utile
1751 3842 1837 3890 est

264 3944 465 4001 erudit.
1776 3925 1801 3951 ⁸

343 4038 397 4092 '5.
434 4035 526 4091 Est
551 4046 680 4103 ergo
704 4029 982 4099 disciplina
1012 4026 1157 4081 utilis
1181 4065 1197 4091 ,
1239 4034 1319 4080 est
1340 4036 1468 4094 ergo
1493 4016 1831 4090 participatio

270 4124 587 4182 sanctitatis.
615 4122 842 4177 Maxime
873 4132 1034 4174 :nam
1077 4131 1196 4171 cum
1241 4114 1459 4184 expellit
1501 4109 1832 4175 socordiam,

269 4232 393 4272 cum
421 4216 611 4269 malam
638 4212 999 4283 cupiditatem,
1024 4222 1143 4263 cum
1172 4220 1407 4260 amorem
1434 4218 1613 4259 rerum
1635 4216 1750 4272 qua:
1768 4199 1837 4255 ad

272 4308 410 4362 hanc
430 4306 591 4367 vitam
615 4304 897 4374 pertinent,
914 4315 1034 4356 cum
1064 4298 1329 4355 convertit
1354 4297 1604 4357 animam,
1622 4308 1742 4348 cum
1761 4292 1840 4347 ef-

272 4396 382 4452 lleit
408 4405 466 4451 ut
490 4406 683 4450 cuncta
707 4409 826 4464 quas
848 4393 933 4447 hic
953 4400 1075 4446 sunt
1099 4389 1431 4451 damnemus,
1461 4387 1561 4440 hoc
1585 4386 1725 4439 enim
1757 4392 1839 4439 est

274 4489 495 4545 afﬂictio
527 4506 540 4541 :
569 4502 744 4542 annon
791 4483 852 4538 ﬁt
895 4481 1111 4537 sancta?
1137 4493 1312 4534 annon
1360 4476 1579 4531 attrahit
1614 4475 1837 4545 gratiam

272 4580 540 4655 Spiritus?
563 4579 867 4650 Cogitemus
894 4578 1070 4646 itaque
1099 4589 1314 4645 semper
1334 4574 1507 4644 iustos
1530 4614 1545 4640 ,
1574 4583 1628 4628 et
1656 4572 1839 4627 videa-

272 4689 392 4730 mus
415 4672 676 4729 undenam
701 4683 886 4725 omnes
916 4667 1241 4729 claruerunt,
1257 4676 1307 4720 et
1324 4674 1447 4721 ante
1471 4678 1659 4719 omnes
1684 4663 1834 4729 Abel,

275 4764 388 4821 Noe
420 4782 433 4817 :
464 4776 644 4818 nonne
670 4761 736 4815 ab
760 4757 1077 4813 afﬂictione?
1102 4756 1240 4811 Fieri
1269 4756 1412 4810 enim
1450 4770 1553 4810 non
1586 4764 1757 4823 potest
1786 4764 1843 4810 ut

274 4871 379 4910 non
395 4852 716 4920 alnigeretur
741 4849 833 4920 qui
862 4848 1006 4903 solus
1035 4856 1150 4902 erat
1177 4846 1229 4900 in
1256 4854 1360 4900 tam
1390 4846 1552 4899 multa
1582 4844 1841 4900 malorum

272 4944 651 5003 multitudine:
684 4941 795 4995 Noe
826 4940 991 5005 enim,
1047 4937 1237 5007 inquit,
1268 4954 1383 4991 cum
1410 4946 1534 4992 esset
1554 4938 1694 4992 solus
1736 4954 1842 5005 per-

271 5044 435 5107 fectus
474 5036 528 5089 in
570 5032 887 5105 generatione
922 5046 1016 5083 sua
1040 5069 1055 5093 ,
1102 5027 1208 5083 Deo
1254 5028 1443 5091 placuit
1474 5025 1639 5099 (Gen.
1664 5028 1715 5082 6.
1747 5027 1837 5097 9).

272 5126 403 5182 Nam
433 5123 561 5179 mihi
587 5116 781 5192 cogita,
809 5118 855 5174 si
880 5133 1019 5173 nunc
1046 5132 1167 5172 cum
1205 5116 1494 5171 habeamus
1536 5116 1841 5169 innumera—

274 5218 407 5273 l-iles
435 5229 663 5286 quorum
714 5213 962 5265 virtutem
993 5208 1340 5273 aemulemur,
1370 5218 1550 5277 patres
1581 5219 1638 5263 et
1680 5208 1845 5277 magi-

273 5320 451 5371 stros,
484 5306 561 5360 sic
598 5301 901 5373 afﬂigimur,
929 5298 1195 5370 quomodo
1234 5297 1523 5352 verisimile
1566 5307 1648 5353 est
1696 5298 1841 5353 illum

273 5399 437 5452 fuisse
462 5392 708 5450 affectum
739 5390 911 5445 solum
938 5389 1077 5443 inter
1094 5397 1199 5442 tam
1218 5386 1414 5441 multos
1428 5388 1451 5439 ?
1465 5385 1570 5442 Sed
1595 5402 1713 5443 cum
1733 5387 1841 5455 jam

273 5486 506 5541 dixerim
527 5483 597 5539 de
617 5481 791 5552 pluvia
818 5479 905 5534 illa
926 5477 1098 5532 aliena
1127 5486 1181 5531 et
1210 5476 1367 5547 plane
1396 5475 1733 5530 admirabili?
1758 5476 1843 5532 di-

272 5590 462 5632 camne
485 5574 554 5628 de
578 5568 901 5633 Abrahamo,
928 5567 995 5622 de
1022 5566 1229 5623 crebris
1256 5565 1372 5633 ejus
1396 5566 1841 5635 peregrinationi-

276 5666 478 5732 bus,de
508 5672 659 5734 raptu
687 5661 886 5725 uxoris,
908 5658 975 5713 de
999 5658 1269 5728 periculis,
1289 5658 1355 5712 de
1377 5657 1552 5723 bellis,
1576 5657 1642 5711 de
1669 5667 1842 5713 tenta-

275 5756 543 5819 tionibus?
562 5754 669 5813 Sed
698 5754 764 5811 de
788 5750 952 5808 Jacob
974 5764 1129 5820 quam
1161 5748 1323 5805 multa
1352 5762 1388 5819 p
1410 5763 1539 5805 ssus
1557 5750 1623 5803 sit
1640 5750 1842 5821 gravia,

1085 383 1149 442 IN
1188 382 1401 441 EI’lST.
1446 381 1535 437 AD
1576 376 1925 437 llEBR.EOS.
1969 377 2122 435 CAP.
2167 379 2277 435 Xll.
2319 379 2546 436 llOMlL.
2590 380 2782 437 XXIX.

3432 378 3537 436 206

1967 493 2196 553 nudique
2242 493 2427 561 pulsus
2449 532 2465 557 ,
2494 500 2547 545 et
2573 489 2766 544 frustra
2792 488 3057 555 laborans,
3088 496 3139 542 et
3168 487 3287 542 aliis
3318 503 3536 557 operam

1966 582 2313 652 impendens?
2356 595 2543 637 omnes
2584 581 2726 636 enim
2767 579 2883 648 ejus
2906 579 3223 633 tentationes
3255 594 3539 635 recensere

1961 688 2065 728 non
2095 683 2176 729 est
2206 687 2426 728 necesse
2450 688 2465 734 ;
2494 670 2854 726 testimonium
2880 677 3061 722 autem
3092 666 3287 722 all'erre
3311 677 3391 723 est
3410 684 3540 722 con-

1958 765 2290 823 sentaneum,
2318 759 2458 829 quod
2481 760 2593 828 ipse
2607 760 2817 814 dicebat
2845 759 3111 815 Pharaoni
3140 774 3154 810 :
3184 758 3319 821 Dies,
3341 760 3531 828 inquit,

1960 848 2057 900 mei
2088 852 2238 917 pauci
2267 859 2383 903 sunt
2404 859 2450 903 et
2479 851 2623 914 ntali,
2654 860 2700 903 et
2724 867 2823 904 non
2853 860 3185 919 pervenerunt
3212 850 3280 902 ad
3310 851 3413 903 dies
3444 870 3535 919 pu-

1959 944 2091 988 trum
2123 954 2345 991 meorum
2376 939 2529 1011 (Gen.
2560 940 2648 993 47.
2681 939 2771 1009 9).
2805 940 2905 993 Sed
2931 940 3175 994 dicamne
3202 940 3268 993 de
3297 938 3534 1007 Joscph't

1955 1028 2048 1081 scd
2072 1028 2137 1081 de
2160 1029 2271 1097 ipso
2299 1029 2498 1100 Moyse,
2527 1030 2594 1084 de
2620 1029 2745 1085 .icsu
2774 1029 2934 1093 Nave,
2974 1030 3039 1083 de
3070 1029 3262 1083 Davide
3286 1070 3301 1095 ,
3331 1029 3397 1082 de
3436 1030 3533 1083 Sa-

1956 1118 2150 1185 muele,
2184 1120 2251 1175 de
2274 1121 2408 1187 Elia,
2436 1120 2503 1175 de
2535 1120 2751 1175 Daniele
2771 1161 2787 1187 ,
2821 1120 2889 1174 de
2919 1120 3169 1174 omnibus
3213 1119 3536 1190 prophetis?

1954 1210 2055 1264 Sed
2086 1211 2179 1266 hos
2201 1227 2389 1267 omnes
2413 1212 2649 1268 invenies
2676 1214 2914 1267 evasisse
2956 1212 3136 1267 claros
3182 1228 3246 1265 ex
3286 1211 3534 1265 afﬂictio-

1954 1299 2129 1355 nibus.
2181 1300 2276 1355 Dic
2318 1316 2417 1370 ego
2464 1301 2634 1365 mihi,
2681 1302 2830 1356 visne
2872 1316 2990 1356 esse
3044 1300 3222 1355 clarus
3267 1316 3332 1355 ex
3377 1303 3529 1363 otio,

1953 1392 2130 1460 quiete
2150 1402 2203 1447 et
2227 1392 2594 1449 deliciis?Sed
2639 1408 2743 1447 non
2796 1394 3016 1461 poteris.
3058 1393 3129 1446 At
3173 1392 3417 1447 dicamne
3463 1394 3531 1449 dc

1953 1483 2250 1549 apostolis?
2281 1484 2345 1536 At
2377 1484 2427 1537 hi
2453 1498 2665 1552 quoque
2693 1484 2947 1537 aerumnis
2973 1484 3110 1538 alios
3138 1497 3328 1537 omnes
3373 1498 3531 1553 supc-

1953 1583 2223 1624 raxerunt.
2250 1570 2359 1626 Cur
2412 1572 2525 1627 hare
2571 1572 2736 1626 dico?
2764 1570 3007 1627 Christus
3030 1587 3242 1642 quoque
3287 1574 3388 1628 hoc
3442 1574 3528 1628 di-

1951 1658 2019 1711 cit
2052 1676 2064 1712 :
2094 1658 2159 1713 In
2188 1660 2380 1715 mundo
2404 1662 2737 1731 afflictionem
2767 1661 3047 1728 habebitis;
3073 1670 3128 1715 et
3166 1676 3351 1715 rursus
3376 1704 3389 1725 ,
3429 1661 3531 1717 Vos

1952 1744 2212 1821 plorabitis
2240 1764 2286 1807 et
2317 1754 2546 1823 lugebitis
2576 1770 2595 1807 :
2628 1754 2847 1809 mundus
2868 1764 3034 1808 autem
3064 1755 3299 1824 gaudebit
3327 1755 3344 1825 (
3368 1752 3526 1809 Joan.

1952 1842 2039 1895 ω.
2069 1843 2157 1898 ss.
2184 1842 2275 1898 so.
2305 1852 2351 1897 et
2376 1842 2565 1897 Matth.
2591 1844 2644 1899 7.
2675 1844 2740 1899 tt
2760 1845 2803 1915 ).

2031 1960 2122 2015 Via
2150 1977 2260 2031 qua
2280 1962 2418 2016 ducit
2440 1958 2508 2016 ad
2525 1963 2698 2028 vitam,
2725 1972 2865 2018 arcta
2889 1980 3090 2033 semper
3116 1973 3209 2018 est.
3226 1963 3361 2018 -—Et
3386 1964 3527 2035 quod

1949 2062 2092 2109 arcta
2118 2055 2187 2109 sit
2214 2065 2268 2109 et
2292 2064 2513 2125 angusta
2562 2054 2645 2109 via
2674 2070 2793 2125 quae
2836 2054 2982 2110 ducit
3027 2055 3094 2111 ad
3143 2057 3302 2109 vitam
3331 2098 3345 2122 ,
3396 2057 3528 2111 dicit

1949 2145 2064 2215 ipse
2091 2148 2192 2199 via:
2217 2146 2468 2200 Dominus
2498 2162 2512 2199 :
2547 2155 2599 2201 tu
2630 2155 2807 2200 autem
2839 2147 3036 2215 qumris
3065 2146 3266 2201 latam?
3298 2157 3350 2201 et
3390 2163 3529 2217 quo-

1950 2236 2109 2292 modo
2130 2251 2236 2291 non
2260 2237 2469 2293 esthoc
2507 2238 2834 2293 absurdum?
2870 2239 3160 2305 PrOpterea
3206 2241 3366 2292 vitam
3416 2256 3521 2294 non

1948 2330 2250 2396 assequeris
2278 2328 2369 2397 qui
2391 2328 2492 2382 alia
2522 2327 2820 2397 ingrederis
2844 2369 2859 2394 ,
2907 2327 3004 2383 sed
3049 2328 3319 2383 interitum
3354 2346 3369 2383 :
3406 2343 3525 2383 eam

1948 2418 2089 2472 enim
2116 2418 2321 2487 elegisti
2349 2433 2469 2487 qua:
2495 2417 2595 2472 fert
2626 2418 2769 2473 illuc.
2807 2417 2895 2473 Vis
2920 2418 3094 2473 dicam
3122 2428 3174 2472 et
3207 2419 3269 2487 in‘
3290 2418 3524 2473 medium

1946 2505 2206 2560 adducam
2236 2520 2330 2561 eos
2359 2506 2447 2576 qui
2480 2507 2641 2560 vitam
2669 2514 2891 2575 egerunt
2920 2506 2971 2560 in
2999 2506 3246 2561 deliciis?
3276 2507 3357 2561 Ab
3403 2508 3527 2562 ulti-

1948 2598 2048 2651 mis
2069 2598 2422 2652 aseendamus
2444 2596 2508 2651 ad
2536 2597 2757 2666 primos.
2792 2596 2950 2651 Dives
2985 2596 3073 2651 ille
3106 2598 3195 2667 qui
3226 2598 3445 2652 ardebat
3472 2599 3524 2654 in

1946 2689 2192 2751 camino;
2236 2688 2323 2757 qui
2349 2687 2518 2741 ventri
2553 2688 2734 2740 vivunt
2758 2686 2948 2753 .ludzni,
2978 2702 3203 2758 quorum
3234 2689 3371 2743 Dens
3394 2705 3523 2744 ven-

1949 2790 2027 2833 ter
2055 2790 2130 2833 est
2156 2794 2172 2843 ;
2204 2780 2292 2847 qui
2321 2780 2371 2831 in
2400 2778 2687 2833 solitudine
2708 2791 2922 2847 semper
2947 2778 3260 2848 qumrebant
3280 2782 3445 2834 otium
3471 2790 3526 2834 et

1946 2873 2204 2939 requiem,
2229 2886 2327 2925 cur
2350 2870 2657 2939 perierunt?
2692 2870 2829 2924 sicut
2863 2881 2914 2924 et
2951 2871 3040 2939 qui
3090 2881 3245 2925 erant
3283 2882 3523 2941 tempore

1944 2962 2077 3027 Noe,
2098 2978 2273 3016 annon
2298 2971 2574 3033 propterea
2598 2962 2738 3029 quod
2764 2963 2926 3016 vitam
2949 2963 3223 3032 elegerunt
3252 2964 3447 3018 lautam
3469 2974 3523 3017 rt

1944 3050 2295 3106 dissolutam?
2325 3051 2387 3105 Et
2412 3050 2500 3121 qui
2525 3051 2576 3105 in
2598 3049 2844 3106 Sodomis
2860 3060 3077 3121 propter
3094 3051 3380 3123 ingluviem
3418 3070 3430 3105 :
3457 3053 3524 3107 In

1943 3144 2205 3198 saturitate
2232 3143 2363 3196 enim
2395 3142 2542 3212 panis
2566 3183 2582 3209 ,
2612 3141 2801 3211 inquit,
2828 3142 3152 3195 lasciviebant
3178 3142 3400 3213 (Exerit.
3433 3144 3519 3200 16.
3588 3154 3595 3161 ’

1935 3233 2058 3302 '49).
2088 3233 2198 3287 lloc
2225 3232 2290 3287 de
2319 3232 2383 3287 iis
2420 3232 2634 3297 dicitur,
2669 3232 2757 3302 qui
2790 3231 3017 3301 agebant
3045 3230 3309 3286 Sodomis.
3341 3234 3394 3287 Si
3423 3249 3522 3285 an-

1945 3334 2052 3380 tem
2079 3325 2326 3380 saturitas
2350 3324 2499 3393 panis
2540 3332 2741 3377 tantum
2768 3323 2963 3377 malum
2996 3324 3139 3388 fecit,
3171 3324 3295 3392 quid
3320 3323 3519 3378 dixeri-

1946 3430 2064 3470 mus
2081 3414 2149 3470 de
2177 3414 2295 3469 aliis
2321 3412 2581 3481 placentis
2602 3420 2657 3466 et
2678 3411 2950 3467 bellariis?
2970 3412 3110 3467 Esau
3134 3427 3312 3466 annon
3331 3423 3447 3467 erat
3470 3415 3520 3467 in

1950 3496 2125 3566 quiete
2151 3504 2205 3549 et
2228 3495 2378 3549 otio?
2416 3495 2541 3564 quid
2575 3495 2649 3548 illi
2680 3510 2743 3549 ex
2768 3494 2889 3549 ﬁliis
2916 3494 3007 3548 Dei
3032 3494 3121 3562 qui
3150 3496 3396 3548 viderunt
3420 3510 3529 3547 mu-

1950 3584 2106 3640 lieres
2130 3626 2145 3649 ,
2175 3593 2229 3639 et
2252 3584 2517 3639 deturbati
2541 3594 2663 3639 sunt
2686 3600 2782 3654 per
2804 3582 3129 3653 pracipitia?
3148 3583 3277 3652 quid
3324 3584 3397 3637 illi
3436 3583 3527 3651 qui

1950 3676 2001 3731 in
2030 3675 2296 3731 masculos
2324 3675 2695 3729 insanicbant?
2728 3674 2926 3729 Omnes
2969 3683 3147 3728 autem
3196 3688 3348 3743 rcges
3394 3688 3527 3743 gen-

1949 3766 2118 3827 tium,
2161 3764 2575 3836 Babyloniorum
2623 3775 2678 3819 et
2716 3762 3121 3833 Egyptiorum,
3167 3778 3343 3817 annon
3390 3764 3530 3819 male

1948 3856 2110 3909 vitam
2134 3854 2421 3909 ﬁnierunt?
2448 3869 2625 3909 annon
2655 3854 2852 3908 suntin
2893 3852 3218 3907 tormentis?
3259 3852 3363 3907 Sed
3409 3868 3529 3922 qua:

1950 3959 2092 3998 nunc
2121 3943 2283 4009 fiunt,
2316 3944 2400 3998 dic
2428 3944 2577 4011 mihi,
2612 3959 2787 3998 nonne
2832 3954 2956 3997 sunt
2999 3943 3342 4011 hujusmodi?
3389 3943 3527 3997 Audi

1948 4032 2219 4089 Christum
2249 4034 2514 4089 dicentem
2540 4050 2553 4087 :
2586 4033 2686 4100 Qui
2715 4034 2947 4087 mollibus
2976 4035 3255 4086 vestiuntur
3274 4074 3289 4097 ,
3330 4034 3381 4085 in
3428 4032 3526 4086 do-

1950 4125 2112 4178 mibus
2139 4140 2315 4193 regum
2356 4133 2475 4179 sunt
2516 4124 2744 4195 (Matth.
2784 4123 2870 4177 ll.
2914 4122 3012 4193 8);
3063 4124 3151 4191 qui
3198 4132 3376 4177 autem
3421 4138 3527 4177 non

1953 4215 2141 4269 talibus
2171 4216 2489 4282 vestiuntur,
2520 4216 2571 4269 in
2598 4216 2763 4271 cmlis.
2791 4214 2921 4269 Nam
2949 4215 3109 4269 vestis
3154 4214 3328 4269 mollis
3367 4214 3527 4267 etiam

1948 4314 2216 4358 austerum
2246 4306 2483 4358 animum
2507 4302 2753 4358 dissolvit
2779 4313 2834 4358 et
2859 4302 3053 4373 frangit
3079 4318 3141 4357 ac
3160 4302 3406 4357 diliundit
3430 4319 3441 4354 :
3469 4310 3525 4355 et

1951 4395 2069 4448 licet
2100 4410 2294 4463 corpus
2336 4396 2602 4464 acceperit
2646 4409 2893 4465 aSperum
2940 4406 2996 4449 et
3041 4395 3272 4458 durum,
3320 4396 3426 4449 cito
3475 4396 3526 4449 id

1953 4483 2113 4538 molle
2142 4499 2239 4553 per
2266 4484 2487 4539 delicias
2512 4485 2685 4539 reddit
2712 4494 2767 4540 et
2812 4484 3157 4540 imbecillum.
3204 4484 3336 4539 Nam
3385 4485 3530 4539 unde

1953 4574 2050 4627 nisi
2084 4588 2147 4627 ex
2176 4575 2277 4628 hoc
2306 4576 2497 4643 putatis
2524 4575 2773 4630 mulieres
2818 4590 2939 4631 esse
2983 4576 3117 4631 adeo
3168 4576 3392 4643 molles,
3443 4576 3531 4632 die

1953 4664 2177 4732 quzcso?
2206 4680 2331 4719 num
2360 4680 2425 4719 ex
2453 4667 2571 4721 solo
2595 4667 2762 4721 sexu?
2788 4665 3128 4737 Nequaquam
3153 4710 3166 4734 ,
3195 4667 3288 4721 sed
3334 4682 3398 4722 ex
3446 4668 3529 4721 vi-

1954 4752 2108 4807 vendi
2140 4754 2345 4809 ratione
2396 4765 2448 4810 et
2494 4755 2857 4811 educatione:
2892 4772 3012 4811 nam
3054 4760 3106 4811 in
3158 4757 3343 4812 umbra
3394 4757 3532 4812 edu-

1953 4846 2114 4910 catio,
2148 4844 2313 4898 otium
2334 4885 2350 4911 ,
2383 4844 2622 4909 lavacra,
2655 4854 2921 4915 unguenta
2941 4888 2958 4912 ,
2990 4848 3271 4902 multitudo
3312 4861 3533 4902 aroma-

1937 4945 2087 4999 tum,
2118 4935 2305 4989 eubilis
2334 4935 2582 4990 mollities
2610 4951 2702 4991 eas
2727 4938 2859 4991 talos
2881 4936 3066 4991 eflicit.
3096 4937 3163 4991 Et
3183 4946 3239 4991 ut
3264 4937 3314 4991 id
3356 4938 3527 5004 scias,

1953 5025 2319 5081 animadverte
2344 5028 2409 5080 ad
2443 5028 2492 5081 id
2523 5027 2663 5097 quod
2691 5028 2833 5082 dico.
2885 5028 3080 5098 Accipe
3123 5028 3252 5082 mihi
3300 5030 3532 5098 plantam

1954 5131 2020 5171 ex
2046 5116 2233 5182 hortis,
2265 5119 2352 5186 qni
2395 5127 2519 5172 sunt
2564 5119 2615 5171 in
2646 5117 2879 5184 deserto,
2907 5128 2961 5173 et
3014 5119 3292 5187 pulsantur
3335 5135 3365 5173 a
3400 5136 3533 5175 ven-

1956 5207 2022 5260 tis
2042 5249 2057 5270 ,
2086 5216 2140 5262 et
2166 5223 2301 5277 pone
2327 5224 2443 5264 eam
2484 5209 2534 5263 in
2569 5209 2687 5264 loco
2717 5209 2932 5266 humido
2957 5220 3011 5265 et
3041 5210 3324 5276 anibroso;
3357 5222 3411 5267 ct
3454 5214 3533 5265 in-

1956 5298 2139 5355 venies
2164 5300 2305 5354 illam
2338 5300 2503 5357 multo
2530 5300 2833 5356 inferiorem
2864 5302 2948 5355 illa
2978 5303 3302 5369 conditione,
3334 5319 3398 5359 ex
3430 5320 3532 5373 qua

1958 5403 2072 5444 eam
2098 5392 2369 5461 sumpsisti
2398 5392 2465 5446 ab
2494 5393 2662 5446 initio.
2690 5391 2843 5459 Quod
2867 5405 3043 5449 autem
3072 5396 3174 5451 hoc
3195 5398 3264 5450 sit
3302 5412 3485 5451 verum
3512 5438 3530 5462 ,

1961 5481 2210 5538 mulieres
2238 5499 2357 5550 qua!
2385 5484 2602 5537 aluntur
2632 5484 2682 5538 in
2728 5485 2903 5555 agris,
2942 5494 3065 5540 sunt
3107 5485 3355 5541 fortiores
3401 5488 3529 5542 viris

1936 5564 2049 5633 qui
2080 5564 2132 5618 in
2158 5563 2376 5619 urbibus
2406 5566 2678 5630 habitant,
2711 5576 2766 5621 et
2790 5569 2986 5624 multos
3016 5570 3275 5637 ejusmodi
3326 5571 3431 5626 illze
3480 5573 3533 5628 in

1961 5654 2099 5709 lneta
2129 5658 2528 5725 prostravcrint.
2559 5658 2690 5713 Cum
2717 5669 2891 5714 autem
2918 5675 3111 5729 corpus
3143 5661 3335 5715 factum
3376 5662 3535 5718 fuerit

1962 5745 2195 5813 mollius,
2227 5760 2445 5803 necesse
2474 5756 2557 5803 est
2578 5758 2631 5802 ut
2660 5749 2834 5803 anima
2860 5765 3069 5820 quoque
3089 5750 3266 5805 damni
3296 5750 3382 5805 ﬁat
3408 5768 3531 5822 par-
