4134 6342
700 321 794 374 9οΊ

698 418 857 480 tircps
892 432 903 467 :
938 430 1055 470 nam
1089 433 1268 488 magna
1298 436 1356 473 ex
1392 433 1536 489 parte
1562 427 1674 491 rjus
1717 431 2047 496 opt-rationes
2082 434 2235 486 simul

695 504 990 560 afficiuntur
1019 524 1133 561 cum
1164 511 1303 565 illius
1342 514 1637 567 ttﬂ'uctiouc.
1684 517 1888 572 Etenim
1937 521 1988 572 in
2041 524 2235 577 morbis

694 612 873 651 sumus
902 599 1012 663 alii,
1044 611 1315 667 prepterca
1347 606 1483 671 quod
1516 609 1876 675 emolliamur;
1905 622 1956 665 et
1983 628 2100 665 cum
2123 615 2233 667 sani

693 703 891 751 smnus,
923 705 1101 743 rursus
1121 692 1225 744 alii.
1255 692 1395 748 Sicut
1418 698 1556 750 enim
1588 698 1637 750 in
1664 701 1875 755 chordis
1900 717 2015 755 cum
2044 701 2236 757 fuerint

693 777 804 829 soni
838 779 1018 831 molles
1044 782 1100 831 cf
1124 797 1223 834 non
1250 792 1389 836 recte
1414 786 1613 838 extensi
1637 827 1649 850 ,
1678 789 1803 841 artis
1827 803 2031 858 quoque
2071 793 2234 847 virtus

696 867 1021 929 praeciditur.
1069 880 1249 924 coacta
1289 876 1485 927 servire
1515 877 1750 930 mollitiae
1776 878 2089 935 chordarum
2120 901 2132 937 :
2164 884 2231 937 ita

691 954 846 1006 etiam
874 955 922 1006 in
950 970 1171 1023 corpore
1198 961 1357 1013 multa
1384 963 1570 1015 damna
1597 966 1663 1019 ab
1689 980 1751 1019 eo
1793 969 1979 1039 accipit
2020 974 2190 1025 anima
2214 1012 2231 1038 ,

690 1044 881 1098 multas
910 1048 1269 1102 necessitates.
1293 1049 1420 1103 Nam
1442 1067 1557 1105 cum
1583 1056 1739 1108 multa
1771 1069 1919 1125 egeat
1941 1063 2228 1126 curatione,

690 1133 775 1185 illa
823 1135 1064 1188 acerbam
1114 1140 1333 1191 sustinet
1387 1143 1710 1198 servitutem.
1768 1148 1840 1216 (α)
1884 1149 2229 1213 Quamobrem

689 1238 836 1290 rogo.
871 1225 918 1277 id
952 1226 1228 1281 reddamus
1260 1228 1393 1285 forte
1422 1240 1474 1284 et
1509 1232 1817 1301 robustum,
1853 1252 1946 1291 nec
1986 1237 2231 1293 faciamus

688 1315 1282 1371 valetmlinarium.‘Non
1326 1322 1493 1373 solum
1542 1336 1658 1376 cum
1706 1326 1829 1379 viris
1877 1327 2091 1397 loquor,
2137 1330 2228 1383 sed

688 1405 841 1456 etiam
870 1420 984 1459 cum
1017 1409 1344 1464 mulieribus.
1380 1411 1488 1467 Cur
1513 1416 1649 1469 enim
1681 1418 1847 1486 ipsum
1874 1422 2081 1475 assidue
2126 1424 2232 1477 dis-

688 1496 845 1548 solvis
868 1496 1069 1551 deliciis
1089 1539 1102 1561 ,
1135 1501 1372 1569 exileque
1402 1512 1451 1557 et
1479 1488 1747 1560 flaccidum
1776 1508 1919 1573 facis,
1951 1526 1982 1563 ο
2006 1512 2229 1567 mulier?

685 1585 806 1650 quid
826 1587 962 1639 vires
984 1591 1276 1658 corrumpis
1303 1592 1499 1660 adipe?
1522 1594 1681 1663 adeps
1706 1606 1786 1650 est
1812 1599 1857 1651 ei
1883 1599 2037 1653 etiam
2062 1603 2229 1656 molli-

688 1674 805 1739 ties,
836 1691 936 1728 non
967 1676 1144 1731 robur.
1180 1678 1268 1731 Sin
1296 1692 1466 1736 autem
1495 1682 1574 1738 his
1602 1684 1829 1741 dimissis
1857 1696 1976 1743 tunc
2005 1691 2155 1745 aliter
2179 1702 2227 1748 te

683 1779 856 1831 geras,
890 1776 1008 1818 tunc
1034 1777 1085 1820 et
1115 1769 1445 1836 pulchritudo
1474 1776 1712 1843 corporis
1750 1778 1982 1845 procedit
2008 1796 2072 1835 ex
2110 1797 2230 1836 sen-

686 1856 864 1920 tentia,
883 1858 1089 1925 quando
1112 1870 1164 1914 et
1198 1863 1333 1915 vires
1372 1864 1630 1919 adfuerint
1658 1877 1710 1922 et
1737 1869 1870 1923 bona
1924 1871 2171 1928 habitudo
2213 1895 2226 1930 :

685 1947 762 1997 sin
787 1955 958 2000 autem
990 1949 1156 2017 ipsum
1186 1952 1329 2007 mille
1356 1954 1551 2009 morbis
1580 1957 1819 2014 obsideas
1840 2003 1854 2025 ,
1887 1978 1982 2017 nec
2006 1966 2102 2018 erit
2134 1966 2228 2021 ﬂos

680 2055 956 2124 corporis,
1006 2070 1103 2109 nee
1144 2055 1279 2109 bona
1325 2055 1496 2124 aliqua
1528 2054 1811 2117 habitudo;
1841 2067 2047 2122 semper
2090 2056 2232 2107 enim

681 2146 784 2199 eris
816 2145 867 2198 in
900 2145 1127 2199 tristitia.

750 2236 802 2290 ι.
833 2234 990 2289 Scitis
1017 2243 1190 2289 autem
1219 2234 1358 2303 quod
1384 2234 1521 2287 sicut
1543 2234 1815 2302 pulchram
1844 2231 2079 2298 domum,
2105 2244 2225 2285 cum

675 2324 728 2376 ci
756 2338 848 2378 aer
866 2323 1126 2388 arriserit,
1154 2322 1329 2376 reddit
1351 2322 1679 2392 Splendidam
1715 2339 1727 2375 :
1758 2323 1826 2375 ita
1846 2322 2002 2374 etiam
2028 2320 2232 2390 specio-

678 2430 797 2471 sum
825 2415 1057 2478 vultum,
1103 2414 1149 2469 si
1190 2415 1378 2467 animm
1418 2413 1663 2466 alacritas
1706 2415 2016 2476 accesserit,
2061 2409 2233 2465 reddit

680 2504 951 2558 meliorem
988 2522 1002 2557 :
1038 2504 1119 2556 sin
1161 2510 1335 2557 autem
1367 2503 1434 2555 sit
1462 2502 1514 2555 in
1544 2501 1753 2557 tristitia
1788 2512 1840 2556 et
1878 2515 2141 2566 mterore,
2172 2499 2229 2554 fit

676 2592 983 2647 deformior.
1012 2590 1304 2647 Tris-titiam
1339 2591 1507 2644 morbi
1550 2590 1747 2645 faciunt
1771 2602 1824 2645 et
1850 2591 2226 2659 atgritudines;

676 2684 891 2739 morbos
915 2692 1088 2737 autem
1129 2683 1273 2745 facit,
1310 2684 1449 2752 quod
1479 2698 1670 2752 corpus
1698 2681 1895 2736 factum
1925 2683 1993 2735 sit
2020 2681 2231 2735 mollius

674 2788 706 2827 a
742 2773 915 2826 multis
944 2773 1166 2827 deliciis.
1213 2773 1567 2839 Quamobrem
1604 2772 1702 2826 hac
1730 2772 1889 2827 etiam
1918 2771 2120 2826 ratione
2149 2770 2228 2825 fu-

667 2866 779 2932 gite
807 2863 1043 2929 delicias,
1073 2864 1117 2917 si
1155 2864 1281 2917 mihi
1310 2863 1560 2918 credatis.
1604 2864 1671 2917 At
1698 2862 2018 2932 voluptatem
2046 2861 2224 2926 habet,

672 2954 861 3022 inquit,
894 2953 1163 3021 indulgere
1189 2954 1345 3023 genio
1383 2961 1436 3007 et
1455 2953 1679 3008 deliciis.
1719 2952 1822 3009 Sed
1855 2968 1959 3008 non
1991 2960 2071 3007 tot
2097 2962 2226 3022 quot

672 3042 959 3097 molestias.
992 3042 1239 3111 Alioquin
1264 3053 1438 3097 autem
1468 3043 1712 3112 voluptas
1731 3054 1812 3098 est
1837 3058 2005 3108 usque
2031 3043 2096 3097 ad
2123 3059 2224 3113 gu-

673 3132 799 3195 lam,
843 3147 1011 3201 usque
1060 3132 1123 3186 ad
1166 3133 1395 3202 linguam
1430 3150 1445 3187 ι
1478 3147 1659 3187 mensa
1699 3141 1873 3188 autem
1917 3134 2089 3187 ablata
2135 3142 2225 3188 aut

670 3223 790 3276 cibo
828 3222 1098 3288 devorato,
1148 3224 1367 3291 perinde
1396 3239 1455 3279 es
1484 3234 1641 3294 atque
1683 3225 1727 3278 si
1764 3240 1869 3279 non
1909 3224 2073 3279 fueris
2108 3226 2224 3294 ejus

668 3315 964 3384 particeps;
996 3316 1101 3368 imo
1128 3330 1253 3369 vero
1279 3314 1430 3384 longe
1458 3316 1709 3381 deterior,
1739 3328 1796 3369 ut
1820 3316 1906 3384 qui
1938 3316 2060 3371 inde
2080 3318 2223 3371 aufe-

671 3420 753 3460 ras
782 3405 1138 3473 gravedinem,
1171 3406 1545 3460 distentionem
1576 3414 1629 3461 et
1658 3406 2135 3475 pandiculatinnem
2164 3415 2220 3461 et

665 3496 935 3564 crapulam
962 3505 1015 3550 et
1041 3510 1282 3550 somnum
1307 3497 1458 3549 morti
1487 3497 1730 3558 similem,
1756 3511 1897 3566 saepe
1916 3511 2041 3550 vero
2060 3498 2215 3552 etiam

668 3587 893 3655 vigiliam
923 3600 985 3639 ex
1016 3586 1289 3640 saturitate
1322 3594 1375 3639 et
1400 3585 1758 3640 ohstructioue
1782 3584 1997 3653 spiritus
2016 3595 2070 3640 et
2091 3601 2216 3639 eru-

662 3676 895 3729 ctatione
924 3692 938 3727 :
969 3684 1021 3728 et
1062 3674 1253 3727 millies
1284 3674 1496 3742 quidem
1525 3681 1761 3728 ventrem
1791 3682 2097 3728 exsecratus
2123 3687 2211 3739 es,

666 3778 786 3816 cum
818 3772 1057 3831 oporteat
1078 3757 1534 3831 intemperantiam
1557 3762 1840 3829 deteSIari.

733 3850 918 3907 Contra
948 3851 1218 3923 ingluviem
1254 3862 1302 3905 et
1338 3853 1665 3906 saturitatem.
1693 3852 1856 3907 —Ne
1880 3867 2072 3922 corpus
2089 3867 2215 3921 ergo

664 3943 1073 4012 imping‘uemus,
1099 3942 1191 3997 sed
1222 3942 1498 3996 audiamus
1527 3942 1745 3997 Paulum
1768 3942 2025 3997 dicentem
2060 3941 2216 3996 :Car-

663 4036 740 4087 nis
760 4051 929 4088 curam
949 4051 1015 4088 ne
1034 4035 1247 4104 feceritis
1268 4034 1333 4085 ad
1352 4033 1772 4101 concupiscendus
1789 4031 1960 4104 (Rom.
1985 4032 2071 4087 15.
2102 4034 2210 4102 Η).

664 4124 732 4181 Ut
772 4125 910 4178 enim
940 4124 981 4177 si
1013 4125 1129 4193 quis
1158 4123 1305 4177 cibos
1330 4122 1627 4191 acceperit,
1668 4132 1721 4177 et
1751 4122 1803 4175 in
1832 4123 2065 4177 cloacam
2089 4137 2215 4192 pro-

659 4214 863 4285 iecerit,
892 4214 960 4267 ita
1004 4213 1163 4267 etiam
1192 4213 1279 4283 qui
1319 4215 1368 4265 in
1397 4221 1638 4267 Ventrem
1684 4212 1912 4281 ingerit:
1955 4213 2061 4267 imo
2086 4227 2212 4267 vero

662 4318 765 4356 non
810 4304 877 4355 ita
900 4343 914 4366 ,
946 4303 1036 4356 sed
1075 4303 1230 4372 longe
1261 4302 1429 4372 pejus.
1462 4300 1590 4356 Nam
1627 4301 1713 4356 hic
1740 4302 1949 4372 quidem
1978 4304 2208 4358 cloacam

660 4391 779 4445 facit
806 4392 1001 4458 absque
1039 4394 1148 4446 suis
1179 4392 1331 4445 malis
1363 4409 1377 4455 ;
1421 4392 1527 4445 illic
1552 4399 1730 4445 autem
1756 4401 1808 4446 et
1837 4392 2051 4447 morbos
2083 4409 2209 4462 pro-

652 4492 799 4535 creat
818 4477 1385 4533 inuumerahiles.Nam
1410 4479 1548 4548 quod
1574 4480 1736 4534 nutrit
1760 4492 1840 4535 est
1860 4482 1910 4536 id
1939 4484 2078 4553 quod
2096 4486 2208 4539 sul-

655 4575 785 4629 tteit,
804 4569 943 4639 quod
966 4570 1124 4624 etiam
1150 4577 1321 4636 potest
1345 4571 1600 4638 concoqui
1630 4587 1645 4623 :
1677 4571 1815 4640 quod
1844 4584 2016 4627 autem
2036 4590 2206 4640 usum,

654 4678 715 4715 su
726 4671 870 4730 perat
888 4668 938 4715 et
954 4670 1033 4714 est
1053 4659 1168 4727 plus
1180 4673 1335 4729 quam
1360 4672 1453 4727 par
1470 4659 1555 4726 sit,
1577 4674 1678 4714 nou
1706 4663 1872 4717 solum
1896 4678 1999 4718 nou
2023 4668 2199 4732 nutrit,

736 4826 806 4885 (α)
828 4826 917 4874 llic
938 4840 1129 4887 quoque
1154 4828 1309 4877 hiatus
1330 4838 1405 4879 est
1436 4832 1484 4880 in
1505 4831 1779 4884 Colbertino
1799 4837 1992 4891 Codice.

1352 330 1408 384 S.
1446 328 1713 384 JOANNIS
1750 326 2208 383 CHRYSOSTOMI
2247 327 2555 384 ARCHIEP.
2593 326 3104 384 CONSTANTINOP.

3806 326 3909 381 Eas

2340 437 2431 491 sed
2455 438 2660 505 corpori
2692 439 2847 490 etiam
2893 452 3083 491 noxam
3122 438 3292 494 aﬂ'ert.
3324 440 3393 493 At
3415 440 3589 495 nullus
3618 444 3736 496 lucc
3762 444 3904 496 videt

2342 539 2554 597 propter
2582 528 2792 597 vulgare
2834 527 3194 597 praejudicium
3222 541 3275 584 et
3301 530 3727 603 intempestivam
3754 534 3907 586 volu-

2342 614 2654 685 ptatem.Vis
2666 620 2858 685 corpus
2884 619 3121 672 nutrire?
3137 629 3348 689 amputa
3379 622 3516 688 quod
3540 622 3815 687 redundat,
3834 622 3901 677 da

2338 708 2475 776 quod
2508 708 2718 773 suflicit,
2740 720 2791 763 et
2820 718 3071 778 quantum
3099 719 3273 779 potem
3298 713 3483 766 confici
3514 722 3567 767 et
3592 714 3848 782 concoqui
3886 734 3897 768 :

2340 800 2445 852 noli
2479 800 2647 868 ipsum
2675 814 2898 869 gravare
2920 842 2935 866 ,
2974 817 3040 856 ne
3074 802 3286 857 obruas.
3330 804 3477 868 Quod
3508 804 3702 859 sufticit
3737 814 3821 859 est
3848 816 3906 860 et

2338 893 2641 947 alimentum
2676 902 2729 947 et
2770 893 3009 961 voluptas
3040 910 3055 947 :
3085 894 3215 948 nihil
3254 897 3393 949 enim
3421 897 3552 951 adeo
3574 897 3730 953 efﬁcit
3752 898 3909 952 volun

2338 992 2552 1051 ptatem,
2602 994 2658 1037 ut
2689 985 2835 1038 cibus
2868 996 3011 1040 reete
3049 985 3364 1041 confectus:
3397 989 3525 1043 nihil
3563 991 3696 1044 adeo
3733 989 3902 1045 efficit

2337 1073 2652 1135 sanitatem,
2699 1073 2827 1126 nihil
2877 1074 3011 1127 adeo
3050 1089 3270 1131 acumen
3314 1090 3589 1141 sensuum,
3637 1080 3766 1133 nihil
3817 1090 3903 1135 est

2337 1161 2475 1229 quod
2507 1164 2746 1217 morbum
2778 1178 2927 1232 mque
2954 1166 3248 1233 propulset.
3278 1165 3417 1234 Ergo
3438 1168 3575 1236 quod
3598 1167 3796 1223 sufficit
3815 1180 3901 1224 est

2338 1260 2390 1304 et
2418 1252 2723 1306 alimentum
2761 1261 2815 1307 et
2843 1253 3083 1322 voluptas
3124 1266 3176 1310 et
3206 1258 3402 1310 sanitas
3435 1273 3449 1323 ;
3496 1259 3634 1328 quod
3664 1275 3793 1314 vero
3816 1270 3903 1319 est

2339 1342 2456 1410 plus
2501 1358 2656 1412 quam
2702 1358 2795 1412 par
2835 1344 2923 1409 sit,
2966 1354 3047 1398 est
3094 1355 3148 1399 et
3185 1345 3433 1401 damnum
3474 1358 3528 1405 et
3566 1352 3806 1404 molestia
3844 1361 3902 1407 et

2340 1434 2574 1485 morbus.
2606 1431 2736 1486 Nam
2767 1450 2882 1501 qua:
2922 1434 3043 1488 facit
3070 1434 3256 1501 fames,
3288 1436 3409 1492 facit
3434 1441 3593 1494 etiam
3623 1443 3896 1508 saturitas,

2336 1529 2490 1589 atque
2518 1520 2651 1574 adeo
2680 1524 2920 1589 graviora
2951 1541 2961 1574 :
2989 1539 3107 1577 nam
3137 1526 3224 1579 illa
3252 1527 3465 1595 quidem
3496 1533 3677 1599 paucis
3703 1532 3891 1588 diebus

2335 1609 2545 1663 abducit
2570 1619 2619 1662 et
2663 1610 2850 1665 liberat
2890 1612 3153 1667 hominem
3181 1631 3196 1678 ;
3233 1616 3343 1671 lucc
3370 1634 3495 1672 vero
3516 1635 3709 1691 corpus
3739 1637 3897 1677 arro-

2335 1698 2464 1753 dens
2493 1708 2546 1753 et
2574 1700 2926 1768 putrefaciens
2946 1744 2960 1766 ,
3005 1702 3163 1773 longo
3190 1706 3347 1760 tradit
3374 1709 3560 1763 morbo
3581 1752 3594 1775 ,
3625 1721 3676 1765 et
3704 1711 3899 1768 deinde

2336 1790 2491 1843 morti
2539 1791 2881 1858 gravissimae.
2925 1793 3033 1847 Nos
3077 1807 3250 1849 autem
3294 1795 3483 1852 famem
3526 1801 3738 1870 quidem
3780 1819 3897 1858 rem

2334 1881 2573 1935 ducimus
2597 1882 3029 1951 abominandam,
3058 1884 3121 1939 ad
3154 1888 3485 1944 saturitatem
3513 1906 3640 1946 vero
3676 1893 3895 1949 nimiam

2333 1974 2615 2027 currimus.
2640 1972 2787 2028 Unde
2811 1974 2895 2029 hic
2922 1975 3139 2031 morbus
3166 1977 3187 2030 ‘t
3214 1978 3353 2033 unde
3373 1980 3485 2035 htcc
3512 1982 3756 2037 insania?
3778 1985 3895 2040 Non

2333 2062 2451 2115 dico
2484 2072 2541 2115 ut
2582 2077 2676 2115 nos
2707 2064 3027 2131 cruciemus,
3071 2066 3161 2121 sed
3209 2078 3264 2122 ut
3294 2076 3492 2124 tantum
3528 2074 3893 2140 comedatnus,

2334 2165 2389 2208 ut
2414 2162 2468 2209 et
2498 2155 2814 2222 voluptatem
2858 2156 3047 2210 habeat
3087 2174 3205 2227 quae
3241 2174 3365 2216 vere
3403 2170 3484 2216 est
3525 2164 3767 2233 voluptas
3790 2208 3807 2232 ,
3841 2176 3899 2220 ct

2332 2244 2497 2314 possit
2516 2258 2707 2313 corpus
2721 2244 2863 2300 alere
2885 2256 2936 2299 et
2963 2246 3186 2303 reddere
3215 2259 3393 2318 aptum
3417 2262 3471 2306 et
3490 2255 3892 2319 concinnatum,

2330 2343 2767 2403 compactumque
2807 2345 2953 2391 recte
2981 2346 3035 2390 et
3061 2341 3410 2408 compositum
3446 2343 3509 2396 ad
3537 2344 3726 2398 animm
3761 2359 3897 2414 ope-

2329 2424 2580 2478 rationes.
2606 2423 2825 2491 Quando
2845 2434 3022 2480 autem
3050 2426 3203 2482 fuerit
3232 2430 3450 2485 nimium
3472 2431 3525 2486 in
3554 2433 3604 2487 id
3624 2434 3893 2503 ingestum

2330 2515 2711 2568 nutrimentum
2736 2554 2752 2581 ,
2793 2531 2897 2569 non
2930 2525 3135 2585 potest,
3179 2529 3238 2574 ut
3284 2522 3355 2575 ita
3397 2521 3566 2577 dicam
3588 2565 3602 2588 ,
3632 2524 3811 2579 clavos
3838 2535 3898 2581 ct

2351 2602 2659 2656 commissas
2679 2618 2960 2675 compages
2983 2609 3208 2663 retinere
3230 2621 3442 2680 propter
3461 2613 3868 2671 redundantiam
3897 2636 3913 2673 :

2354 2691 2585 2761 ingressa
2629 2694 2820 2764 quippe
2859 2696 3206 2753 redundantia
3239 2710 3404 2756 totum
3441 2703 3681 2759 dissolvit
3722 2716 3775 2761 et
3800 2707 3914 2762 dif-

2352 2781 2538 2837 fundit.
2570 2783 2775 2852 Carnis,
2818 2788 3012 2857 inquit,
3059 2808 3229 2844 curam
3272 2809 3333 2845 ne
3367 2796 3583 2863 feceritis
3617 2798 3683 2849 ad
3720 2813 3915 2852 concito

2345 2871 2611 2940 piscentias
2638 2873 2808 2943 (Rom.
2837 2877 2920 2932 15.
2948 2878 3055 2950 14).
3080 2879 3241 2936 Recte
3265 2883 3415 2947 dixit,
3442 2882 3521 2936 Ad
3540 2888 3910 2953 concupiscen-

2345 2961 2473 3025 tias;
2501 2960 2701 3019 delicia:
2727 2966 2866 3019 enim
2896 2978 3020 3023 sunt
3058 2970 3273 3024 materia
3300 2971 3564 3029 obsccenis
3593 2976 3909 3044 cupiditati-

2341 3050 2473 3117 bus;
2523 3054 2727 3109 etiamsi
2776 3056 2819 3111 is
2865 3058 2957 3127 qui
3006 3059 3242 3130 indulget
3289 3061 3491 3119 deliciis
3540 3065 3609 3119 sit
3660 3068 3907 3122 omnium

2343 3144 2568 3199 tuasime
2598 3144 2959 3216 philosophus,
2987 3166 3201 3206 necesse
3222 3148 3299 3207 esi
3323 3163 3377 3208 ut
3396 3155 3675 3224 aliquando
3698 3156 3908 3212 afficia-

2340 3242 2423 3287 tur
2448 3250 2476 3288 a
2503 3236 2624 3289 vino
2652 3246 2705 3290 et
2743 3237 2902 3303 cibis,
2933 3255 3150 3296 necesse
3190 3251 3271 3297 est
3313 3252 3367 3298 ut
3409 3244 3755 3313 didundatur,
3796 3264 3906 3305 ne—

2335 3343 2483 3384 cesse
2509 3339 2591 3385 est
2614 3339 2671 3385 ut
2700 3334 2950 3401 majorem
2976 3335 3205 3404 perferat
3226 3336 3510 3391 ﬂammam.
3536 3339 3670 3397 Hinc
3689 3352 3900 3412 stupra,

2336 3419 2457 3475 hinc
2486 3420 2739 3476 adulteria
2766 3441 2778 3477 :
2813 3438 2916 3478 non
2947 3435 3117 3494 potest
3144 3428 3284 3481 enim
3306 3442 3537 3482 amorem
3560 3446 3746 3499 parere
3766 3448 3905 3489 ven-

2334 3517 2413 3562 ter
2452 3511 2722 3575 esuriens,
2770 3510 2875 3567 imo
2913 3529 3039 3568 vero
3084 3530 3183 3570 nec
3224 3517 3269 3571 is
3307 3518 3395 3587 qui
3440 3519 3605 3573 utitur
3642 3535 3706 3574 eo
3747 3522 3899 3592 quod

2330 3598 2556 3664 sufficit;
2588 3602 2673 3670 qui
2703 3617 2829 3656 vero
2857 3605 2989 3671 parit
3018 3604 3296 3660 obscaenas
3326 3607 3622 3675 voluptates
3643 3650 3657 3672 ,
3690 3610 3777 3665 ille
3806 3622 3896 3667 est

2327 3687 2417 3755 qui
2448 3688 2679 3758 indulget
2703 3690 2925 3746 deliciis.
2949 3693 3015 3747 Et
3034 3695 3170 3748 sicut
3191 3704 3326 3750 terra
3353 3696 3501 3751 valde
3523 3697 3734 3752 humida
3758 3714 3893 3768 pro-

2322 3784 2470 3829 creat
2498 3789 2720 3838 vermes,
2753 3785 2806 3828 et
2833 3776 2988 3830 ﬁmus
3009 3777 3097 3845 qui
3118 3780 3375 3835 madescit
3394 3790 3449 3835 et
3479 3784 3697 3837 multum
3729 3783 3895 3841 habet

2323 3864 2631 3929 humorem;
2659 3877 2841 3920 contra
2867 3877 3043 3920 autem
3070 3876 3208 3922 terra
3229 3884 3347 3938 qua:
3367 3880 3447 3925 est
3466 3870 3533 3927 ab
3555 3873 3644 3926 illo
3662 3872 3891 3931 humore

2322 3954 2485 4009 libera
2510 3996 2523 4018 ,
2556 3954 2655 4009 fert
2684 3956 2877 4010 multos
2916 3956 3150 4024 fructus,
3181 3973 3300 4014 cum
3339 3960 3467 4015 nihil
3513 3962 3704 4017 habeat
3743 3967 3889 4031 quod

2320 4044 2534 4099 modum
2570 4043 2833 4100 excedat:
2872 4060 2992 4099 nam
3035 4047 3244 4102 etiamsi
3277 4063 3381 4103 non
3427 4051 3653 4116 colatur,
3691 4053 3891 4109 emittit

2320 4133 2571 4201 herbam;
2603 4136 2683 4191 sin
2715 4146 2889 4192 autem
2914 4139 3137 4204 colatur,
3167 4139 3403 4194 fructus:
3432 4141 3502 4197 ita
3529 4158 3625 4197 nos
3651 4160 3885 4213 qumue.

2316 4224 2393 4279 Ne
2422 4225 2579 4294 igitur
2603 4240 2816 4280 carnem
2846 4227 3128 4282 reddamus
3153 4228 3417 4293 inutilem,
3446 4247 3615 4302 neque
3643 4236 3881 4301 noxiam,

2317 4316 2409 4371 sed
2436 4318 2485 4370 in
2514 4332 2573 4371 ea
2601 4317 2897 4387 plantemus
2925 4320 3081 4375 utiles
3107 4320 3309 4377 fructus
3337 4333 3391 4378 et
3417 4323 3634 4381 arbores
3661 4325 3881 4396 frugife-

2317 4422 2420 4465 ras,
2452 4416 2504 4460 et
2532 4422 2779 4463 curemus
2804 4424 2871 4463 ne
2892 4424 2981 4465 eas
3004 4410 3355 4467 dissolvamus
3380 4413 3580 4469 deliciis
3604 4433 3618 4467 :
3649 4432 3766 4471 nam
3795 4418 3882 4475 ha:

2316 4496 2620 4564 putrefacta:
2649 4513 2857 4554 vermes
2882 4514 2977 4567 pro
3012 4500 3268 4556 fructibus
3309 4505 3570 4560 emittunt.
3598 4505 3671 4561 ιω
3715 4509 3874 4566 etiam

2316 4587 2490 4640 innata
2519 4588 2796 4655 cupiditas,
2817 4589 2859 4642 si
2886 4605 3001 4644 eam
3031 4591 3401 4658 madefeceris,
3432 4608 3670 4663 procreat
3694 4606 3878 4668 turpes

2314 4677 2624 4745 voluptates,
2656 4678 2761 4732 imo
2786 4679 3135 4749 turpissimas.
3160 4681 3305 4736 Hanc
3333 4684 3507 4753 itaque
3528 4684 3668 4740 luem
3696 4690 3875 4742 omni-

2312 4767 2469 4820 modo
2508 4766 2838 4833 auferamus,
2871 4779 2927 4822 ut
2967 4772 3231 4839 possimus
3270 4771 3405 4826 bona
3450 4777 3708 4844 promissa
3738 4793 3875 4835 eou-

2310 4857 2481 4924 sequi,
2510 4858 2561 4909 in
2586 4857 2793 4911 Christo
2822 4856 2947 4912 Jesu
2979 4860 3200 4914 Domino
3225 4872 3427 4927 nostro,
3452 4875 3553 4919 etc.

1998 5014 2332 5077 HOMIIJA
2388 5017 2598 5079 XXX.

662 5120 785 5175 Car.
810 5123 894 5177 12.
919 5140 969 5177 v.
1004 5126 1086 5179 Η.
1110 5126 1283 5181 Omnis
1300 5139 1462 5182 autem
1484 5130 1748 5198 disciplina
1775 5132 1825 5185 in
1856 5135 2085 5202 presenti
2100 5135 2212 5202 qui-

730 5215 841 5265 dem
872 5215 1060 5267 videtur
1087 5233 1184 5269 non
1212 5235 1313 5271 esse
1341 5221 1530 5287 gaudii,
1544 5222 1630 5272 sed
1652 5223 1871 5274 mmroris
1888 5238 1908 5285 ;
1928 5234 2094 5291 postea
2116 5241 2213 5277 an-

732 5311 826 5353 tem
856 5305 1068 5372 fructum
1100 5309 1468 5374 pacatissiumm
1499 5312 1773 5365 exercitatis
1800 5328 1887 5381 per
1908 5329 2015 5364 eam
2044 5315 2215 5367 reddet

725 5397 956 5465 jnstitite.
992 5396 1077 5452 12.
1114 5396 1331 5467 Propter
1364 5401 1494 5468 quod
1520 5402 1751 5456 remissas
1777 5420 1951 5457 manus
1980 5414 2025 5457 et
2050 5406 2214 5458 soluta

732 5502 893 5551 genua
917 5487 1087 5553 erigite
1114 5504 1133 5539 :
1163 5488 1245 5541 15.
1271 5498 1316 5540 et
1333 5506 1525 5559 gressus
1550 5502 1705 5544 rectos
1733 5492 1881 5557 facite
1912 5494 2113 5563 pedibus
2133 5510 2215 5548 ve-

733 5575 868 5637 stris,
890 5584 939 5626 ut
956 5592 1053 5629 non
1068 5576 1355 5632 claudicans
1371 5580 1479 5647 quis
1494 5582 1802 5649 erret,magis
1817 5592 1979 5634 autem
1992 5592 2209 5637 sanetur.

735 5666 782 5718 i.
815 5665 910 5729 Qui
943 5680 1114 5721 amara
1144 5666 1324 5723 bibttnt
1366 5670 1743 5726 medicamenta
1764 5713 1777 5738 ,
1822 5674 1963 5741 prius
2003 5674 2210 5743 quidem

2318 5130 2581 5198 quoddam
2625 5129 2798 5183 ferunt
2824 5129 3035 5184 ttedium
3070 5139 3125 5185 et
3163 5128 3485 5193 molestiam,
3519 5136 3570 5183 et
3601 5136 3723 5181 tunc
3750 5140 3874 5180 scn-

2320 5223 2456 5274 tiunt
2481 5222 2776 5274 utilitatem.
2807 5220 2949 5275 Talis
2970 5222 3109 5275 enim
3142 5235 3225 5273 res
3252 5228 3333 5273 est
3360 5220 3556 5282 virtus,
3584 5226 3637 5272 et
3664 5218 3765 5272 tale
3792 5218 3876 5269 vi-

2322 5312 2448 5365 tium
2475 5329 2487 5363 :
2515 5313 2676 5379 prima
2702 5311 2910 5381 quidem
2936 5312 3038 5366 illic
3058 5321 3140 5365 est
3158 5311 3419 5380 voluptas,
3448 5310 3641 5365 deinde
3661 5310 3876 5379 :rgritu-

2318 5403 2386 5456 do
2409 5420 2421 5466 ;
2457 5404 2541 5457 hic
2568 5418 2695 5456 vero
2726 5403 2947 5471 primum
2976 5403 3250 5473 mgritudo,
3272 5412 3326 5457 et
3344 5416 3466 5457 tunc
3491 5404 3750 5471 voluptas.
3770 5402 3877 5458 Sed

2320 5494 2534 5546 minime
2570 5502 2691 5547 sunt
2724 5493 2865 5562 paria
2892 5510 2904 5547 :
2933 5509 3037 5548 non
3067 5503 3147 5548 est
3172 5494 3312 5547 enim
3344 5508 3454 5562 par.
3483 5508 3602 5547 cum
3632 5492 3876 5547 molestia

2322 5584 2466 5651 prius
2487 5582 2702 5637 aﬂ‘ectus
2726 5582 2905 5651 fueris,
2926 5594 3105 5654 postea
3125 5583 3287 5638 lauari
3309 5598 3323 5647 ;
3346 5593 3399 5636 et
3424 5598 3542 5637 cum
3563 5584 3705 5651 prius
3726 5582 3877 5636 truta-

2322 5683 2401 5728 tus
2415 5671 2596 5738 fueris,
2614 5681 2789 5739 postea
2804 5668 3046 5724 molestia
3068 5661 3501 5731 affici.Quomodo
3516 5664 3539 5715 ?
3554 5663 3645 5719 llic
3666 5659 3876 5731 quidem
