4134 6342
272 408 376 463 209

272 513 598 585 exspectatio
639 510 827 565 futura:
864 508 1093 564 tristitia:
1139 514 1451 575 prarsentem
1480 503 1668 559 minuit
1701 501 1851 555 volu-

274 616 500 677 ptatem;
522 602 631 657 illic
646 609 819 655 autem
843 598 1169 668 exspectatio
1194 595 1379 649 futura!
1402 594 1597 649 laetitia:
1618 590 1852 649 detrahit

274 700 340 754 de
357 695 688 753 vehementia
712 690 904 762 prioris
927 689 1088 743 animi
1110 687 1435 758 a‘gritudinis
1460 704 1474 740 :
1494 686 1625 738 adeo
1651 694 1705 737 ut
1725 697 1854 737 con-

277 791 443 858 tingat
468 784 577 839 illic
597 782 808 853 quidem
838 794 1121 848 numquam
1160 778 1346 841 hntari,
1382 776 1464 831 hic
1493 785 1668 831 autem
1700 789 1853 827 mun-

274 893 432 949 quam
456 875 665 929 tristitia
687 871 850 926 afﬁci.
869 870 981 926 Non
1004 870 1173 924 solum
1191 878 1367 922 autem
1395 868 1495 923 bac
1516 867 1743 947 ratione
1760 864 1853 919 sed

277 970 439 1023 etiam
459 967 559 1021 alia
586 975 669 1020 est
692 961 1012 1017 dill‘erentia.
1032 959 1346 1026 Quomodo?
1374 957 1574 1026 Nempe
1595 956 1735 1026 quod
1763 970 1855 1010 ne-

278 1076 385 1129 que
405 1058 546 1127 paria
564 1065 687 1111 suttt
708 1063 970 1123 tempora,
986 1052 1077 1106 sed
1104 1052 1257 1121 longe
1275 1051 1473 1119 majora
1499 1059 1551 1103 ct
1575 1048 1853 1116 ampliora.

284 1149 380 1202 llic
406 1155 583 1201 autem
606 1151 688 1199 est
709 1144 869 1199 etiam
906 1140 1103 1209 aliquid
1125 1138 1349 1208 amplius
1376 1140 1428 1192 in
1470 1137 1853 1206 spiritualilms.

284 1241 369 1296 Ab
384 1240 486 1294 hoc
506 1251 635 1307 ergo
653 1234 847 1292 Paulus
863 1241 1086 1288 conatur
1110 1230 1530 1284 consolationem
1558 1227 1748 1282 aﬂ‘erre
1767 1242 1781 1289 ;
1803 1236 1855 1280 et

284 1342 571 1385 commune
599 1339 787 1381 rursus
813 1324 1036 1378 assumit
1058 1320 1339 1391 judicium,
1367 1318 1451 1372 cui
1480 1316 1655 1372 nullus
1685 1325 1858 1384 potest

285 1422 554 1482 resistere,
571 1431 744 1486 neque
766 1430 885 1469 cum
897 1412 1161 1469 communi
1181 1425 1412 1480 pugnare
1423 1409 1706 1464 sententia.
1728 1406 1857 1461 Nam

286 1525 411 1565 cum
439 1510 637 1565 dixerit
657 1507 777 1577 quis
801 1505 851 1560 id
878 1504 944 1559 de
966 1518 1071 1573 quo
1099 1508 1308 1557 constat
1337 1501 1475 1570 apud
1499 1514 1706 1563 onmes,
1730 1512 1860 1553 con-

286 1612 526 1669 sentiunt
546 1619 753 1663 omnes,
773 1613 826 1654 et
843 1614 998 1653 nemo
1012 1592 1356 1649 contradicet.
1377 1589 1628 1647 Meet—etis,
1654 1586 1851 1650 inqmt:

290 1702 394 1757 hoc
421 1696 712 1755 secundum
739 1692 997 1748 rationem
1027 1695 1108 1741 est
1132 1702 1144 1737 :
1172 1683 1295 1738 talis
1322 1681 1462 1734 enim
1486 1692 1571 1731 res
1595 1684 1674 1730 est
1696 1672 1856 1728 disci-

292 1792 456 1862 plina,
483 1790 590 1843 tale
618 1785 775 1839 habet
800 1778 1135 1851 principium.
1168 1773 1291 1828 Ideo
1319 1771 1398 1825 sic
1426 1767 1601 1862 intulit
1631 1782 1643 1818 ε
1680 1761 1857 1817 Omnis

286 1858 467 1936 autem
493 1874 760 1945 disciplina
804 1873 858 1925 in
896 1865 1130 1939 prasenti
1165 1862 1365 1933 quidem
1400 1858 1589 1912 videtur
1624 1870 1722 1907 non
1753 1866 1858 1905 esse

288 1970 499 2042 gaudii,
534 1966 623 2021 sed
660 1961 902 2018 mret-oris.
934 1958 1097 2012 Recte
1127 1949 1446 2042 dixit,‘Non
1489 1946 1721 2042 videtur:
1754 1956 1856 1995 non

288 2036 434 2115 enim
465 2062 549 2110 est
589 2051 864 2120 disciplina
911 2044 1190 2107 maeroris,
1234 2038 1327 2094 sed
1367 2046 1567 2091 tantum
1606 2036 1855 2088 videtur:

293 2156 404 2198 non
428 2142 539 2195 hac
560 2138 777 2210 quidem
795 2136 1027 2198 videtur,
1048 2135 1136 2188 illa
1166 2146 1296 2195 non,
1319 2129 1411 2185 scd
1432 2125 1609 2181 omnis
1633 2142 1647 2177 :
1678 2122 1862 2177 Omnis

292 2232 440 2288 enim
469 2230 745 2299 disciplina
775 2244 876 2282 non
905 2226 1108 2279 videtur
1144 2238 1257 2277 esse
1304 2218 1513 2288 gaudii,
1558 2216 1648 2270 sed
1680 2228 1863 2267 mer-

294 2323 405 2385 ris;
433 2323 482 2376 id
515 2329 618 2386 est,
640 2328 692 2374 et
724 2320 956 2373 humana
981 2326 1034 2372 et
1058 2312 1373 2385 Spiritualis.
1401 2308 1566 2361 Vides
1590 2321 1713 2359 eum
1736 2318 1866 2357 con-

296 2413 518 2469 tendere
536 2427 601 2466 ex
623 2408 1001 2466 communibus
1032 2401 1383 2460 uotionibus?
1414 2398 1654 2461 Videtur,
1669 2394 1862 2464 inquit,

292 2523 410 2560 esse
455 2504 690 2558 mteroris
727 2518 746 2555 :
782 2502 964 2570 itaque
1010 2512 1119 2553 non
1157 2504 1257 2550 est.
1297 2492 1431 2559 Quis
1476 2490 1620 2544 cnim
1664 2499 1867 2539 mceror

296 2595 439 2664 parit
481 2594 771 2664 gaudium?
814 2590 1003 2645 Nullus
1048 2607 1063 2643 :
1106 2588 1246 2643 sicut
1292 2599 1389 2640 nec
1426 2582 1677 2651 voluptas
1723 2578 1866 2647 parit

294 2683 466 2738 animi
502 2680 870 2752 aegritudinem
902 2686 956 2733 et
981 2677 1253 2731 tristitiam
1277 2672 1373 2744 (a).

372 2771 663 2839 Disciplina
677 2768 827 2821 bona.
840 2794 910 2806 ——
926 2763 1109 2817 Postea
1124 2772 1287 2816 autem
1306 2766 1498 2830 {ructus
1521 2758 1866 2828 paratissimos

295 2862 462 2916 reddit
503 2860 562 2911 iis
589 2858 673 2925 qui
703 2873 791 2926 per
819 2856 982 2923 ipsam
1022 2860 1136 2905 sunt
1177 2849 1436 2903 exercitati
1466 2849 1701 2920 justititc.
1747 2847 1863 2900 Non

297 2950 556 3010 fructum,
603 2946 695 3001 sed
743 2944 941 2998 fructus
968 2941 1136 3005 dixit,
1179 2954 1421 3008 magnam
1469 2938 1862 2992 multitudinem

293 3037 618 3107 significans.
654 3032 758 3086 Per
783 3034 946 3102 ipsam
987 3029 1301 3090 exercitatis,
1333 3028 1533 3096 inquit;
1567 3026 1617 3081 id
1646 3035 1766 3089 est,
1798 3027 1864 3081 iis

292 3130 387 3199 qui
417 3127 574 3195 longe
604 3135 840 3193 tempore
866 3121 1233 3175 sustinuerunt
1275 3126 1329 3171 et
1356 3117 1669 3171 tolerarunt.
1703 3115 1865 3170 Vides

294 3230 356 3273 ut
392 3220 549 3273 etiam
598 3218 736 3269 bono
766 3213 927 3267 verbo
967 3220 1051 3266 est
1098 3210 1263 3263 usus?
1304 3210 1588 3278 Disciplina
1615 3224 1740 3277 ergo
1782 3216 1865 3263 est

295 3309 631 3371 exercitatio,
667 3305 857 3359 fortem
880 3302 1106 3357 reddens
1136 3301 1387 3354 athletam
1410 3340 1423 3363 ,
1454 3308 1508 3354 et
1534 3300 1782 3353 invictum
1810 3300 1863 3353 in

294 3399 704 3462 certaminibus,
737 3405 790 3450 et
829 3396 883 3449 in
925 3394 1076 3448 bellis
1123 3391 1603 3461 inexpugnabilem.
1652 3391 1706 3446 Si
1736 3407 1864 3461 ergo

296 3491 471 3546 omnis
509 3488 786 3557 disciplina
832 3494 916 3540 est
961 3483 1279 3553 talis,,h:nc
1323 3496 1530 3552 quoque
1578 3483 1678 3537 erit
1725 3484 1861 3538 talis.

296 3581 654 3651 Quamobrem
682 3580 819 3633 bona
843 3585 967 3631 sunt
992 3574 1368 3644 exspectanda,
1392 3583 1444 3629 et
1460 3574 1724 3643 jucundus
1746 3575 1865 3631 ﬁnis

297 3689 363 3729 ac
394 3680 629 3742 pacatus.
664 3670 773 3724 Nec
802 3669 1010 3722 mireris
1039 3667 1082 3720 si
1112 3681 1231 3721 eum
1260 3666 1329 3719 sit
1354 3665 1504 3730 dura,
1538 3666 1739 3721 fructus
1765 3666 1863 3721 Ita-

298 3767 423 3821 beat
450 3764 632 3817 dulces
657 3779 670 3813 :
705 3776 824 3815 nam
852 3760 1009 3814 etiam
1041 3760 1093 3811 in
1139 3757 1415 3811 arboribus
1443 3768 1623 3811 cortex
1650 3758 1864 3828 quidem

296 3866 382 3912 cst
414 3870 575 3924 prope
609 3854 781 3909 omnis
819 3865 1010 3919 expers
1034 3850 1304 3919 qualitatis
1346 3860 1400 3904 et
1440 3865 1616 3920 asper,
1660 3851 1866 3907 fructus

297 3958 477 4000 autem
501 3953 625 3998 sunt
656 3943 863 3998 dulces.
894 3941 997 3996 Sed
1028 3941 1127 3995 hoc
1152 3940 1357 4010 accepit
1381 3955 1444 3995 ex
1468 3942 1735 3996 communi
1769 3958 1867 3997 no-

304 4037 469 4090 tione.
498 4035 550 4089 Si
580 4040 789 4102 oportet
818 4045 943 4100 ergo
972 4031 1090 4083 talia
1122 4039 1452 4097 exspectare,
1481 4031 1603 4100 quid
1631 4030 1865 4087 doletis?

297 4140 397 4178 cur
419 4140 538 4178 eum
566 4122 785 4177 molesta
814 4121 1190 4183 sustinueritis,
1222 4119 1273 4173 in
1304 4120 1455 4173 bonis
1480 4120 1669 4189 ignavo
1698 4130 1751 4176 et
1777 4138 1865 4178 re-

301 4214 469 4268 misso
496 4214 674 4267 animo
700 4212 862 4267 estis?
910 4209 1197 4279 lnjueunda
1222 4252 1239 4276 ,
1283 4226 1401 4280 qua:
1430 4222 1584 4266 erant
1612 4212 1824 4270 ferenda
1846 4256 1863 4283 ,

306 4298 631 4350 sustinuistis
659 4314 674 4349 :
706 4314 773 4351 ne
800 4298 969 4367 ignavi
998 4314 1124 4368 ergo
1152 4310 1204 4353 et
1232 4303 1439 4354 remissi
1481 4305 1595 4357 sitis
1626 4310 1765 4361 circa
1795 4324 1879 4363 re-

308 4388 750 4439 munerationem.
782 4386 1000 4452 Pmpter
1026 4389 1161 4455 quod
1184 4392 1417 4443 remissas
1444 4408 1623 4447 manus
1644 4406 1690 4447 et
1716 4414 1877 4465 genua

307 4474 495 4527 debilia
520 4477 713 4545 erigite,
747 4488 794 4529 et
822 4494 1018 4547 gressus
1045 4488 1205 4531 rectos
1241 4480 1392 4546 facile
1429 4482 1635 4550 pedibus
1664 4488 1837 4539 uestris
1860 4527 1875 4551 ,

306 4573 362 4615 ut
388 4580 485 4615 non
515 4566 807 4618 claudicans
831 4566 942 4634 quis
968 4576 1116 4628 erret,
1149 4569 1308 4638 magis
1334 4580 1497 4621 autem
1527 4582 1746 4626 sanetur.
1775 4574 1879 4629 Eos

311 4664 578 4722 tamquam
606 4670 850 4710 cursores
876 4656 1165 4724 alloquitur
1191 4667 1244 4712 et
1270 4658 1470 4727 pugiles
1496 4670 1549 4714 et
1575 4662 1875 4719 bellatores.

315 4742 471 4798 Vides
488 4745 750 4813 quomodo
772 4760 863 4799 eos
885 4757 1074 4813 armet,
1092 4748 1358 4816 quomodo
1374 4763 1466 4805 eos
1483 4752 1675 4805 excitet
1693 4755 1715 4806 ?
1730 4752 1881 4806 Cres-

307 4851 415 4900 sus,
442 4836 637 4904 inquit,
667 4846 821 4890 rectos
848 4837 1034 4905 facile;
1065 4838 1112 4891 id
1144 4847 1243 4902 est,
1276 4850 1421 4894 reete
1450 4842 1737 4898 ambulate.
1784 4845 1877 4900 llic

310 4922 438 4975 dicit
466 4924 530 4977 de
556 4925 681 4991 ipsis
702 4926 1107 4992 cogitationibus
1131 4946 1142 4979 :
1168 4936 1312 4983 recte
1333 4930 1618 4997 ambulate,
1650 4935 1749 4988 boc
1772 4947 1873 5002 est,

311 5028 419 5063 non
448 5013 765 5068 dubitantes.
801 5015 853 5069 Si
882 5017 1022 5069 enim
1056 5017 1327 5087 disciplina
1353 5028 1436 5073 est
1472 5036 1534 5075 ex
1562 5025 1800 5091 caritate,
1834 5028 1877 5080 si

312 5101 495 5168 incipit
516 5119 543 5154 a
570 5118 716 5168 cura,
738 5107 780 5157 si
805 5105 995 5158 desinit
1026 5107 1073 5159 in
1103 5107 1297 5161 bonum
1326 5110 1483 5163 finem
1509 5129 1519 5162 :
1544 5112 1642 5167 hoc
1668 5116 1807 5168 enim
1828 5128 1879 5172 et

316 5204 407 5257 per
425 5204 527 5256 res,
548 5202 596 5245 et
617 5208 708 5260 pcr
729 5194 907 5258 verba,
928 5205 979 5248 et
1003 5210 1094 5263 per
1118 5198 1293 5250 omnia
1312 5200 1576 5255 ostendit:
1597 5217 1690 5257 cur
1706 5205 1878 5272 ignavi

313 5280 441 5333 estis
468 5290 521 5333 et
546 5282 794 5334 remissi?
822 5285 951 5337 tales
969 5288 1106 5337 enim
1136 5295 1260 5340 sunt
1280 5288 1367 5357 qui
1398 5290 1629 5344 animum
1652 5293 1879 5363 despon-

313 5370 523 5435 derunt,
548 5373 633 5439 qui
668 5388 731 5425 ne
770 5373 1059 5427 futurormn
1092 5377 1303 5444 quidem
1336 5393 1429 5447 spe
1476 5384 1875 5440 confirmantur.

316 5455 486 5522 llecte,
520 5460 702 5528 inquit,
747 5462 1038 5517 ambulate:
1069 5474 1125 5518 ut
1169 5480 1273 5520 non
1313 5470 1624 5525 extendatur
1680 5474 1877 5529 claudi-

312 5550 485 5613 catio,
512 5552 605 5606 sed
638 5561 869 5607 mutetur
914 5554 977 5608 ad
1006 5557 1178 5624 priora
1205 5574 1216 5607 :
1249 5571 1366 5611 nam
1410 5561 1497 5627 qui
1551 5564 1714 5619 currit
1757 5580 1877 5621 cum

388 5759 459 5821 (ει)
493 5759 583 5808 llic
608 5770 801 5819 prorsus
824 5757 982 5808 deﬁcit
1008 5760 1202 5810 bomilia
1225 5764 1471 5824 trigesima
1498 5770 1543 5816 In
1562 5766 1695 5819 Colb.

1044 398 1108 455 ΙΝ
1148 398 1361 455 EPlST.
1406 400 1494 453 AD
1536 398 1897 455 llEBR/EUS.
1940 398 2093 455 CAP.
2138 398 2249 455 ΧΠ.
2296 398 2529 456 HOMIL.
2574 399 2747 455 XXX.

3410 398 3519 460 210

1928 504 2337 568 claudicatione,
2368 504 2563 556 malum
2592 501 2814 556 invehit.
2849 498 3007 554 Vides
3061 502 3201 570 quod
3235 501 3285 555 in
3326 512 3510 558 nostra

1929 595 1999 649 sit
2028 602 2289 665 potestate
2331 600 2391 647 ut
2428 593 2717 647 curcmur?
2745 591 2830 645 H.
2880 588 3064 643 Pacem
3103 591 3365 658 sequimini
3393 609 3509 645 cum

1930 687 2157 740 omnibus
2182 695 2229 738 et
2254 682 2660 746 sanctimoniam,
2686 681 2793 735 sine
2821 696 2921 750 qua
2951 695 3095 733 nemo
3116 679 3295 733 videbit
3327 680 3507 734 Domi-

1931 793 2071 829 num.
2097 774 2246 843 Quod
2274 772 2483 828 dicebat
2502 771 2748 839 superius
2774 788 2787 824 :
2819 768 2937 822 Non
2956 768 3235 822 deserentes
3255 769 3510 824 collectio—

1932 883 2042 921 nem
2064 881 2151 918 seu
2167 873 2598 935 congregationem
2616 871 2839 914 nostram
2856 859 3039 930 (Hebr.
3066 858 3153 914 10.
3169 860 3283 927 ἳ5),
3309 860 3408 915 hoc
3425 860 3510 916 hic

1932 969 2141 1026 quoque
2171 954 2326 1007 tacite
2353 952 2631 1021 signiﬁcat.
2653 950 2790 1005 Nihil
2814 950 2954 1004 enim
2980 949 3043 1003 ad
3072 951 3428 1018 superandum
3457 962 3512 1007 et

1932 1044 2341 1116 expugnandum
2373 1052 2475 1097 tam
2506 1042 2682 1096 faciles
2714 1040 2838 1094 facit
2865 1041 2915 1094 in
2946 1041 3324 1094 tentationibus
3350 1058 3510 1111 quam

1933 1153 2051 1194 esse
2075 1138 2329 1192 divulsos‘.
2363 1135 2428 1189 Et
2458 1134 2578 1187 vide
2603 1131 2871 1203 quomodo
2903 1148 2916 1183 :
2945 1130 3217 1200 disrumpe
3255 1132 3423 1187 aciem
3456 1136 3508 1187 in

1935 1229 2108 1292 bello;
2132 1237 2185 1282 et
2206 1243 2271 1281 ne
2288 1227 2467 1281 labore
2482 1224 2695 1295 quidem
2716 1239 2851 1291 opus
2876 1222 3142 1278 habebunt
3167 1223 3393 1287 inimici,
3418 1225 3514 1277 sed

1934 1334 2027 1373 eos
2052 1319 2256 1373 vinctos
2286 1315 2501 1385 capient
2522 1313 2807 1381 separatim
2834 1314 3099 1377 inventos,
3130 1323 3185 1366 ct
3211 1327 3271 1366 ea
3307 1314 3515 1369 ratione

1937 1409 2328 1465 imbecilliores.
2360 1405 2568 1471 Pacem,
2595 1406 2785 1474 inquit,
2814 1400 3080 1473 sequimini
3108 1420 3222 1455 cum
3250 1405 3509 1461 omnibus.

1937 1501 2074 1570 Ergo
2112 1500 2271 1553 etiam
2302 1513 2424 1550 cum
2450 1497 2515 1550 iis
2536 1495 2624 1564 qui
2659 1494 2796 1548 male
2837 1501 3020 1564 agunt.
3068 1492 3179 1548 Hoc
3205 1493 3365 1548 etiam
3392 1495 3518 1551 alibi

1941 1591 2106 1646 dicit:
2133 1590 2193 1644 Si
2237 1589 2348 1656 ﬁeri
2378 1596 2567 1655 potest,
2594 1584 2728 1655 quod
2755 1584 2809 1637 in
2850 1584 2993 1637 vobis
3024 1594 3116 1647 est,
3147 1600 3261 1637 cum
3290 1588 3519 1641 omnibus

1937 1682 2221 1736 hominibus
2252 1696 2423 1749 pacem
2454 1679 2689 1730 [tabentes
2724 1674 2895 1741 (liom.
2920 1674 3004 1728 l2.
3032 1674 3145 1745 18).
3176 1675 3327 1741 Quod
3353 1677 3417 1731 ad
3445 1687 3517 1745 te,

1936 1770 2350 1840 inquit,attinet,
2370 1782 2551 1837 pacem
2571 1780 2689 1836 age,
2721 1765 2968 1833 pietatem
3000 1764 3132 1820 nihil
3159 1766 3392 1832 lmdens,
3422 1770 3519 1823 sed

1941 1863 1993 1917 in
2025 1862 2103 1916 eis
2133 1877 2251 1931 qua:
2273 1860 2471 1930 pateris
2494 1872 2557 1913 ea
2585 1860 2661 1911 fer
2687 1856 2808 1911 forti
2839 1864 2892 1909 et
2920 1871 3181 1926 generoso
3200 1859 3398 1913 animo.
3428 1861 3522 1914 Est

1935 1952 2077 2007 enim
2100 1952 2355 2004 malorum
2377 1948 2672 2005 tolerantia.
2690 1962 2874 2015 magna
2892 1962 3058 2011 arma,
3072 1948 3123 2001 in
3143 1950 3521 2005 tentationihns

1964 2060 2208 2110 magnum
2263 2044 2584 2113 praesidium.
2618 2044 2708 2098 Sic
2759 2045 2920 2099 etiam
2968 2044 3214 2099 Christus
3242 2041 3534 2109 discipulos

1963 2147 2087 2188 suos
2116 2136 2277 2188 fortes
2300 2132 2545 2200 faciebat,
2573 2133 2792 2189 dicens:
2823 2134 2955 2188 Ecce
2985 2134 3125 2188 mitto
3155 2149 3242 2187 vos
3278 2143 3536 2200 tamquam

1962 2241 2073 2280 oues
2116 2226 2167 2279 in
2206 2226 2367 2279 medio
2412 2225 2645 2291 luporum
2689 2242 2709 2280 :
2746 2235 2901 2281 estote
2933 2242 3049 2295 ergo
3090 2224 3361 2293 prudentes
3406 2223 3537 2277 sicut

1962 2302 2231 2383 serpentes,
2254 2326 2299 2369 et
2315 2316 2567 2383 simplices
2596 2317 2725 2370 sicut
2753 2315 2993 2370 columba!
3029 2318 3047 2385 (
3073 2314 3260 2369 Matth.
3284 2312 3370 2369 10.
3404 2314 3470 2367 Ιϐ
3494 2313 3533 2382 ).

1962 2404 2096 2473 Quid
2143 2406 2313 2469 dicis,
2372 2406 2424 2461 in
2479 2407 2657 2461 medio
2708 2408 2953 2475 luporum
3009 2421 3233 2467 sumus,
3291 2413 3345 2458 et
3397 2405 3538 2458 sicut

1962 2509 2088 2549 oves
2124 2511 2221 2550 nos
2259 2510 2377 2550 esse
2417 2496 2594 2566 iubes,
2634 2507 2687 2551 et
2734 2498 2871 2551 sicut
2914 2495 3234 2551 columbas?
3281 2493 3533 2559 Stasime,

1965 2585 2153 2656 inquit,
2210 2602 2330 2641 nam
2373 2604 2491 2641 eum
2521 2588 2607 2655 qui
2641 2588 2779 2643 male
2809 2587 2967 2655 facit,
2998 2588 3128 2643 nihil
3166 2586 3302 2643 adeo
3333 2586 3536 2655 pudore

1962 2673 2124 2729 allicit
2144 2715 2158 2741 ,
2191 2684 2247 2728 ut
2278 2676 2488 2744 quando
2537 2691 2634 2730 nos
2677 2676 2881 2731 fortiter
2906 2673 3142 2731 feramus
3168 2691 3229 2731 ea
3258 2690 3375 2745 qua:
3406 2673 3537 2728 infe-

1964 2774 2183 2831 runtur,
2213 2776 2264 2820 et
2292 2781 2463 2835 neque
2496 2766 2657 2820 verbo
2681 2781 2856 2837 neque
2882 2765 3023 2821 facta
3051 2781 3152 2821 nos
3181 2766 3525 2820 uleiscamur.

1964 2854 2076 2911 lloe
2122 2866 2174 2911 et
2216 2872 2315 2911 nos
2342 2858 2514 2912 reddit
2557 2857 2724 2927 magis
2772 2857 3153 2927 philosOphos,
3185 2866 3242 2912 et
3271 2856 3531 2924 majorem

1962 2948 2209 3003 conciliat
2235 2950 2556 3016 mercedem,
2590 2960 2644 3005 et
2690 2950 2813 3005 illos
2837 2951 3008 3021 juvat.
3035 2953 3104 3005 At
3131 2951 3218 3006 hic
3248 2951 3331 3005 vel
3363 2950 3454 3006 ille
3483 2959 3537 3006 to

1962 3039 2138 3094 alfecit
2166 3042 2532 3095 contumelia?
2574 3050 2626 3096 tu
2658 3058 2785 3097 vero
2828 3059 2950 3098 eum
2986 3044 3141 3099 bonis
3186 3057 3534 3112 prosequere.

1970 3129 2097 3186 Vide
2134 3147 2289 3200 quam
2336 3134 2501 3187 multa
2545 3149 2608 3188 ex
2660 3150 2725 3188 eo
2766 3136 2839 3189 sis
2886 3135 3301 3189 lucrilacturus:
3331 3135 3534 3189 malum

1962 3222 2259 3276 exstinxisti
2280 3264 2297 3288 ,
2326 3224 2626 3278 mercedem
2660 3226 2749 3278 tibi
2780 3225 3095 3290 conciliasti,
3136 3225 3283 3279 illum
3332 3224 3537 3293 pudore

1962 3310 2204 3377 all'ecisti,
2236 3313 2368 3366 nihil
2411 3328 2470 3367 es
2500 3329 2687 3381 passus
2711 3330 2891 3383 grave.
2918 3313 3104 3368 Pacem
3124 3315 3389 3386 sequimini
3412 3331 3529 3367 cum

1963 3401 2190 3455 omnibus
2229 3411 2275 3454 et
2321 3404 2725 3457 sanctimoniam.
2760 3405 3163 3459 Sanctimoniam
3205 3404 3331 3475 quid
3361 3405 3533 3459 dicit?

1963 3490 2411 3561 Temperantiam,
2437 3496 2767 3551 honestatem
2787 3497 2838 3552 in
2862 3498 3220 3552 matrimonio.
3245 3497 3369 3552 Sive
3390 3498 3539 3567 quis-

1966 3581 2123 3649 piam,
2156 3583 2345 3652 inquit,
2371 3600 2473 3639 non
2502 3587 2569 3641 sit
2592 3587 2811 3656 junctus
2830 3588 3188 3654 matrimonio,
3211 3599 3391 3643 castus
3417 3605 3537 3644 mae

1964 3683 2105 3739 neat,
2139 3690 2356 3730 uxorem
2397 3677 2553 3731 ducat
2598 3694 2610 3730 :
2659 3679 2771 3734 sive
2810 3679 2879 3733 sit
2916 3679 3129 3747 }unctus
3172 3682 3534 3745 matrimonio,

1965 3777 2070 3816 non
2101 3774 2370 3820 scortetur
2396 3808 2411 3832 ,
2443 3766 2537 3821 sed
2573 3783 2741 3823 uxore
2790 3777 2970 3823 utatur
3001 3788 3015 3825 :
3043 3786 3165 3824 nam
3194 3770 3295 3826 hoc
3321 3788 3536 3842 quoque

1964 3862 2045 3907 est
2087 3855 2453 3912 sanctiﬁcatio.
2500 3857 2816 3924 Quomodo?
2854 3859 2969 3914 Non
3009 3870 3092 3917 est
3135 3863 3535 3919 matrimonium

1965 3946 2312 4002 sanctiﬁcatio
2337 3989 2353 4013 ,
2385 3949 2478 4003 scd
2502 3950 2901 4005 matrimonium
2926 3964 3207 4008 conservat
3236 3957 3537 4011 sanctiﬁca-

1968 4037 2161 4092 tionem
2189 4054 2306 4108 quae
2324 4040 2562 4109 procedit
2582 4056 2609 4094 a
2640 4042 2761 4105 fide,
2792 4058 2897 4097 non
2928 4044 3110 4099 sincns
3135 4047 3386 4117 conjungi
3410 4064 3530 4102 cum

1965 4131 2263 4187 meretrice.
2292 4131 2686 4188 Matrimonium
2717 4135 2860 4190 enim
2886 4145 2968 4191 est
2999 4136 3311 4193 bonorabile
3344 4138 3535 4210 (Hebr.

1965 4220 2051 4273 15.
2081 4221 2158 4289 ι),
2202 4237 2307 4276 non
2338 4235 2581 4279 sanetum
2614 4240 2843 4294 :purum
2868 4234 2951 4281 est
2973 4228 3393 4296 matrimonium,
3425 4246 3532 4285 non

1961 4317 2133 4361 tamen
2162 4311 2363 4375 praebet
2389 4314 2547 4365 etiam
2578 4314 2913 4368 sanctitatem
2936 4356 2950 4378 ,
2983 4316 3087 4369 nisi
3116 4322 3255 4386 quod
3287 4322 3535 4388 prohibet

1957 4411 2063 4450 non
2093 4397 2329 4465 polluere
2359 4416 2477 4454 eam
2506 4417 2624 4469 quae
2664 4402 2785 4457 data
2825 4414 2907 4458 est
2930 4419 2960 4458 a
2991 4405 3114 4459 fide.
3147 4407 3274 4461 Sine
3298 4427 3417 4479 qua,
3455 4412 3535 4464 in-

1958 4486 2090 4554 quit,
2121 4504 2266 4541 nemo
2294 4489 2475 4543 videbit
2492 4490 2787 4547 Dominum.
2811 4494 2961 4561 Quod
2995 4499 3153 4551 etiam
3180 4500 3311 4554 dicit
3335 4502 3385 4555 in
3409 4502 3535 4571 Epi-

1958 4578 2095 4632 stola
2125 4578 2189 4632 ad
2220 4576 2524 4635 Corinthios
2555 4600 2567 4634 :
2598 4581 2771 4637 Nolite
2808 4602 2977 4641 errare
3002 4604 3021 4641 :
3042 4605 3199 4659 neque
3222 4594 3488 4662 fornicarii
3517 4636 3532 4659 ,

1960 4685 2115 4738 neque
2133 4670 2283 4724 idolis
2310 4673 2593 4741 servientes,
2617 4692 2774 4745 neque
2802 4680 3135 4733 masculorum
3160 4684 3503 4740 concubitores
3520 4729 3533 4752 ,

1959 4776 2115 4830 neque
2131 4764 2288 4825 avari,
2308 4781 2463 4833 neque
2480 4768 2631 4835 fures,
2654 4784 2807 4838 neque
2820 4770 3019 4835 ebriosi,
3038 4776 3531 4841 nequedetractorcs,

1959 4870 2115 4924 neque
2145 4864 2371 4921 raptores
2401 4873 2611 4926 regnum
2638 4856 2734 4911 Dei
2762 4860 3085 4927 possidebunt
3116 4864 3204 4936 (1.
3231 4865 3349 4920 Cor.
3383 4868 3433 4921 6.
3470 4870 3523 4924 9'.

1961 4948 2085 5017 10).
2116 4946 2392 5013 Quomodo
2410 4948 2551 5003 enim
2575 4951 2661 5017 qui
2685 4966 2878 5020 corpus
2907 4954 3074 5008 factus
3104 4964 3186 5009 est
3212 4963 3529 5029 meretricis,

1960 5038 2153 5106 poterit
2181 5052 2300 5091 esse
2320 5054 2513 5107 corpus
2538 5037 2733 5094 Christi
2766 5041 2923 5111 (Ibid.
2956 5062 3002 5097 υ.
3038 5045 3165 5116 l5)?
3194 5049 3280 5103 15.
3305 5050 3536 5107 Contem-

1962 5128 2155 5194 pluntes
2180 5144 2240 5180 ne
2266 5129 2375 5197 quis
2396 5130 2522 5182 desit
2546 5132 2723 5198 gratiae
2745 5132 2837 5185 Dei
2867 5148 2887 5187 :
2913 5151 3087 5200 nequa
3111 5140 3260 5194 rudia:
3283 5146 3501 5197 amorim
3516 5178 3532 5187 -

1960 5218 2094 5269 diuis
2148 5216 2409 5271 desursum
2456 5220 2735 5287 impertiat,
2784 5231 2830 5274 et
2881 5240 2968 5291 per
3024 5225 3165 5278 illam
3213 5229 3538 5299 inquinentur

1962 5309 2106 5360 multi
2132 5325 2150 5361 :
2183 5309 2267 5363 16.
2296 5326 2357 5363 ne
2382 5310 2493 5379 quis
2510 5311 2786 5381 fornicator
2813 5323 2899 5366 aut
2924 5321 3189 5386 profanus.
3216 5320 3379 5378 Vides
3403 5340 3537 5395 quo-

1966 5399 2127 5452 modo
2168 5400 2364 5469 ubique
2409 5402 2693 5471 unicuique
2724 5417 3062 5460 communem
3097 5411 3257 5465 tradit
3287 5416 3533 5471 salutem.

1964 5490 2317 5543 Adhortamini
2345 5507 2429 5545 vos
2454 5532 2469 5555 ,
2501 5492 2669 5562 inquit
2693 5534 2706 5557 ,
2758 5494 2886 5549 alter
2923 5498 3136 5552 alterum
3164 5518 3252 5569 per
3274 5504 3500 5575 singulos
3520 5551 3535 5577 ,

1965 5580 2090 5643 dics,
2120 5581 2277 5633 donec
2304 5581 2452 5634 hodie
2478 5584 2865 5653 cognominatur
2896 5586 3076 5655 (Ilrbr.
3102 5590 3153 5644 3.
3184 5592 3295 5662 15).

2034 5672 2088 5725 2.
2119 5672 2194 5726 Ne
2215 5687 2343 5743 ergo
2366 5674 2542 5728 omnia
2560 5677 2860 5745 congeratis
2888 5678 2940 5732 in
2971 5680 3234 5751 doctores,
3260 5688 3415 5742 neiis
3444 5693 3534 5758 qui

1965 5774 2192 5832 pnesunt
2244 5765 2420 5819 omnia
2452 5764 2713 5821 tribuatis.
2744 5767 2971 5825 Potestis
2997 5773 3152 5828 etiam
3186 5790 3300 5842 vos,
3332 5779 3500 5849 inquit
3520 5824 3533 5847 ,
