4134 6342
648 391 740 447 ΞΗ

670 493 804 544 alter
829 490 1050 542 alterum
1081 484 1356 538 mdiftcare.
1389 483 1536 548 Quod
1567 485 1721 536 etiam
1743 484 1947 538 dicebat
1975 487 2213 543 scribens

672 583 736 635 ad
769 565 1258 634 ThessalonicenSes
1288 592 1299 624 :
1331 574 1466 626 Alter
1491 574 1699 626 alterum
1726 575 1987 642 redi/irate,
2016 578 2138 631 sicut
2168 589 2214 632 et

674 673 835 743 facitis
859 688 877 733 ;
903 681 955 723 et
984 673 1182 730 rursus,
1219 663 1555 717 Consolumini
1591 665 1716 717 alter
1746 666 1955 718 alterum
1983 669 2032 720 in
2059 671 2214 723 verbis

671 763 778 815 istis
799 761 874 828 (l.
906 759 1073 812 Thess.
1109 757 1159 809 5.
1192 754 1296 824 ll).
1327 754 1436 806 Hoc
1464 753 1611 807 vobis
1639 769 1845 823 quoque
1867 771 2002 810 nunc
2024 759 2214 812 suade.

676 868 809 908 mus.
852 851 1002 904 Plura
1033 863 1190 916 quam
1218 861 1332 903 nos,
1376 845 1419 899 si
1447 845 1634 909 vultis,
1666 847 1884 914 potestis
1909 849 2042 902 alter
2066 851 2215 906 alteri

677 948 809 999 bona
853 946 1022 994 facere
1056 956 1068 990 :
1103 939 1294 1006 saepius
1320 937 1458 990 enim
1498 935 1633 989 inter
1674 952 1766 990 vos
1796 947 1972 994 mutuo
2001 955 2219 995 convcr-

675 1034 884 1097 samini,
917 1040 968 1085 et
1000 1045 1084 1083 res
1113 1039 1316 1081 vestras
1350 1026 1480 1078 alter
1517 1025 1730 1080 alterius
1765 1028 1927 1096 magis
1950 1030 2094 1083 scitis
2119 1073 2132 1096 ,
2166 1040 2221 1086 et

676 1129 864 1183 delicta
913 1123 1172 1189 utrimque
1218 1131 1323 1170 non
1376 1115 1661 1184 ignoratis,
1688 1128 1741 1169 et
1788 1110 2040 1185 majorem
2084 1118 2218 1173 fidu-

677 1215 812 1268 ciam
843 1212 1063 1276 habetis,
1117 1212 1409 1271 caritatem,
1443 1204 1872 1259 consuetudinem
1903 1218 1917 1256 :
1960 1217 2062 1255 non
2113 1202 2226 1254 hinc

682 1313 802 1358 sunt
832 1311 1002 1355 autem
1032 1317 1184 1370 parva
1205 1301 1267 1354 ad
1293 1299 1607 1359 doctrinam,
1638 1296 1727 1349 sed
1757 1297 1928 1363 magni
1950 1303 2002 1347 et
2031 1310 2225 1363 oppor-

676 1395 788 1444 tuni
820 1391 989 1443 aditus
1017 1410 1028 1443 :
1068 1388 1233 1456 magis
1273 1402 1425 1456 quam
1456 1399 1550 1438 nos
1582 1384 1819 1452 poteritis
1876 1385 2143 1450 increpare
2173 1391 2225 1436 et

678 1482 963 1534 exhortari.
993 1479 1096 1532 Nec
1125 1478 1222 1531 hoc
1251 1476 1417 1530 solum
1441 1491 1455 1538 ;
1484 1473 1576 1527 sed
1604 1472 1850 1541 quoniam
1891 1486 1988 1540 ego
2013 1472 2221 1540 quidem

679 1586 791 1623 sum
823 1585 977 1632 unus,
1009 1583 1098 1621 vos
1119 1578 1289 1620 autem
1315 1566 1481 1627 multi,
1516 1564 1753 1630 poteritis
1780 1563 1937 1616 etiam
1969 1572 2223 1632 quotquot

675 1661 803 1714 estis
838 1674 1020 1712 omnes
1046 1672 1163 1710 esse
1187 1658 1450 1709 doctores.
1501 1653 1850 1720 Quamobrem
1868 1667 2009 1720 trogo
2036 1667 2126 1704 vos
2156 1668 2222 1705 ne

675 1749 949 1816 ncgligatis
974 1748 1105 1799 hanc
1123 1745 1370 1814 gratiam;
1397 1743 1761 1811 unusquisque
1786 1742 1942 1794 habet
1963 1753 2174 1794 uxorem
2201 1783 2216 1806 ,

678 1837 833 1888 habet
858 1834 1103 1898 amicum,
1133 1835 1289 1888 habet
1312 1833 1580 1892 famulum,
1611 1831 1764 1884 habet
1803 1831 2025 1883 vicinum
2058 1849 2069 1882 :
2100 1846 2220 1884 eum

678 1928 927 1994 increpet,
955 1941 1073 1979 eum
1099 1925 1393 1977 admoneat.
1427 1921 1697 1987 Quomodo
1723 1921 1861 1973 enim
1894 1935 1996 1973 non
2025 1930 2105 1974 est
2124 1921 2220 1975 ab-

674 2015 926 2078 surdum,
960 2030 1052 2081 pro
1086 2013 1336 2066 alimento
1383 2011 1592 2078 quidem
1639 2009 1810 2065 facere
1849 2010 2121 2074 convivia,
2166 2021 2220 2065 et

670 2103 808 2156 diem
839 2103 1027 2156 habere
1049 2103 1385 2156 constitutum
1419 2110 1473 2153 ut
1519 2102 1653 2152 inter
1684 2114 1741 2154 se
1780 2103 2093 2154 conveniant
2120 2143 2133 2167 ,
2168 2112 2221 2157 et

669 2193 806 2257 quod
831 2191 1107 2258 unicuique
1136 2191 1282 2244 deest
1310 2191 1528 2256 implere
1566 2204 1658 2256 per
1687 2191 1991 2242 societatem
2028 2209 2040 2242 :
2073 2192 2218 2246 verbi

672 2282 854 2347 gratia,
885 2281 994 2332 sive
1018 2279 1245 2333 eundum
1271 2280 1337 2331 sit
1365 2283 1428 2331 ad
1458 2280 1612 2331 funus
1641 2278 1984 2343 efferendum,
2009 2282 2120 2335 sive
2149 2282 2215 2336 ad

673 2370 966 2438 prandium,
1000 2370 1108 2422 sive
1136 2369 1201 2420 sit
1230 2369 1278 2420 in
1307 2367 1484 2435 aliquo
1507 2368 1779 2420 ferendum
1806 2370 2043 2436 proximo
2070 2372 2216 2423 auxi-

673 2461 794 2514 lium
826 2478 839 2512 :
869 2460 932 2512 ad
960 2459 1244 2513 docendam
1275 2470 1447 2512 autem
1470 2459 1712 2511 virtutem
1741 2475 1842 2512 non
1877 2461 1975 2514 hoc
2005 2461 2215 2516 facere?

673 2550 840 2602 Etiam
870 2564 992 2614 rogo
1019 2563 1172 2600 nemo
1201 2550 1425 2615 negligat
1452 2563 1464 2598 :
1498 2548 1729 2614 accipiet
1744 2548 1882 2601 enim
1908 2564 2146 2618 magnam
2185 2566 2214 2604 a

671 2639 777 2692 Deo
804 2638 1116 2690 mercedem.
1152 2637 1215 2689 Et
1248 2646 1301 2689 ut
1330 2636 1612 2704 intelligas,
1646 2638 1728 2689 cui
1757 2638 1987 2705 quinque
2011 2640 2212 2693 credita

667 2739 788 2780 sunt
818 2728 1030 2790 talenta,
1057 2729 1098 2780 is
1115 2735 1196 2779 est
1215 2725 1400 2780 doctor
1424 2743 1440 2790 ;
1464 2727 1544 2779 cui
1573 2734 1744 2778 autem
1777 2742 1955 2792 unum,
1980 2729 2213 2797 discipu-

670 2821 767 2872 lus.
805 2819 858 2871 Si
884 2818 1072 2870 dixerit
1100 2816 1388 2884 discipulus
1409 2857 1422 2877 ,
1469 2815 1592 2869 Sum
1622 2816 1908 2883 discipulus
1930 2858 1943 2880 ,
1988 2820 2038 2870 in
2067 2819 2212 2874 nullo

667 2923 850 2962 versor
899 2906 1160 2975 periculo;
1213 2916 1263 2957 et
1308 2918 1640 2957 communem
1685 2904 1819 2957 hanc
1864 2921 2019 2973 quam
2047 2921 2073 2957 a
2107 2907 2212 2961 Deo

667 2997 868 3064 accepit
911 2995 1159 3048 doctrinae
1199 2994 1470 3054 rationem,
1517 2993 1705 3045 nudam
1750 2993 2106 3059 absconderit,
2158 3004 2212 3049 et

667 3068 770 3140 non
801 3085 1148 3145 admonuerit,
1177 3093 1227 3136 et
1254 3099 1356 3135 non
1386 3082 1590 3136 dicendi
1619 3082 1853 3136 libertate
1882 3098 2005 3136 usus
2035 3085 2207 3150 fuerit,

668 3192 770 3227 non
799 3176 1049 3241 arguerit,
1081 3189 1182 3224 non
1202 3173 1423 3225 suaserit
1451 3173 1490 3223 si
1508 3180 1695 3238 potest,
1717 3172 1808 3224 sed
1838 3174 1885 3225 in
1920 3183 2057 3225 terra
2086 3175 2210 3228 abs-

666 3267 902 3320 conderit
930 3282 940 3315 :
976 3279 1099 3317 vere
1127 3264 1265 3315 enim
1297 3271 1376 3314 est
1405 3272 1541 3315 terra
1567 3271 1622 3314 et
1647 3262 1778 3313 cinis
1803 3277 1895 3314 cor
1928 3261 2064 3330 quod
2091 3264 2211 3316 abs-

663 3357 838 3409 condit
868 3356 954 3406 Dei
981 3354 1201 3422 gratiam
1228 3369 1241 3414 ;
1274 3351 1316 3404 si
1344 3367 1467 3418 ergo
1506 3350 1834 3404 absconderit
1863 3361 1952 3403 aut
1996 3362 2207 3420 propter

664 3447 945 3514 pigritiam,
971 3453 1058 3495 aut
1081 3451 1293 3511 propter
1317 3442 1722 3508 improbitatem,
1750 3456 1852 3494 non
1875 3456 1994 3496 eum
2024 3443 2206 3497 defen-

646 3532 731 3585 det
758 3543 808 3584 et
834 3534 1102 3586 excusabit
1131 3533 1267 3600 quod
1297 3532 1471 3592 dicat,
1513 3529 1680 3582 Unum
1721 3529 1872 3579 habui
1914 3527 2184 3582 talentum.

651 3619 816 3672 Unum
842 3621 1069 3674 habebas
1092 3622 1340 3672 talentum
1363 3619 1664 3682 :oportebat
1683 3619 1901 3669 alterum
1923 3617 2111 3670 ali'erre
2136 3625 2188 3670 et

649 3708 895 3759 talentum
927 3708 1192 3775 duplicare
1229 3724 1241 3759 :
1269 3707 1310 3757 si
1335 3706 1502 3757 adhuc
1533 3721 1690 3756 unum
1719 3704 1980 3758 attulisses
2004 3744 2018 3766 ,
2049 3705 2187 3758 nulla

647 3806 786 3848 esset
815 3796 989 3861 culpa.
1012 3797 1187 3862 Neque
1209 3796 1346 3847 enim
1375 3796 1420 3846 ei
1449 3794 1534 3862 q-ui
1567 3794 1669 3844 duo
1692 3793 1879 3856 attulit,
1909 3791 2190 3845 dixit:Cur

649 3903 748 3938 non
774 3887 999 3954 quinque
1020 3887 1234 3938 attulisti
1252 3891 1273 3937 Υ
1293 3885 1380 3937 sed
1405 3900 1521 3938 eum
1551 3883 1732 3937 iisdem
1755 3882 1965 3947 dignum
1988 3883 2189 3934 censuit

645 3976 832 4043 quibus
854 3990 969 4027 eum
990 3975 1072 4043 qui
1093 3976 1317 4042 quinque
1339 3972 1734 4036 attulit.Quare?
1751 3970 2003 4036 Quoniam
2027 3987 2121 4037 qua
2133 3988 2187 4022 n-

647 4076 753 4117 tum
781 4066 954 4116 habuit
980 4063 1234 4125 exercuit,
1258 4078 1352 4115 nec
1378 4063 1497 4115 sivit
1521 4076 1638 4114 esse
1663 4063 1907 4123 otiosum,
1939 4075 2035 4113 nec
2055 4075 2186 4128 quo-

647 4157 782 4206 niam
813 4155 980 4205 minus
1003 4154 1198 4220 accepit
1225 4168 1378 4218 quam
1410 4151 1491 4203 cui
1520 4150 1724 4203 fuerant
1748 4150 1932 4203 tradita
1962 4152 2189 4218 quinque

647 4248 860 4310 talenta,
891 4256 1164 4310 propterea
1195 4244 1288 4295 fuit
1314 4244 1580 4310 negligens
1606 4281 1620 4305 ,
1651 4257 1748 4294 nec
1776 4244 2037 4307 paucitate
2064 4255 2188 4294 usus

646 4343 724 4385 est
755 4333 817 4383 ad
860 4333 1046 4385 otium.
1078 4331 1183 4384 Nec
1212 4341 1260 4385 te
1287 4332 1562 4398 oportebat
1588 4333 1826 4397 aspicere
1861 4331 1924 4381 ad
1956 4347 2071 4383 eum
2102 4332 2189 4398 qui

647 4424 747 4474 duo
776 4423 1024 4482 habebat;
1050 4421 1150 4472 imo
1167 4436 1290 4472 vero
1313 4421 1465 4471 etiam
1491 4419 1552 4471 ad
1584 4419 1727 4473 illum
1751 4420 2022 4486 oportebat
2047 4419 2190 4484 aspi-

646 4527 786 4569 cere,
812 4525 862 4562 et
884 4510 1318 4576 quemadmodum
1350 4512 1434 4562 ille
1460 4524 1577 4562 enm
1606 4509 1709 4561 duo
1741 4509 1977 4572 haberet,
2013 4509 2188 4564 imitao

650 4617 728 4655 tus
756 4612 833 4654 est
867 4603 1011 4653 illum
1042 4602 1122 4653 cui
1151 4601 1266 4653 data
1292 4599 1497 4653 fuerant
1521 4601 1746 4667 quinque
1773 4641 1785 4661 ,
1814 4601 1881 4652 ita
1912 4611 1959 4652 te
1983 4615 2188 4669 quoque

648 4693 836 4745 imitari
867 4693 1141 4749 onortebat
1178 4707 1294 4742 eum
1327 4691 1403 4743 cui
1443 4691 1544 4742 duo
1574 4691 1782 4744 fuerunt
1811 4691 2012 4745 tradita.
2060 4693 2200 4746 Nam.

646 4787 687 4837 si
722 4787 764 4837 ei
796 4784 877 4849 qui
911 4783 1064 4834 habet
1096 4783 1357 4848 pecunias.
1393 4791 1443 4832 et
1493 4795 1593 4832 non
1640 4781 1911 4848 impertit,
1941 4781 2186 4848 inﬂigitur

645 4874 972 4940 supplicium,
1005 4872 1050 4922 ei
1076 4871 1160 4937 qui
1186 4880 1354 4937 potest
1377 4869 1861 4937 quomodocumque
1885 4872 2185 4936 admouere,

645 4974 697 5014 ct
727 4964 821 5012 hoc
853 4975 952 5011 non
984 4961 1106 5011 facit
1135 5001 1146 5021 ,
1178 4962 1436 5028 quomodo
1469 4975 1569 5011 non
1612 4962 1894 5012 maximum
1934 4962 2189 5026 infligetur

648 5051 950 5116 Supplicium
978 5050 1000 5085 9
1045 5049 1150 5100 Illic
1177 5063 1364 5113 corpus
1397 5051 1621 5101 nutritur
1648 5089 1661 5111 ,
1696 5050 1777 5101 hic
1804 5052 1972 5102 anima
2031 5069 2040 5100 :
2086 5053 2191 5105 illic

648 5151 866 5190 mortem
900 5137 1143 5203 prohibes
1174 5141 1531 5204 temporalem,
1569 5138 1652 5189 hic
1675 5148 1946 5192 aiternam.

714 5231 765 5281 ὅ.
802 5231 867 5277 At
905 5241 1004 5277 non
1037 5236 1137 5290 est,
1172 5228 1328 5294 inquit
1361 5271 1370 5291 ,
1407 5229 1531 5280 mihi
1563 5227 1769 5282 dicendi
1805 5228 2040 5283 facultas.
2088 5232 2189 5285 Sed

646 5317 849 5368 «licendi
880 5316 1120 5368 facultate
1165 5331 1266 5368 non
1309 5329 1388 5370 est
1430 5335 1597 5382 opus,
1630 5337 1730 5371 non
1784 5323 2097 5388 eloquentia.
2134 5324 2186 5377 Si

649 5410 836 5459 uteris
864 5409 1084 5460 amicum
1133 5418 1482 5470 scortantem,
1538 5411 1619 5464 dic
1650 5414 1737 5464 ei:
1783 5413 1884 5467 Res
1929 5431 2004 5466 est
2058 5418 2190 5469 mala

647 5513 798 5563 qnam
837 5497 1097 5556 admittis;
1143 5513 1243 5549 non
1291 5509 1338 5550 te
1378 5501 1551 5566 pudet,
1606 5517 1709 5553 non
1760 5507 2068 5557 erubescis?
2112 5520 2192 5560 est

647 5590 782 5637 ciiim
815 5589 1024 5639 malum.
1063 5588 1149 5639 ille
1193 5601 1392 5648 neseit,
1426 5592 1624 5656 inquies
1646 5633 1658 5654 ,
1693 5594 1828 5660 quod
1861 5597 1925 5645 sit
1956 5597 2191 5649 malum?

648 5677 801 5725 tit-ite
833 5676 962 5737 scit,
998 5676 1084 5726 sed
1123 5677 1343 5727 trahitur
1374 5692 1399 5727 a
1429 5679 1729 5744 cupiditate.
1757 5680 1957 5749 Egroti
1991 5703 2193 5749 quoque

650 5777 816 5815 suun;
850 5779 992 5830 aqum
1023 5763 1219 5831 frigidm.
1263 5776 1436 5832 potum
1481 5783 1595 5820 esse
1629 5771 1855 5836 malum,
1889 5783 1976 5828 sed
2012 5789 2180 5828 tamen

1324 384 1378 440 S.
1420 378 1689 438 JOANNIS
1713 373 2174 432 CIIRYSUSTOMI
2227 373 2532 431 ARCllIEP.
2565 376 3082 434 CONSTANTINOP.

3751 369 3861 426 ’ΞΩ

2295 496 2448 558 egent
2477 487 2541 542 iis
2564 487 2653 557 qui
2683 487 2788 540 sint
2811 486 3124 554 prohibituri
3160 503 3170 537 :
3207 500 3325 537 nam
3351 483 3438 552 qui
3471 493 3678 537 tenetur
3699 483 3837 536 all'e-

2293 580 2490 641 etione,
2539 591 2639 629 non
2688 576 2862 628 statim
2894 574 2992 627 sibi
3047 574 3098 627 in
3130 573 3312 625 morbo
3353 574 3542 640 poterit
3573 572 3846 625 Sufficere.

2296 664 2371 720 Te
2413 680 2538 734 ergo
2565 680 2693 718 sano
2720 679 2853 732 Opus
2879 664 2940 715 ad
2973 663 3110 715 illius
3133 665 3456 716 curationem
3491 680 3502 712 :
3531 671 3584 715 et
3613 661 3657 715 si
3688 663 3850 714 verbo

2299 771 2399 807 non
2431 753 2581 807 fuerit
2609 744 2909 822 persuasus,
2940 752 3161 805 observa
3191 761 3400 805 euntem
3427 760 3478 804 et
3503 753 3672 804 retine
3697 794 3709 814 ,
3743 751 3850 804 ior-

2301 845 2654 913 tasse.pudore
2674 843 2952 895 afficietur.
2984 841 3206 908 thnid,
3237 842 3424 909 inquit,
3450 842 3616 909 juvat,
3653 841 3695 892 si
3728 856 3854 906 pro-

2301 949 2414 1003 pter
2443 951 2525 988 me
2555 934 2652 987 boc
2680 934 2848 996 faciat,
2886 943 2938 987 et
2960 934 3146 1002 quoda
3171 949 3254 986 me
3285 933 3440 985 fuerit
3466 933 3748 986 retentus?
3774 930 3853 986 Ne

2300 1036 2540 1078 accurate
2570 1024 2817 1076 scruteris
2870 1042 2880 1075 :
2924 1024 3133 1076 interim
3169 1037 3502 1089 quocumque
3529 1021 3686 1075 modo
3725 1035 3850 1075 eum

2300 1117 2466 1169 abduc
2492 1130 2520 1167 a
2553 1116 2683 1166 mala
2710 1115 2917 1167 actione
2943 1132 2955 1179 ;
2987 1123 3252 1166 assuescat
3282 1129 3384 1165 non
3411 1115 3485 1167 ire
3503 1114 3564 1166 ad
3594 1113 3720 1165 illud
3753 1114 3850 1165 ba-

2303 1205 2574 1266 rathrum;
2605 1203 2715 1255 sive
2759 1218 2851 1269 per
2901 1212 2948 1254 te
2970 1243 2982 1266 ,
3035 1203 3143 1253 sive
3174 1202 3278 1254 alio
3309 1201 3464 1253 modo
3493 1201 3806 1255 cohibeatur
3834 1242 3849 1262 ,

2305 1294 2498 1345 lucrum
2544 1293 2662 1346 hinc
2697 1293 2813 1345 erit.
2861 1292 2988 1344 Cum
3037 1291 3176 1343 enim
3221 1290 3567 1343 assuefeccris
3593 1306 3713 1343 eum
3761 1290 3854 1342 illo

2302 1398 2402 1434 non
2435 1384 2540 1443 ire,
2588 1391 2711 1434 tunc
2735 1382 2930 1448 poteris
2965 1381 3172 1448 paulum
3203 1381 3548 1446 respiran'tem
3577 1392 3855 1430 assumens

2299 1471 2489 1525 docere
2526 1470 2663 1539 quod
2706 1480 2918 1538 propter
2965 1471 3127 1523 Deum
3172 1479 3376 1537 Oportet
3407 1469 3507 1523 hoc
3560 1468 3731 1522 facere
3756 1509 3769 1532 ,
3803 1477 3856 1522 et

2302 1575 2401 1614 non
2448 1573 2660 1628 propter
2709 1561 3002 1614 hominem.
3054 1561 3129 1613 Ne
3177 1561 3309 1613 velis
3341 1560 3641 1613 universum
3698 1560 3855 1612 simul

2301 1654 2560 1720 corrigere
2586 1669 2598 1714 ;
2632 1667 2732 1704 non
2761 1652 2898 1706 enim
2923 1651 3150 1718 poteris;
3181 1649 3270 1704 sed
3296 1651 3491 1703 sensim
3506 1650 3851 1718 etpaulatim.

2300 1740 2352 1794 Si
2384 1742 2572 1795 videris
2597 1757 2717 1795 eum
2746 1751 2956 1794 euntem
2983 1741 3046 1794 ad
3079 1743 3524 1809 compotationem
3557 1749 3611 1793 et
3637 1741 3701 1792 ad
3727 1756 3857 1794 con-

2301 1833 2430 1885 vivia
2457 1833 2608 1901 plena
2652 1833 2904 1886 ebrietate
2928 1872 2942 1895 ,
2984 1833 3094 1885 illic
3133 1847 3343 1900 quoque
3375 1831 3459 1884 fac
3502 1832 3726 1899 idipsum
3753 1849 3766 1891 ς
3799 1844 3855 1885 et

2299 1937 2479 1975 rursus
2519 1936 2636 1975 eum
2683 1937 2828 1991 roga,
2867 1931 2922 1975 ut
2969 1921 3015 1976 si
3065 1922 3250 1975 viderit
3277 1922 3329 1974 in
3364 1929 3413 1974 te
3452 1921 3676 1988 aliquem
3705 1920 3857 1974 defe-

2298 2022 2438 2066 ctum
2470 2028 2530 2066 ac
2559 2013 2760 2075 vitium,
2809 2013 2901 2066 tibi
2929 2027 3083 2081 Opem
3128 2011 3259 2066 ferat
3296 2023 3350 2066 et
3398 2023 3448 2065 te
3476 2014 3723 2080 corrigat.
3765 2013 3857 2067 Sic

2299 2105 2435 2155 enim
2483 2102 2616 2154 etin
2663 2116 2720 2155 se
2757 2101 2889 2155 feret
2943 2102 3405 2169 reprehensionem
3432 2142 3446 2164 ,
3499 2117 3620 2156 cum
3663 2103 3860 2157 \‘idcrit

2301 2201 2348 2244 te
2393 2207 2601 2259 quoque
2640 2206 2771 2259 opus
2823 2192 3015 2245 habere
3064 2201 3118 2244 ut
3175 2191 3617 2258 reprehendaris,
3648 2202 3701 2245 et
3750 2209 3855 2245 non

2300 2288 2560 2348 tamquam
2605 2279 2777 2333 omnia
2815 2281 3204 2350 corrigentem,
3243 2296 3413 2349 neque
3455 2291 3717 2348 tamquam
3756 2281 3856 2335 do-

2297 2381 2534 2435 ctorem,
2581 2371 2669 2424 sed
2716 2379 2977 2440 tamquam
3037 2371 3260 2426 amicum
3323 2382 3375 2424 et
3421 2373 3634 2426 fratrem
3697 2388 3855 2442 opem

2299 2457 2452 2512 ferre.
2509 2460 2597 2511 Dic
2638 2460 2687 2514 ei
2736 2477 2748 2512 :
2793 2460 2901 2528 Ego
2944 2461 3034 2513 tibi
3092 2461 3260 2528 profui
3325 2461 3613 2515 admonens
3669 2477 3855 2516 eorum

2298 2565 2413 2615 quae
2467 2558 2588 2601 sunt
2651 2551 2833 2613 utilia;
2888 2559 2938 2603 et
2997 2561 3047 2603 tu
3095 2551 3234 2620 quod
3284 2551 3334 2604 in
3386 2567 3468 2605 me
3519 2553 3714 2607 videris
3763 2553 3856 2607 dc.-

2302 2639 2480 2692 ticiens
2517 2647 2570 2693 et
2604 2640 2848 2693 vitiosum
2875 2654 3061 2694 coerce
3096 2650 3148 2694 et
3185 2643 3397 2710 corrigo
3430 2661 3441 2695 :
3475 2643 3516 2697 si
3544 2643 3855 2697 iracundum

2299 2729 2510 2793 videris,
2537 2728 2581 2781 si
2610 2745 2843 2795 avarum,
2876 2731 3123 2798 rcprime,
3155 2731 3256 2799 liga
3301 2747 3421 2785 eum
3468 2733 3856 2787 admonitione.

2297 2816 2409 2869 Hoc
2438 2827 2516 2870 est
2541 2818 2764 2871 amicitia
2797 2819 2908 2872 :sic
2935 2818 3098 2873 frater
3123 2835 3150 2872 a
3182 2820 3341 2874 fratre
3363 2820 3595 2888 adjutus,
3631 2826 3690 2877 lit
3717 2833 3857 2877 tam-

2303 2918 2456 2971 quam
2485 2905 2606 2956 urbs
2638 2904 2832 2956 munita
2865 2904 3054 2972 (Prov.
3094 2906 3177 2959 18.
3211 2907 3333 2975 19).
3367 2909 3476 2962 Non
3516 2914 3654 2965 enim
3712 2930 3855 2968 com-

2302 2991 2456 3045 edere
2483 3002 2532 3044 et
2561 2992 2735 3046 bibere
2759 2993 2950 3045 faciunt
2969 2995 3284 3059 amicitiam;
3313 2998 3467 3050 talem
3487 3001 3623 3052 enim
3653 3001 3856 3058 habent

2302 3082 2456 3135 etiam
2484 3083 2712 3136 latrones
2739 3094 2788 3136 et
2815 3085 3024 3147 sicarii;
3049 3085 3140 3138 sed
3169 3087 3211 3139 si
3242 3101 3422 3141 sumus
3449 3092 3625 3155 amici,
3659 3094 3702 3146 si
3728 3110 3855 3149 vere

2302 3171 2438 3223 alter
2478 3174 2692 3226 alterius
2719 3189 2895 3226 curam
2950 3177 3181 3243 gerimus
3209 3218 3222 3239 ,
3275 3179 3337 3229 ad
3387 3179 3498 3232 haec
3539 3181 3670 3235 alter
3701 3184 3853 3239 alteri

2302 3262 2635 3317 conferamus
2663 3281 2675 3314 :
2706 3264 2816 3316 haec
2835 3279 2931 3317 nos
2955 3265 3218 3319 adducunt
3239 3268 3302 3320 ad
3325 3270 3608 3322 amicitiam
3637 3274 3818 3328 utilem
3843 3293 3855 3335 ;

2301 3349 2414 3402 haec
2465 3352 2747 3418 prohibent
2788 3368 2854 3406 ne
2902 3355 3153 3407 ducamur
3196 3356 3260 3408 ad
3301 3358 3616 3426 gehennam.
3667 3361 3852 3431 Neque

2300 3453 2427 3507 ergo
2456 3441 2498 3492 is
2522 3441 2610 3507 qui
2640 3442 2876 3509 arguitur
2912 3459 3050 3512 aegre
3077 3444 3244 3508 ferat;
3293 3461 3471 3500 sumus
3511 3450 3652 3502 enim
3681 3451 3855 3505 homi-

2300 3543 2423 3586 nes.
2456 3541 2508 3582 et
2538 3540 2659 3582 sunt
2705 3532 2754 3582 in
2802 3532 2953 3586 nobis
3016 3535 3138 3587 vitia
3169 3546 3220 3588 et
3257 3537 3489 3591 defectus
3519 3558 3532 3592 :
3567 3555 3732 3609 neque
3761 3545 3851 3611 qui

2297 3619 2465 3684 arguit
2492 3618 2588 3672 hoc
2619 3619 2767 3673 faciat
2817 3632 3080 3691 tamquam
3125 3626 3299 3679 ridens
3330 3637 3379 3680 et
3409 3631 3705 3693 traducens.
3755 3637 3852 3688 sed

2299 3708 2537 3775 privatim
2567 3725 2684 3763 cum
2716 3713 2931 3767 lenitate
2958 3725 3008 3768 et
3034 3719 3440 3772 mansuetudine
3474 3738 3486 3771 :
3519 3723 3676 3776 multa
3706 3727 3848 3778 enim

2299 3798 2509 3852 lenitate
2549 3815 2678 3867 opus
2735 3803 2890 3856 habet
2940 3807 3028 3874 qui
3079 3808 3283 3875 arguit,
3328 3819 3386 3862 ut
3415 3813 3483 3862 ita
3539 3809 3854 3880 persuadeat

2298 3889 2434 3942 ferre
2488 3890 2816 3946 incisionem.
2867 3894 2980 3948 Non
3037 3897 3181 3951 vides
3229 3914 3346 3952 cum
3395 3915 3583 3968 quanta
3636 3907 3850 3961 lenitate

2297 3979 2483 4031 medici
2506 3981 2754 4034 adhibent
2779 3987 3103 4041 curationem
3130 3990 3338 4056 quando
3364 4003 3518 4044 urunt
3548 4003 3599 4046 et
3624 4007 3803 4049 secant
3827 4000 3849 4049 ?

2297 4067 2454 4132 Multo
2508 4071 2670 4137 magis
2715 4072 2812 4125 hoc
2857 4073 3026 4129 facere
3073 4089 3287 4144 oportet
3320 4097 3410 4135 eos
3441 4085 3526 4150 qui
3559 4099 3779 4153 arguunt
3834 4108 3844 4140 :

2297 4171 2414 4208 nam
2444 4167 2495 4210 et
2539 4162 2656 4226 igne
2698 4172 2750 4213 et
2781 4164 2921 4217 ferro
2950 4166 3313 4223 vehementius
3359 4174 3698 4239 reprehensio
3730 4180 3852 4233 facit

2296 4247 2505 4300 exsilire
2542 4269 2551 4300 :
2586 4250 2805 4317 ideoque
2828 4254 3015 4307 medici
3044 4271 3286 4324 magnum
3316 4274 3513 4328 ponunt
3540 4266 3765 4320 studium
3792 4280 3848 4321 nt

2299 4337 2482 4391 leniter
2511 4339 2681 4394 ferant
2713 4344 3015 4399 ineisionem
3039 4387 3053 4410 ,
3085 4358 3137 4400 et
3162 4365 3316 4417 quam
3349 4352 3705 4418 placidissime
3737 4361 3848 4412 fiezi

2298 4437 2468 4493 potest
2496 4445 2608 4482 eam
2635 4431 2923 4497 adhibent,
2950 4444 3002 4488 et
3028 4451 3207 4504 parum
3250 4442 3495 4497 cedentes
3521 4486 3533 4505 ,
3578 4455 3630 4499 et
3655 4448 3846 4504 deinde

2295 4521 2642 4574 concedentes
2689 4535 2739 4575 ut
2788 4527 3067 4592 respirent.
3109 4528 3194 4583 Sic
3228 4541 3349 4584 sunt
3393 4536 3548 4589 etiam
3597 4538 3848 4595 faciend.e

2295 4612 2755 4692 reprehensiones,
2787 4625 2840 4668 ut
2871 4619 2955 4683 qui
2985 4632 3274 4688 arguuntur
3311 4640 3412 4676 non
3448 4629 3701 4682 resiliant.
3736 4631 3847 4686 Etsi

2294 4716 2416 4767 ergo
2448 4715 2687 4767 oporteat
2716 4710 3042 4761 contumelia
3071 4711 3224 4772 allici,
3258 4717 3353 4767 etsi
3384 4718 3556 4786 plagas
3583 4723 3842 4788 accipere,

2294 4805 2395 4841 non
2429 4807 2748 4847 recusemus.
2784 4796 2910 4849 Nam
2942 4808 2993 4852 et
3020 4798 3092 4851 illi
3136 4803 3222 4868 qui
3263 4803 3543 4871 seeantur,
3590 4812 3765 4866 valide
3792 4825 3845 4866 et

2295 4882 2571 4947 plurimum
2609 4886 2960 4940 vociferantur
2989 4891 3242 4944 adversus
3278 4909 3367 4946 eos
3393 4899 3476 4963 qni
3505 4912 3680 4952 secant
3707 4919 3718 4961 ;
3755 4905 3846 4956 sed

2294 4972 2363 5024 illi
2411 4974 2533 5023 nihil
2573 4981 2756 5027 horum
2791 4989 3029 5044 spectant
3063 5021 3076 5044 ,
3114 4984 3207 5034 sed
3237 4998 3414 5037 eorum
3446 4989 3607 5040 solam
3636 4992 3721 5059 qui
3768 4993 3848 5044 la-

2292 5060 2472 5113 borant
2507 5067 2745 5118 salutem.
2781 5068 2851 5118 lta
2882 5068 2963 5121 hic
2989 5085 3208 5138 quoque
3237 5087 3441 5141 oportet
3472 5082 3643 5132 omnia
3678 5081 3847 5137 facere

2292 5152 2487 5202 utiliter
2510 5154 2570 5202 ad
2605 5155 3086 5221 reprehensionem,
3121 5164 3296 5214 omnia
3337 5164 3492 5229 ferre,
3537 5171 3846 5236 aspicientes

2293 5240 2353 5291 ad
2382 5251 2671 5293 [mercedem
2707 5249 3045 5310 proiiosilam.
3073 5248 3222 5312 Alter,
3255 5253 3436 5321 inquit,
3463 5259 3665 5311 alterius
3694 5277 3845 5314 onera

2298 5342 2474 5399 portati
2514 5377 2522 5386 .
2558 5349 2598 5385 et
2634 5339 2698 5385 itu
2728 5339 2925 5404 implete
2950 5340 3105 5408 legem
3133 5340 3317 5396 Christi
3359 5347 3513 5415 (Gal.
3551 5354 3601 5406 6.
3633 5357 3665 5408 Ξ
3689 5360 3727 5424 ).
3756 5360 3847 5415 Sic

2297 5438 2418 5489 ergo
2462 5438 2508 5476 e:
2546 5429 3019 5493 reprehendentes,
3049 5442 3099 5485 et
3138 5434 3269 5489 alter
3310 5438 3533 5494 alterum
3577 5443 3806 5503 ferentes
3830 5495 3842 5517 ,

2297 5530 2569 5581 pllSSllllills~
2600 5520 2814 5585 implere
2841 5520 3240 5580 aedificationem
3257 5527 3446 5583 Christi
3482 5549 3494 5583 :
3518 5544 3570 5587 et
3594 5536 3666 5588 sic
3692 5540 3846 5594 nobis

2295 5605 2458 5656 levem
2492 5608 2687 5658 anulatis
2732 5611 2962 5665 laborem
2986 5654 3000 5677 ,
3031 5615 3180 5669 nobis
3207 5632 3357 5684 opem
3386 5621 3612 5677 ferentes
3645 5627 3693 5681 in
3724 5645 3841 5683 om«

2294 5697 2461 5746 nitnts.
2491 5718 2515 5746 t.‘
2570 5714 2776 5749 manum
2807 5703 3118 5768 przebentes,
3150 5705 3319 5760 effecti
3362 5714 3641 5781 participes
3672 5729 3721 5770 et
3749 5733 3834 5770 So-

2278 5796 2339 5845 cii
2372 5836 2380 5854 ,
2415 5805 2460 5844 et
2493 5812 2550 5845 at.
2577 5810 2617 5845 ητ
2643 5794 2854 5846 alterius
2871 5796 3050 5850 salutis
3080 5807 3132 5852 et
3160 5813 3266 5854 suae
3296 5799 3664 5868 unusquisque.
3699 5802 3829 5856 Sus-
