4134 6342
282 370 393 428 υτ)

1012 367 1070 432 i.\'
1110 372 1321 430 EPIST.
1364 364 1450 423 AD
1489 363 1846 422 liEBR.-£OS.
1876 363 2023 420 CAP.
2066 365 2177 421 ΧΠ.
2222 367 2445 423 ΠΟΜΠ..
2493 366 2658 423 XXXI

3422 359 3523 415 ΞΗ

296 483 555 531 tineamus
592 487 718 543 ergo
763 480 814 527 et
838 471 972 526 alter
1014 470 1231 523 alterius
1268 480 1426 521 onera
1467 471 1774 535 gestantes,
1806 471 1860 517 et
1946 462 2157 519 Christo
2202 464 2330 520 Jesu
2355 466 2581 520 Domino
2613 475 2793 519 nostro
2824 508 2832 526 ,
2868 479 2985 517 cum
3016 479 3118 535 quo
3145 462 3284 518 Patri
3315 461 3516 531 gloria,

294 575 580 637 arguentes
604 580 617 617 :
646 575 698 616 nt
726 576 1073 631 assequamur
1101 558 1237 612 bona
1282 557 1435 609 nobis
1474 553 1731 624 promissa
1756 593 1772 617 ,
1806 553 1857 605 in
1950 571 2049 609 una
2077 570 2197 611 cum
2225 567 2408 611 sancto
2427 557 2648 628 Spiritu,
2674 566 2757 611 etc

269 973 399 1028 Car.
426 970 512 1027 I2.
542 985 594 1024 v.
626 969 713 1023 Ν.
736 966 922 1020 Pacem
948 962 1209 1030 sequimini
1234 976 1348 1013 cum
1394 956 1622 1013 omnibus
1646 970 1691 1009 et
1718 972 1836 1009 san-

424 1062 734 1123 ctimoniam,
753 1057 861 1111 sine
881 1071 981 1125 qua
1005 1068 1149 1108 nemo
1177 1050 1359 1105 uidebit
1388 1048 1680 1102 Dominum.

345 1155 393 1208 1.
422 1152 581 1206 Multa
608 1149 815 1218 quidem
854 1155 977 1200 sunt
1023 1158 1140 1212 qure
1180 1141 1481 1209 exprimunt
1523 1136 1832 1193 Clit'iStiani-

266 1261 441 1299 smum
468 1261 479 1296 :
506 1242 671 1311 magis
720 1250 897 1291 autem
926 1250 1081 1306 quam
1110 1234 1320 1297 omnia,
1354 1240 1407 1286 et
1450 1230 1637 1284 melius
1680 1244 1836 1298 quam

264 1333 470 1398 ontttia,
502 1340 679 1385 mutua
703 1320 842 1384 inter
888 1342 947 1382 se
990 1324 1205 1379 dilectio
1229 1331 1283 1376 et
1303 1337 1423 1391 pax.
1448 1320 1571 1375 Ideo
1595 1319 1837 1375 Christus

263 1435 478 1491 quoque
501 1420 661 1474 dicit:
690 1416 874 1471 Pacem
902 1431 1062 1468 meam
1084 1418 1147 1467 do
1170 1412 1304 1466 vobis
1322 1428 1338 1476 ,'
1358 1420 1408 1466 et
1425 1423 1628 1471 rursus,
1657 1408 1720 1462 In
1744 1410 1839 1462 hoc

262 1514 420 1568 scient
440 1527 608 1565 omnes
629 1510 763 1579 quod
782 1507 1017 1575 discipuli
1049 1506 1143 1558 mei
1163 1507 1302 1568 estis,
1325 1504 1371 1557 si
1405 1502 1678 1557 dilexeritis
1703 1504 1834 1555 inui-

262 1620 374 1658 cem
394 1602 569 1674 (Joan.
596 1602 679 1655 H.
698 1601 785 1655 27.
808 1608 852 1652 ιι
874 1599 955 1653 15.
976 1596 1086 1666 55).
1120 1595 1242 1651 Ideo
1268 1594 1462 1651 Paulus
1477 1593 1637 1649 etiam
1666 1594 1793 1647 dicit
1818 1610 1834 1647 :

263 1696 455 1751 Pacem
483 1694 744 1765 sequimini
770 1706 884 1745 cum
912 1688 1136 1744 omnibus
1163 1698 1210 1741 et
1244 1686 1593 1751 sanctitatem,
1623 1684 1725 1739 hoc
1752 1692 1836 1738 est

262 1787 621 1850 honestatem,
649 1785 755 1837 sine
776 1798 875 1851 qua
904 1796 1045 1835 nemo
1071 1777 1254 1833 uidebit
1272 1776 1561 1831 Dominum.
1594 1776 1681 1833 15.
1704 1774 1837 1831 Con-

261 1880 563 1947 templantes
592 1892 653 1928 ne
692 1874 802 1943 quis
822 1874 945 1925 desit
964 1871 1141 1942 gratia
1165 1867 1278 1932 Dei.
1306 1868 1594 1936 Tamquam
1626 1866 1832 1935 longam

260 1971 497 2039 aliquam
518 1968 654 2019 viam
682 1965 732 2018 in
763 1978 952 2032 magno
967 1962 1217 2016 comitatu
1236 1960 1392 2014 simul
1409 1956 1831 2022 conlidentibus,

258 2058 473 2125 Videte,
504 2057 696 2126 inquit,
734 2069 799 2109 ne
822 2055 939 2124 quis
978 2049 1289 2106 remanserit
1318 2068 1330 2102 :
1365 2065 1470 2103 non
1517 2048 1619 2102 hoc
1660 2048 1832 2102 solum

256 2164 444 2220 quaero
470 2157 528 2202 ut
555 2162 648 2202 vos
678 2144 963 2209 accedatis,
1011 2142 1106 2198 sed
1151 2151 1207 2197 ut
1250 2141 1384 2195 alios
1410 2154 1621 2211 quoque
1648 2138 1832 2193 obser-

255 2244 415 2298 vetis.
452 2238 535 2294 Ne
568 2241 696 2309 quis,
739 2237 927 2309 inquit.
948 2235 1076 2289 desit
1126 2236 1306 2306 gratia:
1324 2231 1441 2286 Dei.
1469 2230 1704 2287 Gratiam
1738 2231 1830 2286 Dei

253 2331 436 2387 latura
456 2330 585 2385 dicit
614 2328 768 2393 bona,
802 2326 956 2381 [idem
987 2324 1366 2395 evangelicum,
1412 2323 1668 2391 optimam
1708 2321 1831 2375 vita:

255 2422 645 2477 institutionem
677 2438 691 2472 :
718 2427 839 2472 sunt
866 2417 1007 2471 enim
1038 2415 1214 2469 omnia
1249 2414 1336 2469 Dei
1365 2412 1568 2483 gratim.
1597 2412 1673 2468 Ne
1698 2412 1829 2467 mihi

258 2510 479 2570 dixeris.
510 2507 656 2563 Unus
678 2515 759 2561 est
783 2505 873 2576 qui
906 2503 1079 2575 perit:
1124 2513 1178 2559 et
1218 2513 1434 2572 propter
1477 2517 1641 2556 unum
1686 2505 1830 2557 mor-

254 2609 383 2655 tuus
399 2608 478 2654 est
490 2597 754 2654 Christus.
769 2596 990 2665 Propter
1006 2609 1167 2648 unum
1190 2604 1431 2647 mortuus
1452 2601 1533 2648 est
1548 2591 1793 2647 Christus
1808 2633 1827 2660 ,

258 2702 319 2745 tu
342 2706 468 2745 vero
496 2691 612 2760 ejus
634 2703 738 2743 non
766 2686 910 2757 geris
928 2685 1153 2741 curam?
1177 2684 1599 2754 Contemplantes,
1624 2684 1826 2755 inquit;

254 2781 361 2837 hoc
386 2789 489 2847 est,
511 2790 695 2835 exacte
717 2789 1037 2846 scrutantes,
1057 2780 1478 2846 considerantes,
1500 2780 1818 2845 ediscentes,

251 2882 318 2928 ut
345 2888 467 2943 erga
497 2873 733 2928 inﬁrmos
759 2872 869 2927 lteri
892 2874 1114 2937 solet,et
1138 2887 1232 2942 per
1251 2875 1427 2928 omnia
1448 2875 1816 2937 observantes,

255 2962 312 3016 Ν
316 2978 345 3017 ι
365 2979 462 3033 qua
486 2963 637 3016 radis:
665 2963 1016 3015 amaritudinis
1044 2979 1243 3017 sursum
1267 2966 1551 3033 germinans
1577 2963 1817 3033 impediat

255 3050 433 3121 (Deut.
464 3050 552 3107 29.
601 3051 712 3122 18).
747 3051 858 3106 Hoc
888 3051 1119 3121 positum
1160 3062 1242 3107 est
1287 3052 1341 3106 in
1393 3052 1821 3118 Denteronomio,

253 3150 634 3211 sumptumque
680 3140 830 3195 inita
861 3141 1167 3210 metaphora
1219 3142 1533 3210 plantarum.
1585 3139 1667 3195 Ne
1702 3157 1822 3211 qua,

251 3230 446 3301 inquit,
485 3232 635 3285 radix
663 3231 1015 3286 amaritudinis
1049 3246 1069 3285 :
1095 3231 1237 3302 quod
1283 3231 1408 3285 alibi
1447 3245 1658 3300 quoque
1695 3234 1825 3285 scri-

252 3321 410 3387 hens,
448 3320 596 3388 dicit,
639 3320 895 3376 Modicum
934 3321 1232 3390 {et-nientum
1282 3329 1437 3375 totam
1470 3336 1690 3375 massam
1727 3320 1824 3389 fer—

250 3420 442 3466 sneutat
473 3413 547 3483 (I.
575 3412 695 3467 Cor.
722 3412 776 3467 5.
813 3411 890 3481 6).
922 3412 1038 3467 Non
1084 3421 1300 3482 propter
1343 3412 1470 3466 illud
1509 3412 1680 3466 solum
1726 3412 1827 3467 hoc

252 3504 397 3569 volo,
425 3504 614 3574 inquit,
643 3504 738 3561 sed
767 3505 927 3561 etiam
950 3513 1167 3575 prapter
1218 3504 1363 3559 illam
1408 3520 1526 3575 qua:
1554 3504 1677 3562 inde
1705 3513 1825 3559 orta

250 3606 340 3653 est
366 3613 577 3653 noxam.
606 3598 719 3654 Hoc
734 3607 835 3662 est,
850 3597 1058 3652 etiamsi
1074 3598 1144 3651 sit
1164 3598 1336 3665 aliqua
1364 3597 1515 3653 radix
1540 3596 1823 3667 ejusmodi,

252 3686 458 3742 nullum
478 3702 695 3758 germen
726 3689 870 3743 sinas
917 3687 1228 3754 ascendere,
1254 3687 1347 3743 sed
1375 3687 1733 3753 exscindatur,
1759 3702 1827 3744 ne

251 3792 382 3833 suos
412 3777 613 3833 fructus
652 3776 812 3844 ferat,
852 3786 913 3833 ut
949 3792 1053 3832 non
1087 3777 1224 3832 alios
1265 3777 1467 3832 inliciat
1510 3786 1565 3833 et
1602 3779 1819 3847 polluat.

252 3867 343 3924 Ne
376 3885 497 3940 qua,
521 3866 713 3939 inquit,
744 3869 895 3923 radix
920 3868 1274 3921 amaritudinis
1310 3884 1509 3922 sursum
1536 3869 1825 3939 germinans

251 3956 515 4028 inspediat,
553 3966 600 4010 et
636 3973 723 4026 per
760 3956 903 4011 illam
942 3957 1267 4027 inquinentur
1316 3957 1479 4010 multi.
1534 3957 1597 4011 Et
1635 3959 1825 4013 merito

250 4062 491 4103 amarum
535 4049 741 4103 vocavit
788 4058 1107 4117 peccatum:
1152 4063 1338 4103 revera
1383 4047 1527 4103 enim
1566 4047 1696 4102 nihil
1742 4058 1827 4103 est

253 4149 473 4209 peccato
510 4140 759 4193 amarius.
813 4140 930 4194 lloe
966 4139 1259 4209 sciunt-qui
1292 4149 1570 4211 postquam
1602 4141 1653 4195 id
1686 4143 1824 4197 lere-

253 4236 402 4292 runt,
435 4228 711 4283 tabescunt
749 4244 777 4281 a
802 4230 1147 4296 conscientia,
1169 4231 1255 4300 qui
1285 4246 1527 4301 magnam
1557 4232 1821 4287 sustinent

253 4318 659 4373 amaritudinem
688 4337 703 4373 :
737 4335 857 4374 nam
887 4335 1008 4374 cum
1039 4321 1109 4375 sit
1132 4322 1544 4386 amarissimum,
1571 4326 1825 4391 pervertit

253 4411 412 4465 etiam
451 4412 619 4481 ipsam
667 4411 772 4465 vim
818 4412 1191 4467 ratiocinandi.
1242 4413 1311 4467 Ea
1342 4424 1423 4467 est
1452 4414 1823 4470 amaritudinis

252 4512 463 4569 natura,
491 4515 547 4556 ut
570 4504 640 4558 sit
664 4503 885 4558 inutilis.
910 4503 1073 4559 lleete
1098 4514 1272 4559 autent
1298 4504 1452 4571 dixit,
1482 4505 1654 4559 Radix
1678 4522 1821 4560 ama-

255 4595 511 4647 ritudinis.
542 4594 657 4648 Non
682 4593 832 4659 dixit,
864 4594 1202 4659 Atnara.sed,
1247 4596 1612 4649 Amaritudinis
1639 4612 1656 4647 :
1703 4612 1822 4651 nam

255 4684 372 4739 ﬂeri
400 4685 609 4753 quidem
639 4693 813 4751 potest
840 4697 895 4738 ut
926 4685 1075 4738 radix
1106 4700 1283 4737 amara
1316 4686 1497 4740 dulces
1528 4685 1662 4738 ferat
1710 4686 1821 4739 frn-

257 4790 398 4846 etns,
423 4781 516 4837 sed
533 4780 650 4838 ﬁeri
667 4796 772 4838 non
796 4793 969 4853 potest
987 4792 1042 4837 ut
1066 4780 1431 4838 amaritudinis
1452 4780 1620 4846 radix,
1643 4778 1761 4835 fons
1778 4788 1831 4835 et

258 4873 682 4938 fundamentum,
706 4874 915 4929 dulcem
936 4889 1185 4944 umquam
1210 4873 1432 4928 fructum
1458 4871 1626 4927 lerat:
1653 4872 1829 4928 omnia

256 4962 401 5016 enim
430 4972 553 5017 sunt
578 4977 780 5028 amara,
812 4964 938 5018 nihil
982 4964 1177 5018 habent
1203 4964 1387 5026 dulce;
1414 4963 1587 5017 omnia
1614 4962 1825 5029 acerba,

254 5052 434 5105 omnia
452 5052 713 5114 insuavia,
736 5055 911 5107 omnia
932 5054 1084 5123 plena
1106 5055 1229 5108 odio
1254 5065 1306 5109 et
1330 5052 1742 5111 almminationc.
1762 5051 1830 5108 Et

255 5156 348 5208 per
373 5140 516 5194 illam
561 5142 885 5211 inquinentur
914 5144 1076 5198 multi.
1110 5143 1221 5198 Iloc
1244 5154 1344 5207 est.
1372 5143 1447 5199 Ne
1475 5142 1576 5198 hoc
1598 5146 1824 5206 eveniat.

257 5231 675 5299 intemperantes
722 5244 773 5288 et
821 5235 1051 5289 lascivos
1087 5234 1402 5289 exscindite.
1452 5236 1538 5290 l6.
1592 5233 1676 5289 Νι
1718 5237 1830 5307 quis

258 5322 538 5394 fornicator
579 5333 665 5376 aut
707 5329 975 5395 profanus,
1018 5335 1070 5379 ut
1110 5324 1271 5387 Esau.
1299 5327 1386 5393 qui
1435 5336 1637 5395 prepter
1676 5343 1827 5381 unam

257 5424 424 5462 eseam
449 5411 669 5464 vendidit
699 5414 949 5481 primitiae
983 5430 1095 5468 sua.
1149 5416 1213 5469 Et
1262 5414 1346 5471 ubi
1391 5412 1680 5469 fornicator
1728 5414 1830 5473 lutt

258 5498 435 5553 Esau?
485 5498 600 5554 Non
668 5500 769 5555 hoc
820 5502 907 5557 hic
956 5501 1089 5557 dixit
1139 5503 1280 5573 quod
1328 5501 1622 5557 fornicator
1666 5501 1823 5560 fuerit

260 5587 421 5654 l-Jsat‘t,
474 5588 569 5644 sed
622 5590 672 5645 id
730 5592 942 5660 ponitur
982 5608 1077 5663 per
1128 5594 1513 5666 Oppositionem
1556 5594 1624 5650 ad
1670 5593 1818 5664 illud,

312 5713 385 5775 (α)
419 5710 479 5775 In
493 5709 618 5759 hanc
646 5706 881 5756 houtiiiatn
906 5714 957 5754 et
974 5707 1018 5757 in
1040 5718 1329 5771 sequentem
1352 5710 1558 5764 alterum
1580 5713 1793 5767 Colhertl

255 5773 382 5824 ιι;.ι.ἰ
407 5773 661 5823 habentne.

570 5870 842 5932 Ριτιιοι..
893 5872 1011 5936 Ca.
1062 5876 1281 5939 LXIII.

1947 954 2274 1010 Sanctitatem
2306 959 2605 1029 sequimini;
2653 958 2778 1014 illud
2822 972 2969 1019 vero,
3012 956 3297 1027 'Profanus,
3346 958 3514 1026 ipsum

1944 1058 2182 1117 spectare
2210 1050 2435 1105 videtur.
2468 1050 2544 1106 Ne
2573 1051 2693 1120 quis
2723 1066 2851 1121 ergo
2878 1051 2945 1104 sit
2973 1061 3029 1105 ut
3072 1050 3211 1105 Esau
3242 1050 3513 1117 profanus,

1944 1135 2044 1192 hoc
2072 1146 2173 1201 est,
2203 1138 2377 1193 helluo
2421 1150 2473 1195 ct
2516 1142 2895 1209 intemperans,
2929 1140 3246 1205 mundanus,
3275 1139 3511 1193 vendens

1944 1229 2255 1297 Spiritualia.
2284 1229 2381 1296 Qui
2406 1241 2608 1300 preptcr
2629 1248 2780 1284 unam
2808 1247 2971 1285 escam
3001 1230 3223 1284 vendidit
3254 1230 3512 1299 primitira

1941 1334 2052 1370 sua.
2088 1318 2186 1384 Qui
2219 1318 2359 1374 hunc
2396 1336 2423 1373 ιι
2475 1322 2581 1374 Deo
2622 1321 2721 1374 sibi
2766 1321 2944 1373 datum
2993 1321 3249 1374 honorem
3300 1319 3509 1387 propria

1942 1407 2176 1461 vendidit
2203 1410 2477 1475 socordia,
2528 1420 2582 1464 et
2606 1420 2702 1480 pro
2743 1425 2902 1479 parva
2933 1411 3199 1481 voluptate
3226 1410 3510 1463 maximum

1942 1497 2193 1552 honorem
2228 1501 2455 1568 perdidit
2481 1512 2535 1556 et
2566 1504 2810 1572 gloriam.
2843 1504 2951 1557 Iloe
2997 1504 3209 1573 preprie
3257 1504 3323 1557 ad
3369 1505 3513 1573 ipsos

1942 1589 2165 1657 pertinet
2192 1607 2206 1655 ;
2240 1590 2342 1645 hoc
2374 1603 2453 1645 est
2480 1594 2840 1657 abominandi,
2872 1593 2973 1648 hoc
2995 1594 3271 1649 immundi.

2013 1678 2111 1744 Qui
2138 1682 2294 1733 ventri
2319 1684 2562 1746 serviunt,
2588 1683 2837 1737 immundi
2859 1694 2999 1750 siml,
3043 1700 3216 1755 quare.
3242 1714 3315 1727 —-
3337 1684 3512 1752 Quare

1939 1783 2043 1821 mm
2087 1770 2233 1823 solus
2279 1781 2546 1827 scortator
2593 1782 2676 1828 est
2724 1774 3050 1840 immundus,
3093 1774 3186 1829 sed
3228 1783 3281 1830 et
3310 1776 3507 1833 helluo.

1937 1857 2207 1923 quiservit
2226 1862 2416 1914 ventri.
2447 1860 2576 1915 Nam
2608 1863 2706 1916 iste
2732 1863 2953 1917 alterius
2983 1878 3194 1933 quoque
3220 1876 3301 1918 est
3328 1881 3512 1918 servus

1938 1946 2259 2016 voluptatis:
2300 1952 2508 2020 cogitur
2550 1952 2697 2020 plura
2730 1952 2960 2007 habendi
2991 1954 3156 2007 teneri
3183 1954 3469 2023 cupiditate.
3498 1975 3505 2005 :

1936 2039 2141 2106 cogitur
2164 2054 2367 2107 rapere,
2389 2040 2579 2097 millies
2608 2042 2835 2111 turpiter
2864 2052 2918 2097 et
2944 2042 3194 2097 indecore
3215 2058 3273 2098 se
3300 2060 3508 2114 gerere,

1936 2141 2054 2179 cum
2081 2129 2148 2182 sit
2181 2131 2317 2184 illius
2350 2131 2463 2184 vitii
2511 2146 2718 2198 servus,
2767 2142 2823 2188 et
2864 2147 3008 2205 saepe
3033 2132 3386 2203 blasphemat.
3417 2135 3514 2189 Hie

1936 2218 2134 2274 nullius
2201 2223 2351 2291 pretii
2410 2238 2531 2279 εδει
2594 2239 2745 2279 suam
2797 2224 2948 2279 duxit
3018 2226 3508 2295 primogenitumtn.

1935 2311 2108 2377 Quare
2127 2316 2431 2386 temporalis
2448 2331 2629 2370 curam
2647 2332 2840 2388 gerens
2858 2317 3071 2386 quietis,
3092 2318 3335 2386 pervenit
3350 2321 3511 2374 etiam

1937 2414 2103 2472 usque
2151 2403 2217 2458 ad
2265 2405 2594 2461 vendendam
2640 2407 3130 2477 primogenituram.
3168 2406 3349 2479 Itaque
3389 2418 3516 2465 sunt

1938 2498 2049 2569 jam
2098 2510 2294 2555 nostra:
2341 2502 2804 2576 primogenitum,
2836 2522 2943 2563 non
2969 2509 3298 2569 Iudaeorum.
3345 2514 3517 2573 Simul

1942 2590 2102 2646 etiam
2128 2606 2193 2647 ex
2222 2592 2325 2649 hoc
2372 2609 2573 2652 meror
2597 2612 2783 2654 eorum
2814 2599 3021 2657 levatur
3048 2618 3065 2659 :
3096 2604 3249 2671 quasi
3288 2607 3514 2680 diceret,

1941 2681 2081 2750 quod
2127 2682 2326 2750 primus
2367 2685 2536 2740 laetus
2563 2687 2635 2742 sit
2673 2691 2955 2758 posterior,
2986 2700 3039 2747 et
3063 2694 3151 2764 qui
3177 2706 3294 2751 erat
3318 2713 3507 2756 secun-

1939 2767 2038 2823 dus
2067 2768 2237 2825 laetus
2274 2772 2345 2825 sit
2370 2773 2606 2841 primus:
2639 2775 2731 2830 ille
2758 2779 2981 2846 primus,
3014 2792 3235 2853 propter
3261 2799 3513 2844 eonstan-

1938 2857 2066 2911 tiam
2113 2868 2169 2914 et
2213 2861 2581 2927 tolerantiam;
2625 2864 2712 2920 hic
2752 2870 3038 2937 posterior,
3084 2884 3300 2943 propter
3324 2891 3510 2933 socor-

1937 2946 2078 3005 diam
2114 2958 2169 3005 et
2207 2951 2601 3022 negligentiam.
2652 2956 2738 3010 I7.
2786 2958 2978 3013 Scitote
3014 2962 3147 3014 enim
3182 2966 3420 3033 quoniam
3462 2980 3511 3023 ct

1937 3048 2109 3107 postea
2155 3044 2360 3109 cupiens
2410 3044 2691 3100 hereditare
2737 3046 3129 3105 benedictionem
3148 3094 3163 3119 ,
3212 3060 3509 3127 reprobatns

1933 3138 2055 3183 est:
2088 3146 2193 3219 non
2234 3132 2363 3185 enim
2412 3134 2600 3187 inuenit
2638 3138 2944 3203 penitentitz
2985 3142 3170 3209 locum,
3204 3164 3505 3219 quamquan

1933 3231 2046 3269 cum
2077 3218 2313 3289 lacrymis
2337 3222 2621 3290 inquisissel
2644 3240 2774 3278 eam.

2001 3308 2057 3363 2.
2087 3310 2223 3378 Quid
2250 3311 2351 3367 hoc
2380 3314 2506 3369 est?
2531 3317 2817 3385 expellitne
2847 3321 3251 3389 paenitentiam?
3270 3329 3503 3386 Minimo.

1931 3396 2036 3453 Sed
2062 3401 2347 3469 quomodo,
2367 3404 2557 3473 inquit,
2583 3408 2908 3474 paenitentia:
2930 3412 3101 3468 locmn
3128 3434 3232 3471 non
3262 3423 3398 3475 inve:
3424 3425 3457 3477 il
3484 3433 3506 3477 ζ’

1928 3505 2049 3545 nam
2073 3493 2116 3545 si
2148 3494 2379 3563 seipsmn
2402 3497 2792 3568 condemnavit,
2825 3505 2869 3558 si
2901 3506 3056 3562 valde
3088 3508 3364 3582 ingemuit,
3410 3532 3505 3569 cu:-

1928 3597 2033 3637 non
2062 3584 2259 3640 invenit
2285 3587 2458 3641 locum
2492 3592 2858 3657 paenitendas?
2882 3594 3147 3663 Quoniam
3184 3617 3247 3656 ea
3282 3621 3368 3660 res
3396 3624 3499 3660 non

1926 3683 2041 3727 erat
2092 3675 2433 3742 pmnitentiw.
2480 3678 2628 3734 Sicut
2679 3682 2821 3737 enim
2862 3700 2960 3740 nec
3007 3690 3333 3756 poenitentia:
3387 3710 3502 3751 erat

1926 3763 2346 3856 tristitiaACaini,
2393 3777 2450 3821 ut
2494 3770 2729 3826 ostendit
2757 3772 2894 3829 facta
2931 3778 3123 3845 credes,
3152 3781 3221 3836 ita
3248 3782 3334 3839 hic
3364 3802 3497 3856 quo-

1924 3866 2026 3921 que
2051 3853 2207 3908 verba
2236 3871 2337 3909 non
2361 3868 2514 3912 erant
2535 3862 2898 3928 paenitentiae;
2933 3866 3091 3937 idque
3114 3880 3297 3939 postea
3319 3853 3496 3931 osten-

1921 3944 1999 3997 dit
2040 3945 2212 3999 cmdes
2242 3964 2254 3999 :
2288 3962 2410 4002 nam
2457 3949 2568 4018 ipse
2601 3967 2833 4023 quoque,
2880 3959 3018 4025 quod
3061 3960 3125 4014 ad
3173 3964 3493 4022 voluntatem

1921 4034 2131 4099 attinet,
2174 4036 2337 4092 Jacob
2377 4039 2665 4095 interfecit.
2694 4044 3187 4118 Appropinquabuut
3216 4056 3379 4123 enim,
3414 4059 3494 4111 in-

1922 4125 2056 4194 quit,
2086 4128 2192 4180 dies
2217 4129 2381 4183 luctus
2408 4132 2571 4200 patris
2608 4135 2722 4198 mei,
2756 4146 2803 4188 et
2843 4138 3147 4208 interﬁciant
3183 4143 3342 4201 Jacolt
3382 4151 3494 4221 [rn-

1921 4222 2043 4266 trem
2075 4232 2236 4309 meum
2268 4216 2418 4289 (Gen.
2450 4220 2542 4287 9.7,
2570 4223 2681 4292 41).
2709 4224 2824 4280 Non
2857 4228 3135 4287 valuerunt
3162 4249 3291 4304 ergo
3323 4216 3493 4309 lacrv~

1920 4318 2022 4356 mm
2045 4304 2093 4358 ei
2121 4304 2246 4360 dare
2272 4310 2659 4377 paenitentiam.
2694 4314 2759 4369 Et
2788 4331 2891 4371 non
2916 4319 3069 4385 dixit,
3102 4324 3202 4377 Per
3232 4304 3491 4394 ptenizea-

1922 4396 2071 4485 tiam,
2092 4399 2331 4456 absolute
2355 4417 2370 4466 ;
2397 4404 2513 4471 sed,
2545 4406 2716 4462 Etiam
2734 4423 2852 4463 cum
2881 4412 3129 4485 lacrymis
3154 4432 3258 4471 non
3289 4420 3486 4476 invenit

1920 4484 2094 4540 locum
2161 4491 2508 4557 paenitentiae.
2588 4494 2945 4565 Quamobrem
2967 4484 3003 4553 ‘l
3060 4504 3325 4573 Quoniam
3384 4528 3487 4566 non

1920 4577 2186 4645 quomodo
2214 4584 2448 4650 oportuit
2483 4586 2591 4655 egit
2630 4590 2995 4657 paenitentiam
3016 4612 3031 4660 ;
3081 4597 3183 4653 hoc
3220 4599 3360 4654 enim
3408 4616 3491 4658 est

1922 4670 2263 4762 timuitetttia;
2328 4690 2433 4729 non
2500 4677 2609 4747 egit
2671 4684 3035 4751 paenitentiam
3106 4701 3163 4744 ut
3232 4701 3483 4762 oportuit.

1922 4760 2129 4827 Alioqui
2199 4765 2467 4834 quomodo
2522 4766 2637 4825 inec
2687 4771 2929 4830 diceret?
2995 4760 3302 4851 quomodo,
3361 4802 3482 4843 cum

1916 4864 2106 4917 segnes
2155 4863 2211 4907 et
2266 4856 2401 4925 pigri
2458 4861 2794 4929 evasissent,
2846 4881 2940 4922 eos
2995 4884 3182 4927 rursus
3228 4876 3486 4934 adhorta-

1923 4950 2119 5007 retur?
2154 4954 2426 5024 quomodo
2468 4970 2589 5012 cum
2629 4959 2802 5015 claudi
2855 4959 2980 5019 lacti
3029 4966 3499 5037 esscttl?quuttt0-

1920 5040 1991 5097 do
2015 5058 2135 5098 cum
2159 5055 2343 5102 essent
2386 5048 2597 5106 remissi
2644 5060 2698 5106 et
2736 5052 2933 5107 soluti?
2984 5054 3085 5111 hoc
3110 5059 3252 5112 enim
3296 5067 3380 5113 cst
3405 5061 3503 5115 ini-

1921 5141 2049 5191 tium
2091 5136 2293 5208 lapsns.
2344 5139 2469 5197 Mihi
2509 5141 2722 5199 videtur
2762 5146 3101 5204 subindicare
3135 5151 3396 5220 quosdam
3446 5153 3500 5209 in

1920 5230 1996 5283 eis
2050 5230 2431 5298 fonticatores,
2498 5235 2639 5291 nolle
2696 5248 2872 5294 tamen
2928 5250 3054 5298 tunc
3096 5260 3192 5299 eos
3236 5260 3496 5317 arguere;

1918 5320 2008 5373 διά
2038 5320 2188 5393 lingit
2213 5338 2272 5377 se
2302 5325 2570 5395 ignorare,
2617 5337 2675 5383 ut
2715 5331 3070 5401 corrigantur.
3098 5333 3323 5407 Oportet
3351 5340 3496 5395 enim

1919 5410 2144 5475 primum
2191 5413 2408 5491 quidem
2452 5417 2708 5475 simulare
2755 5421 3152 5491 ignorantiam:
3185 5440 3367 5497 postea
3398 5446 3491 5485 ιιιιο

1916 5510 2021 5590 tem
2049 5518 2168 5557 eum
2198 5510 2686 5575 perseveraverint,
2718 5524 2842 5567 tunc
2865 5515 3025 5571 etiam
3063 5516 3261 5574 inferre
3305 5536 3494 5590 repre-

1914 5586 2265 5685 ltensionem,
2332 5612 2401 5651 ne
2464 5598 2722 5669 pudorem
2788 5615 3011 5660 exuant.
3064 5607 3216 5674 Quod
3283 5586 3491 5685 Movsvs

1912 5698 2121 5755 quoque
2149 5682 2274 5741 fecit
2298 5686 2352 5742 in
2379 5686 2593 5744 Zamhri
2617 5702 2670 5747 et
2699 5691 3055 5753 Chasbitide'.
3078 5696 3198 5753 Non
3236 5682 3385 5755 enim
3407 5704 3490 5755 in-

1912 5777 2061 5844 renit,
2112 5776 2301 5848 inquit,
2351 5782 2658 5848 parnitentirr
2702 5785 2864 5839 locum
2903 5786 3485 5857 (Num.e.25).Nonin~

3106 5897 3179 5960 1b
