4134 6342
627 450 732 505 ’ΞΙῦ

613 544 760 596 venit
810 540 1193 611 pmnitentiam,
1220 546 1311 594 aut
1338 539 1478 609 quod
1511 541 1754 610 peccavit
1778 539 2001 611 majora,
2028 556 2188 612 quam

614 646 664 685 ut
697 650 882 687 cormn
926 634 1006 702 agi
1057 632 1222 702 possit
1265 633 1611 701 pmnitcntia;
1658 645 1749 688 aut
1790 635 1929 704 quod
1974 635 2187 707 dignam

619 727 980 796 pcenilentiam
1028 742 1129 778 non
1179 723 1381 780 fecerit.
1417 718 1551 780 Sunt
1603 742 1730 793 ergo
1762 737 1973 796 peccata
2012 728 2185 797 aliqua

617 818 838 885 majora,
859 831 1013 886 quam
1044 824 1098 866 nt
1120 829 1302 868 eorum
1322 817 1403 886 agi
1432 816 1595 885 possit
1624 819 1960 886 inpatientia.
1979 818 2091 873 [loc
2108 828 2190 873 est

612 925 739 977 ergo
765 906 902 976 quod
928 905 1054 959 dicit
1080 923 1093 959 :
1118 905 1194 959 Ne
1221 907 1475 960 eudamus
1506 923 1628 961 casu
1662 907 1938 963 incnrabili
1967 929 1980 963 :
2014 910 2186 964 donec

617 1001 773 1053 fuerit
820 999 988 1053 solum
1023 998 1359 1063 claudicatio,
1395 1000 1545 1054 facile
1587 1010 1667 1054 est
1692 1009 1889 1055 rectum
1925 1002 2038 1055 ﬁeri
2065 1019 2078 1066 ;
2105 1004 2183 1056 sin

612 1104 785 1143 autem
814 1089 1071 1144 fuerimus
1094 1092 1303 1160 penitus
1330 1092 1521 1156 eversi,
1540 1092 1662 1160 quid
1695 1089 1952 1147 reStabit?
1971 1094 2101 1147 Cum
2123 1096 2185 1147 iis

612 1183 752 1235 enim
786 1180 876 1250 qui
910 1181 1143 1234 tn‘mdum
1182 1180 1489 1237 ceciderunt
1530 1185 1607 1237 sic
1647 1185 1897 1253 loquitur,
1926 1196 2068 1240 metu
2091 1204 2184 1240 cos

610 1274 922 1328 concutiens
944 1315 957 1339 ,
989 1282 1043 1327 ct
1071 1272 1201 1327 dicit
1233 1273 1347 1327 ﬁeri
1381 1290 1485 1327 non
1519 1288 1674 1344 posse
1714 1288 1770 1330 ut
1813 1278 1899 1347 qui
1931 1278 2183 1333 occident

610 1381 860 1435 umquam
918 1376 1235 1435 assequatur
1273 1367 1732 1423 consolationem:
1774 1368 1843 1424 lis
1872 1379 2048 1425 autem
2097 1373 2181 1441 qui

612 1458 913 1512 ceciderunt
939 1501 951 1523 ,
982 1475 1045 1513 ne
1092 1459 1325 1514 incidant
1356 1459 1407 1513 in
1438 1459 1886 1531 desperationem,
1915 1468 2181 1519 contraria

607 1554 683 1603 sic
724 1550 850 1605 dicit
881 1570 892 1604 :
923 1551 1095 1604 Filioli
1122 1554 1236 1617 mei,
1260 1570 1383 1623 quos
1408 1554 1587 1607 iterant
1614 1559 1862 1625 purturio,
1892 1560 2050 1613 donec
2074 1566 2183 1632 [ora

609 1652 770 1693 matur
792 1642 840 1693 in
869 1642 1004 1694 vobis
1043 1640 1271 1696 Christus
1301 1642 1442 1710 (Gal.
1465 1644 1517 1698 4.
1547 1646 1666 1713 19);
1696 1658 1748 1701 et
1775 1664 1980 1716 rursus,
2010 1650 2105 1716 Qui
2129 1654 2181 1707 in

610 1733 717 1801 lege
736 1734 1113 1800 justiﬁcamini,
1142 1751 1172 1787 a
1197 1736 1360 1804 gratia
1380 1736 1627 1793 cecidistis
1656 1738 1807 1810 (Cal.
1848 1744 1900 1797 5.
1934 1742 2013 1815 4).
2047 1746 2182 1801 Ecce

615 1834 836 1876 ιι-ειτιιιιι·
862 1838 954 1879 cos
982 1826 1263 1880 excidisse.
1291 1825 1422 1881 Nam
1451 1830 1540 1897 qui
1564 1838 1668 1883 stat
1696 1834 1932 1901 quidem,
1962 1837 2183 1893 audiens

613 1917 724 1970 ﬁeri
756 1932 856 1969 non
885 1932 1040 1986 posse
1070 1928 1127 1972 ιιι
1152 1920 1240 1989 qui
1273 1920 1465 1975 cecidit
1488 1923 1695 1975 veniam
1718 1938 2052 1994 asscqnatur,
2081 1930 2183 1984 erit

617 2016 1010 2083 vehementior,
1039 2028 1088 2071 et
1115 2018 1179 2069 ad
1204 2016 1448 2071 standum
1484 2018 1685 2073 ﬁrmior
1713 2030 1767 2075 et
1792 2022 2032 2077 stabilior
2061 2044 2075 2079 :
2107 2027 2186 2080 sin

613 2119 787 2162 autem
813 2110 860 2161 in
884 2125 1003 2162 cum
1029 2109 1116 2178 qui
1142 2109 1396 2164 ceciderit
1425 2111 1609 2165 eadem
1644 2112 1807 2167 utaris
1831 2113 2183 2182 vehementia,

615 2214 897 2268 numquam
932 2209 1207 2269 rt'sut'get;
1238 2216 1358 2253 nam
1388 2216 1488 2270 qua
1517 2217 1612 2272 spe
1640 2204 1888 2259 ostendet
1936 2208 2187 2261 mutatio-

617 2292 772 2342 ncm‘?
799 2291 913 2345 Non
940 2292 1109 2345 solum
1142 2302 1317 2347 autem
1347 2293 1498 2361 dicit,
1531 2295 1719 2357 Flevit,
1768 2299 1859 2352 sed
1896 2299 2077 2367 etiam,
2107 2301 2191 2356 ln-

614 2384 847 2447 qnisivit.
881 2383 995 2437 Non
1026 2400 1153 2455 ergo
1176 2386 1394 2454 expellit
1434 2390 1825 2455 ptenitentiam,
1875 2406 1997 2446 cum
2040 2393 2188 2460 dicit,

620 2471 736 2525 Non
782 2474 964 2525 invenit
1015 2477 1319 2544 pmnitentia:
1367 2478 1567 2536 locum:
1598 2480 1690 2533 sed
1736 2481 1848 2534 vult
1889 2484 2061 2550 potius
2098 2500 2193 2540 eos

618 2565 843 2629 munire,
878 2566 1163 2635 ﬁrmusque
1189 2568 1412 2622 reddere
1433 2584 1495 2622 ac
1523 2571 1740 2626 stabiles
1769 2588 1833 2627 ne
1862 2588 2034 2627 ruant.
2061 2576 2190 2645 Qui-

617 2670 845 2724 cumque
879 2670 1005 2725 ergo
1049 2658 1307 2725 gehennte
1333 2674 1435 2712 non
1463 2661 1709 2726 credunt,
1738 2662 1925 2718 horum
1971 2669 2194 2722 remini-

617 2754 880 2799 scanlut‘:
929 2746 1249 2817 quicumque
1303 2750 1608 2806 existimant
1660 2765 1875 2822 jeccata
1922 2772 2026 2811 non
2075 2774 2193 2813 esse

618 2836 899 2903 punicnda,
934 2838 1044 2892 lucc
1072 2840 1326 2909 cogitent.
1352 2843 1456 2897 Cur
1484 2843 1623 2897 Esau
1651 2862 1752 2898 non
1776 2856 1856 2900 est
1877 2863 2194 2920 assequutus

616 2929 868 2981 veniam?
894 2928 1154 2995 Quoniam
1189 2947 1293 2986 non
1326 2944 1380 2986 ιιι
1406 2938 1641 3002 oportuit
1668 2938 1775 3006 egit
1802 2940 2189 3009 pamitentiam.

686 3019 738 3072 5.
776 3017 871 3073 Vis
898 3019 1078 3075 videre
1108 3032 1345 3076 exactam
1374 3035 1428 3078 et
1458 3025 1759 3082 absolutam
1793 3032 2196 3099 pmoitentiam?

617 3108 755 3163 Audi
774 3111 1136 3178 paenitentiam
1164 3113 1303 3169 Petri
1330 3123 1446 3183 post
1473 3118 1828 3187 negationem.
1848 3122 1975 3177 Nam
1994 3140 2112 3195 qua:
2129 3131 2196 3182 ab

620 3219 684 3251 oo
708 3213 854 3271 gesta
878 3214 1002 3258 sunt
1032 3220 1253 3260 narrans
1282 3208 1622 3277 evangelista,
1643 3209 1709 3263 Et
1739 3229 1985 3282 egressus,
2007 3217 2195 3287 inquit,

618 3292 757 3357 foras
801 3290 938 3359 ﬂet-it
964 3305 1154 3343 amare.
1184 3291 1473 3362 Propterea
1503 3295 1549 3348 ei
1580 3296 1737 3350 etiam
1787 3300 2065 3355 remissum
2105 3306 2202 3359 fuit

620 3380 879 3448 ejusmodi
929 3393 1223 3451 peccatum,
1256 3386 1503 3454 quoniam
1543 3390 1808 3455 quontodo
1835 3395 2067 3461 Oportuit
2095 3399 2201 3467 egit

621 3473 1011 3541 pmuitentiam.
1043 3474 1198 3545 Atqui
1254 3477 1488 3530 nondum
1534 3478 1770 3534 oblatum
1798 3484 1966 3538 fuerat
1995 3487 2199 3541 sacriﬁ-

619 3565 780 3643 cium,
818 3566 1049 3619 nondum
1080 3564 1216 3621 facta
1244 3566 1436 3634 hostia,
1466 3570 1695 3625 nondum
1722 3573 1983 3629 sublatum
2011 3592 2200 3645 pecea-

621 3669 751 3722 tum,
778 3658 952 3713 adhuc
966 3658 1292 3715 dominatum
1318 3661 1588 3718 obtinebat
1610 3675 1664 3719 et
1691 3669 2020 3736 tyrannidem
2042 3686 2200 3727 excr-

623 3750 795 3803 cebat.
842 3749 906 3803 Et
950 3759 1005 3802 ut
1046 3751 1183 3804 scias
1209 3752 1348 3821 quod
1381 3755 1589 3825 negatio
1616 3773 1718 3811 non
1750 3769 1854 3813 tam
1885 3772 2201 3819 eratsoCor—

622 3840 724 3893 dia:
752 3854 815 3893 ac
854 3840 1210 3910 negl'gcntia~,
1240 3858 1395 3912 quam
1438 3860 1500 3898 ex
1545 3862 1609 3900 eo
1633 3850 1772 3917 quod
1797 3850 1935 3907 Deus
1963 3868 2082 3908 eum
2114 3854 2203 3910 de-

625 3944 883 3995 serncrat,
917 3932 1162 3988 erudiens
1197 3936 1480 3990 humanam
1504 3938 1639 3994 scire
1669 3957 1993 4010 mensuram,
2021 3956 2076 4001 et
2099 3964 2202 4002 non

624 4042 917 4095 repugnare
940 4028 1002 4080 iis
1020 4043 1137 4097 qua:
1157 4028 1474 4085 dicebantur
1497 4047 1524 4085 a
1542 4033 1811 4104 Magistro,
1840 4054 2012 4109 neque
2040 4044 2206 4113 magis

624 4134 782 4187 quam
825 4118 914 4170 alii
962 4133 1150 4187 sapere
1174 4160 1188 4184 ,
1224 4122 1317 4174 sed
1359 4122 1495 4178 scire
1531 4126 1671 4194 quod
1713 4128 1913 4198 absque
1944 4131 2050 4186 Deo
2078 4134 2205 4189 nihil

626 4219 801 4279 potest
827 4211 959 4276 ﬁcri,
984 4221 1034 4265 ct
1055 4212 1193 4281 quod
1222 4212 1335 4265 Nisi
1368 4214 1609 4271 Dominus
1627 4219 1947 4285 tetliﬁcaverit
1967 4223 2171 4280 domum
2188 4269 2204 4295 ,

628 4304 817 4369 frustra
841 4300 1068 4354 laborant
1092 4305 1175 4372 qui
1197 4305 1451 4370 mitiﬁcant
1472 4323 1578 4359 eam
1613 4309 1780 4379 (l’sat.
1808 4311 1927 4367 126.
1962 4316 2015 4383 1)
2041 4333 2056 4380 ;
2085 4318 2209 4372 audi

628 4392 895 4459 «ptontodo
927 4409 1146 4447 monens
1180 4397 1477 4450 lliOtiCSllltn
1506 4415 1639 4465 csse,
1660 4402 1755 4471 ipsi
1787 4406 1882 4457 soli
1907 4406 2039 4461 dixit
2057 4407 2212 4465 (.‘hri-

630 4495 743 4536 stus
770 4503 782 4539 :
813 4482 1013 4550 Simon,
1046 4484 1244 4548 Simon,
1276 4490 1473 4557 expetiit
1500 4501 1547 4545 te
1572 4504 1796 4562 satanas,
1823 4509 1874 4550 ut
1902 4511 1948 4552 te
1976 4502 2213 4558 cribrarct

630 4578 757 4627 sicut
788 4576 1041 4639 triticum;
1068 4587 1114 4630 et
1138 4594 1227 4648 ego
1255 4596 1344 4647 pro
1371 4589 1418 4633 te
1440 4584 1633 4652 rogavi,
1659 4596 1710 4636 ut
1735 4604 1832 4640 non
1858 4592 2060 4659 di-ﬁcittt
2086 4595 2214 4662 [idos

634 4666 760 4734 tua(
792 4664 916 4718 Luc.
946 4664 1037 4719 22.
1060 4667 1146 4722 51.
1180 4668 1248 4722 52
1279 4670 1316 4738 ).
1348 4668 1477 4725 Nam
1510 4676 1755 4741 quoniam
1786 4691 1896 4732 erat
1930 4685 2215 4741 verisimile

641 4786 760 4825 eum
780 4768 878 4821 sibi
905 4764 1113 4833 placere
1133 4772 1184 4818 et
1208 4762 1345 4813 elato
1364 4773 1479 4811 esse
1494 4759 1690 4823 animo,
1705 4758 1792 4825 qui
1811 4758 1910 4808 sibi
1934 4763 2075 4809 esset
2089 4769 2216 4807 con-

640 4864 782 4914 scius
806 4855 943 4927 quod
972 4854 1091 4925 plus
1117 4866 1272 4921 quam
1298 4862 1482 4903 omnes
1506 4847 1772 4900 Christum
1800 4845 2059 4914 diligeret,
2090 4843 2209 4897 ideo

640 4966 863 5022 peccare
908 4960 960 5002 et
1008 4946 1307 5014 Magistrum
1351 4940 1610 5010 abnegare
1655 4937 1846 4992 sinitur
1880 4954 1895 4991 :
1931 4946 2215 5005 propterea

639 5046 797 5098 etiam
820 5041 963 5095 ﬂevit
986 5050 1187 5097 amare,
1205 5045 1255 5088 et
1272 5032 1374 5086 alia
1402 5046 1518 5100 qua:
1537 5030 1714 5084 ﬂetum
1742 5038 1863 5082 sunt
1882 5037 2213 5097 consequuta

642 5136 763 5189 fecit
786 5132 993 5186 similia.
1033 5127 1169 5194 Quid
1198 5127 1337 5179 enim
1371 5139 1473 5177 non
1506 5123 1664 5177 fecit?
1689 5136 1747 5176 se
1776 5128 1954 5190 postea
1984 5118 2217 5185 eooiecit

642 5231 692 5282 in
725 5226 951 5295 pericula
975 5224 1267 5282 innumera,
1300 5228 1352 5271 et
1374 5231 1467 5288 per
1493 5215 1669 5268 omnia
1693 5213 1923 5267 ostendit
1964 5227 2211 5281 magnam

638 5319 802 5375 animi
833 5315 913 5372 sui
936 5318 1177 5369 virtutem
1206 5322 1257 5367 et
1290 5309 1659 5364 constantiam.
1685 5307 2052 5362 Pteuitentiam
2076 5320 2212 5375 quo-

643 5428 742 5481 que
757 5410 861 5479 egit
882 5406 1066 5470 Judas,
1086 5406 1219 5459 sicut
1242 5404 1371 5469 disi,
1400 5400 1491 5455 sed
1523 5400 1663 5455 male
1692 5416 1703 5450 :
1734 5414 1791 5453 se
1816 5398 2007 5469 quippe
2034 5410 2211 5451 stran-

639 5499 1233 5575 gttlt‘.\'it.PtBnitenliam
1252 5511 1460 5567 quoque
1478 5495 1605 5565 egit,
1621 5491 1898 5559 sicutdixi,
1916 5491 2085 5557 Esau;
2105 5492 2213 5545 imo

707 5650 723 5679 ¹
749 5647 997 5709 lutcrpres
1019 5644 1218 5709 Latinus
1239 5649 1405 5709 noster
1424 5640 1682 5709 in_Z_ambri
1704 5648 1752 5709 et
1774 5642 2105 5709 Madiauitidc.
2120 5645 2220 5694 Sed

646 5702 1041 5760 ltutianns'rirca
1069 5706 1262 5756 Zambri
1286 5712 1328 5753 et
1352 5702 1693 5767 ('Itasbitidmn.
1722 5706 1827 5762 Quo
1848 5708 2075 5767 probatur
2096 5708 2222 5755 hanc

648 5786 808 5819 \trt‘attt
836 5784 946 5818 esse
974 5770 1253 5817 lectionem.
1276 5767 1394 5815 H:ec
1416 5764 1670 5815 vocabatur
1690 5768 1830 5815 (‘osbi
1850 5764 1957 5827 'ﬁlia
1976 5778 2066 5815 ειη·
2091 5768 2222 5827 priu-

641 5836 762 5895 eipis
781 5834 853 5882 no.’
870 5831 1056 5880 t!is:imi
1081 5828 1467 5887 auctionum-um,
1492 5830 1645 5889 inquit
1660 5826 1881 5890 Vulgata,
1898 5826 2120 5892 Nomii},
2148 5832 2219 5881 15.

1344 436 1401 491 S.
1440 432 1715 491 JOANNIS
1752 418 2217 484 CHRYSOSTOMI
2256 414 2568 473 ARCIHEP.
2609 408 3131 469 CONS'l‘ANTINOP.

3774 402 3891 457 Eii:

2297 558 2423 596 vero
2446 552 2542 594 nec
2568 538 2669 605 egit
2694 533 2905 602 quidem
2924 528 3308 599 ptenitent'tam,
3323 522 3438 592 ejus
3459 518 3601 575 enim
3628 518 3889 589 laerynue

2298 647 2402 688 non
2424 638 2573 685 erant
2600 618 3050 696 paenitentia),st
3075 615 3246 687 potius
3270 609 3625 669 insultationis
3652 618 3707 665 et
3736 608 3850 696 ira;
3867 622 3885 659 :

2296 722 2455 790 idque
2492 695 2779 773 ostendunt
2801 726 2863 767 ea
2889 724 3010 780 qua:
3034 719 3346 777 sequuntur.
3373 699 3743 757 Pmnitentiam
3770 695 3891 766 egit

2296 815 2480 869 beatus
2512 808 2673 864 David
2696 850 2708 873 ,
2742 806 2819 859 sic
2844 803 3029 857 dicens
3059 816 3072 852 :
3100 797 3300 853 Lavabo
3332 811 3421 867 per
3449 791 3676 863 singulas
3705 800 3891 843 nocte:

2296 908 2476 961 [totum
2497 916 2681 965 meum,
2702 893 2936 966 lacrymis
2957 891 3079 945 meis
3098 897 3311 944 stratum
3331 902 3492 939 meum
3507 882 3680 953 rigabo
3702 879 3885 950 (Psal.

2295 997 2351 1051 ϐ.
2394 996 2425 1048 7
2452 996 2469 1064 )
2496 1012 2507 1045 :
2533 1003 2581 1046 el
2614 987 2754 1058 quod
2784 983 3070 1055 aliquando
3099 979 3390 1035 admiserat
3420 983 3723 1047 peccatum,
3757 981 3890 1040 post

2296 1098 2372 1140 tot
2392 1097 2579 1146 annos,
2599 1088 2715 1149 post
2733 1088 2802 1131 ιοι
2826 1073 3215 1145 generationes,
3241 1079 3508 1138 tamquam
3526 1064 3663 1136 quod
3688 1076 3888 1117 recens

2295 1177 2590 1233 accedisset
2614 1170 2862 1226 deﬂebat.
2901 1166 3035 1221 Eum
3062 1166 3202 1219 enim
3247 1161 3337 1229 qui
3373 1160 3478 1228 agit
3508 1154 3882 1227 paenitentiam

2297 1286 2398 1322 non
2429 1274 2639 1335 Oportet
2668 1260 2821 1316 irasci
2850 1271 3021 1327 neque
3050 1254 3257 1310 eﬁ'erari
3286 1294 3299 1313 .
3331 1252 3423 1305 sed
3456 1262 3720 1318 tamquam
3748 1259 3887 1300 con-

2295 1361 2598 1414 demnatnm
2630 1353 2861 1416 conteri,
2886 1348 3055 1418 utqui
3085 1363 3187 1400 non
3210 1344 3403 1399 habeat
3427 1342 3669 1397 ﬁduciam
3693 1383 3707 1405 ,
3738 1348 3799 1393 ut
3826 1339 3882 1391 in

2295 1466 2453 1519 quem
2478 1448 2579 1500 lata
2601 1446 2670 1498 sit
2685 1441 2970 1502 sententia,
2988 1450 3042 1491 ιιι
3059 1438 3145 1508 qui
3164 1436 3351 1491 debeat
3375 1450 3401 1486 a
3420 1433 3530 1489 sola
3549 1432 3729 1486 salvus
3758 1444 3884 1485 esse

2296 1538 2677 1601 misericordia,
2705 1535 2792 1605 qui
2842 1533 2893 1586 in
2931 1529 3327 1585 benefactorem
3356 1524 3657 1595 apparuerit
3688 1524 3882 1576 imme-

2294 1648 2413 1689 mor
2428 1643 2479 1687 et
2496 1632 2749 1700 ingratus,
2765 1635 3033 1693 tamquam
3050 1619 3333 1689 reprobum
3360 1626 3414 1672 et
3436 1614 3652 1685 dignum
3673 1612 3881 1682 supplic

2295 1728 2393 1783 ciis
2420 1720 2909 1780 innumerabilibus.
2928 1715 2983 1771 Si
3002 1717 3115 1769 lucc
3139 1713 3354 1781 cogitet,
3374 1723 3477 1763 non
3505 1708 3764 1762 irascetur
3791 1720 3883 1759 ne-

2296 1832 2397 1888 que
2424 1812 2798 1885 indignabitur,
2816 1808 2907 1862 sed
2938 1805 3161 1876 lugebit,
3180 1802 3347 1867 ﬂebit,
3366 1795 3885 1869 ingemiscctmjula.

2298 1911 2372 1964 bit
2402 1917 2553 1961 nocte
2580 1913 2632 1959 et
2653 1903 2756 1956 dic.
2784 1901 2918 1954 Eum
2950 1898 3037 1969 qui
3070 1896 3177 1967 agit
3198 1893 3563 1965 paenitentiam
3589 1903 3879 1959 numquam

2297 2008 2501 2069 Oportet
2532 2010 2684 2049 suum
2736 1991 2973 2045 oblivisci
3014 1995 3311 2058 peccatum,
3344 1982 3437 2038 sed
3470 1982 3633 2036 Deum
3665 1978 3880 2050 quidem

2296 2108 2483 2164 rogare
2502 2101 2559 2143 ut
2590 2105 2652 2143 ne
2679 2088 2792 2157 ejus
2820 2079 3284 2146 meminerit,dum
3310 2076 3425 2147 ipse
3452 2089 3663 2145 semper
3684 2072 3881 2127 memi-

2297 2189 2373 2242 nit
2402 2201 2415 2236 :
2446 2184 2487 2236 si
2519 2196 2614 2236 nos
2640 2180 2754 2248 ejus
2781 2173 3197 2234 meminerimus,
3212 2170 3354 2223 Deus
3376 2166 3491 2236 ejus
3510 2165 3880 2220 obliviscetur.

2297 2280 2374 2335 De
2391 2276 2544 2331 nobis
2567 2274 2693 2343 ipsis
2715 2284 2896 2341 paruas
2912 2278 3204 2327 sumamus,
3228 2276 3324 2315 nos
3355 2261 3497 2329 ipsos
3522 2270 3835 2312 accusemus
3865 2272 3879 2307 :

2298 2373 2367 2425 ila
2386 2370 2623 2424 .ludiccm
2657 2364 2999 2426 placabimus.
3021 2359 3301 2412 Peccatum
3328 2353 3469 2406 enim
3492 2349 3631 2419 quod
3655 2345 3874 2402 confes-

2302 2468 2393 2504 sus
2429 2454 2611 2508 fueris.
2649 2455 2701 2503 lit
2741 2453 2946 2511 annos;
2980 2447 3120 2518 quod
3151 2448 3428 2504 conlessns
3454 2461 3555 2498 non
3585 2443 3749 2498 fueris
3772 2484 3788 2508 ,
3823 2442 3883 2496 ﬁt

2304 2545 2551 2596 deterius.
2602 2540 2728 2594 Nam
2760 2541 2802 2594 si
2835 2549 3107 2609 peccaturo
3138 2538 3235 2592 sibi
3267 2535 3567 2606 adjunxerit
3596 2532 3879 2603 impuden-

2307 2634 2430 2687 tiam
2456 2634 2792 2701 animumque
2820 2633 3102 2700 ingratum,
3125 2643 3409 2697 numquam
3432 2626 3689 2681 consistet
3712 2642 3725 2677 :
3749 2640 3859 2695 quo

2307 2723 2465 2779 modo
2495 2724 2611 2777 talis
2632 2722 2846 2777 omnino
2874 2721 3062 2791 poterit
3092 2734 3278 2774 cavere
3309 2732 3373 2772 ne
3405 2717 3456 2770 in
3482 2716 3668 2772 eadem
3696 2729 3887 2769 rursus

2305 2813 2501 2869 incidat
2529 2814 2616 2884 qui
2650 2814 2795 2881 prius
2824 2810 3046 2865 nescivit
3075 2825 3131 2865 se
3163 2807 3417 2879 peccare?

2374 2905 2572 2960 Bonum
2612 2914 2684 2959 est
2727 2913 2926 2974 peccata
2968 2918 3063 2956 sua
3102 2916 3371 2972 agnoscere
3411 2908 3457 2954 et
3495 2899 3548 2952 in
3590 2898 3887 2952 memoriam

2302 3015 2552 3055 revocare.
2570 3027 2638 3038 —-
2657 2996 2735 3051 Ne
2763 2996 2919 3066 igitur
2948 3007 3200 3064 negemus
3228 3001 3440 3062 peccata
3468 2999 3645 3045 nostra
3665 3031 3680 3055 ,
3708 3005 3838 3059 rogo
3868 3032 3884 3051 ,

2305 3104 2478 3159 neque
2506 3088 2671 3141 simus
2699 3085 3051 3155 impudentes,
3078 3099 3143 3137 ne
3174 3083 3253 3137 vel
3285 3082 3431 3135 inviti
3458 3080 3644 3135 demus
3672 3094 3886 3149 pteuas.

2306 3177 2661 3234 AudivitCain
2686 3191 2713 3229 a
2741 3176 2850 3231 Deo
2881 3194 2893 3229 ε
2922 3173 3019 3229 Ubi
3043 3183 3115 3227 est
3142 3174 3263 3227 Abel
3287 3177 3447 3244 frater
3470 3172 3696 3227 laudet
3717 3171 3848 3226 dicit
3872 3190 3886 3225 ε

2309 3269 2493 3325 Nescio
2510 3285 2529 3323 :
2546 3268 2786 3338 numquid
2810 3282 2900 3337 ego
2920 3281 3031 3320 sum
3054 3274 3220 3319 custos
3241 3264 3415 3335 fratris
3435 3265 3532 3318 mei
3552 3262 3701 3331 (Gen.
3728 3264 3780 3319 4.
3799 3261 3891 3332 9)?

2305 3360 2466 3417 Vides
2508 3341 2775 3431 quomodo
2818 3356 2920 3412 hoc
2957 3356 3169 3427 gravius
3210 3365 3483 3425 peccatum
3521 3353 3743 3410 fecerit?
3778 3353 3889 3410 Sed

2305 3468 2411 3507 non
2440 3450 2518 3505 sic
2541 3450 2658 3519 ejus
2686 3458 2837 3519 pater
2856 3490 2872 3513 ,
2900 3448 2990 3515 qui
3020 3462 3140 3501 cum
3167 3446 3422 3500 audiisset
3444 3487 3459 3507 ,
3489 3442 3653 3499 Adam
3682 3445 3765 3498 ubi
3790 3461 3841 3499 es
3863 3445 3892 3498 2

2305 3542 2497 3614 inquit,
2515 3540 2697 3594 Audivi
2714 3555 2879 3593 vocem
2900 3546 3059 3603 tuam,
3079 3546 3123 3591 et
3143 3537 3285 3589 timui
3305 3536 3539 3605 quoniam
3560 3552 3671 3589 sum
3693 3536 3887 3600 nudus,

2307 3643 2351 3687 ct
2396 3649 2475 3687 mc
2522 3629 2761 3684 abscondi
2805 3626 2974 3699 (Gen.
3004 3628 3054 3682 3.
3094 3626 3145 3683 9.
3191 3623 3317 3695 10).
3363 3624 3605 3696 Magnum
3652 3634 3734 3679 est
3788 3625 3888 3679 bo-

2307 3738 2433 3777 num
2477 3720 2687 3775 assidue
2733 3716 3042 3775 meminisse
3100 3725 3480 3786 peccatorum:
3513 3714 3707 3769 delicto
3754 3715 3890 3769 nihil

2306 3813 2377 3867 ita
2410 3811 2649 3867 medetur
2699 3819 2755 3863 ut
2804 3807 3013 3862 assidua
3057 3804 3402 3861 recordatio:
3447 3803 3573 3859 nihil
3618 3804 3888 3861 hominem

2308 3903 2440 3959 adeo
2484 3901 2661 3957 reddit
2698 3900 2904 3955 tardum
2944 3897 3009 3952 ad
3050 3898 3259 3951 vitium.
3316 3897 3441 3953 Seio
3488 3896 3631 3967 quod
3686 3898 3891 3953 resiliat

2309 3994 2729 4059 conscientia,et
2777 4007 2882 4046 non
2911 3991 3141 4061 patiatur
3187 4004 3247 4043 se
3299 3986 3551 4059 ﬂagellari
3602 4002 3633 4042 a
3687 4003 3893 4044 meme-

2308 4090 2385 4143 ria
2418 4086 2708 4149 malorum;
2742 4082 2833 4138 sed
2867 4081 3075 4136 fortiter
3102 4079 3302 4150 stringe
3328 4080 3582 4139 animam.
3604 4087 3659 4135 et
3677 4094 3890 4134 cantum

2308 4182 2357 4235 ei
2385 4180 2596 4247 impone
2629 4194 2640 4230 :
2671 4178 2807 4230 sicut
2832 4174 2973 4229 enim
3013 4187 3181 4243 equus
3200 4170 3509 4237 eﬁ‘renatus,
3542 4171 3612 4225 ita
3644 4172 3893 4227 intolera-

2311 4273 2431 4327 bilis
2454 4279 2553 4337 est,
2574 4284 2673 4324 nec
2688 4267 2801 4322 vult
2816 4265 2915 4321 sibi
2937 4264 3256 4334 persuadere
3278 4262 3417 4333 quod
3438 4263 3758 4333 peccaverit.
3780 4263 3894 4319 Hoc

2313 4373 2479 4417 totum
2502 4362 2655 4432 plane
2678 4369 2759 4415 est
2787 4358 3103 4413 satanicum.
3129 4355 3235 4410 Sed
3272 4369 3368 4409 nos
3399 4356 3447 4410 ei
3480 4356 3893 4425 persuadeamus

2312 4454 2452 4524 quod
2486 4452 2803 4521 peccaverit,
2836 4456 2891 4503 ut
2918 4456 2971 4502 et
2999 4456 3117 4516 agat
3139 4446 3525 4515 pmnitentiam,
3554 4454 3745 4502 etcum
3777 4461 3892 4517 pm-

2314 4546 2586 4599 nitentiam
2613 4542 2801 4612 egerit,
2835 4540 3091 4594 liberetur
3121 4553 3147 4590 a
3171 4537 3461 4607 suppliciis.
3490 4537 3770 4605 Quomodo
3790 4540 3893 4603 vis,

2314 4638 2398 4691 die
2418 4649 2615 4706 quaeso,
2647 4633 2712 4687 de
2740 4630 2971 4701 peccatis
2998 4629 3205 4698 assequi
3235 4628 3464 4693 veniam,
3490 4631 3534 4697 si
3564 4643 3626 4683 ea
3661 4630 3891 4683 nondum

2316 4730 2389 4783 sis
2424 4723 2734 4781 confessus?
2760 4722 2850 4776 ille
2887 4720 2977 4791 qui
3025 4717 3261 4789 peccavit
3290 4718 3445 4788 plane
3484 4728 3567 4773 est
3597 4719 3898 4774 misericor-

2315 4820 2400 4875 dia
2422 4818 2609 4889 dignos
2634 4824 2687 4870 et
2714 4812 3029 4885 clementia:
3056 4820 3108 4864 tu
3138 4818 3314 4863 autem
3337 4824 3459 4863 cum
3478 4808 3710 4864 nondum
3731 4809 3783 4865 id
3806 4810 3893 4864 tibi

2317 4911 2668 4985 persnaseris,
2690 4904 2958 4979 quomodo
2983 4918 3191 4972 aequum
3220 4917 3411 4958 censes
3442 4912 3501 4957 ut
3548 4902 3894 4973 consequaris

2321 5001 2758 5065 miscricordiam,
2778 4999 2828 5051 in
2854 4996 3082 5066 peccatis
3101 4993 3235 5049 adeo
3256 4994 3320 5047 in‘
3331 4991 3592 5061 pudenter
3608 5004 3661 5048 te
3675 4992 3895 5063 gerens?

2320 5094 2740 5154 Persuadezunus
2766 5089 2919 5143 nobis
2946 5087 3074 5156 ipsis
3098 5084 3238 5155 quod
3264 5085 3601 5155 peccavimus
3626 5102 3640 5139 :
3666 5100 3769 5137 non
3795 5084 3893 5137 lin-

2327 5202 2418 5257 gina
2447 5191 2617 5237 solum
2646 5182 2913 5243 dicamus,
2938 5179 3031 5233 sed
3058 5181 3217 5232 etiam
3246 5185 3425 5231 mente
3449 5189 3513 5230 ac
3536 5172 3855 5241 cogitatione
3881 5186 3896 5224 :

2320 5295 2387 5334 ne
2412 5292 2507 5332 nos
2533 5278 2769 5332 dicamus
2796 5282 2997 5327 tantum
3025 5282 3353 5341 peceatores,
3376 5268 3471 5323 sed
3498 5267 3659 5322 etiam
3686 5272 3895 5335 peccata

2322 5380 2691 5423 rceenseamus
2712 5404 2729 5430 ,
2754 5362 3027 5433 speciatim
3059 5356 3474 5428 unumquodque
3500 5365 3893 5411 enumerantes.

2318 5461 2431 5515 Non
2466 5458 2557 5512 tibi
2608 5456 2727 5509 dico
2758 5462 2813 5509 ut
2846 5470 2905 5509 ea
2941 5463 3211 5521 tamquam
3241 5462 3486 5519 pompam
3538 5446 3591 5500 in
3634 5445 3896 5515 publicum

2321 5550 2575 5619 proferas,
2599 5562 2769 5615 neque
2789 5555 2843 5599 ut
2863 5543 2998 5613 apud
3019 5543 3151 5595 alios
3173 5550 3225 5595 te
3244 5553 3481 5603 accuses,
3509 5535 3602 5592 sed
3628 5544 3685 5590 ut
3710 5549 3899 5605 pareas

2314 5638 2591 5709 Propheta:
2612 5637 2803 5691 dicenti
2825 5653 2837 5687 :
2864 5633 3045 5687 Revela
3062 5631 3278 5686 Domino
3302 5630 3436 5683 viam
3453 5639 3590 5682 tuam
3612 5625 3779 5698 (Psat.
3804 5625 3895 5680 56.

2317 5731 2397 5799 5).
2425 5727 2577 5798 Apud
2608 5727 2769 5780 Deum
2800 5739 2863 5781 ea
2892 5721 3165 5787 conﬁtere,
3195 5720 3331 5789 apud
3372 5718 3615 5775 Iudicem
3641 5716 3900 5772 conﬁtere

2318 5829 2529 5892 peccata
2554 5828 2659 5886 tua,
2682 5830 2862 5884 orans,
2888 5816 2932 5869 si
2959 5830 3061 5869 non
3090 5813 3283 5883 lingua,
3306 5812 3493 5866 saltem
3526 5809 3816 5872 memoria;
3844 5819 3899 5863 et
