4134 6342
269 426 374 491 ﬂ"!

283 563 353 617 ita
380 567 505 625 roga
532 544 588 603 ut
616 547 690 603 tui
722 542 1049 598 misereatur.
1072 530 1127 586 Si
1157 534 1367 625 peccata
1397 531 1484 625 tua
1508 513 1839 625 assidﬁu‘eAlta-

284 612 407 707 beas
433 612 484 699 in
514 634 786 697 memeria,
806 638 1086 695 numquam
1111 618 1286 673 oderis
1302 612 1620 707 proximum,
1641 616 1741 660 nec
1756 616 1843 657 ao-

282 700 447 809 eeptm
472 729 677 801 injuriae
702 718 1027 779 memineris.
1048 713 1162 809 Non
1186 709 1306 809 dico
1323 747 1338 773 ,
1368 704 1414 761 si
1445 700 1541 809 tibi

283 788 437 888 Estis
610 824 934 888 peccatore!!!
964 826 978 862 :
1005 821 1108 862 non
1137 804 1207 857 ita
1235 801 1336 854 hoc
1374 800 1548 865 potest
1592 788 1841 888 humilem

285 879 508 979 reddere
528 879 775 973 animam,
790 908 925 959 sicut
939 916 998 955 ea
1021 911 1136 967 qua:
1151 909 1244 964 per
1262 906 1319 947 se
1343 899 1395 944 et
1413 884 1551 979 apud
1573 899 1630 979 se
1648 879 1846 979 specia~

288 1018 379 1068 tim
422 1007 792 1064 examinantur
843 1002 1075 1065 peccata.
1103 988 1215 1043 Non
1247 984 1368 1039 odio
1400 977 1616 1033 habebis
1640 990 1738 1029 nec
1765 972 1845 1027 in-

280 1105 431 1173 juriae
481 1103 707 1164 acceptae.
749 1064 1049 1143 memineris
1072 1119 1091 1147 ,
1130 1077 1244 1133 [nec
1283 1081 1533 1142 perpetuo
1549 1067 1762 1173 .ltabens
1792 1064 1841 1117 in

286 1158 559 1251 memoria,
589 1158 691 1239 non
723 1176 985 1239 irasceris,
1012 1186 1116 1226 non
1145 1174 1363 1236 appetes
1392 1158 1684 1251 maledictis
1703 1194 1721 1251 ,
1740 1168 1844 1251 non

349 1244 666 1346 issupcrbus
685 1282 735 1324 et
762 1270 952 1329 elatus,
978 1277 1080 1315 non
1110 1260 1161 1312 in
1198 1254 1381 1311 eadem
1409 1264 1591 1305 rursus
1621 1244 1842 1306 incides,

285 1376 349 1430 ad
383 1373 519 1425 bona
552 1363 783 1421 facienda
812 1357 917 1414 eris
941 1348 1321 1408 vehementior.

356 1466 412 1518 4.
444 1460 598 1513 Vides
618 1468 773 1523 quam
820 1448 978 1503 multa
1030 1445 1165 1497 bona
1210 1438 1450 1493 oriuntur
1481 1447 1543 1486 ex
1593 1429 1847 1483 memoria

287 1519 667 1626 peccatorum?
698 1544 814 1597 lltec
861 1552 989 1607 ergo
1016 1532 1213 1589 nostris
1251 1526 1440 1581 animis
1475 1519 1844 1619 inscribamus.

288 1607 413 1700 ἐξέο
434 1639 572 1710 quod
596 1630 903 1689 memoriam
920 1634 1025 1680 tam
1048 1620 1290 1676 acerbam
1314 1630 1416 1667 non
1439 1614 1633 1681 patitur
1650 1607 1845 1670 anima;

286 1699 381 1789 sed
408 1699 521 1786 eam
554 1736 822 1794 cogamus,
861 1724 917 1771 et
940 1715 1045 1767 vim
1071 1711 1119 1764 ei
1145 1707 1447 1761 all'eramus.
1477 1699 1661 1755 Melius
1682 1706 1764 1794 est
1793 1702 1851 1749 ut

288 1787 430 1879 nunc
458 1787 789 1887 peccahirum
808 1806 1109 1861 mordeatur
1128 1796 1401 1857 memoria,
1436 1805 1591 1859 quam
1617 1787 1849 1887 cruciatu

288 1914 378 1985 qui
408 1878 614 1965 l'u'turus
634 1913 715 1959 est
739 1901 830 1954 illo
861 1908 1120 1965 tempore.
1153 1888 1322 1951 Nunc,
1363 1885 1405 1938 si
1433 1897 1615 1938 eorum
1659 1878 1850 1933 mentio

290 1972 454 2068 ueris,
484 2009 538 2055 et
566 2012 626 2054 ea
657 1991 867 2049 assidue
899 1989 1008 2042 Deo
1037 1982 1233 2038 olIeras
1252 2020 1265 2043 ,
1296 1985 1350 2031 et
1395 1988 1489 2043 pro
1534 1972 1613 2068 eis
1650 1982 1813 2068 roges
1832 2008 1848 2034 ,

288 2099 394 2153 cito
524 2086 726 2143 delebis
754 2101 768 2137 :
799 2083 879 2135 sin
909 2086 1085 2132 autem
1116 2085 1255 2127 nunc
1300 2080 1487 2123 eorum
1516 2064 1591 2117 sis
1614 2062 1809 2153 oblitus
1833 2098 1850 2125 ,

293 2148 415 2241 tunc
442 2180 529 2235 vel
557 2178 747 2233 invitus
773 2165 1160 2227 recordaberis,
1186 2175 1305 2215 cum
1334 2159 1384 2211 in
1413 2154 1643 2209 medium
1672 2148 1851 2221 proie-

292 2285 496 2338 rentur,
524 2280 579 2325 et
606 2278 869 2335 tamquam
916 2260 965 2312 in
1017 2266 1259 2325 pompam
1295 2248 1850 2338 producettturcoram

292 2330 555 2421 omnibus.
572 2368 624 2413 et
640 2330 823 2408 amicis
840 2359 892 2405 ct
909 2345 1135 2401 inimicis
1152 2351 1205 2396 et
1224 2338 1447 2409 angelis.
1461 2335 1574 2389 Non
1593 2332 1733 2387 enim
1753 2330 1852 2385 soli

290 2454 502 2515 dicebat
525 2447 733 2511 Davidi,
766 2443 889 2509 Quae
912 2450 964 2493 tu
992 2436 1149 2508 fecisti
1176 2436 1229 2487 in
1254 2431 1448 2485 occulto
1469 2470 1483 2495 ,
1511 2442 1601 2497 ego
1623 2425 1852 2478 omnibus

287 2550 475 2623 faciam
491 2546 754 2617 manifesta
776 2544 852 2611 (2.
865 2537 1201 2610 Reg.12.12),
1221 2534 1313 2589 sed
1330 2533 1488 2586 etiam
1508 2529 1658 2581 nohts
1673 2522 1845 2623 omni-

284 2616 693 2700 bus.llomines,
725 2634 912 2701 inquit,
943 2628 1184 2693 timuisti,
1207 2633 1261 2681 et
1282 2637 1375 2678 eos
1404 2623 1571 2689 magis
1590 2616 1853 2673 reveritus

282 2746 344 2788 es
365 2746 523 2801 quam
574 2728 737 2782 Deum
762 2741 777 2789 ς
807 2733 857 2778 et
891 2723 998 2777 Deo
1023 2720 1235 2775 vidente
1262 2729 1367 2770 non
1396 2712 1615 2777 curasti,
1646 2709 1738 2763 sed
1766 2707 1850 2761 vi-

285 2799 533 2879 den—tibus-
574 2815 876 2874 hominibus
904 2812 1105 2883 pudore
1134 2824 1192 2864 es
1216 2807 1438 2862 affectus
1468 2820 1485 2859 :
1516 2801 1665 2858 Oculi
1684 2799 1849 2863 enim,

287 2913 479 2984 tuquit,
498 2911 775 2973 hominum,
789 2916 859 2959 est
886 2920 1057 2958 eorum
1078 2902 1245 2953 timor.
1261 2897 1543 2964 Propterea
1566 2905 1744 2946 coram
1767 2886 1853 2984 itis

287 2977 418 3075 ipsis
437 3002 588 3057 dabis
607 3014 818 3070 poenas;
843 3006 894 3051 te
912 3009 1050 3049 enim
1079 3003 1316 3060 arguam,
1332 2998 1418 3040 tua
1446 2992 1659 3052 peccata
1684 2977 1851 3075 oculis

286 3068 524 3148 amnium
554 3068 860 3158 subjiciens.
890 3084 1020 3140 Nam
1042 3080 1181 3145 quod
1226 3078 1327 3132 hoc
1360 3076 1429 3130 sit
1454 3087 1658 3131 verum,
1685 3078 1738 3123 et
1766 3068 1853 3120 ille

285 3183 377 3239 die
402 3181 636 3234 omnium
664 3186 899 3232 nostrum
949 3180 1161 3243 peccata
1211 3178 1477 3233 tamquam
1512 3164 1563 3215 in
1608 3172 1856 3231 pompam

288 3271 683 3342 producentur,
718 3266 817 3322 nisi
854 3277 994 3319 nunc
1017 3276 1078 3315 ea
1107 3257 1313 3313 assidua
1342 3251 1707 3309 recordatione
1757 3247 1853 3303 dce

294 3339 518 3425 leantns,
542 3354 663 3413 andi
683 3354 948 3427 quomodo
980 3354 1029 3407 in
1057 3364 1301 3420 pompam
1336 3344 1641 3416 producitur
1667 3339 1858 3396 crude-

292 3454 413 3507 litas
434 3462 486 3506 et
512 3448 869 3505 inhumanitas
893 3459 1079 3499 eorum
1108 3442 1196 3510 qui
1229 3440 1313 3493 ltic
1342 3453 1445 3491 non
1470 3433 1672 3488 miserti
1696 3439 1857 3486 sunt:

293 3545 517 3609 Esurivi,
550 3543 737 3612 inquit,
765 3552 810 3595 et
839 3555 938 3592 non
982 3536 1190 3589 dedistis
1226 3533 1347 3586 mihi
1389 3528 1524 3598 quod
1548 3524 1857 3580 comederem

293 3637 504 3708 (.llattlt.
525 3634 613 3689 εδ.
638 3632 731 3701 42)
774 3630 1118 3697 Quandonam
1148 3627 1261 3679 hrec
1286 3621 1577 3677 dicuntur?
1603 3616 1857 3708 numquid

295 3705 346 3779 in
378 3725 615 3795 angulo?
664 3719 916 3788 numquid
962 3719 1015 3772 in
1063 3714 1311 3771 occulto?
1350 3712 1687 3783 Nequaquam
1715 3724 1730 3772 ;
1763 3705 1858 3762 sed

293 3814 541 3884 quando?
568 3811 788 3877 Quando
809 3808 1012 3863 venerit
1032 3805 1198 3859 Filius
1222 3802 1449 3857 hominis
1470 3802 1519 3853 in
1545 3799 1710 3869 gloria
1737 3810 1855 3863 sua,

294 3915 349 3960 et
374 3902 767 3972 congregat-erit
813 3911 998 3951 omnes
1041 3906 1246 3965 gentes,
1277 3892 1485 3963 quando
1520 3890 1617 3943 hos
1656 3899 1709 3944 et
1738 3889 1859 3942 illus

296 3996 639 4064 separaverit,
671 4001 792 4044 tunc
813 3992 1059 4043 omnibus
1075 3984 1409 4039 audientibus
1434 3984 1594 4044 dicet,
1624 3992 1860 4034 smtucns

296 4101 326 4139 a
364 4083 561 4139 dextris
611 4090 663 4134 et
688 4081 916 4134 sinistris
950 4096 964 4133 :
1001 4076 1221 4139 Esttrivi,
1247 4086 1292 4129 et
1343 4091 1441 4127 non
1486 4073 1692 4126 dedistis
1738 4071 1861 4124 mihi

296 4176 571 4230 comedere.
608 4172 735 4224 Vide
764 4182 946 4223 rursus
980 4169 1092 4220 illas
1136 4166 1368 4235 quinque
1412 4164 1639 4232 virgines
1682 4176 1859 4215 coram

297 4266 541 4320 omnibus
580 4263 852 4316 audientes
898 4277 912 4309 :
958 4258 1140 4312 Nescio
1178 4273 1281 4309 vos.
1336 4255 1577 4322 Quinque
1627 4254 1766 4306 enim
1810 4262 1862 4305 et

297 4361 532 4427 qniuqne
576 4371 678 4407 non
727 4353 1023 4419 signilicant
1069 4356 1271 4400 tantum
1327 4361 1599 4399 numerun
1654 4344 1859 4399 illarum

297 4450 552 4517 quinque,
586 4446 674 4497 sed
706 4456 889 4494 omnes
919 4439 1079 4491 malas
1108 4449 1155 4490 et
1184 4436 1425 4489 crudeles
1455 4445 1505 4487 et
1549 4433 1862 4485 inhumanas

299 4540 549 4607 virgines,
573 4544 626 4587 et
653 4549 741 4587 eas
767 4548 880 4600 qum
912 4546 1013 4583 non
1042 4540 1158 4580 sunt
1188 4526 1505 4592 huiusmodi.
1526 4524 1611 4577 Sic
1638 4526 1793 4575 eli-1m
1819 4524 1862 4575 is

301 4644 509 4698 qttnqllc
538 4626 625 4690 qui
652 4640 807 4675 unum
830 4621 1301 4677 inlodittalentuut,
1330 4616 1524 4667 and=vit
1545 4630 1721 4667 coram
1743 4628 1860 4667 om-

304 4720 477 4774 nibus.
508 4726 555 4769 et
586 4716 648 4765 iis
665 4714 822 4765 etiam
850 4748 853 4755 .
886 4711 931 4759 ui
956 4711 1183 4776 quinque
1207 4718 1260 4759 ct
1285 4708 1368 4769 qni
1393 4706 1495 4757 duo
1528 4708 1814 4757 attulerth
1845 4720 1859 4757 :

303 4806 455 4862 Serve
497 4820 708 4864 nequam
743 4811 785 4853 et
830 4803 1005 4869 ignave
1035 4799 1248 4866 (Matth.
1282 4797 1370 4851 9.5.
1402 4796 1515 4863 26).
1549 4795 1660 4848 Non
1687 4795 1862 4851 verbis

300 4901 490 4952 solum.
517 4896 608 4948 ενι]
638 4894 794 4946 etiam
824 4892 979 4944 rebus
1005 4900 1058 4942 et
1085 4888 1341 4941 lactiseos
1369 4897 1490 4939 tunc
1519 4890 1726 4953 arguit:
1760 4888 1866 4940 sic-

303 5000 358 5043 ut
384 4992 543 5043 ctiam
576 4986 699 5041 dicit
727 4983 1070 5051 evangelista,
1110 4980 1353 5032 Videbunt
1385 4980 1435 5030 in
1473 4995 1615 5044 quem
1646 4980 1864 5047 con/iu-

1054 419 1116 473 l.\'
1158 416 1367 474 EPlST.
1410 416 1499 472 AD
1539 408 1902 469 llEBli/EUS.
1945 413 2096 472 CAP.
2140 412 2253 469 Xll.
2300 414 2526 471 H0.\llL.
2571 414 2760 469 XXXI.

3392 416 3496 473 213

1952 531 2068 574 runt
2094 520 2270 590 (Joan.
2300 521 2387 577 l9.
2421 522 2533 593 37).
2568 522 2737 577 Simul
2777 522 2919 578 enim
2948 524 3049 578 erit
3075 526 3309 579 omnium
3342 544 3512 582 resur-

1950 613 2142 679 rectio,
2168 622 2504 683 peccatorum
2534 623 2584 669 ct
2609 614 2871 684 justorum
2896 632 2911 681 ;
2943 614 3099 670 simul
3125 615 3298 672 aderit
3330 634 3514 675 omne.

1955 720 2212 793 judicans.
2242 716 2423 786 Cogita
2464 731 2591 783 ergo
2619 712 2805 783 quales
2834 722 2957 766 tunc
2984 715 3138 765 erunt
3166 710 3255 781 qui
3284 720 3439 766 erunt
3465 713 3513 765 ir

1956 810 2117 871 luctu,
2152 809 2202 861 in
2236 821 2497 868 mturare,
2526 803 2614 873 qui
2643 801 2920 856 trahentur
2956 802 3006 853 in
3035 803 3232 870 ignem,
3265 798 3391 853 dum
3423 812 3512 855 co-

1953 910 2206 954 ronantur
2231 899 2337 952 alii.
2377 895 2563 957 Venite,
2593 894 2779 963 inquit,
2804 892 3049 946 benedicti
3066 889 3247 949 Patris
3264 892 3379 957 mei,
3403 908 3495 958 pos

1952 993 2107 1044 sidete
2146 1000 2374 1057 paratum
2419 986 2553 1038 vobis
2596 1000 2803 1054 regnum
2843 999 2874 1035 a
2916 983 3268 1037 constitutione
3308 981 3517 1045 mundi,

1954 1091 2007 1136 ct
2032 1096 2231 1143 rursus,
2265 1078 2515 1132 Discedite
2541 1094 2573 1130 o
2601 1092 2678 1129 me
2718 1076 2768 1129 iu
2797 1076 2963 1145 ignem
2992 1083 3225 1145 paratum
3255 1073 3455 1127 diabolo
3476 1086 3519 1126 et

1952 1171 2141 1244 angelis
2160 1173 2266 1237 ejus
2299 1168 2505 1239 (Matth.
2531 1166 2623 1221 9.5.
2654 1167 2743 1221 54.
2772 1166 2881 1234 Μ).

2025 1262 2199 1314 Aliena
2235 1262 2364 1314 bona
2406 1259 2707 1328 rapientium
2754 1256 3075 1327 supplicium.
3102 1285 3176 1298 --
3203 1254 3316 1311 Non
3348 1256 3518 1309 solum

1956 1354 2115 1406 verba
2148 1354 2441 1415 ttttdiatttus,
2461 1351 2553 1405 sed
2583 1350 2752 1403 oculis
2790 1354 2947 1404 etiam
2976 1350 3236 1417 descripta
3274 1348 3521 1415 subjicia—

1952 1460 2070 1498 mus
2096 1453 2147 1497 et
2168 1444 2528 1497 existimemus
2554 1457 2673 1495 eum
2704 1454 2842 1494 nunc
2865 1439 3072 1494 adesse.
3102 1446 3155 1492 et
3185 1437 3297 1491 lucc
3320 1438 3519 1504 dicere,

1952 1545 2003 1589 et
2029 1550 2125 1588 nos
2154 1534 2205 1588 in
2233 1534 2375 1587 illum
2409 1534 2580 1600 ignem
2611 1532 2897 1585 abducere.
2929 1530 3149 1598 Qualem
3198 1538 3322 1584 tunc
3361 1530 3523 1585 habe-

1954 1625 2126 1679 bimus
2173 1625 2445 1677 animam?
2494 1624 2701 1693 qualem
2750 1620 3377 1687 consolationem?Quid
3432 1633 3523 1677 ve-

1952 1732 2031 1782 ro,
2078 1716 2288 1786 quando
2343 1717 2393 1769 in
2444 1714 2575 1769 duas
2623 1724 2803 1785 partes
2846 1713 3179 1770 dividentur?
3225 1713 3347 1783 quid
3397 1727 3522 1769 vero

1952 1809 2161 1877 quando
2213 1808 2279 1862 de
2316 1808 2498 1877 rapina
2553 1807 3271 1875 accusabimur?quamnam
3320 1805 3524 1873 poteri-

1952 1916 2067 1953 mus
2116 1897 2308 1953 afferre
2332 1898 2782 1979 .cxtrusatiunem?
2820 1912 3101 1967 quemnam
3154 1896 3520 1965 probationem

1950 2002 2001 2046 ei
2038 1992 2214 2062 specie
2251 2007 2353 2045 non
2391 1990 2722 2043 inhonestam
2774 1989 3113 2043 orationem?
3142 1987 3351 2043 Nullam
3384 2006 3397 2042 :
3427 1988 3520 2041 sed

1951 2098 2170 2136 ttrccssc
2200 2084 2300 2136 erit
2327 2092 2381 2135 ut
2414 2081 2572 2134 vincti
2600 2091 2654 2135 et
2679 2080 2927 2134 deorsum
2958 2080 3216 2134 incurvati
3249 2078 3523 2133 trahamur

1950 2176 2011 2227 ad
2043 2174 2176 2228 ostia
2206 2172 2559 2235 caminmum,
2590 2170 2653 2224 ad
2682 2170 2901 2225 ﬂuvium
2949 2171 3116 2241 ignis.
3152 2171 3201 2223 in
3235 2170 3483 2224 tenebras
3505 2210 3521 2234 ,

1950 2265 2014 2317 ad
2040 2262 2292 2332 supplicia
2327 2262 2666 2323 immortalia,
2695 2270 2749 2315 et
2775 2262 3040 2315 neminem
3070 2262 3133 2314 ad
3164 2274 3260 2313 nos
3288 2259 3523 2333 liberan-

1950 2356 2074 2408 dum
2107 2369 2294 2423 rogare
2325 2352 2635 2422 poterimus.
2663 2351 2776 2405 Non
2810 2360 2982 2421 potest
3010 2352 3173 2415 enim,
3204 2350 3393 2419 inquit,
3416 2366 3520 2405 non

1952 2456 2124 2518 potest
2152 2446 2273 2500 hinc
2316 2445 2438 2499 illuc
2470 2443 2719 2498 transiri:
2750 2450 2833 2497 est
2857 2444 3003 2497 enim
3036 2442 3174 2497 inter
3204 2456 3301 2497 nos
3340 2452 3395 2497 et
3429 2456 3524 2497 vos

1951 2556 2195 2610 magnum
2225 2538 2385 2593 chaos
2411 2536 2559 2609 (Luc.
2596 2535 2682 2590 l6.
2707 2534 2797 2605 26)
2829 2553 2841 2587 :
2874 2545 2926 2590 et
2956 2549 3052 2588 nec
3077 2534 3379 2589 volentibus
3401 2533 3525 2589 licet

1952 2633 2196 2694 transire,
2230 2638 2284 2684 et
2312 2643 2525 2683 manum
2554 2628 2813 2696 prmbcre,
2843 2625 2939 2682 sed
2971 2639 3191 2680 necesse
3217 2634 3299 2680 est
3329 2640 3523 2695 pet-pe.

1951 2735 2040 2778 tuo
2065 2720 2276 2785 ardere,
2319 2719 2531 2774 nemine
2560 2718 2711 2773 nobis
2741 2732 2895 2786 opem
2941 2716 3164 2779 ferente,
3194 2716 3306 2770 sive
3337 2717 3405 2770 sit
3436 2731 3527 2784 pa-

1951 2823 2052 2879 ter,
2081 2812 2195 2869 sive
2216 2821 2406 2875 mater,
2432 2809 2545 2864 sive
2570 2807 2814 2879 quilibet,
2841 2806 3048 2861 etiamsi
3084 2805 3279 2860 habeat
3303 2807 3525 2861 multam

1957 2909 2021 2963 ad
2054 2909 2217 2963 Deum
2249 2906 2492 2960 fiduciam
2528 2923 2541 2960 :
2576 2902 2753 2957 Frater
2774 2905 2938 2970 enim,
2972 2905 3161 2973 inquit,
3178 2920 3281 2958 non
3307 2905 3529 2967 redimit,

1955 3000 2163 3053 redimet
2201 2999 2350 3051 homo
2380 2996 2550 3066 (Ρωι.
2570 2996 2661 3051 68.
2690 2995 2789 3065 8)?
2814 2996 2944 3049 Cum
2972 3009 3100 3063 ergo
3144 3010 3249 3048 non
3290 2993 3446 3047 liceat
3476 2989 3526 3042 i.t

1956 3089 2062 3143 alio
2100 3086 2299 3143 habere
2328 3100 2476 3155 spem
2508 3086 2716 3150 salutis,
2745 3100 2903 3154 quam
2949 3085 2999 3138 in
3045 3084 3244 3152 seipse,
3290 3092 3410 3152 post
3440 3082 3532 3139 Dei

1960 3178 2336 3245 benignitatem
2384 3186 2437 3230 et
2465 3175 2826 3238 clementiam,
2858 3188 2988 3244 rogo
3031 3172 3208 3227 omnia
3237 3172 3492 3227 faciamus
3518 3218 3531 3237 ,

1959 3278 2018 3323 ut
2047 3270 2151 3321 vita
2175 3270 2244 3322 sit
2271 3265 2422 3321 nobis
2462 3266 2658 3321 munda
2686 3274 2934 3335 recteque
2961 3264 3220 3331 instituta,
3248 3274 3302 3319 et
3342 3279 3440 3319 nec
3470 3269 3533 3319 ah

1960 3359 2112 3413 initio
2142 3358 2305 3413 ullam
2334 3358 2687 3425 suscipiamus
2731 3356 2990 3410 maculam
3019 3373 3034 3409 ;
3066 3357 3147 3409 sin
3190 3356 3384 3421 minus,
3420 3366 3537 3425 post

1959 3459 2261 3517 susceptam
2290 3448 2500 3517 quidem
2534 3448 2789 3500 maculam
2822 3462 2891 3500 ne
2916 3446 3261 3509 dormiamus,
3287 3447 3381 3501 sed
3412 3462 3535 3514 pero

1961 3554 2269 3595 severemus
2298 3553 2508 3607 semper
2548 3537 2735 3591 sordes
2763 3537 2978 3591 abluere
3008 3552 3099 3605 per
3130 3538 3493 3605 penitentiam
3518 3581 3535 3605 ,

1960 3648 2059 3704 per
2088 3633 2373 3703 lacrymas,
2403 3648 2494 3701 per
2516 3634 2805 3695 orationes,
2836 3646 2931 3703 per
2950 3633 3369 3705 elecnmsynam.
3399 3633 3533 3698 Quid

1962 3740 2110 3788 vero,
2142 3725 2329 3790 inqttil,
2359 3724 2403 3777 si
2435 3739 2538 3777 non
2587 3725 2808 3778 habeam
2839 3724 2977 3779 unde
3021 3724 3211 3779 faciant
3242 3728 3540 3798 elecmosy-

1966 3833 2084 3870 nam
2108 3817 2131 3869 ?
2159 3817 2259 3871 Sed
2293 3816 2456 3870 habes
2501 3817 2747 3884 poculum
2800 3831 2948 3885 aqua:
2983 3815 3185 3885 frigida:
3208 3859 3221 3879 ,
3254 3826 3538 3885 quantum-

1963 3922 2189 3975 cmnque
2209 3906 2281 3959 sis
2302 3921 2500 3973 pauper
2516 3922 2531 3969 ;
2549 3907 2641 3958 sed
2660 3905 2979 3959 duomiunta
2998 3904 3184 3971 habes,
3202 3907 3362 3975 pedes
3378 3907 3535 3962 habet

1968 4006 2022 4049 nt
2038 3998 2216 4049 visites
2236 4005 2483 4063 a-grotos,
2503 4004 2558 4047 ut
2576 3996 2887 4064 ingrediaris
2904 4010 3171 4050 carcerem
3193 4013 3207 4061 ;
3229 3998 3319 4051 scd
3344 4008 3537 4052 tectum

1966 4088 2149 4148 habes,
2169 4098 2223 4139 ut
2252 4087 2485 4156 excipias
2515 4088 2767 4155 hospites.
2785 4086 2900 4141 Non
2927 4098 3008 4141 est
3034 4088 3197 4152 enim,
3218 4106 3321 4143 nou
3340 4101 3420 4143 est
3452 4106 3539 4142 vc-

1966 4177 2050 4228 nia
2076 4176 2139 4228 iis
2162 4176 2249 4241 qui
2283 4192 2386 4228 non
2408 4176 3038 4245 l'aciuntelcetnosyttam,
3066 4192 3163 4233 nec
3193 4188 3413 4232 utuntur
3442 4184 3540 4233 mi-

1965 4266 2274 4320 scriCordia.
2296 4267 2415 4320 Iltec
2432 4280 2528 4319 nos
2541 4267 2688 4320 vobis
2709 4268 2921 4322 assidue
2937 4269 3181 4334 dicimus,
3205 4279 3257 4321 nt
3280 4272 3360 4323 vel
3374 4287 3435 4324 ex
3454 4288 3537 4326 as»

1965 4357 2214 4437 siduitate
2242 4373 2422 4424 parum
2443 4358 2565 4427 quid
2587 4359 2893 4412 elliciamns.
2910 4359 3034 4414 llaec
3050 4360 3294 4428 dicimus,
3313 4378 3415 4416 non
3434 4374 3535 4417 tam

1931 4519 1936 4523 ‘
1965 4440 2148 4505 eorum
2178 4452 2369 4517 quibus
2392 4451 2525 4505 bene
2551 4455 2628 4515 lit,
2661 4467 2816 4520 quant
2839 4454 2999 4506 vestri
3039 4468 3219 4507 curant
3249 4467 3495 4524 getentrs
3527 4478 3537 4509 :

1968 4558 2085 4595 nam
2113 4543 2214 4595 illis
2237 4544 2447 4610 quidem
2468 4558 2525 4595 ea
2547 4559 2663 4611 qua:
2690 4543 2771 4595 hic
2788 4553 2913 4596 Sunt
2931 4544 3095 4609 dalis;
3115 4545 3345 4600 cmlestia
3364 4554 3541 4600 autem

1966 4634 2232 4700 accipitis:
2258 4649 2375 4699 qua:
2398 4635 2549 4687 nobis
2571 4635 2817 4686 omnibus
2837 4633 2989 4687 detur
3009 4637 3283 4705 consequi,
3301 4639 3464 4705 gratia
3490 4649 3541 4693 et

1967 4724 2293 4792 benignitate
2312 4724 2517 4777 Domini
2544 4727 2706 4777 nostri
2730 4723 2855 4777 .lesu
2884 4726 3235 4788 Christi,cum
3265 4742 3368 4795 quo
3399 4726 3541 4781 Patri

1969 4830 2069 4869 una
2094 4831 2211 4867 eum
2226 4826 2410 4869 sancto
2426 4816 2625 4883 Spiritu
2643 4816 2831 4884 gloria,
2850 4817 3037 4882 honor,
3057 4820 3332 4886 imperium
3347 4829 3399 4874 et
3416 4820 3542 4874 adu-

1970 4907 2125 4973 ratio,
2148 4920 2287 4962 nunc
2305 4916 2357 4962 et
2381 4921 2611 4977 semper,
2628 4915 2679 4961 et
2708 4907 2759 4961 in
2782 4907 2972 4963 szecula
2996 4908 3332 4963 szeculorum.
3355 4915 3538 4965 Amen.
