4134 6342
664 358 763 413 L’I'J

1401 356 1455 411 S.
1493 350 1765 410 JOANNIS
1793 349 2254 407 CHRYSOSTOMI
2291 350 2604 407 ARCHIEP.
2643 352 3168 411 CONSTANTINOP.

1924 543 2263 606 HOMILIA
2302 543 2570 606 XXXII.

671 694 800 751 Cn.
837 688 921 748 ιι
969 708 1021 746 v.
1063 692 1149 746 18.
1178 690 1299 745 Non
1336 692 1466 745 enim
1501 681 1771 745 accessistis
1805 689 1873 742 ad
1906 688 2210 742 tractabilem

741 790 973 842 montem,
991 789 1037 834 et
1056 778 1397 833 accensibilem
1420 779 1604 848 ignem,
1627 787 1673 831 et
1698 777 1942 831 turbinem
1963 785 2008 829 et
2028 775 2209 846 caligi-

742 887 851 926 nem
865 878 912 924 et
932 868 1221 939 procellam,
1247 867 1331 922 19.
1357 878 1401 921 et
1422 868 1552 920 tubas
1568 883 1764 930 sonum,
1786 874 1833 919 et
1854 881 2019 919 uocem
2038 864 2212 918 uerbo-

739 977 872 1025 rum,
886 976 1032 1030 quam
1053 960 1137 1030 qui
1156 959 1442 1024 audierunt,
1459 966 1809 1012 excusaverunt
1827 973 1881 1011 se
1899 972 1963 1009 ne
1983 956 2053 1010 eis
2070 955 2209 1023 ﬁeret

735 1053 954 1105 uerbum.
976 1050 1065 1106 20.
1081 1048 1196 1103 Non
1212 1049 1338 1102 enim
1355 1046 1616 1118 portabant
1633 1046 1766 1116 quod
1780 1044 2035 1099 dicebatur
2050 1061 2069 1099 :
2089 1044 2152 1099 Et
2165 1045 2210 1099 si

740 1139 889 1194 bestia
905 1138 1112 1209 tetigerit
1128 1146 1363 1203 montem,
1387 1135 1708 1205 lapidabitur.
1754 1134 1816 1189 2i
1832 1175 1845 1189 .
1864 1134 1931 1188 Et
1952 1136 2046 1201 (ita
2066 1136 2209 1189 terri-

736 1227 832 1284 bile
844 1237 948 1282 erat
958 1226 1093 1296 quod
1100 1225 1374 1296 videbatur)
1389 1224 1440 1278 M
1446 1240 1585 1295 ogses
1597 1225 1742 1290 dixit,
1752 1223 2029 1279 Exterritus
2041 1240 2151 1277 sum
2163 1233 2208 1278 et

738 1314 1081 1372 tremebundus
1112 1313 1234 1371 :22.
1252 1318 1342 1369 sed
1356 1314 1628 1369 accessistis
1656 1314 1724 1366 ad
1756 1314 1883 1369 Sion
1911 1322 2128 1367 montem
2161 1323 2207 1368 et

734 1410 977 1463 civitatem
988 1406 1081 1461 Dei
1097 1402 1599 1471 risentisJemalem
1610 1404 1929 1467 ccclestem,et
1943 1405 2206 1457 multarunt

735 1498 949 1551 millium
964 1497 1250 1566 angelorum
1266 1493 1753 1562 frequentiam,2’5.et
1765 1490 2045 1545 Ecclesium
2054 1495 2208 1561 primi

733 1593 943 1643 tivorum
953 1587 1036 1657 qui
1048 1586 1314 1653 conscripti
1327 1594 1441 1639 sunt
1456 1585 1507 1637 in
1520 1583 1673 1646 castis,
1690 1592 1734 1635 et
1744 1582 1965 1652 iudicem
1983 1583 2204 1636 omnium

736 1680 915 1743 Deum,
934 1687 978 1731 et
997 1676 1199 1744 spiritus
1212 1676 1469 1745 justorum
1493 1676 1841 1742 pcrfectorum,
1865 1665 1955 1728 24.
1971 1681 2021 1727 et
2034 1671 2203 1726 Testa-

734 1768 884 1823 menti
911 1767 1024 1822 novi
1049 1766 1366 1820 mediatorem
1383 1764 1415 1817 J
1421 1778 1583 1827 esum,
1607 1770 1652 1815 et
1680 1759 1942 1832 sanguinis
1957 1762 2203 1830 aspersio-

734 1877 845 1914 nem
867 1859 1042 1914 melius
1066 1858 1342 1926 loquentem
1367 1869 1514 1924 quam
1539 1852 1679 1906 Abel.

744 2020 793 2071 l.
833 2022 993 2071 urant
1032 2014 1241 2083 quidem
1282 2012 1334 2065 in
1379 2010 1576 2078 templo
1622 2007 1982 2072 admirabilia,
2032 2016 2212 2063 sancta

670 2112 1008 2167 sanctorum;
1038 2109 1191 2157 erant
1236 2113 1418 2154 rursus
1462 2097 1713 2153 terribilia
1742 2098 1900 2152 etiam
1941 2097 2054 2153 haec
2094 2114 2214 2167 qua:

673 2199 806 2249 facta
849 2201 972 2248 sunt
1016 2191 1067 2245 in
1110 2198 1288 2244 monte
1328 2188 1495 2251 Sinai.
1540 2187 1694 2256 ignis,
1737 2188 1987 2253 tenebrm,
2021 2188 2208 2259 caligo,

672 2284 897 2355 procella
949 2297 963 2335 :
993 2279 1149 2335 Visus
1178 2287 1262 2335 est
1283 2278 1446 2342 enim,
1474 2276 1661 2346 inquit,
1686 2276 1823 2331 Deus
1852 2275 1904 2330 in
1934 2276 2075 2331 Sinai
2118 2285 2211 2345 per

672 2382 864 2447 ignem,
907 2370 1190 2444 procellam
1232 2365 1595 2437 et'caliginem
1630 2363 2209 2437 (Exod.c.19;etDeut.

670 2468 719 2521 5.
749 2466 865 2534 22).
892 2462 1093 2517 Novum
1123 2469 1297 2514 autem
1326 2457 1719 2512 Testamentum
1761 2470 1882 2510 cum
1923 2455 2067 2510 nullo
2111 2456 2211 2511 bo-

672 2572 786 2611 rum
815 2554 991 2611 datum
1018 2558 1119 2617 est,
1159 2547 1253 2604 sed
1280 2547 1457 2602 datum
1492 2544 1587 2599 fuit
1621 2559 1650 2597 a
1677 2540 1885 2599 Christo
1909 2543 1962 2598 in
1987 2545 2211 2613 simplici

668 2656 933 2702 sermone.
962 2639 1093 2695 Vide
1132 2651 1257 2707 ergo
1293 2633 1560 2705 quomodo
1590 2632 1776 2688 horum
1820 2646 2027 2703 quoque
2056 2632 2213 2688 faciat

665 2730 1113 2804 comparationem
1158 2742 1175 2791 ;
1223 2733 1279 2781 et
1326 2738 1389 2778 ea
1438 2723 1627 2778 merito
1674 2723 1848 2793 posuit
1895 2722 2209 2791 posteriora.

667 2826 797 2883 Nam
822 2818 1032 2893 quando
1056 2816 1134 2872 eis
1155 2813 1416 2886 persuasit
1441 2827 1533 2881 per
1555 2810 1981 2876 innumerabilia,
2002 2812 2212 2880 quando

668 2918 824 2972 etiam
874 2908 1103 2966 ostendit
1148 2905 1272 2976 quid
1316 2903 1523 2958 intersit
1546 2903 1685 2957 inter
1712 2913 1992 2972 utrumque
2023 2903 2211 2958 Τιιδιιια

668 3014 901 3060 mentum
927 3016 939 3051 :
966 3010 1086 3053 tunc
1114 3008 1179 3051 eo
1208 2994 1354 3064 prius
1380 2991 1683 3060 reprobato,
1708 2990 1897 3046 deinde
1926 2991 2073 3046 facile
2098 2992 2211 3047 haec

667 3107 875 3163 quoque
902 3086 1199 3161 aggreditur
1226 3102 1239 3138 :
1270 3092 1324 3137 et
1360 3081 1484 3152 quid
1508 3080 1675 3135 dicit?
1701 3078 1819 3133 Non
1845 3081 1972 3134 enim
1997 3082 2208 3135 accessi-

666 3186 754 3237 stis
780 3182 847 3234 ad
872 3174 1173 3232 tractabilem
1199 3180 1411 3226 montem
1453 3179 1499 3224 et
1527 3185 1784 3223 accensum
1813 3169 1997 3236 ignem,
2025 3178 2072 3222 et
2103 3180 2211 3223 tur-

666 3274 824 3325 binem
842 3309 855 3333 ,
896 3274 943 3321 et
978 3264 1273 3335 caliginem,
1295 3268 1341 3313 et
1369 3259 1672 3328 procellam,
1703 3266 1750 3310 et
1776 3256 1905 3311 tubas
1926 3273 2132 3324 sonum,
2163 3267 2209 3310 et

667 3375 829 3414 uocem
848 3354 1101 3410 verborum
1125 3390 1141 3417 ,
1167 3365 1317 3421 quant
1340 3348 1426 3417 qui
1450 3346 1746 3410 audierunt,
1774 3356 2120 3400 recusaverunt
2145 3363 2205 3401 ne

667 3453 738 3489 eis
768 3444 1035 3490 adderetur
1061 3437 1276 3492 uerbum.
1309 3435 1425 3490 Non
1455 3438 1584 3490 enint
1616 3440 1882 3507 portabant
1906 3440 2043 3506 quod
2084 3436 2215 3490 dice-

670 3528 813 3577 batur
842 3541 860 3579 :
893 3531 958 3578 ιιι
986 3526 1028 3578 si
1053 3525 1207 3578 bestia
1233 3526 1443 3595 tetigerit
1468 3534 1701 3588 montem,
1737 3526 2062 3595 lapidabitur.
2096 3525 2216 3578 llaze

672 3623 812 3676 sunt,
844 3615 1028 3681 inquit,
1061 3613 1403 3679 terribilia,et
1422 3613 1553 3668 adeo
1577 3614 1828 3668 terribilia
1848 3624 2087 3682 utncque
2115 3613 2217 3667 ler-

672 3712 791 3755 rent
809 3702 1153 3767 auditionem,
1176 3717 1343 3770 neque
1369 3702 1531 3756 bestia
1553 3703 1767 3756 auderet
1788 3704 2089 3757 ascendere.
2112 3703 2215 3757 Sed

675 3808 778 3844 non
800 3800 948 3846 ciant
960 3792 1069 3846 Ιιωε
1084 3793 1224 3857 talia,
1239 3793 1408 3860 qualia
1426 3808 1541 3861 qua:
1557 3802 1733 3862 postea
1746 3802 1863 3847 sunt
1877 3804 2213 3863 consequuta:

673 3882 795 3951 quid
817 3884 955 3936 cnim
973 3882 1117 3937 Sinai
1137 3882 1201 3935 ad
1218 3884 1399 3937 czelum
1421 3883 1444 3933 τ
1461 3884 1583 3952 quid
1604 3885 1738 3952 ignis
1753 3886 2139 3940 contrectabilis
2152 3886 2215 3939 ad

676 3973 839 4027 Deum
883 3973 968 4040 qui
1000 3986 1101 4027 non
1128 3981 1297 4041 potest
1323 3973 1679 4027 contrectari?
1706 3972 1839 4027 Dens
1862 3975 2001 4028 enim
2030 3985 2214 4039 noster,

676 4064 860 4130 inquit,
885 4074 953 4117 est
980 4064 1107 4133 ignis
1127 4079 1417 4117 consumma
1436 4062 1617 4131 (Hebr.
1643 4063 1727 4118 l2.
1753 4066 1862 4134 il).
1886 4065 2110 4120 Terrore
2126 4081 2219 4119 au-

677 4165 781 4208 tem
812 4154 966 4208 fuisse
992 4155 1141 4223 plena
1160 4170 1273 4223 qua:
1302 4154 1354 4208 in
1384 4165 1559 4208 monte
1574 4165 1718 4225 gesta
1735 4166 1876 4217 sunt,
1900 4170 1964 4209 ex
1989 4158 2052 4210 iis
2078 4166 2217 4225 patet

676 4257 792 4311 qua:
809 4242 1052 4296 dicebant
1072 4262 1083 4295 :
1103 4241 1183 4295 Ne
1206 4243 1435 4312 loquatur
1460 4244 1597 4296 nobis
1615 4243 1767 4302 Deus.
1784 4244 1868 4297 sed
1891 4244 2117 4313 loquatur
2132 4262 2217 4298 no-

676 4334 750 4386 bis
785 4331 983 4402 Moyses
1013 4330 1202 4401 (Exod.
1231 4332 1319 4386 20‘.
1351 4333 1456 4400 19).
1519 4333 1639 4387 Non
1668 4338 1929 4403 portabant
1952 4337 2079 4389 enim
2099 4379 2111 4399 ,
2144 4338 2219 4388 in-

676 4422 806 4489 quit,
851 4422 983 4490 quod
1026 4423 1281 4475 dicebatur
1321 4437 1341 4475 :
1381 4422 1446 4474 Et
1483 4425 1526 4475 si
1565 4424 1717 4476 bestia
1747 4424 1956 4495 tetigerit
1986 4435 2217 4491 montem,

678 4510 999 4579 lapidabitur.
1052 4510 1115 4563 Et
1163 4511 1277 4577 (ita
1325 4512 1537 4565 terribile
1588 4524 1691 4567 erat
1734 4514 1865 4583 quod
1913 4516 2215 4585 dicebatur)

678 4598 876 4667 Moyses
920 4600 1065 4664 dixit,
1111 4598 1391 4654 Exterritus
1433 4619 1539 4655 sum
1589 4613 1634 4656 et
1679 4606 2040 4661 tremebundus.
2088 4608 2221 4674 Quid

679 4689 865 4741 mirum
922 4703 1017 4757 pro
1068 4691 1267 4759 populo
1316 4691 1438 4745 talia
1486 4706 1605 4746 eum
1662 4708 1870 4762 passum
1925 4711 2043 4751 esse
2085 4698 2218 4762 dici,

678 4779 887 4846 quando
934 4779 1045 4848 ipse
1086 4781 1177 4848 qui
1222 4781 1487 4851 ingressus
1516 4796 1626 4837 erat
1654 4786 1926 4855 caliginem
1947 4828 1961 4851 ,
1996 4790 2079 4843 ubi
2108 4806 2221 4845 erat

684 4869 840 4933 Deus,
884 4868 1077 4936 inquit,
1124 4868 1403 4924 Exterritus
1446 4889 1558 4926 sum
1604 4884 1648 4927 et
1688 4877 2079 4932 tremebundus?
2121 4881 2224 4934 Sed

679 4957 950 5011 accessistis
975 4959 1041 5010 ad
1066 4968 1281 5012 montem
1308 4960 1455 5025 Sion,
1492 4972 1537 5017 et
1575 4964 1816 5018 deitatem
1850 4964 1947 5021 Dei
1987 4970 2188 5024 viventis
2208 5012 2221 5037 ,

680 5044 957 5099 Jerusalem
997 5046 1258 5112 ctslestem,
1300 5058 1346 5101 et
1391 5050 1662 5104 multorum
1698 5053 1911 5109 millium
1935 5059 2225 5127 angelorum

684 5137 1031 5205 frequentiam,
1074 5149 1120 5193 et
1146 5135 1416 5195 Ecclesium
1445 5144 1804 5210 primitioorum
1844 5149 1928 5216 qui
1960 5152 2226 5220 conscripti

690 5236 806 5280 sunt
824 5228 875 5279 in
897 5229 1048 5292 aulis,
1080 5239 1123 5282 et
1140 5232 1366 5299 judicem
1390 5236 1608 5288 ontnium
1634 5236 1813 5305 Deum,
1842 5250 1886 5291 et
1914 5242 2117 5307 spiritus
2134 5245 2223 5311 ju-

685 5327 876 5369 storum
901 5317 1251 5387 perfectorum,
1266 5330 1314 5373 et
1334 5320 1626 5378 Testamenti
1652 5328 1764 5380 novi
1788 5330 2109 5385 mediatorem
2142 5332 2230 5387 le-

685 5422 824 5471 sum,
854 5415 899 5458 et
925 5409 1182 5476 sanguinis
1209 5414 1544 5479 aspersionem
1574 5416 1749 5471 melius
1779 5418 2055 5485 loquentem
2080 5438 2229 5491 quam

686 5496 826 5551 Abel.
859 5496 1061 5551 Videsis
1092 5514 1190 5567 per
1212 5512 1431 5569 quantas
1470 5520 1554 5559 res
1578 5507 1941 5562 excellentiam
1977 5512 2097 5564 novi
2131 5511 2228 5565 Te-

688 5588 929 5641 stamenli
955 5604 1109 5657 supra
1133 5600 1281 5646 vetus
1303 5596 1547 5648 ostendit.
1566 5596 1801 5665 Namque
1824 5615 1916 5668 pro
1938 5601 2228 5655 Jerusalem

691 5684 943 5745 terrestri,
983 5687 1134 5739 datur
1171 5688 1461 5745 Jerusalem
1487 5692 1714 5747 caelestis
1742 5710 1755 5757 ;
1782 5695 2063 5750 Accessistis
2092 5699 2229 5750 enim

691 5770 754 5823 tu!
800 5772 1045 5830 civitatem
1094 5774 1188 5833 Dei
1236 5780 1454 5847 virentis,
1503 5782 1781 5842 Jerusalem
1826 5786 2065 5844 ca’lcstem
2094 5805 2111 5841 .·
2139 5806 2232 5861 pro

2306 684 2486 755 Moyse
2512 695 2593 741 est
2614 683 2798 748 Jesus;
2822 681 2887 735 Et
2908 681 3218 747 Testamenti,
3247 680 3448 749 inquit,
3475 673 3589 731 noni
3613 671 3864 727 mediato-

2310 790 2416 829 rem
2440 775 2616 829 Jesum
2640 790 2660 829 :
2683 789 2779 844 pro
2819 773 3008 841 populo
3033 772 3202 842 angeli
3229 784 3453 834 omnes;
3485 765 3551 820 Et
3584 763 3867 818 multorum

2311 864 2600 934 angelorum
2624 863 2980 935 frequentiam,
3024 860 3211 931 inquit.
3256 859 3521 926 Quosnam
3569 851 3869 925 primitivus

2309 964 2567 1033 intelligit,
2594 976 2715 1016 cum
2744 963 2892 1027 dicit,
2914 963 2977 1017 Et
2997 961 3266 1015 licrlesiam
3297 958 3697 1027 primitiuorum.’
3730 954 3864 1010 0m-

2307 1067 2401 1106 nes
2429 1052 2655 1106 ﬁdelium
2686 1052 2897 1105 choros.
2926 1050 3151 1104 Eosdem
3172 1050 3331 1102 etiam
3359 1048 3573 1115 spiritus
3593 1046 3858 1114 iustorum

2262 1120 2269 1155 “
2309 1142 2661 1212 perfectorem
2691 1150 2864 1196 vocat.
2895 1140 2968 1195 Ne
2992 1140 3169 1209 itaque
3196 1152 3335 1207 tegre
3364 1137 3543 1191 feratis
3575 1157 3586 1190 :
3616 1132 3749 1188 Cum
3772 1133 3861 1187 his

2306 1232 2475 1297 eritis,
2502 1232 2690 1301 inquit.
2708 1229 2846 1296 Quid
2867 1235 2948 1284 est
2973 1226 3109 1297 quod
3131 1225 3259 1280 dicit
3282 1243 3295 1280 :
3324 1222 3387 1278 Et
3401 1224 3658 1294 sanguinis
3676 1238 3858 1291 asper-

2307 1321 2496 1374 simem
2541 1320 2719 1373 melius
2763 1317 3043 1388 loquentem
3085 1331 3233 1384 quant
3272 1313 3440 1367 Abel?
3480 1311 3690 1381 sanguis
3728 1325 3861 1380 ergo

2306 1411 2487 1467 Abelis
2514 1410 2760 1480 loquutus
2797 1407 2918 1462 est?
2943 1404 3136 1469 Certe;
3162 1413 3215 1459 et
3240 1401 3526 1473 quomodo,
3555 1400 3677 1454 audi
3715 1399 3858 1454 Pau-
3888 1428 3895 1433 η

2308 1500 2415 1556 lum
2456 1498 2716 1554 dicentem
2750 1514 2763 1549 :
2799 1493 2929 1550 Fide
2964 1494 3235 1563 plurimam
3281 1492 3494 1545 hostium
3538 1488 3660 1544 Abel
3707 1504 3859 1558 quam

2309 1588 2433 1645 Cain
2457 1588 2653 1653 obtulit,
2683 1602 2772 1657 per
2788 1600 2936 1654 quam
2962 1583 3293 1638 testimonium
3316 1590 3641 1649 consequutus
3661 1587 3863 1632 estesse

2298 1680 2511 1750 justus;
2543 1684 2592 1730 et
2635 1692 2724 1747 per
2758 1675 2898 1728 illam
2933 1673 3201 1743 defunctus
3227 1671 3394 1725 adhuc
3418 1670 3635 1740 loquitur
3670 1665 3856 1737 (Hebr.

2309 1766 2395 1822 ﬂ.
2421 1764 2485 1838 4)
2504 1780 2520 1831 ;
2541 1774 2597 1821 et
2621 1776 2806 1819 rursus
2823 1762 2951 1817 dicit
2974 1762 3112 1815 Deus
3136 1776 3150 1812 :
3186 1758 3293 1813 ι’οι
3314 1759 3569 1828 unguinis
3589 1757 3763 1824 fratris
3787 1757 3862 1810 tui

2307 1860 2493 1912 clamat
2529 1855 2600 1911 ad
2621 1872 2701 1911 me
2725 1854 2875 1927 (Gen.
2902 1854 2957 1909 4.
2996 1850 3107 1924 10).
3134 1851 3241 1908 Aut
3265 1850 3366 1905 hoc
3390 1861 3517 1919 ergo
3542 1846 3857 1911 dicendum;

2307 1956 2401 2001 aut
2424 1944 2573 2014 illud,
2598 1945 2736 2016 quod
2764 1944 2935 2000 adhuc
2963 1958 3100 1998 nunc
3126 1940 3471 2005 decantatur;
3510 1937 3602 1993 sed
3644 1951 3749 1991 non
3789 1937 3858 1991 ita

2310 2045 2373 2092 ut
2409 2037 2623 2107 sanguis
2664 2034 2899 2091 Christi:
2942 2034 3033 2089 hic
3074 2033 3217 2089 enim
3245 2045 3433 2086 omnes
3472 2026 3765 2091 mandavit,
3806 2037 3860 2081 et

2307 2124 2721 2197 splendidiorem
2744 2123 3133 2178 emittitvocem
3147 2126 3203 2173 et
3218 2119 3681 2191 signiﬁcaouorem
3705 2160 3721 2182 ,
3753 2133 3859 2187 quo

2302 2215 2481 2282 majus
2502 2212 2663 2269 habet
2680 2211 2818 2283 quod
2841 2226 2935 2281 per
2958 2224 3043 2265 res
3067 2209 3235 2265 fertur
3255 2208 3634 2264 testimonium.
3658 2207 3749 2261 25.
3782 2205 3861 2259 Vi-

2309 2314 2421 2360 dete
2444 2321 2508 2360 ne
2531 2304 2764 2359 recusetis
2781 2302 3080 2372 loquentem.
3103 2299 3164 2355 Si
3182 2299 3315 2353 enim
3336 2299 3413 2352 illi
3437 2314 3536 2351 non
3556 2295 3857 2367 ed‘ugerunt,

2307 2403 2590 2449 recusantes
2611 2410 2724 2448 eunt
2750 2393 2835 2463 qui
2862 2407 3017 2460 supra
3055 2397 3237 2443 terram
3276 2387 3480 2441 oracula
3525 2386 3814 2455 loquebatur
3839 2400 3861 2440 :
3893 2380 3903 2385 ’

2309 2483 2465 2537 multo
2490 2482 2647 2552 magis
2658 2496 2783 2545 mos,
2822 2480 2908 2549 qui
2944 2478 3008 2532 de
3045 2477 3182 2531 castis
3210 2476 3487 2546 loquentem
3513 2475 3654 2529 nobis
3679 2475 3862 2529 auerti-

2308 2589 2438 2627 mus.
2481 2570 2573 2626 26.
2618 2567 2775 2640 Cujus
2815 2584 2910 2623 vos:
2943 2567 3093 2621 mouit
3118 2577 3303 2621 terram
3331 2575 3447 2620 tunc
3476 2579 3497 2620 :
3529 2581 3664 2619 nunc
3699 2576 3865 2621 autem

2310 2661 2607 2730 repromittit
2631 2701 2647 2725 ,
2674 2660 2841 2713 dicens
2863 2674 2883 2712 :
2925 2658 3106 2711 Adhuc
3146 2658 3314 2722 semel,
3346 2666 3393 2711 et
3416 2672 3505 2727 ego
3534 2657 3735 2711 movebo
3762 2674 3867 2712 non

2309 2751 2471 2807 solum
2511 2761 2714 2816 terram,
2740 2748 2827 2803 sed
2863 2759 2910 2803 et
2936 2748 3133 2803 caelum.
3162 2747 3250 2801 27.
3283 2747 3429 2815 Quod
3470 2758 3660 2813 autem,
3682 2747 3865 2803 Adhuc

2309 2840 2479 2905 semel,
2506 2841 2645 2904 dicit,
2665 2840 2885 2895 declarat
2917 2838 3174 2893 mobilium
3201 2836 3577 2891 translationem
3606 2845 3862 2906 tamquam

2310 2929 2575 3000 factorum,
2602 2941 2657 3015 ut
2682 2940 2913 2985 ntaneant
2951 2945 3008 2983 ea
3030 2945 3142 2996 qua:
3166 2938 3284 2981 sunt
3310 2929 3602 2981 immobilia.
3634 2928 3725 2985 28.
3753 2927 3867 2981 Ita-

2309 3038 2407 3092 que
2445 3037 2652 3093 regnum
2678 3020 2925 3075 immobile
2948 3020 3299 3089 suscipientes,
3330 3020 3597 3073 habeamus
3626 3020 3864 3089 gratiam,

2313 3128 2402 3183 per
2423 3127 2570 3180 quam
2599 3112 2872 3165 serviamus
2894 3112 3146 3179 placentes
3188 3108 3293 3164 Deo
3322 3126 3436 3161 cum
3476 3119 3607 3162 metu
3645 3120 3692 3163 et
3728 3125 3869 3164 reve-

2311 3201 2493 3255 rentia.
2520 3199 2613 3256 29.
2649 3197 2844 3253 Etenim
2879 3197 3009 3253 Deus
3054 3209 3223 3253 noster
3265 3199 3398 3269 ignis
3426 3214 3723 3252 consumens
3765 3208 3863 3253 est.

2311 3287 2588 3345 Terribilia
2614 3297 2737 3343 sunt
2766 3289 2887 3353 illa;
2933 3287 3025 3342 sed
3057 3288 3222 3341 multo
3252 3286 3365 3341 luec
3393 3286 3784 3342 admirabiliora
3810 3297 3871 3341 et

2314 3380 2645 3452 prccclariora
2678 3398 2691 3433 :
2723 3395 2825 3433 non
2852 3389 2975 3433 sunt
3002 3380 3143 3433 enim
3178 3378 3411 3433 tenebrae
3442 3378 3545 3443 hic,
3580 3394 3750 3448 neque
3776 3393 3869 3432 ca-

2314 3473 2438 3543 ligo,
2460 3487 2631 3541 neque
2672 3471 2924 3541 procella,
2958 3480 3013 3524 nt
3043 3471 3169 3524 illic.
3204 3470 3269 3523 Et
3298 3484 3394 3524 cur
3425 3460 3548 3524 tun'c
3596 3471 3731 3525 Deus
3768 3486 3871 3539 per

2312 3564 2484 3633 ignem
2512 3562 2657 3616 visus
2686 3561 2803 3616 est?
2830 3561 2929 3615 Per
2958 3561 3042 3614 illa
3077 3560 3205 3614 mihi
3244 3560 3453 3615 videtur
3479 3561 3633 3614 tacite
3659 3561 3868 3629 signiti-

2313 3666 2435 3707 care
2454 3652 2645 3706 veteris
2670 3650 2990 3705 Testamenti
3018 3649 3413 3714 obscuritatem,
3440 3648 3715 3718 legemque
3744 3663 3870 3706 esse

2317 3741 2673 3795 adumbratam
2696 3749 2749 3794 et
2774 3750 3046 3810 opertam:
3077 3747 3331 3809 praeterea
3359 3738 3518 3793 etiam
3546 3747 3602 3791 ιιι
3622 3740 3870 3796 ostendat

2314 3830 2455 3901 quod
2478 3831 2752 3901 legislator
2776 3844 2894 3885 esse
2922 3828 3112 3884 debeat
3139 3828 3411 3895 terribilis,
3442 3837 3495 3883 et
3520 3844 3642 3883 acer
3673 3831 3721 3883 in
3766 3846 3866 3899 pu-

2321 3921 2528 3975 niendis
2558 3921 2621 3973 iis
2649 3922 2735 3989 qui
2763 3919 3092 3989 delinquunt.

2386 4012 2437 4065 2.
2455 4014 2585 4077 Quid
2608 4029 2731 4067 vero
2756 4016 2892 4069 tnbte
2908 4017 3149 4071 sonitus?
3170 4017 3376 4083 Merito,
3398 4028 3574 4085 utpote
3602 4035 3719 4073 eum
3746 4022 3865 4090 qui-

2318 4101 2435 4155 dam
2459 4118 2547 4156 rex
2567 4104 2722 4156 adsit.
2743 4105 2852 4158 lloe
2867 4105 3075 4173 quidem
3094 4115 3238 4161 certe
3261 4108 3361 4161 erit
3386 4109 3543 4161 etiam
3564 4108 3615 4161 in
3634 4110 3867 4165 secundo

2319 4190 2545 4244 adventu
2578 4210 2589 4244 :
2629 4190 2769 4244 Tuba
2796 4202 2955 4257 canet,
2986 4194 3185 4263 inquit,
3234 4205 3281 4249 et
3327 4212 3496 4250 omnes
3540 4198 3865 4251 excitabimur

2322 4277 2395 4347 (ί.
2420 4278 2539 4355 (Cor.
2572 4281 2651 4333 l5.
2682 4281 2794 4351 52).
2826 4282 3001 4352 Itaque
3029 4299 3093 4337 ex
3121 4286 3313 4340 virtute
3358 4285 3447 4340 Dei
3489 4287 3589 4340 erit
3628 4291 3863 4343 omnium

2320 4371 2656 4424 resurrectio.
2703 4371 2812 4425 Vox
2859 4383 3032 4426 autem
3067 4374 3204 4429 tubae
3246 4375 3377 4429 nihil
3407 4377 3546 4431 aliud
3584 4379 3863 4447 signiﬁcat,

2319 4470 2474 4524 quam
2501 4459 2638 4527 quod
2660 4474 2847 4514 omnes
2878 4470 3119 4529 Oporteat
3149 4478 3444 4533 resurgere.
3468 4465 3569 4521 Sed
3603 4475 3725 4521 tunc
3750 4482 3869 4521 om-

2321 4545 2405 4598 nia
2433 4547 2518 4599 illa
2544 4560 2694 4601 erant
2720 4550 2957 4611 sensilia.
2980 4560 3034 4605 et
3063 4554 3383 4620 spectacula,
3416 4564 3471 4609 et
3495 4571 3650 4611 voces
3674 4558 3864 4627 (Exod.

2314 4634 2459 4703 ε.19)
2485 4652 2771 4707 ειῙιιῖενετο
2791 4649 2997 4708 postea,
3029 4642 3206 4695 omnia
3234 4644 3583 4717 intelligibilia
3611 4658 3663 4701 et
3690 4648 3868 4702 invisi-

2318 4728 2459 4785 bilia.
2487 4734 2655 4797 Atque
2679 4732 2940 4799 signiﬁcat
2967 4733 3100 4801 ignis
3129 4735 3247 4803 quia
3272 4736 3408 4791 Deus
3431 4738 3562 4806 ignis
3587 4750 3699 4792 est:
3728 4738 3865 4794 Deus

2319 4819 2447 4870 enim
2474 4828 2662 4886 noster,
2684 4821 2871 4889 inquit,
2897 4822 3026 4893 ignis
3051 4839 3343 4879 consumens
3364 4836 3433 4881 est
3456 4842 3473 4879 :
3497 4829 3666 4896 caligo
3693 4839 3871 4887 autent

2318 4916 2371 4961 et
2400 4909 2633 4963 tenebrae
2676 4920 2729 4964 et
2757 4909 2931 4964 fumus
2956 4927 3139 4968 rursus
3168 4914 3451 4969 ostendunt
3476 4930 3589 4971 rem
3620 4932 3736 4972 esse
3763 4926 3868 4973 ter-

2319 4998 2545 5053 ribilem.
2574 5000 2662 5055 Sic
2683 5001 2840 5055 etiam
2871 5000 2998 5057 dicit
3026 5003 3186 5057 Isaias
3218 5021 3229 5057 :
3263 5003 3331 5058 Et
3355 5006 3531 5061 domus
3565 5007 3768 5077 impleta
3796 5020 3869 5063 est

2319 5090 2455 5159 fumo
2472 5088 2617 5157 (lsai.
2638 5089 2690 5143 6.
2710 5090 2784 5159 4).
2800 5090 2865 5144 Et
2884 5090 3007 5160 quid
3031 5092 3129 5145 sibi
3169 5092 3274 5146 vult
3296 5094 3567 5163 procella?
3587 5096 3792 5166 Pigrum
3816 5108 3872 5153 et

2319 5182 2558 5249 ignavum
2583 5194 2700 5234 esse
2721 5195 2886 5249 genus
2913 5182 3195 5236 humanum
3218 5185 3524 5253 :oportebat
3544 5200 3669 5255 ergo
3697 5187 3867 5256 ipsum

2320 5269 2401 5323 his
2430 5268 2665 5322 excitari.
2687 5268 2870 5323 Nullus
2895 5270 3034 5324 enim
3057 5279 3173 5326 erat
3214 5272 3346 5328 adeo
3381 5273 3543 5329 hebes
3568 5284 3622 5329 et
3660 5276 3861 5340 tardus,

2337 5359 2404 5427 lui
2438 5374 2540 5412 non
2565 5367 2795 5413 mentem
2824 5373 3030 5413 sursum
3071 5360 3336 5416 attolleret
3364 5377 3482 5416 cum
3513 5363 3629 5418 hzec
3660 5365 3864 5429 ﬁerent.

2318 5461 2435 5501 cum
2462 5447 2604 5517 leges
2626 5446 2903 5502 ferrentur.
2920 5448 3127 5519 Moyses
3154 5449 3498 5519 loquebatur;
3524 5452 3666 5507 Deus
3680 5454 3729 5508 ei
3744 5469 3872 5509 voco

2320 5538 2665 5606 respondebat
2684 5556 2696 5592 :
2714 5540 2987 5608 oportebat
3001 5542 3142 5595 enim
3165 5543 3254 5597 Dei
3274 5542 3492 5611 proferri
3508 5559 3712 5598 vocem.
3728 5546 3875 5614 Quo-

2321 5627 2457 5679 niam
2483 5642 2574 5694 per
2598 5626 2829 5696 Moyeem
2857 5639 2972 5683 erat
2995 5629 3165 5699 legem
3191 5630 3411 5695 laturus,
3441 5642 3718 5702 propterea
3746 5649 3866 5686 eum

2322 5715 2443 5767 facit
2498 5715 2598 5769 [ide
2650 5717 2887 5785 dignum.
2947 5718 3059 5772 Non
3112 5719 3362 5775 videbant
3416 5724 3584 5790 ipsum
3656 5733 3870 5792 propter

2322 5804 2633 5873 caliginem,
2684 5822 2785 5861 non
2844 5808 3125 5865 audiebant
3180 5811 3347 5881 ipsum
3410 5823 3619 5883 ιιι-ιψιρι·
3686 5830 3867 5873 ιὐιιςιιι
