4134 6342
224 519 501 596 gracilem
544 522 682 590 Quid
725 522 887 592 ergo?
932 521 1072 576 Deus
1121 521 1415 592 respondit,
1460 536 1588 576 \‘ucc
1636 522 1787 591 quasi

226 615 482 687 populous
507 616 784 683 alloquens
813 623 868 668 et
908 611 1147 669 eflicicns
1173 623 1229 667 ut
1258 614 1403 683 leges
1431 612 1657 668 audiret.
1684 613 1787 668 Sed

230 707 407 774 priora
447 714 792 775 repetamus:
824 703 943 757 Non
988 704 1120 757 enim
1160 706 1436 759 accessistis
1480 705 1548 757 ad
1574 716 1790 759 montem

229 796 556 860 mutabilem,
570 805 615 848 et
636 810 896 847 accensum
913 796 1097 864 ignem,
1114 804 1157 848 et
1176 795 1305 850 tuba?
1316 797 1529 849 sonitum
1564 806 1610 849 et
1626 812 1789 850 vocem

232 888 508 945 νει-δοται.
537 902 685 957 quam
707 886 791 955 qui
829 886 1096 940 audierunt
1121 896 1476 940 excusaret-unt
1497 902 1568 949 se,
1599 886 1788 955 inquit,

227 990 296 1031 us
319 976 388 1029 eis
416 977 553 1043 ﬁeret
582 976 800 1031 verbum.
829 974 933 1044 Ipsi
961 990 1089 1044 ergo
1114 989 1289 1030 causa:
1315 975 1541 1037 fuerunt,
1566 984 1623 1028 ut
1654 974 1792 1030 Deus

229 1078 333 1135 per
357 1080 568 1123 carnem
599 1065 921 1134 apparuerit.
954 1065 1088 1133 Quid
1114 1080 1238 1119 vero
1275 1064 1560 1120 dicebant?
1587 1064 1793 1135 Loqua-

223 1167 334 1223 tur,
360 1157 549 1226 inquit,
580 1157 721 1211 nobis
749 1155 970 1226 Moyses,
997 1166 1166 1211 etnon
1193 1157 1423 1226 loquatur
1449 1156 1591 1211 nobis
1624 1154 1787 1212 Deus.

244 1252 247 1253 ⁷
300 1246 531 1301 Ecclesia
557 1262 774 1315 prmus
791 1249 942 1301 veteri
965 1247 1398 1315 prccellit.—Qui
1420 1246 1617 1303 faciunt
1634 1262 1785 1303 eom-

224 1335 554 1407 parationes,
573 1336 657 1390 illa
682 1337 849 1406 magis
862 1334 1093 1400 elevant,
1110 1346 1166 1390 ut
1182 1336 1297 1391 inec
1313 1335 1594 1391 ostendant
1620 1336 1794 1392 multo

226 1441 351 1483 esse
375 1426 574 1494 majora
600 1444 612 1477 :
644 1439 744 1495 ego
769 1434 947 1480 autem
981 1426 1240 1481 mirabilia
1268 1436 1322 1480 et
1361 1426 1449 1481 illa
1494 1440 1615 1482 esse
1642 1437 1789 1496 puto,

228 1528 417 1586 utpote
456 1517 549 1571 Dei
577 1532 761 1587 opera,
792 1532 912 1586 qua:
955 1526 1270 1586 potestatem
1314 1519 1429 1587 ejus
1472 1516 1787 1585 ostendant;

226 1618 412 1663 tamen
463 1606 543 1660 vel
590 1607 669 1660 sic
728 1614 908 1660 nostra
956 1606 1321 1675 praestantiora
1359 1616 1415 1662 et
1465 1605 1789 1662 mirabiliora

226 1707 481 1768 ostendo.
516 1706 653 1761 Sunt
697 1705 842 1761 enim
887 1702 1175 1771 dupliciter
1222 1715 1409 1772 magna
1444 1719 1459 1757 :
1491 1702 1633 1771 quod
1677 1716 1797 1757 eum

220 1799 339 1860 sint
386 1806 443 1853 et
472 1796 725 1868 praeclasa
776 1805 832 1851 et
882 1796 1106 1864 majora.
1134 1794 1201 1848 ad
1245 1808 1309 1847 ea
1340 1808 1550 1863 quoque
1597 1793 1801 1848 facilior

228 1896 410 1961 pateat
438 1886 635 1942 aditus.
667 1885 782 1946 bc
824 1886 983 1941 etiam
1028 1885 1158 1939 dicit
1184 1883 1425 1939 scribens
1472 1884 1524 1938 in
1564 1882 1800 1954 Epistula

230 1981 297 2036 ad
346 1977 677 2042 Corinthios.
725 1975 838 2031 los
883 1976 1102 2029 revelata
1142 1975 1273 2043 [acie
1325 1973 1542 2045 gloriam
1596 1972 1802 2029 Domini

226 2072 552 2145 speculamur
582 2069 658 2141 β.
686 2066 805 2125 Cat.
836 2069 889 2123 5.
926 2069 1050 2137 l8);
1083 2076 1137 2121 et
1163 2082 1270 2121 non
1299 2065 1439 2121 sicut
1478 2066 1686 2138 Moyses
1708 2080 1801 2135 po-

229 2166 391 2219 nebat
417 2164 661 2220 velamen
679 2174 843 2230 super
871 2160 1058 2214 faciem
1091 2174 1263 2213 suam.
1292 2156 1407 2213 Non
1436 2158 1633 2229 dignati
1656 2168 1799 2224 sunt,

230 2256 424 2325 inquit,
448 2253 525 2308 illi
547 2251 622 2309 iis
633 2252 825 2322 quibus
848 2266 945 2305 nos
968 2250 1162 2320 dignati
1182 2263 1387 2303 sumus.
1406 2248 1646 2315 Quanam
1661 2248 1801 2302 enim

230 2364 289 2404 re
298 2356 426 2403 sunt
437 2344 929 2418 dignatiltencbras
940 2341 1511 2411 viderunt,caliginem,
1525 2340 1807 2395 audierunt

229 2452 415 2494 vocem
426 2476 439 2490 .
452 2434 847 2506 Srdtuquoque
861 2448 1043 2489 vocem
1056 2432 1384 2497 amlisti,nou
1399 2446 1494 2501 per
1502 2431 1777 2502 caliginem
1787 2473 1801 2497 ,

231 2530 325 2586 sed
347 2543 442 2597 per
458 2538 706 2584 mo:
725 2540 832 2581 non
856 2525 998 2581 fuisti
1023 2524 1359 2594 perturbatus
1381 2538 1555 2593 neque
1580 2522 1806 2577 tmnultu

228 2620 487 2691 agitatus,
514 2614 615 2675 sed
631 2625 692 2673 et
716 2616 909 2671 stetisti
941 2624 994 2669 et
1030 2614 1281 2684 loquutus
1306 2628 1365 2668 es
1388 2627 1508 2669 cum
1542 2614 1803 2668 interces-

231 2724 377 2766 sore.
426 2706 641 2780 Alioqd
680 2715 738 2763 et
778 2706 828 2762 id
876 2706 1019 2777 quod
1064 2721 1169 2760 non
1210 2705 1355 2761 cadit
1396 2706 1497 2761 sub
1532 2715 1803 2775 aspectum

232 2801 471 2858 ostendit
494 2809 597 2883 per
619 2798 872 2883 salebras
896 2816 910 2851 :
945 2796 1011 2852 Et
1040 2798 1228 2871 caligo,
1260 2797 1452 2868 inquit,
1476 2798 1567 2851 sub
1598 2796 1805 2866 pedibus

230 2890 345 2964 ejus
378 2882 549 2960 (Pd.
581 2882 678 2951 ιι
703 2886 819 2959 ιο).
848 2886 1001 2942 Tunc
1028 2889 1186 2941 etiam
1215 2886 1389 2941 timuit
1415 2886 1642 2959 ﬂoyses,
1668 2900 1808 2942 nunc

232 2990 412 3039 autem
440 2978 667 3043 Iuli“
701 2986 831 3034 tunc
858 2977 1085 3047 populus
1113 2976 1263 3031 stetit
1306 2976 1441 3030 infra
1463 2991 1480 3040 ;
1506 2990 1605 3031 nos
1628 2990 1805 3030 autem

234 3084 341 3126 non
370 3067 529 3131 in“,
548 3064 807 3128 ,οωο
849 3065 1177 3133 superiores,
1208 3079 1375 3135 prope
1397 3064 1562 3120 Deum
1594 3074 1648 3118 ut
1679 3061 1804 3128 lilii;

235 3160 330 3216 sed
353 3174 462 3214 non
482 3158 629 3218 sicut
646 3156 875 3228 Moyses.
904 3155 1019 3210 lllic
1039 3165 1155 3211 erat
1175 3155 1466 3218 desertum,
1486 3154 1575 3209 hic
1596 3156 1803 3217 civitas,

236 3262 286 3307 et
318 3250 606 3304 multorum
633 3246 859 3305 millium
888 3246 1197 3316 angelorum
1225 3256 1435 3301 ctetus:
1472 3244 1556 3299 bic
1576 3243 1809 3299 ostendit

236 3341 485 3413 gaudium
508 3349 565 3396 et
587 3337 826 3397 laetitiam
857 3354 954 3409 pro
978 3338 1204 3408 caligine
1233 3348 1287 3393 et
1330 3337 1561 3393 tenebris
1585 3347 1641 3392 et
1683 3352 1809 3407 pro-

236 3432 393 3487 cella.
416 3426 776 3486 ElEcclesiam
806 3430 1258 3498 primagenitorum
1280 3428 1366 3499 qui
1403 3428 1675 3497 conscripti
1693 3435 1809 3481 sunt

238 3525 294 3577 in
319 3521 473 3584 ra-lis,
500 3520 792 3589 «iudicent
817 3520 1041 3573 omnium
1086 3518 1270 3572 Deum.
1306 3519 1384 3573 Illi
1421 3534 1526 3573 non
1562 3532 1805 3573 accesse-

240 3624 395 3678 runt,
437 3612 530 3669 sed
563 3612 747 3683 procul
793 3619 1077 3677 steterunt,
1108 3620 1163 3666 et
1206 3611 1415 3683 Moyses
1447 3629 1461 3663 :
1508 3626 1603 3667 vos
1630 3620 1807 3665 autem

237 3704 557 3762 accessistis.
588 3702 685 3759 llic
712 3718 804 3758 eos
835 3712 1018 3766 terret,
1041 3703 1256 3758 dicens:
1280 3702 1346 3755 Et
1368 3703 1434 3755 ad
1451 3703 1677 3773 judicent
1700 3717 1808 3755 om—

237 3801 375 3853 nium
410 3798 616 3853 Deum:
655 3814 760 3852 non
787 3800 1091 3853 Judteorutu
1137 3800 1309 3852 Solum
1336 3808 1390 3852 et
1428 3801 1683 3862 fidelium,
1714 3800 1803 3855 sed

236 3902 289 3944 et
318 3891 475 3944 tutius
508 3889 652 3947 orbis
682 3898 837 3944 terra:
867 3889 1071 3944 sedebit
1095 3889 1284 3945 .ludex.
1317 3888 1382 3943 Et
1424 3891 1679 3961 spiritibus
1713 3894 1805 3962 ju-

238 3991 428 4034 storum
474 3980 829 4050 perfectorum.
864 3984 1085 4034 Animas
1115 3980 1242 4035 dicit
1274 3982 1583 4050 proborum.
1626 3980 1688 4033 Et
1714 3979 1804 4035 Te-

239 4072 469 4125 stamenti
508 4071 625 4125 naui
654 4072 978 4124 urediatorem
1024 4068 1233 4137 Iesum,
1262 4082 1306 4125 et
1334 4073 1594 4141 sanguinis
1632 4089 1805 4138 asjter-

239 4163 468 4225 sianem;
500 4162 603 4216 Itoc
622 4172 704 4217 est
736 4163 1125 4232 purgationem.
1154 4162 1337 4217 Melius
1362 4163 1639 4234 loquentem
1660 4180 1808 4231 quam

240 4254 381 4310 Abel.
410 4252 466 4308 Si
503 4255 724 4324 sanguis
768 4254 1020 4323 loquitur,
1046 4254 1213 4309 multo
1255 4270 1422 4324 magis
1464 4256 1587 4308 vivit
1632 4256 1675 4310 is
1719 4256 1807 4325 qui

241 4347 337 4400 luit
359 4346 588 4399 occisus.
610 4346 744 4412 Quid
770 4356 944 4400 autem
970 4346 1243 4414 loquitur?
1273 4344 1341 4399 Et
1363 4347 1590 4416 spiritus,
1617 4346 1809 4417 inquit,

243 4439 463 4505 loquitur
492 4438 755 4507 gemitibus
792 4437 1209 4491 inenarrabilibns
1239 4437 1415 4508 (Rom.
1441 4439 1492 4492 8.
1524 4436 1640 4507 26).
1672 4440 1811 4505 Quo-

242 4528 405 4588 modo
436 4529 705 4599 loquitur?
756 4528 885 4582 Nam
919 4530 1005 4583 ubi
1037 4530 1278 4583 inciderit
1309 4530 1358 4584 in
1386 4540 1615 4583 mentem
1642 4531 1813 4584 since-

244 4636 382 4682 ram,
409 4635 524 4674 eam
553 4622 771 4685 est-itat,
801 4630 853 4675 et
890 4618 1016 4673 facit
1061 4631 1115 4673 ιιι
1147 4620 1411 4689 loquatur.
1452 4619 1625 4673 Videte
1650 4638 1711 4674 ne
1739 4636 1806 4675 re-

246 4711 429 4764 cusetis
474 4711 789 4779 loquentem;
818 4713 917 4763 hoc
941 4719 1045 4773 est,
1076 4726 1143 4765 ne
1187 4709 1454 4779 rt-jieiatis.
1489 4709 1548 4764 Si
1580 4713 1708 4764 enim
1740 4707 1822 4763 illi

246 4817 346 4853 non
374 4798 675 4870 e/fugrrunt,
707 4811 996 4853 recusantes
1042 4800 1267 4862 eumqui
1312 4815 1461 4864 super
1506 4810 1688 4852 terram
1732 4804 1812 4855 lo-

247 4890 507 4958 quebatur.
539 4889 832 4955 Quemnam
866 4890 1030 4944 dicit?
1077 4890 1201 4943 Mihi
1232 4890 1435 4944 videtur
1464 4890 1642 4944 dicere
1666 4891 1815 4962 Moy-

250 4994 387 5035 scm.
443 4981 551 5033 lloc
579 4990 660 5033 est
704 4991 879 5035 autem
926 4982 1061 5049 quud
1095 4982 1222 5035 dicit
1250 5000 1262 5033 :
1296 4982 1351 5037 Si
1393 4997 1495 5035 non
1522 4982 1819 5051 effugerunt

248 5070 339 5138 qui
369 5080 682 5123 recusarunt
707 5087 825 5122 eum
869 5072 955 5137 qui
988 5072 1157 5139 legem
1192 5070 1393 5125 ferebat
1423 5073 1474 5125 in
1508 5083 1669 5129 terra.
1696 5086 1815 5125 cum

251 5162 338 5230 qui
367 5176 397 5215 e
438 5162 567 5215 czclo
615 5161 716 5215 fert
749 5162 917 5231 legem
967 5163 1236 5231 qtmmodo
1280 5163 1679 5217 recnsabimus?
1721 5163 1818 5220 llic

252 5262 431 5305 autem
465 5252 696 5305 Ostendit
738 5267 842 5305 non
884 5252 1023 5321 quod
1058 5253 1144 5305 ille
1193 5254 1261 5305 sit
1297 5253 1472 5317 alius;
1504 5254 1679 5307 absit:
1713 5267 1816 5306 non

253 5343 415 5395 alium
464 5353 515 5395 et
539 5342 698 5394 alium
731 5342 979 5403 ostendit,
1001 5343 1091 5396 sed
1120 5342 1258 5411 quod
1287 5343 1525 5397 videatur
1550 5346 1818 5404 terribilis,

255 5450 438 5489 vocem
488 5436 738 5488 eminens
780 5450 810 5488 e
845 5435 994 5489 caelo.
1047 5435 1186 5489 Idem
1214 5436 1425 5505 quidem
1452 5446 1533 5489 est
1561 5446 1615 5489 et
1662 5435 1743 5489 hic
1770 5446 1824 5491 et

257 5528 381 5588 ille;
440 5526 525 5580 bic
568 5536 742 5582 autem
774 5537 854 5581 est
887 5527 1137 5582 terribilis
1169 5546 1182 5581 :
1216 5544 1320 5581 non
1344 5529 1483 5582 enim
1516 5527 1645 5582 dicit
1676 5529 1828 5583 diffe-

256 5617 482 5671 rentiam
532 5632 902 5685 personarum.
934 5619 1025 5671 sed
1056 5618 1338 5671 donorum.
1385 5616 1539 5673 Unde
1570 5617 1671 5671 hoc
1698 5636 1827 5675 con—

257 5705 403 5760 stat?
450 5706 526 5760 Ex
570 5706 634 5760 iis
662 5722 781 5775 quae
819 5708 1093 5776 subiungit
1121 5725 1132 5759 :
1169 5707 1227 5761 Si
1251 5711 1381 5761 enim
1407 5708 1483 5760 illi
1513 5724 1611 5760 non
1640 5706 1825 5774 e/Iuge-

262 5809 399 5869 runt,
454 5807 741 5853 recusantes
790 5814 900 5852 eum
932 5800 1017 5869 qui
1071 5815 1217 5867 super
1263 5809 1444 5854 terram
1500 5798 1828 5868 loquebatur;

1008 415 1071 471 ΙΝ
1110 413 1326 472 EPiST.
1367 412 1458 468 AD
1497 407 1855 465 ilEBlleOS.
1897 406 2045 462 CAP.
2088 406 2201 462 XII.
2246 405 2474 460 IIOMIL.
2517 403 2712 459 XXXII

3360 397 3465 457 212

1888 509 2047 565 multo
2072 505 2233 575 magis
2274 518 2363 556 nos
2398 502 2482 569 qui
2524 499 2665 553 nobis
2690 499 2753 551 de
2777 496 2912 550 aclis
2940 496 3217 561 laquentnn
3260 509 3461 546 acet-sa-

1890 615 2024 652 ntur.
2062 593 2198 661 Quid
2237 591 2404 662 ergo?
2448 600 2601 644 estne
2631 588 2715 640 bic
2740 587 2877 641 alius
2917 585 2984 638 ab
3015 583 3144 638 illo?
3194 590 3464 652 quomodo

1887 702 2018 758 ιιι-δο
2043 685 2202 748 dicit,
2233 681 2391 752 Cujus
2416 696 2512 734 vox
2555 680 2706 732 movit
2756 687 2940 730 terram
2968 673 3129 729 tmth
3176 689 3273 727 vox
3319 674 3462 726 enim

1900 781 2007 844 :jus
2033 777 2121 846 qui
2151 775 2298 829 dedit
2328 774 2522 843 legem,
2554 780 2753 824 terram
2792 767 2976 820 movit.
3012 763 3166 819 Nunc
3196 774 3360 817 autem
3384 777 3464 816 rs-

1890 870 2155 942 pt'omittit,
2201 868 2415 921 dicens:
2449 862 2627 918 Adhuc
2670 861 2844 924 semel,
2887 869 2933 912 et
2979 874 3070 927 ego
3113 856 3314 909 movebo
3364 870 3466 908 non

1890 964 2055 1017 solum
2094 970 2297 1019 terram,
2330 957 2417 1012 sed
2460 957 2611 1009 etiam
2644 952 2848 1007 calum.
2892 948 3246 1016 Quodautem,
3290 945 3467 998 Adhuc

1890 1054 2062 1119 semel,
2092 1052 2235 1109 dicit.
2269 1051 2493 1104 declarat
2516 1046 2782 1101 mobilium
2810 1042 3192 1096 translationem
3213 1048 3467 1107 tamquam

1892 1148 2164 1216 furtorum.
2178 1140 2457 1197 Tolleutur
2478 1153 2607 1207 ergo
2623 1135 2799 1190 omnia
2824 1132 2891 1188 de
2909 1130 3105 1195 medio,
3126 1120 3469 1198 compingan-

1892 1247 2087 1305 tnrque
2132 1233 2307 1286 omnia
2335 1246 2405 1285 ex
2432 1229 2542 1282 alto
2569 1228 2621 1282 in
2667 1226 2719 1279 id
2762 1223 2903 1293 quod
2934 1230 3015 1277 est
3041 1220 3297 1289 optimum
3326 1236 3339 1271 :
3364 1217 3467 1270 hoc

1892 1327 2032 1379 enim
2062 1319 2143 1376 bis
2166 1322 2323 1376 tacite
2342 1320 2622 1388 signiﬁcat.
2637 1315 2772 1383 Quid
2796 1330 2923 1385 ergo
2944 1313 3247 1377 doles,cum
3274 1310 3470 1378 pateris

1893 1417 1944 1469 in
1990 1418 2188 1467 mundo
2216 1428 2323 1467 non
2367 1409 2624 1476 manenti,
2651 1423 2772 1462 cum
2795 1404 3049 1474 afﬂigeris
3078 1404 3129 1456 in
3160 1399 3358 1455 mundo
3380 1398 3469 1467 qui

1894 1505 2050 1575 paulo
2074 1513 2192 1574 post
2218 1502 2406 1556 transit
2422 1501 2444 1555 2
2462 1500 2517 1555 Si
2542 1500 2593 1553 in
2615 1496 2895 1569 posteriori
2914 1507 3155 1563 tempore
3174 1491 3356 1545 mundi
3384 1489 3471 1543 fu-

1896 1606 2013 1652 tura
2031 1605 2170 1652 esset
2187 1594 2397 1665 requies
2410 1602 2464 1647 et
2484 1590 2752 1656 remissio,
2782 1599 2909 1643 tunc
2928 1586 3089 1656 afﬂigi
3114 1591 3388 1654 oporteret
3403 1578 3471 1635 ad

1894 1688 2055 1744 linem
2092 1686 2458 1756 aspicientem.
2496 1680 2563 1739 Ut
2595 1688 2853 1744 maneant,
2884 1678 3076 1748 inquit,
3098 1691 3211 1748 qua:
3234 1682 3351 1729 sunt
3376 1674 3471 1725 im-

1892 1779 2121 1836 mobilia.
2151 1780 2406 1844 Quzenam
2433 1785 2609 1831 autem
2636 1782 2760 1829 sunt
2788 1769 3119 1827 immobilia?
3151 1769 3372 1824 Futura.

1966 1874 2018 1928 '5.
2048 1870 2241 1925 Omnia
2270 1883 2399 1939 ergo
2417 1882 2513 1936 pro
2535 1870 2636 1920 boc
2660 1873 2971 1934 agatntts,ut
2993 1862 3079 1914 illa
3103 1873 3468 1928 assequamur,

1896 1962 2001 2018 illis
2030 1969 2087 2016 ut
2112 1959 2351 2014 fruamur
2377 1958 2551 2012 bonis.
2585 1956 2764 2021 Certe,
2790 1969 2919 2023 rogo
2950 1962 3004 2007 et
3027 1951 3272 2014 obsecro,
3298 1950 3351 2004 in
3374 1947 3473 2003 hoc

1897 2056 2131 2111 studium
2179 2065 2456 2124 ponamus.
2485 2051 2541 2105 in
2564 2050 2777 2104 civitate
2802 2062 2919 2116 quze
2960 2056 3043 2100 est
3087 2044 3287 2097 ruitura
3320 2055 3474 2094 nemo

1898 2145 2147 2202 ωᾱῑιιεηι.
2178 2144 2270 2197 Dic
2298 2142 2448 2207 mihi,
2476 2155 2625 2210 rogo,
2654 2140 2697 2193 si
2743 2140 2858 2205 quis
2887 2136 3089 2190 diceret
3117 2133 3230 2188 fore
3275 2142 3332 2186 ut
3362 2132 3481 2185 ltazc

1897 2240 2084 2296 civitas
2108 2247 2223 2307 post
2238 2250 2434 2291 annum
2457 2243 2704 2296 corruat;
2730 2231 2814 2284 illa
2842 2246 2966 2284 vero
2986 2242 3293 2297 numquam,
3311 2224 3473 2279 todill-

1899 2345 2122 2387 caresne
2144 2330 2195 2383 in
2219 2344 2281 2384 ea
2307 2342 2423 2397 qmc
2444 2334 2526 2381 est
2542 2326 2742 2379 ruitura
2757 2322 2780 2363 ν
2800 2322 3157 2389 Quamobrem
3178 2334 3319 2373 nunc
3340 2332 3474 2388 quo-
3511 2342 3515 2346 ι

1900 2438 2005 2495 que
2020 2423 2174 2478 dico:
2202 2420 2279 2476 Ne
2301 2419 2623 2473 tedilicemus
2650 2416 2701 2469 in
2726 2415 2826 2468 hoc
2846 2412 3045 2468 mundo
3069 2430 3081 2462 :
3112 2410 3305 2465 cadent
3324 2409 3475 2475 paulo

1900 2525 2024 2588 post
2042 2524 2095 2571 et
2125 2515 2372 2583 peribunt
2392 2511 2589 2565 omnia.
2609 2508 2745 2576 Quid
2772 2522 2900 2561 vero
2925 2505 3066 2564 dico.
3097 2504 3326 2560 casura?
3354 2512 3481 2556 ante

1906 2609 2023 2677 ejus
2064 2606 2272 2660 ruinam
2305 2618 2402 2656 nos
2439 2600 2730 2672 peribimus
2781 2606 2835 2652 et
2857 2597 3035 2668 gravia
3067 2597 3352 2666 patiemur,
3382 2606 3479 2649 nos

1902 2712 1967 2754 ex
2014 2696 2143 2767 ipsis
2171 2693 2514 2751 excedemus.
2543 2691 2649 2745 Cur
2675 2690 2999 2743 :edilicamus
3029 2701 3189 2755 super
3218 2684 3476 2739 arenam?

1977 2789 2146 2845 Terra
2161 2798 2327 2842 motus
2372 2782 2813 2854 cott‘lagrationes,
2834 2780 3053 2833 hostium
3082 2778 3470 2841 irruptiones.—

1906 2880 2258 2938 JEdificemus
2283 2894 2443 2946 supra
2476 2890 2679 2948 petram
2705 2878 2916 2950 (Matth.
2935 2879 2990 2933 Ἰ.
3022 2875 3151 2946 27):
3179 2892 3299 2933 nam
3327 2874 3483 2945 quid-

1904 2970 2030 3042 quid
2059 2971 2293 3036 irruerit,
2319 2969 2456 3024 dirui
2500 2983 2603 3023 non
2633 2969 2826 3038 poterit
2853 2967 2981 3023 illud
3010 2968 3315 3034 tedilieinm,
3349 2967 3479 3022 nihil

1904 3062 1958 3119 id
1986 3070 2161 3134 potest
2184 3076 2521 3132 expugnare;
2569 3071 2623 3116 et
2644 3060 2837 3116 merito
2870 3079 2883 3113 :
2916 3076 3039 3114 nam
3085 3059 3151 3116 ad
3205 3060 3352 3117 illum
3405 3062 3477 3116 io-

1903 3169 2024 3209 cum
2072 3154 2234 3209 nullis
2282 3152 2491 3207 insidiis
2538 3160 2683 3221 patet
2731 3151 2925 3219 aditus,
2974 3152 3112 3207 sicut
3155 3160 3338 3206 contra
3396 3151 3481 3205 bic

1907 3254 2051 3315 patet
2076 3243 2345 3298 invadenti
2378 3261 2390 3296 :
2436 3257 2557 3297 nam
2599 3251 2654 3297 ct
2692 3251 2850 3297 terra:
2893 3253 3069 3297 motus
3096 3253 3149 3297 et
3186 3242 3478 3313 conﬂagra.

1904 3337 2082 3391 tiones
2102 3345 2155 3388 et
2184 3335 2416 3389 hostium
2460 3335 2805 3401 irruptiones,
2851 3333 2965 3387 base
3000 3335 3159 3387 etiam
3202 3348 3298 3389 nos
3326 3333 3479 3388 vivos

1906 3428 2117 3498 privant
2142 3427 2243 3481 isto
2270 3426 2521 3492 mdiflcio,
2550 3441 2691 3495 stupe
2720 3440 2898 3480 autem
2932 3426 3091 3479 etiam
3137 3441 3258 3478 cum
3286 3442 3350 3480 eo
3382 3442 3478 3480 nos

1905 3518 2153 3587 perdunt.
2201 3517 2424 3584 Quando
2464 3527 2639 3571 autem
2684 3518 2856 3586 ipsum
2890 3519 3049 3571 ctiam
3096 3516 3324 3579 steti-rit,
3356 3528 3480 3570 tunc

1905 3628 2005 3668 nos
2028 3622 2120 3666 aut
2149 3614 2365 3665 morbus
2389 3612 2496 3666 cito
2525 3612 2759 3671 abducit.
2793 3624 2880 3665 aut
2910 3622 3191 3667 tumentes
3221 3629 3325 3665 non
3355 3611 3481 3666 sinit

1906 3719 1971 3758 eo
1998 3714 2143 3759 recte
2172 3704 2272 3758 frui
2302 3721 2316 3757 :
2348 3720 2591 3773 quamam
2624 3706 2765 3759 enim
2794 3717 2879 3758 est
2914 3704 3182 3772 voluptas,
3222 3703 3311 3759 ubi
3358 3715 3478 3756 sunt

1905 3794 2099 3855 morbi,
2127 3803 2181 3849 et
2207 3794 2513 3856 calumnite,
2546 3804 2599 3849 et
2643 3794 2863 3858 invidia,
2912 3805 2965 3847 et
3015 3794 3261 3848 insidizu?
3304 3796 3406 3847 Aut
3437 3794 3480 3848 si

1906 3886 2009 3941 hoc
2049 3902 2152 3939 non
2194 3885 2301 3952 sit,
2335 3901 2477 3953 saepe
2517 3885 2758 3940 dolemus
2806 3898 2859 3941 et
2904 3902 3044 3956 a‘grc
3075 3886 3291 3940 ferimus
3340 3888 3480 3957 quod

1907 3976 2105 4031 liberos
2148 3991 2254 4031 non
2303 3977 2698 4045 susceperimus
2728 4018 2742 4040 ,
2797 3993 2900 4031 non
2953 3977 3214 4031 habentes
3264 3979 3346 4031 cui
3387 3993 3482 4032 uo-

1906 4078 2045 4122 stras
2073 4067 2263 4120 domos
2292 4077 2592 4135 cretcraque
2622 4066 2921 4129 tradamus;
2962 4078 3016 4119 et
3053 4067 3246 4121 deinde
3278 4066 3489 4121 crucia-

1906 4175 2025 4213 mur
2048 4159 2187 4229 quod
2223 4159 2525 4213 laboremus
2552 4159 2691 4213 aliis.
2712 4161 2863 4228 Sa'pc
2884 4167 3062 4213 autem
3094 4161 3254 4213 etiam
3286 4160 3350 4212 ad
3383 4174 3480 4213 no-

1907 4261 2047 4306 stros
2079 4252 2322 4306 inimicos
2350 4263 2528 4305 nostra
2563 4253 2800 4320 pervenit
2853 4251 3141 4314 hereditas,
3176 4267 3278 4305 neu
3310 4251 3482 4304 solmn

1906 4356 2026 4396 cum
2061 4356 2157 4395 nos
2182 4342 2596 4407 excesserimus,
2616 4342 2709 4396 sed
2732 4341 2888 4396 etiam
2917 4343 3069 4397 nobis
3095 4342 3269 4396 adhuc
3300 4344 3482 4396 viven-

1909 4436 2067 4490 tibus.
2091 4435 2225 4502 Quid
2254 4452 2381 4504 ergo
2400 4446 2482 4489 est
2505 4437 2749 4489 misarius
2768 4452 2924 4505 quam
2954 4436 3197 4490 laborare
3226 4436 3479 4500 inimicis,

1904 4536 1955 4583 et
1998 4534 2055 4580 ut
2085 4527 2159 4580 illi
2191 4526 2241 4580 in
2270 4528 2448 4594 quiete
2474 4527 2702 4596 degant,
2733 4528 2835 4581 sibi
2887 4538 3101 4597 peccata
3155 4529 3483 4597 cotngerere‘l

1907 4619 2074 4687 liujus
2101 4621 2175 4673 rei
2205 4620 2366 4672 multa
2399 4620 2636 4688 exempla
2666 4629 2956 4674 cernuntur
2987 4622 3037 4674 in
3065 4622 3406 4685 civitatibus;
3431 4630 3483 4674 et

1908 4720 2081 4773 taceo,
2136 4726 2203 4765 ne
2262 4710 2504 4764 molestia
2549 4713 2776 4764 alliciam
2817 4727 2909 4764 eos
2936 4715 3021 4780 qui
3075 4726 3195 4767 sunt
3254 4712 3483 4780 privati;

1907 4802 2165 4872 quosdam
2194 4817 2258 4856 ex
2292 4803 2368 4855 eis
2402 4802 2709 4854 nominatim
2728 4803 2981 4864 dicerem,
3007 4813 3060 4857 et
3089 4805 3250 4857 multa
3276 4819 3483 4873 possem

1910 4908 2145 4954 narrare,
2169 4902 2219 4946 et
2249 4892 2441 4945 multas
2466 4892 2615 4945 vobis
2641 4891 2827 4945 domos
2857 4894 3161 4952 ostendere.
3187 4910 3303 4962 qum
3324 4910 3480 4948 acce-

1910 4994 2100 5054 perunt
2130 4984 2372 5038 dominos
2409 4985 2654 5038 inimicos
2679 5001 2863 5039 eorum
2893 4986 2981 5054 qui
3025 4986 3153 5039 iuiis
3172 4986 3489 5040 fabricandis

1907 5085 1959 5130 et
1990 5076 2242 5129 ornandis
2270 5076 2668 5129 laboraverant:
2688 5091 2791 5129 non
2814 5077 2984 5130 solum
3015 5088 3191 5131 autem
3209 5079 3371 5143 mdes,
3392 5084 3481 5132 sed

1907 5175 1961 5219 et
1991 5166 2250 5232 mancipia
2278 5175 2331 5220 ct
2361 5176 2469 5220 tota
2494 5182 2635 5235 szepe
2664 5167 2929 5221 hereditas
2959 5170 3281 5236 pert'enilad
3314 5170 3484 5221 inimi-

1912 5282 2025 5322 cos.
2055 5266 2211 5320 Tales
2232 5275 2355 5317 sunt
2376 5279 2462 5317 res
2488 5267 2751 5317 humanas.
2781 5264 2835 5317 In
2862 5264 3007 5317 carlis
3040 5271 3216 5315 autem
3249 5262 3377 5314 nihil
3403 5272 3485 5315 est

1909 5359 2097 5414 borum
2132 5357 2271 5427 quod
2304 5357 2571 5419 veri-aris;
2613 5371 2805 5423 nempe
2854 5370 2920 5409 ne
2948 5370 3069 5407 cum
3112 5354 3210 5407 istc
3236 5353 3482 5407 decesse-

1908 5450 2007 5513 rit,
2052 5447 2191 5502 alius
2240 5448 2418 5500 veniat
2464 5446 2728 5509 inimicus,
2778 5458 2829 5499 et
2879 5444 3130 5498 succedat
3175 5443 3481 5521 lncreditati.

1907 5538 2039 5594 Nam
2072 5553 2243 5607 neque
2271 5554 2416 5592 mors
2444 5546 2526 5591 est
2559 5537 2685 5601 illic,
2718 5552 2815 5591 nec
2846 5536 3172 5595 inimicitise;
3207 5536 3319 5588 Sola
3362 5547 3489 5589 sunt

1911 5638 2220 5684 sanctorum
2268 5628 2654 5683 tabernacula:
2690 5628 2740 5680 in
2788 5626 2893 5680 illis
2942 5635 3120 5679 autem
3166 5625 3363 5678 sanctis
3406 5634 3480 5677 est

1908 5721 2214 5787 exsultatio,
2245 5720 2522 5789 gaudium,
2556 5718 2737 5772 Imtitia
2769 5735 2782 5773 :
2826 5717 2935 5770 Vox
2978 5717 3145 5781 enim,
3178 5716 3348 5783 inquit
3399 5731 3483 5767 cx-

1904 5811 2195 5867 sultntionis
2248 5820 2317 5865 est
2366 5811 2415 5863 it:
2459 5809 2791 5863 tabcrnacutis
2840 5810 3087 5870 iustorum
3136 5806 3304 5877 (ΡδιιΙ.
3362 5808 3482 5861 117.
