  <div class='ocr_page' id='page_1' title='image "/cluster/home/n/w/nwhite01/storage/ocr_20150623/63/pst.000004899563/233.png"; bbox 0 0 4134 6342; ppageno 0'>
   <div class='ocr_carea' id='block_1_1' title="bbox 668 358 776 414">
    <p class='ocr_par' dir='ltr' id='par_1_1' title="bbox 668 358 776 414">
     <span class='ocr_line' id='line_1_1' title="bbox 668 358 776 414; baseline 0.009 -1"><span class='ocrx_word' id='word_1_1' title='bbox 668 358 776 414; x_wconf 74' lang='lat'><strong>2‘23</strong></span> 
     </span>
    </p>
   </div>
   <div class='ocr_carea' id='block_1_2' title="bbox 687 446 2232 526">
    <p class='ocr_par' dir='ltr' id='par_1_2' title="bbox 687 446 2232 526">
     <span class='ocr_line' id='line_1_2' title="bbox 687 446 2232 526; baseline -0.005 -16"><span class='ocrx_word' id='word_1_2' title='bbox 687 454 795 526; x_wconf 78' lang='grc'><strong>15).</strong></span> <span class='ocrx_word' id='word_1_3' title='bbox 839 452 971 509; x_wconf 89' lang='lat' dir='ltr'><strong>Sunt</strong></span> <span class='ocrx_word' id='word_1_4' title='bbox 998 452 1403 526; x_wconf 62' lang='lat' dir='ltr'><strong>:elerna,fiuem</strong></span> <span class='ocrx_word' id='word_1_5' title='bbox 1432 462 1536 501; x_wconf 92' lang='lat' dir='ltr'><strong>non</strong></span> <span class='ocrx_word' id='word_1_6' title='bbox 1588 446 1869 501; x_wconf 85' lang='lat' dir='ltr'><strong>habentia:</strong></span> <span class='ocrx_word' id='word_1_7' title='bbox 1905 460 1964 501; x_wconf 91' lang='lat' dir='ltr'><strong>ea</strong></span> <span class='ocrx_word' id='word_1_8' title='bbox 1994 454 2232 516; x_wconf 89' lang='lat' dir='ltr'><strong>tempore</strong></span> 
     </span>
    </p>
   </div>
   <div class='ocr_carea' id='block_1_3' title="bbox 687 518 2230 605">
    <p class='ocr_par' dir='ltr' id='par_1_3' title="bbox 687 518 2230 605">
     <span class='ocr_line' id='line_1_3' title="bbox 687 518 2230 605; baseline -0.005 -7"><span class='ocrx_word' id='word_1_9' title='bbox 687 518 793 598; x_wconf 70' lang='lat' dir='ltr'><strong>non</strong></span> <span class='ocrx_word' id='word_1_10' title='bbox 821 552 1094 605; x_wconf 88' lang='lat' dir='ltr'><strong>corruunt,</strong></span> <span class='ocrx_word' id='word_1_11' title='bbox 1132 518 1235 594; x_wconf 75' lang='lat' dir='ltr'><strong>neti</strong></span> <span class='ocrx_word' id='word_1_12' title='bbox 1262 547 1466 591; x_wconf 90' lang='lat' dir='ltr'><strong>mutant</strong></span> <span class='ocrx_word' id='word_1_13' title='bbox 1506 550 1860 605; x_wconf 79' lang='lat' dir='ltr'><strong>possessores,</strong></span> <span class='ocrx_word' id='word_1_14' title='bbox 1889 536 1981 591; x_wconf 88' lang='lat' dir='ltr'><strong>sed</strong></span> <span class='ocrx_word' id='word_1_15' title='bbox 2009 544 2152 590; x_wconf 94' lang='lat' dir='ltr'><strong>stant</strong></span> <span class='ocrx_word' id='word_1_16' title='bbox 2177 537 2230 591; x_wconf 89' lang='lat' dir='ltr'><strong>in</strong></span> 
     </span>
    </p>
   </div>
   <div class='ocr_carea' id='block_1_4' title="bbox 685 626 2231 703">
    <p class='ocr_par' dir='ltr' id='par_1_4' title="bbox 685 626 2231 703">
     <span class='ocr_line' id='line_1_4' title="bbox 685 626 2231 703; baseline -0.006 -14"><span class='ocrx_word' id='word_1_17' title='bbox 685 642 939 703; x_wconf 83' lang='lat' dir='ltr'><strong>perpetuo</strong></span> <span class='ocrx_word' id='word_1_18' title='bbox 969 631 1097 689; x_wconf 74' lang='lat' dir='ltr'><strong>ﬂore</strong></span> <span class='ocrx_word' id='word_1_19' title='bbox 1122 645 1183 683; x_wconf 91' lang='lat' dir='ltr'><strong>ae</strong></span> <span class='ocrx_word' id='word_1_20' title='bbox 1208 629 1423 699; x_wconf 80' lang='lat' dir='ltr'><strong>vigore;</strong></span> <span class='ocrx_word' id='word_1_21' title='bbox 1467 638 1521 681; x_wconf 91' lang='lat' dir='ltr'><strong>et</strong></span> <span class='ocrx_word' id='word_1_22' title='bbox 1555 628 1763 682; x_wconf 91' lang='lat' dir='ltr'><strong>merito.</strong></span> <span class='ocrx_word' id='word_1_23' title='bbox 1807 626 1923 681; x_wconf 83' lang='lat' dir='ltr'><strong>Non</strong></span> <span class='ocrx_word' id='word_1_24' title='bbox 1966 635 2047 682; x_wconf 89' lang='lat' dir='ltr'><strong>est</strong></span> <span class='ocrx_word' id='word_1_25' title='bbox 2089 628 2231 683; x_wconf 89' lang='lat' dir='ltr'><strong>enim</strong></span> 
     </span>
    </p>
   </div>
   <div class='ocr_carea' id='block_1_5' title="bbox 685 716 2234 793">
    <p class='ocr_par' dir='ltr' id='par_1_5' title="bbox 685 716 2234 793">
     <span class='ocr_line' id='line_1_5' title="bbox 685 716 2234 793; baseline -0.004 -15"><span class='ocrx_word' id='word_1_26' title='bbox 685 726 789 780; x_wconf 91' lang='lat' dir='ltr'><strong>illic</strong></span> <span class='ocrx_word' id='word_1_27' title='bbox 813 722 1003 793; x_wconf 85' lang='lat' dir='ltr'><strong>aliquid</strong></span> <span class='ocrx_word' id='word_1_28' title='bbox 1020 720 1343 789; x_wconf 90' lang='lat' dir='ltr'><strong>corruptioni</strong></span> <span class='ocrx_word' id='word_1_29' title='bbox 1362 718 1647 773; x_wconf 81' lang='lat' dir='ltr'><strong>obnoxium</strong></span> <span class='ocrx_word' id='word_1_30' title='bbox 1667 727 1720 773; x_wconf 90' lang='lat' dir='ltr'><strong>et</strong></span> <span class='ocrx_word' id='word_1_31' title='bbox 1736 718 1789 772; x_wconf 91' lang='lat' dir='ltr'><strong>in</strong></span> <span class='ocrx_word' id='word_1_32' title='bbox 1811 717 1949 787; x_wconf 90' lang='lat' dir='ltr'><strong>quod</strong></span> <span class='ocrx_word' id='word_1_33' title='bbox 1975 716 2129 773; x_wconf 90' lang='lat' dir='ltr'><strong>cadat</strong></span> <span class='ocrx_word' id='word_1_34' title='bbox 2153 718 2234 772; x_wconf 85' lang='lat' dir='ltr'><strong>iu-</strong></span> 
     </span>
    </p>
   </div>
   <div class='ocr_carea' id='block_1_6' title="bbox 686 808 2233 878">
    <p class='ocr_par' dir='ltr' id='par_1_6' title="bbox 686 808 2233 878">
     <span class='ocr_line' id='line_1_6' title="bbox 686 808 2233 878; baseline -0.005 -9"><span class='ocrx_word' id='word_1_35' title='bbox 686 815 891 874; x_wconf 86' lang='lat' dir='ltr'><strong>teritus.</strong></span> <span class='ocrx_word' id='word_1_36' title='bbox 916 811 1007 866; x_wconf 86' lang='lat' dir='ltr'><strong>sed</strong></span> <span class='ocrx_word' id='word_1_37' title='bbox 1039 820 1161 864; x_wconf 89' lang='lat' dir='ltr'><strong>sunt</strong></span> <span class='ocrx_word' id='word_1_38' title='bbox 1188 810 1362 864; x_wconf 97' lang='lat' dir='ltr'><strong>omnia</strong></span> <span class='ocrx_word' id='word_1_39' title='bbox 1394 809 1707 863; x_wconf 88' lang='lat' dir='ltr'><strong>immortalia</strong></span> <span class='ocrx_word' id='word_1_40' title='bbox 1734 817 1787 862; x_wconf 88' lang='lat' dir='ltr'><strong>et</strong></span> <span class='ocrx_word' id='word_1_41' title='bbox 1815 808 1865 861; x_wconf 91' lang='lat' dir='ltr'><strong>in</strong></span> <span class='ocrx_word' id='word_1_42' title='bbox 1909 822 2025 878; x_wconf 71' lang='lat' dir='ltr'><strong>qua:</strong></span> <span class='ocrx_word' id='word_1_43' title='bbox 2052 808 2233 862; x_wconf 90' lang='lat' dir='ltr'><strong>interi-</strong></span> 
     </span>
    </p>
   </div>
   <div class='ocr_carea' id='block_1_7' title="bbox 686 898 2233 974">
    <p class='ocr_par' dir='ltr' id='par_1_7' title="bbox 686 898 2233 974">
     <span class='ocr_line' id='line_1_7' title="bbox 686 898 2233 974; baseline -0.005 -13"><span class='ocrx_word' id='word_1_44' title='bbox 686 916 768 961; x_wconf 84' lang='lat' dir='ltr'><strong>tus</strong></span> <span class='ocrx_word' id='word_1_45' title='bbox 789 904 918 959; x_wconf 85' lang='lat' dir='ltr'><strong>nihil</strong></span> <span class='ocrx_word' id='word_1_46' title='bbox 947 912 1137 974; x_wconf 83' lang='lat' dir='ltr'><strong>potest.</strong></span> <span class='ocrx_word' id='word_1_47' title='bbox 1169 900 1224 955; x_wconf 88' lang='lat' dir='ltr'><strong>In</strong></span> <span class='ocrx_word' id='word_1_48' title='bbox 1253 902 1352 956; x_wconf 90' lang='lat' dir='ltr'><strong>hoc</strong></span> <span class='ocrx_word' id='word_1_49' title='bbox 1391 901 1667 955; x_wconf 71' lang='lat' dir='ltr'><strong>aedilicium</strong></span> <span class='ocrx_word' id='word_1_50' title='bbox 1697 898 2026 954; x_wconf 83' lang='lat' dir='ltr'><strong>ell‘undamus</strong></span> <span class='ocrx_word' id='word_1_51' title='bbox 2072 914 2233 970; x_wconf 84' lang='lat' dir='ltr'><strong>pecu-</strong></span> 
     </span>
    </p>
   </div>
   <div class='ocr_carea' id='block_1_8' title="bbox 684 989 2231 1076">
    <p class='ocr_par' dir='ltr' id='par_1_8' title="bbox 684 989 2231 1076">
     <span class='ocr_line' id='line_1_8' title="bbox 684 989 2231 1076; baseline -0.003 -26"><span class='ocrx_word' id='word_1_52' title='bbox 684 997 798 1051; x_wconf 89' lang='lat' dir='ltr'><strong>nias</strong></span> <span class='ocrx_word' id='word_1_53' title='bbox 828 1014 841 1049; x_wconf 88' lang='lat'><strong>:</strong></span> <span class='ocrx_word' id='word_1_54' title='bbox 874 1009 978 1049; x_wconf 87' lang='lat' dir='ltr'><strong>non</strong></span> <span class='ocrx_word' id='word_1_55' title='bbox 1004 1001 1086 1048; x_wconf 88' lang='lat' dir='ltr'><strong>est</strong></span> <span class='ocrx_word' id='word_1_56' title='bbox 1109 992 1260 1048; x_wconf 90' lang='lat' dir='ltr'><strong>nobis</strong></span> <span class='ocrx_word' id='word_1_57' title='bbox 1284 1007 1416 1062; x_wconf 88' lang='lat' dir='ltr'><strong>opus</strong></span> <span class='ocrx_word' id='word_1_58' title='bbox 1441 990 1625 1057; x_wconf 81' lang='lat' dir='ltr'><strong>fabris,</strong></span> <span class='ocrx_word' id='word_1_59' title='bbox 1660 1005 1765 1045; x_wconf 90' lang='lat' dir='ltr'><strong>non</strong></span> <span class='ocrx_word' id='word_1_60' title='bbox 1787 989 2075 1076; x_wconf 87' lang='lat' dir='ltr'><strong>operariis:</strong></span> <span class='ocrx_word' id='word_1_61' title='bbox 2099 1005 2231 1059; x_wconf 88' lang='lat' dir='ltr'><strong>pau-</strong></span> 
     </span>
    </p>
   </div>
   <div class='ocr_carea' id='block_1_9' title="bbox 682 1080 2225 1157">
    <p class='ocr_par' dir='ltr' id='par_1_9' title="bbox 682 1080 2225 1157">
     <span class='ocr_line' id='line_1_9' title="bbox 682 1080 2225 1157; baseline -0.003 -16"><span class='ocrx_word' id='word_1_62' title='bbox 682 1099 868 1157; x_wconf 88' lang='lat' dir='ltr'><strong>perum</strong></span> <span class='ocrx_word' id='word_1_63' title='bbox 894 1098 1080 1139; x_wconf 88' lang='lat' dir='ltr'><strong>manus</strong></span> <span class='ocrx_word' id='word_1_64' title='bbox 1110 1085 1206 1138; x_wconf 86' lang='lat' dir='ltr'><strong>has</strong></span> <span class='ocrx_word' id='word_1_65' title='bbox 1231 1082 1381 1137; x_wconf 82' lang='lat' dir='ltr'><strong>nobis</strong></span> <span class='ocrx_word' id='word_1_66' title='bbox 1410 1082 1552 1137; x_wconf 71' lang='lat' dir='ltr'><strong>mdes</strong></span> <span class='ocrx_word' id='word_1_67' title='bbox 1572 1080 1851 1149; x_wconf 68' lang='lat' dir='ltr'><strong>mdifieant,</strong></span> <span class='ocrx_word' id='word_1_68' title='bbox 1870 1080 2225 1147; x_wconf 79' lang='lat' dir='ltr'><strong>elaudi,c:eci,</strong></span> 
     </span>
    </p>
   </div>
   <div class='ocr_carea' id='block_1_10' title="bbox 680 1171 2231 1246">
    <p class='ocr_par' dir='ltr' id='par_1_10' title="bbox 680 1171 2231 1246">
     <span class='ocr_line' id='line_1_10' title="bbox 680 1171 2231 1246; baseline -0.003 -14"><span class='ocrx_word' id='word_1_69' title='bbox 680 1188 735 1233; x_wconf 91' lang='lat' dir='ltr'><strong>et</strong></span> <span class='ocrx_word' id='word_1_70' title='bbox 764 1176 796 1231; x_wconf 89' lang='lat' dir='ltr'><strong>ii</strong></span> <span class='ocrx_word' id='word_1_71' title='bbox 828 1176 917 1246; x_wconf 87' lang='lat' dir='ltr'><strong>qui</strong></span> <span class='ocrx_word' id='word_1_72' title='bbox 939 1184 1063 1231; x_wconf 89' lang='lat' dir='ltr'><strong>sunt</strong></span> <span class='ocrx_word' id='word_1_73' title='bbox 1083 1174 1253 1229; x_wconf 83' lang='lat' dir='ltr'><strong>manci</strong></span> <span class='ocrx_word' id='word_1_74' title='bbox 1280 1188 1343 1228; x_wconf 89' lang='lat' dir='ltr'><strong>ac</strong></span> <span class='ocrx_word' id='word_1_75' title='bbox 1370 1173 1543 1228; x_wconf 89' lang='lat' dir='ltr'><strong>mutili</strong></span> <span class='ocrx_word' id='word_1_76' title='bbox 1567 1191 1581 1227; x_wconf 87' lang='lat'><strong>:</strong></span> <span class='ocrx_word' id='word_1_77' title='bbox 1609 1172 1663 1227; x_wconf 91' lang='lat' dir='ltr'><strong>hi</strong></span> <span class='ocrx_word' id='word_1_78' title='bbox 1693 1172 1811 1227; x_wconf 84' lang='lat' dir='ltr'><strong>illas</strong></span> <span class='ocrx_word' id='word_1_79' title='bbox 1830 1171 2231 1228; x_wconf 60' lang='lat' dir='ltr'><strong>adiﬁcanuﬂcc</strong></span> 
     </span>
    </p>
   </div>
   <div class='ocr_carea' id='block_1_11' title="bbox 682 1264 2231 1335">
    <p class='ocr_par' dir='ltr' id='par_1_11' title="bbox 682 1264 2231 1335">
     <span class='ocr_line' id='line_1_11' title="bbox 682 1264 2231 1335; baseline -0.001 -12"><span class='ocrx_word' id='word_1_80' title='bbox 682 1268 908 1330; x_wconf 86' lang='lat' dir='ltr'><strong>mireris,</strong></span> <span class='ocrx_word' id='word_1_81' title='bbox 937 1282 1054 1321; x_wconf 86' lang='lat' dir='ltr'><strong>cum</strong></span> <span class='ocrx_word' id='word_1_82' title='bbox 1082 1267 1239 1320; x_wconf 90' lang='lat' dir='ltr'><strong>etiam</strong></span> <span class='ocrx_word' id='word_1_83' title='bbox 1268 1278 1488 1335; x_wconf 89' lang='lat' dir='ltr'><strong>regnum</strong></span> <span class='ocrx_word' id='word_1_84' title='bbox 1514 1264 1615 1334; x_wconf 83' lang='lat' dir='ltr'><strong>ipsi</strong></span> <span class='ocrx_word' id='word_1_85' title='bbox 1662 1265 1813 1319; x_wconf 86' lang='lat' dir='ltr'><strong>nobis</strong></span> <span class='ocrx_word' id='word_1_86' title='bbox 1841 1264 2121 1320; x_wconf 73' lang='lat' dir='ltr'><strong>concilient</strong></span> <span class='ocrx_word' id='word_1_87' title='bbox 2141 1309 2154 1329; x_wconf 94' lang='lat'><strong>,</strong></span> <span class='ocrx_word' id='word_1_88' title='bbox 2178 1277 2231 1321; x_wconf 89' lang='lat' dir='ltr'><strong>et</strong></span> 
     </span>
    </p>
   </div>
   <div class='ocr_carea' id='block_1_12' title="bbox 680 1354 1558 1423">
    <p class='ocr_par' dir='ltr' id='par_1_12' title="bbox 680 1354 1558 1423">
     <span class='ocr_line' id='line_1_12' title="bbox 680 1354 1558 1423; baseline -0.005 -10"><span class='ocrx_word' id='word_1_89' title='bbox 680 1357 745 1413; x_wconf 89' lang='lat' dir='ltr'><strong>ad</strong></span> <span class='ocrx_word' id='word_1_90' title='bbox 776 1358 938 1412; x_wconf 89' lang='lat' dir='ltr'><strong>Deum</strong></span> <span class='ocrx_word' id='word_1_91' title='bbox 965 1357 1086 1411; x_wconf 84' lang='lat' dir='ltr'><strong>dent</strong></span> <span class='ocrx_word' id='word_1_92' title='bbox 1114 1356 1272 1423; x_wconf 45' lang='lat' dir='ltr'><strong>nobis.</strong></span> <span class='ocrx_word' id='word_1_93' title='bbox 1290 1354 1558 1410; x_wconf 84' lang='lat' dir='ltr'><strong>ﬁduciam.</strong></span> 
     </span>
    </p>
   </div>
   <div class='ocr_carea' id='block_1_13' title="bbox 750 1447 2229 1517">
    <p class='ocr_par' dir='ltr' id='par_1_13' title="bbox 750 1447 2229 1517">
     <span class='ocr_line' id='line_1_13' title="bbox 750 1447 2229 1517; baseline 0.001 -16"><span class='ocrx_word' id='word_1_94' title='bbox 750 1447 1079 1517; x_wconf 78' lang='lat' dir='ltr'><strong>Eleemosyna</strong></span> <span class='ocrx_word' id='word_1_95' title='bbox 1115 1462 1181 1502; x_wconf 71' lang='lat' dir='ltr'><strong>ea:</strong></span> <span class='ocrx_word' id='word_1_96' title='bbox 1214 1447 1395 1517; x_wconf 81' lang='lat' dir='ltr'><strong>rapina</strong></span> <span class='ocrx_word' id='word_1_97' title='bbox 1432 1447 1765 1517; x_wconf 75' lang='lat' dir='ltr'><strong>improbatur.</strong></span> <span class='ocrx_word' id='word_1_98' title='bbox 1794 1448 1993 1504; x_wconf 85' lang='lat' dir='ltr'><strong>Laudes</strong></span> <span class='ocrx_word' id='word_1_99' title='bbox 2020 1448 2229 1504; x_wconf 82' lang='lat' dir='ltr'><strong>eleemo-</strong></span> 
     </span>
    </p>
   </div>
   <div class='ocr_carea' id='block_1_14' title="bbox 678 1538 2229 1611">
    <p class='ocr_par' dir='ltr' id='par_1_14' title="bbox 678 1538 2229 1611">
     <span class='ocr_line' id='line_1_14' title="bbox 678 1538 2229 1611; baseline 0.003 -18"><span class='ocrx_word' id='word_1_100' title='bbox 678 1540 1256 1609; x_wconf 68' lang='lat' dir='ltr'><strong>synw.—-Elcemosyna</strong></span> <span class='ocrx_word' id='word_1_101' title='bbox 1268 1538 1409 1593; x_wconf 86' lang='lat' dir='ltr'><strong>enim</strong></span> <span class='ocrx_word' id='word_1_102' title='bbox 1432 1547 1513 1593; x_wconf 88' lang='lat' dir='ltr'><strong>est</strong></span> <span class='ocrx_word' id='word_1_103' title='bbox 1523 1539 1717 1607; x_wconf 88' lang='lat' dir='ltr'><strong>optima</strong></span> <span class='ocrx_word' id='word_1_104' title='bbox 1732 1549 1785 1593; x_wconf 92' lang='lat' dir='ltr'><strong>et</strong></span> <span class='ocrx_word' id='word_1_105' title='bbox 1799 1544 2229 1611; x_wconf 75' lang='lat' dir='ltr'><strong>przestantissima</strong></span> 
     </span>
    </p>
   </div>
   <div class='ocr_carea' id='block_1_15' title="bbox 679 1627 2226 1699">
    <p class='ocr_par' dir='ltr' id='par_1_15' title="bbox 679 1627 2226 1699">
     <span class='ocr_line' id='line_1_15' title="bbox 679 1627 2226 1699; baseline 0.005 -18"><span class='ocrx_word' id='word_1_106' title='bbox 679 1627 916 1697; x_wconf 70' lang='lat' dir='ltr'><strong>quietiam</strong></span> <span class='ocrx_word' id='word_1_107' title='bbox 932 1642 1036 1692; x_wconf 91' lang='lat' dir='ltr'><strong>ars,</strong></span> <span class='ocrx_word' id='word_1_108' title='bbox 1052 1637 1104 1682; x_wconf 92' lang='lat' dir='ltr'><strong>et</strong></span> <span class='ocrx_word' id='word_1_109' title='bbox 1114 1641 1230 1697; x_wconf 74' lang='lat' dir='ltr'><strong>qua:</strong></span> <span class='ocrx_word' id='word_1_110' title='bbox 1247 1627 1601 1696; x_wconf 81' lang='lat' dir='ltr'><strong>patrocinatur</strong></span> <span class='ocrx_word' id='word_1_111' title='bbox 1616 1629 1694 1683; x_wconf 86' lang='lat' dir='ltr'><strong>eis</strong></span> <span class='ocrx_word' id='word_1_112' title='bbox 1710 1630 1799 1699; x_wconf 89' lang='lat' dir='ltr'><strong>qui</strong></span> <span class='ocrx_word' id='word_1_113' title='bbox 1817 1641 2063 1688; x_wconf 81' lang='lat' dir='ltr'><strong>exercent</strong></span> <span class='ocrx_word' id='word_1_114' title='bbox 2076 1649 2189 1688; x_wconf 89' lang='lat' dir='ltr'><strong>eam</strong></span> <span class='ocrx_word' id='word_1_115' title='bbox 2210 1651 2226 1688; x_wconf 87' lang='lat'><strong>:</strong></span> 
     </span>
    </p>
   </div>
   <div class='ocr_carea' id='block_1_16' title="bbox 679 1716 2231 1791">
    <p class='ocr_par' dir='ltr' id='par_1_16' title="bbox 679 1716 2231 1791">
     <span class='ocr_line' id='line_1_16' title="bbox 679 1716 2231 1791; baseline 0.003 -20"><span class='ocrx_word' id='word_1_116' title='bbox 679 1726 760 1771; x_wconf 87' lang='lat' dir='ltr'><strong>est</strong></span> <span class='ocrx_word' id='word_1_117' title='bbox 774 1716 911 1771; x_wconf 90' lang='lat' dir='ltr'><strong>enim</strong></span> <span class='ocrx_word' id='word_1_118' title='bbox 933 1717 1038 1771; x_wconf 92' lang='lat' dir='ltr'><strong>Deo</strong></span> <span class='ocrx_word' id='word_1_119' title='bbox 1054 1718 1241 1783; x_wconf 89' lang='lat' dir='ltr'><strong>amica,</strong></span> <span class='ocrx_word' id='word_1_120' title='bbox 1260 1725 1362 1771; x_wconf 83' lang='lat' dir='ltr'><strong>stat</strong></span> <span class='ocrx_word' id='word_1_121' title='bbox 1380 1732 1589 1785; x_wconf 81' lang='lat' dir='ltr'><strong>semper</strong></span> <span class='ocrx_word' id='word_1_122' title='bbox 1603 1718 1651 1771; x_wconf 91' lang='lat' dir='ltr'><strong>ei</strong></span> <span class='ocrx_word' id='word_1_123' title='bbox 1671 1719 1978 1789; x_wconf 89' lang='lat' dir='ltr'><strong>propinqua,</strong></span> <span class='ocrx_word' id='word_1_124' title='bbox 2001 1736 2096 1790; x_wconf 91' lang='lat' dir='ltr'><strong>pro</strong></span> <span class='ocrx_word' id='word_1_125' title='bbox 2116 1725 2231 1791; x_wconf 89' lang='lat' dir='ltr'><strong>qui-</strong></span> 
     </span>
    </p>
   </div>
   <div class='ocr_carea' id='block_1_17' title="bbox 679 1804 2229 1875">
    <p class='ocr_par' dir='ltr' id='par_1_17' title="bbox 679 1804 2229 1875">
     <span class='ocr_line' id='line_1_17' title="bbox 679 1804 2229 1875; baseline 0.005 -17"><span class='ocrx_word' id='word_1_126' title='bbox 679 1804 779 1859; x_wconf 90' lang='lat' dir='ltr'><strong>bus</strong></span> <span class='ocrx_word' id='word_1_127' title='bbox 832 1805 957 1859; x_wconf 85' lang='lat' dir='ltr'><strong>velit</strong></span> <span class='ocrx_word' id='word_1_128' title='bbox 983 1805 1131 1859; x_wconf 84' lang='lat' dir='ltr'><strong>facile</strong></span> <span class='ocrx_word' id='word_1_129' title='bbox 1168 1813 1350 1873; x_wconf 83' lang='lat' dir='ltr'><strong>petens</strong></span> <span class='ocrx_word' id='word_1_130' title='bbox 1386 1807 1630 1875; x_wconf 79' lang='lat' dir='ltr'><strong>gratiam,</strong></span> <span class='ocrx_word' id='word_1_131' title='bbox 1669 1808 1712 1860; x_wconf 88' lang='lat' dir='ltr'><strong>si</strong></span> <span class='ocrx_word' id='word_1_132' title='bbox 1743 1807 1901 1862; x_wconf 89' lang='lat' dir='ltr'><strong>modo</strong></span> <span class='ocrx_word' id='word_1_133' title='bbox 1935 1826 1962 1860; x_wconf 93' lang='lat' dir='ltr'><strong>a</strong></span> <span class='ocrx_word' id='word_1_134' title='bbox 2000 1812 2150 1863; x_wconf 85' lang='lat' dir='ltr'><strong>nobis</strong></span> <span class='ocrx_word' id='word_1_135' title='bbox 2180 1812 2229 1865; x_wconf 90' lang='lat' dir='ltr'><strong>ei</strong></span> 
     </span>
    </p>
   </div>
   <div class='ocr_carea' id='block_1_18' title="bbox 680 1892 2227 1963">
    <p class='ocr_par' dir='ltr' id='par_1_18' title="bbox 680 1892 2227 1963">
     <span class='ocr_line' id='line_1_18' title="bbox 680 1892 2227 1963; baseline 0.006 -17"><span class='ocrx_word' id='word_1_136' title='bbox 680 1909 783 1947; x_wconf 89' lang='lat' dir='ltr'><strong>non</strong></span> <span class='ocrx_word' id='word_1_137' title='bbox 815 1894 903 1947; x_wconf 86' lang='lat' dir='ltr'><strong>flat</strong></span> <span class='ocrx_word' id='word_1_138' title='bbox 944 1893 1164 1962; x_wconf 84' lang='lat' dir='ltr'><strong>injuria;</strong></span> <span class='ocrx_word' id='word_1_139' title='bbox 1196 1892 1474 1961; x_wconf 76' lang='lat' dir='ltr'><strong>titantem,</strong></span> <span class='ocrx_word' id='word_1_140' title='bbox 1511 1895 1719 1963; x_wconf 84' lang='lat' dir='ltr'><strong>quando</strong></span> <span class='ocrx_word' id='word_1_141' title='bbox 1744 1912 1858 1950; x_wconf 87' lang='lat' dir='ltr'><strong>eam</strong></span> <span class='ocrx_word' id='word_1_142' title='bbox 1897 1898 2114 1955; x_wconf 90' lang='lat' dir='ltr'><strong>facimus</strong></span> <span class='ocrx_word' id='word_1_143' title='bbox 2162 1918 2227 1957; x_wconf 78' lang='lat' dir='ltr'><strong>cx</strong></span> 
     </span>
    </p>
   </div>
   <div class='ocr_carea' id='block_1_19' title="bbox 678 1983 2226 2054">
    <p class='ocr_par' dir='ltr' id='par_1_19' title="bbox 678 1983 2226 2054">
     <span class='ocr_line' id='line_1_19' title="bbox 678 1983 2226 2054; baseline 0.005 -17"><span class='ocrx_word' id='word_1_144' title='bbox 678 1984 893 2053; x_wconf 87' lang='lat' dir='ltr'><strong>rapina:</strong></span> <span class='ocrx_word' id='word_1_145' title='bbox 920 1984 1058 2054; x_wconf 89' lang='lat' dir='ltr'><strong>quod</strong></span> <span class='ocrx_word' id='word_1_146' title='bbox 1083 1983 1129 2037; x_wconf 91' lang='lat' dir='ltr'><strong>si</strong></span> <span class='ocrx_word' id='word_1_147' title='bbox 1155 1984 1224 2037; x_wconf 89' lang='lat' dir='ltr'><strong>sit</strong></span> <span class='ocrx_word' id='word_1_148' title='bbox 1250 1998 1378 2053; x_wconf 88' lang='lat' dir='ltr'><strong>pura</strong></span> <span class='ocrx_word' id='word_1_149' title='bbox 1405 1999 1465 2038; x_wconf 91' lang='lat' dir='ltr'><strong>ac</strong></span> <span class='ocrx_word' id='word_1_150' title='bbox 1486 1986 1947 2051; x_wconf 83' lang='lat' dir='ltr'><strong>sincera,multam</strong></span> <span class='ocrx_word' id='word_1_151' title='bbox 1972 1990 2063 2044; x_wconf 89' lang='lat' dir='ltr'><strong>dat</strong></span> <span class='ocrx_word' id='word_1_152' title='bbox 2090 1992 2226 2045; x_wconf 84' lang='lat' dir='ltr'><strong>fidu-</strong></span> 
     </span>
    </p>
   </div>
   <div class='ocr_carea' id='block_1_20' title="bbox 677 2076 2225 2156">
    <p class='ocr_par' dir='ltr' id='par_1_20' title="bbox 677 2076 2225 2156">
     <span class='ocr_line' id='line_1_20' title="bbox 677 2076 2225 2156; baseline 0.007 -24"><span class='ocrx_word' id='word_1_153' title='bbox 677 2079 813 2133; x_wconf 88' lang='lat' dir='ltr'><strong>ciam</strong></span> <span class='ocrx_word' id='word_1_154' title='bbox 838 2076 903 2132; x_wconf 88' lang='lat' dir='ltr'><strong>iis</strong></span> <span class='ocrx_word' id='word_1_155' title='bbox 926 2077 1017 2148; x_wconf 86' lang='lat' dir='ltr'><strong>qui</strong></span> <span class='ocrx_word' id='word_1_156' title='bbox 1050 2092 1168 2133; x_wconf 87' lang='lat' dir='ltr'><strong>eam</strong></span> <span class='ocrx_word' id='word_1_157' title='bbox 1197 2092 1407 2133; x_wconf 78' lang='lat' dir='ltr'><strong>sursum</strong></span> <span class='ocrx_word' id='word_1_158' title='bbox 1450 2080 1715 2135; x_wconf 89' lang='lat' dir='ltr'><strong>emittunt.</strong></span> <span class='ocrx_word' id='word_1_159' title='bbox 1747 2082 1928 2140; x_wconf 76' lang='lat' dir='ltr'><strong>Tanta:</strong></span> <span class='ocrx_word' id='word_1_160' title='bbox 1962 2097 2083 2141; x_wconf 89' lang='lat' dir='ltr'><strong>sunt</strong></span> <span class='ocrx_word' id='word_1_161' title='bbox 2111 2089 2225 2156; x_wconf 76' lang='lat' dir='ltr'><strong>ejus</strong></span> 
     </span>
    </p>
   </div>
   <div class='ocr_carea' id='block_1_21' title="bbox 678 2165 2223 2249">
    <p class='ocr_par' dir='ltr' id='par_1_21' title="bbox 678 2165 2223 2249">
     <span class='ocr_line' id='line_1_21' title="bbox 678 2165 2223 2249; baseline 0.01 -30"><span class='ocrx_word' id='word_1_162' title='bbox 678 2165 837 2229; x_wconf 89' lang='lat' dir='ltr'><strong>vires,</strong></span> <span class='ocrx_word' id='word_1_163' title='bbox 867 2176 923 2220; x_wconf 90' lang='lat' dir='ltr'><strong>ut</strong></span> <span class='ocrx_word' id='word_1_164' title='bbox 946 2167 1101 2222; x_wconf 90' lang='lat' dir='ltr'><strong>etiam</strong></span> <span class='ocrx_word' id='word_1_165' title='bbox 1124 2180 1220 2237; x_wconf 89' lang='lat' dir='ltr'><strong>pro</strong></span> <span class='ocrx_word' id='word_1_166' title='bbox 1245 2166 1310 2221; x_wconf 90' lang='lat' dir='ltr'><strong>iis</strong></span> <span class='ocrx_word' id='word_1_167' title='bbox 1335 2178 1587 2235; x_wconf 86' lang='lat' dir='ltr'><strong>precetur</strong></span> <span class='ocrx_word' id='word_1_168' title='bbox 1612 2171 1698 2239; x_wconf 90' lang='lat' dir='ltr'><strong>qui</strong></span> <span class='ocrx_word' id='word_1_169' title='bbox 1723 2171 1855 2242; x_wconf 86' lang='lat' dir='ltr'><strong>lapsi</strong></span> <span class='ocrx_word' id='word_1_170' title='bbox 1880 2185 2005 2230; x_wconf 86' lang='lat' dir='ltr'><strong>sunt</strong></span> <span class='ocrx_word' id='word_1_171' title='bbox 2028 2180 2223 2249; x_wconf 88' lang='lat' dir='ltr'><strong>quique</strong></span> 
     </span>
    </p>
   </div>
   <div class='ocr_carea' id='block_1_22' title="bbox 678 2255 2219 2335">
    <p class='ocr_par' dir='ltr' id='par_1_22' title="bbox 678 2255 2219 2335">
     <span class='ocr_line' id='line_1_22' title="bbox 678 2255 2219 2335; baseline 0.01 -25"><span class='ocrx_word' id='word_1_172' title='bbox 678 2266 980 2325; x_wconf 81' lang='lat' dir='ltr'><strong>peccaront.</strong></span> <span class='ocrx_word' id='word_1_173' title='bbox 1013 2255 1127 2325; x_wconf 89' lang='lat' dir='ltr'><strong>Ipsa</strong></span> <span class='ocrx_word' id='word_1_174' title='bbox 1168 2256 1438 2327; x_wconf 88' lang='lat' dir='ltr'><strong>perfringit</strong></span> <span class='ocrx_word' id='word_1_175' title='bbox 1482 2260 1709 2327; x_wconf 80' lang='lat' dir='ltr'><strong>vincula,</strong></span> <span class='ocrx_word' id='word_1_176' title='bbox 1752 2263 1910 2319; x_wconf 82' lang='lat' dir='ltr'><strong>solvit</strong></span> <span class='ocrx_word' id='word_1_177' title='bbox 1953 2268 2219 2335; x_wconf 82' lang='lat' dir='ltr'><strong>tenebras,</strong></span> 
     </span>
    </p>
   </div>
   <div class='ocr_carea' id='block_1_23' title="bbox 678 2340 2222 2426">
    <p class='ocr_par' dir='ltr' id='par_1_23' title="bbox 678 2340 2222 2426">
     <span class='ocr_line' id='line_1_23' title="bbox 678 2340 2222 2426; baseline 0.001 -25"><span class='ocrx_word' id='word_1_178' title='bbox 678 2349 852 2417; x_wconf 81' lang='lat' dir='ltr'><strong>ignem</strong></span> <span class='ocrx_word' id='word_1_179' title='bbox 895 2348 1209 2418; x_wconf 72' lang='lat' dir='ltr'><strong>exstinguit,</strong></span> <span class='ocrx_word' id='word_1_180' title='bbox 1249 2363 1479 2403; x_wconf 84' lang='lat' dir='ltr'><strong>vermem</strong></span> <span class='ocrx_word' id='word_1_181' title='bbox 1530 2340 1813 2420; x_wconf 83' lang='lat' dir='ltr'><strong>interimit,</strong></span> <span class='ocrx_word' id='word_1_182' title='bbox 1841 2356 2058 2426; x_wconf 78' lang='lat' dir='ltr'><strong>expellit</strong></span> <span class='ocrx_word' id='word_1_183' title='bbox 2094 2361 2222 2415; x_wconf 89' lang='lat' dir='ltr'><strong>stri-</strong></span> 
     </span>
    </p>
   </div>
   <div class='ocr_carea' id='block_1_24' title="bbox 676 2437 2220 2519">
    <p class='ocr_par' dir='ltr' id='par_1_24' title="bbox 676 2437 2220 2519">
     <span class='ocr_line' id='line_1_24' title="bbox 676 2437 2220 2519; baseline 0.01 -28"><span class='ocrx_word' id='word_1_184' title='bbox 676 2437 857 2491; x_wconf 86' lang='lat' dir='ltr'><strong>dorem</strong></span> <span class='ocrx_word' id='word_1_185' title='bbox 903 2438 1136 2494; x_wconf 90' lang='lat' dir='ltr'><strong>dentium</strong></span> <span class='ocrx_word' id='word_1_186' title='bbox 1167 2456 1183 2495; x_wconf 89' lang='lat'><strong>:</strong></span> <span class='ocrx_word' id='word_1_187' title='bbox 1210 2440 1257 2494; x_wconf 90' lang='lat' dir='ltr'><strong>ei</strong></span> <span class='ocrx_word' id='word_1_188' title='bbox 1302 2455 1419 2495; x_wconf 91' lang='lat' dir='ltr'><strong>cum</strong></span> <span class='ocrx_word' id='word_1_189' title='bbox 1451 2456 1635 2515; x_wconf 83' lang='lat' dir='ltr'><strong>magna</strong></span> <span class='ocrx_word' id='word_1_190' title='bbox 1662 2446 1945 2503; x_wconf 85' lang='lat' dir='ltr'><strong>securitate</strong></span> <span class='ocrx_word' id='word_1_191' title='bbox 1971 2452 2220 2519; x_wconf 85' lang='lat' dir='ltr'><strong>aperiun-</strong></span> 
     </span>
    </p>
   </div>
   <div class='ocr_carea' id='block_1_25' title="bbox 666 2530 2215 2608">
    <p class='ocr_par' dir='ltr' id='par_1_25' title="bbox 666 2530 2215 2608">
     <span class='ocr_line' id='line_1_25' title="bbox 666 2530 2215 2608; baseline 0.005 -22"><span class='ocrx_word' id='word_1_192' title='bbox 666 2541 752 2586; x_wconf 91' lang='lat' dir='ltr'><strong>tur</strong></span> <span class='ocrx_word' id='word_1_193' title='bbox 799 2539 965 2599; x_wconf 74' lang='lat' dir='ltr'><strong>porta:</strong></span> <span class='ocrx_word' id='word_1_194' title='bbox 1012 2530 1280 2586; x_wconf 58' lang='lat' dir='ltr'><strong>calorum.</strong></span> <span class='ocrx_word' id='word_1_195' title='bbox 1329 2530 1397 2586; x_wconf 80' lang='lat' dir='ltr'><strong>Et</strong></span> <span class='ocrx_word' id='word_1_196' title='bbox 1450 2532 1584 2588; x_wconf 85' lang='lat' dir='ltr'><strong>sicut</strong></span> <span class='ocrx_word' id='word_1_197' title='bbox 1630 2533 1956 2604; x_wconf 76' lang='lat' dir='ltr'><strong>ingrediente</strong></span> <span class='ocrx_word' id='word_1_198' title='bbox 2014 2539 2215 2608; x_wconf 85' lang='lat' dir='ltr'><strong>regina,</strong></span> 
     </span>
    </p>
   </div>
   <div class='ocr_carea' id='block_1_26' title="bbox 665 2619 2214 2696">
    <p class='ocr_par' dir='ltr' id='par_1_26' title="bbox 665 2619 2214 2696">
     <span class='ocr_line' id='line_1_26' title="bbox 665 2619 2214 2696; baseline 0.003 -22"><span class='ocrx_word' id='word_1_199' title='bbox 665 2620 839 2674; x_wconf 90' lang='lat' dir='ltr'><strong>nullus</strong></span> <span class='ocrx_word' id='word_1_200' title='bbox 863 2635 927 2676; x_wconf 83' lang='lat' dir='ltr'><strong>ex</strong></span> <span class='ocrx_word' id='word_1_201' title='bbox 969 2619 1055 2686; x_wconf 82' lang='lat' dir='ltr'><strong>iis,</strong></span> <span class='ocrx_word' id='word_1_202' title='bbox 1086 2620 1169 2675; x_wconf 90' lang='lat' dir='ltr'><strong>cui</strong></span> <span class='ocrx_word' id='word_1_203' title='bbox 1210 2630 1292 2677; x_wconf 86' lang='lat' dir='ltr'><strong>est</strong></span> <span class='ocrx_word' id='word_1_204' title='bbox 1331 2622 1615 2677; x_wconf 89' lang='lat' dir='ltr'><strong>commissa</strong></span> <span class='ocrx_word' id='word_1_205' title='bbox 1659 2633 1927 2693; x_wconf 86' lang='lat' dir='ltr'><strong>portarum</strong></span> <span class='ocrx_word' id='word_1_206' title='bbox 1954 2627 2214 2696; x_wconf 76' lang='lat' dir='ltr'><strong>custodia,</strong></span> 
     </span>
    </p>
   </div>
   <div class='ocr_carea' id='block_1_27' title="bbox 665 2708 2219 2780">
    <p class='ocr_par' dir='ltr' id='par_1_27' title="bbox 665 2708 2219 2780">
     <span class='ocr_line' id='line_1_27' title="bbox 665 2708 2219 2780; baseline 0.008 -19"><span class='ocrx_word' id='word_1_207' title='bbox 665 2708 877 2763; x_wconf 88' lang='lat' dir='ltr'><strong>audebit</strong></span> <span class='ocrx_word' id='word_1_208' title='bbox 904 2709 1208 2765; x_wconf 81' lang='lat' dir='ltr'><strong>examinare</strong></span> <span class='ocrx_word' id='word_1_209' title='bbox 1234 2726 1475 2780; x_wconf 77' lang='lat' dir='ltr'><strong>quamam</strong></span> <span class='ocrx_word' id='word_1_210' title='bbox 1518 2714 1587 2767; x_wconf 92' lang='lat' dir='ltr'><strong>sit</strong></span> <span class='ocrx_word' id='word_1_211' title='bbox 1622 2724 1675 2767; x_wconf 87' lang='lat' dir='ltr'><strong>et</strong></span> <span class='ocrx_word' id='word_1_212' title='bbox 1704 2715 1875 2780; x_wconf 89' lang='lat' dir='ltr'><strong>unde,</strong></span> <span class='ocrx_word' id='word_1_213' title='bbox 1904 2715 1997 2771; x_wconf 91' lang='lat' dir='ltr'><strong>sed</strong></span> <span class='ocrx_word' id='word_1_214' title='bbox 2034 2733 2219 2774; x_wconf 89' lang='lat' dir='ltr'><strong>omnes</strong></span> 
     </span>
    </p>
   </div>
   <div class='ocr_carea' id='block_1_28' title="bbox 665 2800 2216 2878">
    <p class='ocr_par' dir='ltr' id='par_1_28' title="bbox 665 2800 2216 2878">
     <span class='ocr_line' id='line_1_28' title="bbox 665 2800 2216 2878; baseline 0.007 -25"><span class='ocrx_word' id='word_1_215' title='bbox 665 2800 843 2853; x_wconf 88' lang='lat' dir='ltr'><strong>statim</strong></span> <span class='ocrx_word' id='word_1_216' title='bbox 870 2813 986 2853; x_wconf 87' lang='lat' dir='ltr'><strong>eam</strong></span> <span class='ocrx_word' id='word_1_217' title='bbox 1025 2800 1293 2868; x_wconf 82' lang='lat' dir='ltr'><strong>excipiunt</strong></span> <span class='ocrx_word' id='word_1_218' title='bbox 1319 2819 1333 2855; x_wconf 88' lang='lat'><strong>:</strong></span> <span class='ocrx_word' id='word_1_219' title='bbox 1364 2802 1433 2857; x_wconf 88' lang='lat' dir='ltr'><strong>ita</strong></span> <span class='ocrx_word' id='word_1_220' title='bbox 1471 2803 1630 2857; x_wconf 88' lang='lat' dir='ltr'><strong>etiam</strong></span> <span class='ocrx_word' id='word_1_221' title='bbox 1670 2806 2061 2878; x_wconf 79' lang='lat' dir='ltr'><strong>eleemosynam</strong></span> <span class='ocrx_word' id='word_1_222' title='bbox 2093 2826 2106 2861; x_wconf 94' lang='lat'>:</span> <span class='ocrx_word' id='word_1_223' title='bbox 2135 2821 2216 2864; x_wconf 88' lang='lat' dir='ltr'><strong>est</strong></span> 
     </span>
    </p>
   </div>
   <div class='ocr_carea' id='block_1_29' title="bbox 669 2889 2215 2960">
    <p class='ocr_par' dir='ltr' id='par_1_29' title="bbox 669 2889 2215 2960">
     <span class='ocr_line' id='line_1_29' title="bbox 669 2889 2215 2960; baseline 0.005 -16"><span class='ocrx_word' id='word_1_224' title='bbox 669 2889 808 2944; x_wconf 89' lang='lat' dir='ltr'><strong>enim</strong></span> <span class='ocrx_word' id='word_1_225' title='bbox 841 2903 900 2944; x_wconf 89' lang='lat' dir='ltr'><strong>re</strong></span> <span class='ocrx_word' id='word_1_226' title='bbox 928 2904 1049 2943; x_wconf 84' lang='lat' dir='ltr'><strong>vera</strong></span> <span class='ocrx_word' id='word_1_227' title='bbox 1079 2892 1282 2960; x_wconf 83' lang='lat' dir='ltr'><strong>regina,</strong></span> <span class='ocrx_word' id='word_1_228' title='bbox 1314 2891 1554 2947; x_wconf 85' lang='lat' dir='ltr'><strong>homines</strong></span> <span class='ocrx_word' id='word_1_229' title='bbox 1599 2894 1704 2948; x_wconf 90' lang='lat' dir='ltr'><strong>Deo</strong></span> <span class='ocrx_word' id='word_1_230' title='bbox 1750 2896 1947 2952; x_wconf 80' lang='lat' dir='ltr'><strong>faciens</strong></span> <span class='ocrx_word' id='word_1_231' title='bbox 1991 2898 2215 2953; x_wconf 86' lang='lat' dir='ltr'><strong>similes.</strong></span> 
     </span>
    </p>
   </div>
   <div class='ocr_carea' id='block_1_30' title="bbox 668 2976 2220 3048">
    <p class='ocr_par' dir='ltr' id='par_1_30' title="bbox 668 2976 2220 3048">
     <span class='ocr_line' id='line_1_30' title="bbox 668 2976 2220 3048; baseline 0.006 -16"><span class='ocrx_word' id='word_1_232' title='bbox 668 2976 841 3033; x_wconf 86' lang='lat' dir='ltr'><strong>Estote</strong></span> <span class='ocrx_word' id='word_1_233' title='bbox 882 2980 1043 3044; x_wconf 89' lang='lat' dir='ltr'><strong>enim,</strong></span> <span class='ocrx_word' id='word_1_234' title='bbox 1085 2980 1272 3048; x_wconf 84' lang='lat' dir='ltr'><strong>inquit,</strong></span> <span class='ocrx_word' id='word_1_235' title='bbox 1318 2982 1681 3047; x_wconf 70' lang='lat' dir='ltr'><strong>misericordes,</strong></span> <span class='ocrx_word' id='word_1_236' title='bbox 1716 2984 1843 3038; x_wconf 86' lang='lat' dir='ltr'><strong>sicut</strong></span> <span class='ocrx_word' id='word_1_237' title='bbox 1882 2983 2038 3040; x_wconf 77' lang='lat' dir='ltr'><strong>Pater</strong></span> <span class='ocrx_word' id='word_1_238' title='bbox 2067 3000 2220 3042; x_wconf 66' lang='lat' dir='ltr'><strong>restet-</strong></span> 
     </span>
    </p>
   </div>
   <div class='ocr_carea' id='block_1_31' title="bbox 669 3068 2219 3142">
    <p class='ocr_par' dir='ltr' id='par_1_31' title="bbox 669 3068 2219 3142">
     <span class='ocr_line' id='line_1_31' title="bbox 669 3068 2219 3142; baseline 0.006 -21"><span class='ocrx_word' id='word_1_239' title='bbox 669 3068 880 3121; x_wconf 64' lang='lat' dir='ltr'><strong>celestis</strong></span> <span class='ocrx_word' id='word_1_240' title='bbox 906 3078 978 3121; x_wconf 89' lang='lat' dir='ltr'><strong>est</strong></span> <span class='ocrx_word' id='word_1_241' title='bbox 1005 3069 1285 3124; x_wconf 75' lang='lat' dir='ltr'><strong>misericors</strong></span> <span class='ocrx_word' id='word_1_242' title='bbox 1313 3069 1459 3139; x_wconf 89' lang='lat' dir='ltr'><strong>(Luc.</strong></span> <span class='ocrx_word' id='word_1_243' title='bbox 1484 3071 1536 3125; x_wconf 85' lang='lat'><strong>6.</strong></span> <span class='ocrx_word' id='word_1_244' title='bbox 1563 3073 1671 3142; x_wconf 82' lang='lat'><strong>&#39;56).</strong></span> <span class='ocrx_word' id='word_1_245' title='bbox 1702 3072 1795 3127; x_wconf 86' lang='lat' dir='ltr'><strong>Est</strong></span> <span class='ocrx_word' id='word_1_246' title='bbox 1818 3076 1953 3128; x_wconf 88' lang='lat' dir='ltr'><strong>alata</strong></span> <span class='ocrx_word' id='word_1_247' title='bbox 1984 3086 2037 3129; x_wconf 90' lang='lat' dir='ltr'><strong>et</strong></span> <span class='ocrx_word' id='word_1_248' title='bbox 2067 3077 2219 3142; x_wconf 75' lang='lat' dir='ltr'><strong>leris,</strong></span> 
     </span>
    </p>
   </div>
   <div class='ocr_carea' id='block_1_32' title="bbox 670 3156 2221 3231">
    <p class='ocr_par' dir='ltr' id='par_1_32' title="bbox 670 3156 2221 3231">
     <span class='ocr_line' id='line_1_32' title="bbox 670 3156 2221 3231; baseline 0.008 -22"><span class='ocrx_word' id='word_1_249' title='bbox 670 3157 781 3211; x_wconf 85' lang='lat' dir='ltr'><strong>alas</strong></span> <span class='ocrx_word' id='word_1_250' title='bbox 811 3156 965 3211; x_wconf 84' lang='lat' dir='ltr'><strong>habet</strong></span> <span class='ocrx_word' id='word_1_251' title='bbox 992 3172 1201 3223; x_wconf 87' lang='lat' dir='ltr'><strong>aureas,</strong></span> <span class='ocrx_word' id='word_1_252' title='bbox 1230 3160 1386 3213; x_wconf 89' lang='lat' dir='ltr'><strong>habet</strong></span> <span class='ocrx_word' id='word_1_253' title='bbox 1416 3160 1641 3213; x_wconf 74' lang='lat' dir='ltr'><strong>volatum</strong></span> <span class='ocrx_word' id='word_1_254' title='bbox 1682 3163 1771 3231; x_wconf 85' lang='lat' dir='ltr'><strong>qui</strong></span> <span class='ocrx_word' id='word_1_255' title='bbox 1809 3163 1960 3218; x_wconf 83' lang='lat' dir='ltr'><strong>valde</strong></span> <span class='ocrx_word' id='word_1_256' title='bbox 1989 3166 2221 3221; x_wconf 89' lang='lat' dir='ltr'><strong>oblectat</strong></span> 
     </span>
    </p>
   </div>
   <div class='ocr_carea' id='block_1_33' title="bbox 669 3246 2218 3324">
    <p class='ocr_par' dir='ltr' id='par_1_33' title="bbox 669 3246 2218 3324">
     <span class='ocr_line' id='line_1_33' title="bbox 669 3246 2218 3324; baseline 0.008 -25"><span class='ocrx_word' id='word_1_257' title='bbox 669 3246 905 3316; x_wconf 80' lang='lat' dir='ltr'><strong>angelos.</strong></span> <span class='ocrx_word' id='word_1_258' title='bbox 938 3246 1066 3310; x_wconf 86' lang='lat' dir='ltr'><strong>Illic,</strong></span> <span class='ocrx_word' id='word_1_259' title='bbox 1113 3247 1298 3316; x_wconf 90' lang='lat' dir='ltr'><strong>inquit,</strong></span> <span class='ocrx_word' id='word_1_260' title='bbox 1330 3246 1517 3302; x_wconf 80' lang='lat' dir='ltr'><strong>Penme</strong></span> <span class='ocrx_word' id='word_1_261' title='bbox 1561 3250 1808 3305; x_wconf 74' lang='lat' dir='ltr'><strong>columba</strong></span> <span class='ocrx_word' id='word_1_262' title='bbox 1866 3253 2218 3324; x_wconf 75' lang='lat' dir='ltr'><strong>deargentatie,</strong></span> 
     </span>
    </p>
   </div>
   <div class='ocr_carea' id='block_1_34' title="bbox 671 3336 2223 3413">
    <p class='ocr_par' dir='ltr' id='par_1_34' title="bbox 671 3336 2223 3413">
     <span class='ocr_line' id='line_1_34' title="bbox 671 3336 2223 3413; baseline 0.007 -23"><span class='ocrx_word' id='word_1_263' title='bbox 671 3346 717 3390; x_wconf 89' lang='lat' dir='ltr'><strong>ct</strong></span> <span class='ocrx_word' id='word_1_264' title='bbox 745 3336 949 3390; x_wconf 81' lang='lat' dir='ltr'><strong>dorsum</strong></span> <span class='ocrx_word' id='word_1_265' title='bbox 994 3338 1103 3406; x_wconf 84' lang='lat' dir='ltr'><strong>ejus</strong></span> <span class='ocrx_word' id='word_1_266' title='bbox 1146 3337 1197 3389; x_wconf 88' lang='lat' dir='ltr'><strong>in</strong></span> <span class='ocrx_word' id='word_1_267' title='bbox 1226 3336 1425 3407; x_wconf 80' lang='lat' dir='ltr'><strong>fulgore</strong></span> <span class='ocrx_word' id='word_1_268' title='bbox 1468 3339 1582 3391; x_wconf 86' lang='lat' dir='ltr'><strong>auri</strong></span> <span class='ocrx_word' id='word_1_269' title='bbox 1611 3338 1778 3409; x_wconf 81' lang='lat' dir='ltr'><strong>(Psal.</strong></span> <span class='ocrx_word' id='word_1_270' title='bbox 1808 3340 1895 3395; x_wconf 86' lang='lat'><strong>67.</strong></span> <span class='ocrx_word' id='word_1_271' title='bbox 1928 3344 2035 3413; x_wconf 77' lang='grc'><strong>14).</strong></span> <span class='ocrx_word' id='word_1_272' title='bbox 2071 3345 2223 3401; x_wconf 77' lang='lat' dir='ltr'><strong>Volat</strong></span> 
     </span>
    </p>
   </div>
   <div class='ocr_carea' id='block_1_35' title="bbox 670 3426 2217 3504">
    <p class='ocr_par' dir='ltr' id='par_1_35' title="bbox 670 3426 2217 3504">
     <span class='ocr_line' id='line_1_35' title="bbox 670 3426 2217 3504; baseline 0.007 -25"><span class='ocrx_word' id='word_1_273' title='bbox 670 3426 809 3480; x_wconf 91' lang='lat' dir='ltr'><strong>enim</strong></span> <span class='ocrx_word' id='word_1_274' title='bbox 850 3436 1113 3492; x_wconf 88' lang='lat' dir='ltr'><strong>tamquam</strong></span> <span class='ocrx_word' id='word_1_275' title='bbox 1148 3426 1390 3495; x_wconf 64' lang='lat' dir='ltr'><strong>quoidam</strong></span> <span class='ocrx_word' id='word_1_276' title='bbox 1422 3443 1578 3482; x_wconf 88' lang='lat' dir='ltr'><strong>aurea</strong></span> <span class='ocrx_word' id='word_1_277' title='bbox 1622 3438 1676 3482; x_wconf 89' lang='lat' dir='ltr'><strong>et</strong></span> <span class='ocrx_word' id='word_1_278' title='bbox 1726 3432 1910 3486; x_wconf 82' lang='lat' dir='ltr'><strong>vivens</strong></span> <span class='ocrx_word' id='word_1_279' title='bbox 1952 3435 2217 3504; x_wconf 90' lang='lat' dir='ltr'><strong>columba,</strong></span> 
     </span>
    </p>
   </div>
   <div class='ocr_carea' id='block_1_36' title="bbox 673 3516 2223 3587">
    <p class='ocr_par' dir='ltr' id='par_1_36' title="bbox 673 3516 2223 3587">
     <span class='ocr_line' id='line_1_36' title="bbox 673 3516 2223 3587; baseline 0.01 -18"><span class='ocrx_word' id='word_1_280' title='bbox 673 3517 933 3587; x_wconf 87' lang='lat' dir='ltr'><strong>placidum</strong></span> <span class='ocrx_word' id='word_1_281' title='bbox 961 3516 1159 3573; x_wconf 87' lang='lat' dir='ltr'><strong>habens</strong></span> <span class='ocrx_word' id='word_1_282' title='bbox 1187 3530 1459 3586; x_wconf 86' lang='lat' dir='ltr'><strong>aspectum</strong></span> <span class='ocrx_word' id='word_1_283' title='bbox 1498 3531 1551 3574; x_wconf 92' lang='lat' dir='ltr'><strong>et</strong></span> <span class='ocrx_word' id='word_1_284' title='bbox 1590 3523 1770 3577; x_wconf 90' lang='lat' dir='ltr'><strong>mitem</strong></span> <span class='ocrx_word' id='word_1_285' title='bbox 1806 3526 2036 3585; x_wconf 90' lang='lat' dir='ltr'><strong>oculum.</strong></span> <span class='ocrx_word' id='word_1_286' title='bbox 2079 3528 2223 3584; x_wconf 87' lang='lat' dir='ltr'><strong>Nihil</strong></span> 
     </span>
    </p>
   </div>
   <div class='ocr_carea' id='block_1_37' title="bbox 672 3610 2225 3684">
    <p class='ocr_par' dir='ltr' id='par_1_37' title="bbox 672 3610 2225 3684">
     <span class='ocr_line' id='line_1_37' title="bbox 672 3610 2225 3684; baseline 0.008 -21"><span class='ocrx_word' id='word_1_287' title='bbox 672 3618 755 3663; x_wconf 85' lang='lat' dir='ltr'><strong>est</strong></span> <span class='ocrx_word' id='word_1_288' title='bbox 782 3610 875 3662; x_wconf 84' lang='lat' dir='ltr'><strong>illo</strong></span> <span class='ocrx_word' id='word_1_289' title='bbox 902 3610 1055 3664; x_wconf 91' lang='lat' dir='ltr'><strong>oculo</strong></span> <span class='ocrx_word' id='word_1_290' title='bbox 1084 3610 1295 3663; x_wconf 89' lang='lat' dir='ltr'><strong>melius.</strong></span> <span class='ocrx_word' id='word_1_291' title='bbox 1324 3611 1547 3665; x_wconf 85' lang='lat' dir='ltr'><strong>Pulcher</strong></span> <span class='ocrx_word' id='word_1_292' title='bbox 1575 3623 1657 3667; x_wconf 91' lang='lat' dir='ltr'><strong>est</strong></span> <span class='ocrx_word' id='word_1_293' title='bbox 1684 3623 1737 3668; x_wconf 89' lang='lat' dir='ltr'><strong>et</strong></span> <span class='ocrx_word' id='word_1_294' title='bbox 1764 3630 1915 3684; x_wconf 83' lang='lat' dir='ltr'><strong>pavo,</strong></span> <span class='ocrx_word' id='word_1_295' title='bbox 1945 3618 2039 3673; x_wconf 91' lang='lat' dir='ltr'><strong>sed</strong></span> <span class='ocrx_word' id='word_1_296' title='bbox 2068 3621 2131 3674; x_wconf 91' lang='lat' dir='ltr'><strong>ad</strong></span> <span class='ocrx_word' id='word_1_297' title='bbox 2162 3622 2225 3676; x_wconf 90' lang='lat' dir='ltr'><strong>il-</strong></span> 
     </span>
    </p>
   </div>
   <div class='ocr_carea' id='block_1_38' title="bbox 674 3699 2225 3776">
    <p class='ocr_par' dir='ltr' id='par_1_38' title="bbox 674 3699 2225 3776">
     <span class='ocr_line' id='line_1_38' title="bbox 674 3699 2225 3776; baseline 0.008 -24"><span class='ocrx_word' id='word_1_298' title='bbox 674 3699 776 3752; x_wconf 89' lang='lat' dir='ltr'><strong>lam</strong></span> <span class='ocrx_word' id='word_1_299' title='bbox 802 3700 1041 3759; x_wconf 88' lang='lat' dir='ltr'><strong>collatus.</strong></span> <span class='ocrx_word' id='word_1_300' title='bbox 1070 3710 1149 3754; x_wconf 93' lang='lat' dir='ltr'><strong>est</strong></span> <span class='ocrx_word' id='word_1_301' title='bbox 1175 3702 1419 3769; x_wconf 81' lang='lat' dir='ltr'><strong>graculus</strong></span> <span class='ocrx_word' id='word_1_302' title='bbox 1440 3720 1452 3755; x_wconf 90' lang='lat'>:</span> <span class='ocrx_word' id='word_1_303' title='bbox 1471 3700 1601 3755; x_wconf 93' lang='lat' dir='ltr'><strong>adeo</strong></span> <span class='ocrx_word' id='word_1_304' title='bbox 1627 3714 1706 3757; x_wconf 90' lang='lat' dir='ltr'><strong>est</strong></span> <span class='ocrx_word' id='word_1_305' title='bbox 1735 3703 1848 3759; x_wconf 73' lang='lat' dir='ltr'><strong>hzee</strong></span> <span class='ocrx_word' id='word_1_306' title='bbox 1873 3707 1982 3760; x_wconf 75' lang='lat' dir='ltr'><strong>avis</strong></span> <span class='ocrx_word' id='word_1_307' title='bbox 2010 3710 2225 3776; x_wconf 87' lang='lat' dir='ltr'><strong>pulchra</strong></span> 
     </span>
    </p>
   </div>
   <div class='ocr_carea' id='block_1_39' title="bbox 674 3788 2225 3862">
    <p class='ocr_par' dir='ltr' id='par_1_39' title="bbox 674 3788 2225 3862">
     <span class='ocr_line' id='line_1_39' title="bbox 674 3788 2225 3862; baseline 0.009 -22"><span class='ocrx_word' id='word_1_308' title='bbox 674 3798 727 3842; x_wconf 93' lang='lat' dir='ltr'><strong>et</strong></span> <span class='ocrx_word' id='word_1_309' title='bbox 760 3788 1101 3843; x_wconf 88' lang='lat' dir='ltr'><strong>admirabilis.</strong></span> <span class='ocrx_word' id='word_1_310' title='bbox 1132 3790 1393 3859; x_wconf 88' lang='lat' dir='ltr'><strong>Perpetuo</strong></span> <span class='ocrx_word' id='word_1_311' title='bbox 1420 3806 1625 3844; x_wconf 92' lang='lat' dir='ltr'><strong>sursum</strong></span> <span class='ocrx_word' id='word_1_312' title='bbox 1669 3805 1887 3862; x_wconf 81' lang='lat' dir='ltr'><strong>Spectat,</strong></span> <span class='ocrx_word' id='word_1_313' title='bbox 1934 3798 2094 3851; x_wconf 91' lang='lat' dir='ltr'><strong>multa</strong></span> <span class='ocrx_word' id='word_1_314' title='bbox 2134 3801 2225 3855; x_wconf 89' lang='lat' dir='ltr'><strong>Dei</strong></span> 
     </span>
    </p>
   </div>
   <div class='ocr_carea' id='block_1_40' title="bbox 674 3877 2222 3955">
    <p class='ocr_par' dir='ltr' id='par_1_40' title="bbox 674 3877 2222 3955">
     <span class='ocr_line' id='line_1_40' title="bbox 674 3877 2222 3955; baseline 0.008 -24"><span class='ocrx_word' id='word_1_315' title='bbox 674 3877 1028 3931; x_wconf 90' lang='lat' dir='ltr'><strong>circmndatur</strong></span> <span class='ocrx_word' id='word_1_316' title='bbox 1049 3878 1213 3946; x_wconf 83' lang='lat' dir='ltr'><strong>gloria</strong></span> <span class='ocrx_word' id='word_1_317' title='bbox 1237 3895 1251 3943; x_wconf 92' lang='lat'><strong>;</strong></span> <span class='ocrx_word' id='word_1_318' title='bbox 1280 3888 1361 3932; x_wconf 90' lang='lat' dir='ltr'><strong>est</strong></span> <span class='ocrx_word' id='word_1_319' title='bbox 1387 3880 1533 3948; x_wconf 86' lang='lat' dir='ltr'><strong>virgo</strong></span> <span class='ocrx_word' id='word_1_320' title='bbox 1566 3896 1764 3948; x_wconf 89' lang='lat' dir='ltr'><strong>pennas</strong></span> <span class='ocrx_word' id='word_1_321' title='bbox 1791 3883 1988 3940; x_wconf 86' lang='lat' dir='ltr'><strong>habens</strong></span> <span class='ocrx_word' id='word_1_322' title='bbox 2014 3902 2222 3955; x_wconf 90' lang='lat' dir='ltr'><strong>aureas,</strong></span> 
     </span>
    </p>
   </div>
   <div class='ocr_carea' id='block_1_41' title="bbox 674 3967 2228 4035">
    <p class='ocr_par' dir='ltr' id='par_1_41' title="bbox 674 3967 2228 4035">
     <span class='ocr_line' id='line_1_41' title="bbox 674 3967 2228 4035; baseline 0.01 -17"><span class='ocrx_word' id='word_1_323' title='bbox 674 3967 987 4035; x_wconf 90' lang='lat' dir='ltr'><strong>composita,</strong></span> <span class='ocrx_word' id='word_1_324' title='bbox 1021 3967 1153 4021; x_wconf 88' lang='lat' dir='ltr'><strong>facie</strong></span> <span class='ocrx_word' id='word_1_325' title='bbox 1191 3967 1412 4021; x_wconf 88' lang='lat' dir='ltr'><strong>candida</strong></span> <span class='ocrx_word' id='word_1_326' title='bbox 1454 3982 1505 4023; x_wconf 90' lang='lat' dir='ltr'><strong>et</strong></span> <span class='ocrx_word' id='word_1_327' title='bbox 1545 3983 1819 4026; x_wconf 89' lang='lat' dir='ltr'><strong>mansueta</strong></span> <span class='ocrx_word' id='word_1_328' title='bbox 1852 3993 1862 4026; x_wconf 94' lang='lat'>:</span> <span class='ocrx_word' id='word_1_329' title='bbox 1894 3986 1976 4029; x_wconf 89' lang='lat' dir='ltr'><strong>est</strong></span> <span class='ocrx_word' id='word_1_330' title='bbox 2008 3978 2142 4030; x_wconf 87' lang='lat' dir='ltr'><strong>alata</strong></span> <span class='ocrx_word' id='word_1_331' title='bbox 2174 3989 2228 4034; x_wconf 93' lang='lat' dir='ltr'><strong>et</strong></span> 
     </span>
    </p>
   </div>
   <div class='ocr_carea' id='block_1_42' title="bbox 676 4058 2225 4135">
    <p class='ocr_par' dir='ltr' id='par_1_42' title="bbox 676 4058 2225 4135">
     <span class='ocr_line' id='line_1_42' title="bbox 676 4058 2225 4135; baseline 0.006 -24"><span class='ocrx_word' id='word_1_332' title='bbox 676 4058 828 4123; x_wconf 87' lang='lat' dir='ltr'><strong>levis,</strong></span> <span class='ocrx_word' id='word_1_333' title='bbox 860 4068 1005 4112; x_wconf 78' lang='lat' dir='ltr'><strong>stans</strong></span> <span class='ocrx_word' id='word_1_334' title='bbox 1034 4072 1199 4127; x_wconf 89' lang='lat' dir='ltr'><strong>pr0pe</strong></span> <span class='ocrx_word' id='word_1_335' title='bbox 1230 4058 1475 4112; x_wconf 87' lang='lat' dir='ltr'><strong>thronum</strong></span> <span class='ocrx_word' id='word_1_336' title='bbox 1507 4058 1751 4129; x_wconf 80' lang='lat' dir='ltr'><strong>Regium.</strong></span> <span class='ocrx_word' id='word_1_337' title='bbox 1779 4063 2001 4131; x_wconf 85' lang='lat' dir='ltr'><strong>Quando</strong></span> <span class='ocrx_word' id='word_1_338' title='bbox 2024 4067 2225 4135; x_wconf 84' lang='lat' dir='ltr'><strong>judica-</strong></span> 
     </span>
    </p>
   </div>
   <div class='ocr_carea' id='block_1_43' title="bbox 678 4148 2227 4226">
    <p class='ocr_par' dir='ltr' id='par_1_43' title="bbox 678 4148 2227 4226">
     <span class='ocr_line' id='line_1_43' title="bbox 678 4148 2227 4226; baseline 0.008 -25"><span class='ocrx_word' id='word_1_339' title='bbox 678 4163 828 4213; x_wconf 93' lang='lat' dir='ltr'><strong>mur,</strong></span> <span class='ocrx_word' id='word_1_340' title='bbox 874 4148 1024 4201; x_wconf 84' lang='lat' dir='ltr'><strong>adest</strong></span> <span class='ocrx_word' id='word_1_341' title='bbox 1072 4158 1289 4216; x_wconf 89' lang='lat' dir='ltr'><strong>repente</strong></span> <span class='ocrx_word' id='word_1_342' title='bbox 1331 4158 1384 4203; x_wconf 89' lang='lat' dir='ltr'><strong>et</strong></span> <span class='ocrx_word' id='word_1_343' title='bbox 1429 4161 1666 4219; x_wconf 88' lang='lat' dir='ltr'><strong>apparet,</strong></span> <span class='ocrx_word' id='word_1_344' title='bbox 1698 4163 1750 4206; x_wconf 93' lang='lat' dir='ltr'><strong>et</strong></span> <span class='ocrx_word' id='word_1_345' title='bbox 1778 4170 1873 4207; x_wconf 90' lang='lat' dir='ltr'><strong>nos</strong></span> <span class='ocrx_word' id='word_1_346' title='bbox 1916 4171 1942 4207; x_wconf 91' lang='lat' dir='ltr'><strong>a</strong></span> <span class='ocrx_word' id='word_1_347' title='bbox 1971 4159 2227 4226; x_wconf 82' lang='lat' dir='ltr'><strong>supplicio</strong></span> 
     </span>
    </p>
   </div>
   <div class='ocr_carea' id='block_1_44' title="bbox 675 4240 2230 4309">
    <p class='ocr_par' dir='ltr' id='par_1_44' title="bbox 675 4240 2230 4309">
     <span class='ocr_line' id='line_1_44' title="bbox 675 4240 2230 4309; baseline 0.007 -15"><span class='ocrx_word' id='word_1_348' title='bbox 675 4240 831 4308; x_wconf 90' lang='lat' dir='ltr'><strong>eripit</strong></span> <span class='ocrx_word' id='word_1_349' title='bbox 876 4240 985 4293; x_wconf 85' lang='lat' dir='ltr'><strong>suis</strong></span> <span class='ocrx_word' id='word_1_350' title='bbox 1033 4240 1219 4308; x_wconf 88' lang='lat' dir='ltr'><strong>pennis</strong></span> <span class='ocrx_word' id='word_1_351' title='bbox 1269 4240 1615 4309; x_wconf 83' lang='lat' dir='ltr'><strong>amplectens.</strong></span> <span class='ocrx_word' id='word_1_352' title='bbox 1662 4243 1789 4297; x_wconf 87' lang='lat' dir='ltr'><strong>Eam</strong></span> <span class='ocrx_word' id='word_1_353' title='bbox 1836 4246 1972 4301; x_wconf 89' lang='lat' dir='ltr'><strong>Deus</strong></span> <span class='ocrx_word' id='word_1_354' title='bbox 2034 4252 2230 4305; x_wconf 73' lang='lat' dir='ltr'><strong>mavult</strong></span> 
     </span>
    </p>
   </div>
   <div class='ocr_carea' id='block_1_45' title="bbox 677 4329 2227 4405">
    <p class='ocr_par' dir='ltr' id='par_1_45' title="bbox 677 4329 2227 4405">
     <span class='ocr_line' id='line_1_45' title="bbox 677 4329 2227 4405; baseline 0.009 -21"><span class='ocrx_word' id='word_1_355' title='bbox 677 4346 831 4401; x_wconf 88' lang='lat' dir='ltr'><strong>quam</strong></span> <span class='ocrx_word' id='word_1_356' title='bbox 862 4329 1117 4385; x_wconf 89' lang='lat' dir='ltr'><strong>sacritieia</strong></span> <span class='ocrx_word' id='word_1_357' title='bbox 1138 4350 1152 4385; x_wconf 90' lang='lat'><strong>:</strong></span> <span class='ocrx_word' id='word_1_358' title='bbox 1172 4332 1330 4385; x_wconf 86' lang='lat' dir='ltr'><strong>multa</strong></span> <span class='ocrx_word' id='word_1_359' title='bbox 1348 4347 1488 4401; x_wconf 70' lang='lat' dir='ltr'><strong>stepe</strong></span> <span class='ocrx_word' id='word_1_360' title='bbox 1514 4333 1580 4388; x_wconf 90' lang='lat' dir='ltr'><strong>de</strong></span> <span class='ocrx_word' id='word_1_361' title='bbox 1610 4349 1668 4388; x_wconf 89' lang='lat' dir='ltr'><strong>ea</strong></span> <span class='ocrx_word' id='word_1_362' title='bbox 1688 4335 1918 4405; x_wconf 88' lang='lat' dir='ltr'><strong>loquitur</strong></span> <span class='ocrx_word' id='word_1_363' title='bbox 1948 4357 1959 4390; x_wconf 92' lang='lat'><strong>:</strong></span> <span class='ocrx_word' id='word_1_364' title='bbox 1992 4342 2058 4394; x_wconf 87' lang='lat' dir='ltr'><strong>ita</strong></span> <span class='ocrx_word' id='word_1_365' title='bbox 2088 4343 2227 4398; x_wconf 88' lang='lat' dir='ltr'><strong>illam</strong></span> 
     </span>
    </p>
   </div>
   <div class='ocr_carea' id='block_1_46' title="bbox 678 4420 2228 4498">
    <p class='ocr_par' dir='ltr' id='par_1_46' title="bbox 678 4420 2228 4498">
     <span class='ocr_line' id='line_1_46' title="bbox 678 4420 2228 4498; baseline 0.008 -23"><span class='ocrx_word' id='word_1_366' title='bbox 678 4421 865 4491; x_wconf 81' lang='lat' dir='ltr'><strong>diligit.</strong></span> <span class='ocrx_word' id='word_1_367' title='bbox 884 4420 1097 4474; x_wconf 81' lang='lat' dir='ltr'><strong>Viduam</strong></span> <span class='ocrx_word' id='word_1_368' title='bbox 1133 4431 1178 4474; x_wconf 87' lang='lat' dir='ltr'><strong>ct</strong></span> <span class='ocrx_word' id='word_1_369' title='bbox 1204 4423 1453 4490; x_wconf 80' lang='lat' dir='ltr'><strong>pupillum</strong></span> <span class='ocrx_word' id='word_1_370' title='bbox 1477 4432 1523 4476; x_wconf 85' lang='lat' dir='ltr'><strong>ct</strong></span> <span class='ocrx_word' id='word_1_371' title='bbox 1551 4441 1836 4495; x_wconf 81' lang='lat' dir='ltr'><strong>pauperem,</strong></span> <span class='ocrx_word' id='word_1_372' title='bbox 1856 4430 2040 4498; x_wconf 84' lang='lat' dir='ltr'><strong>inquit,</strong></span> <span class='ocrx_word' id='word_1_373' title='bbox 2070 4436 2228 4487; x_wconf 86' lang='lat' dir='ltr'><strong>susci-</strong></span> 
     </span>
    </p>
   </div>
   <div class='ocr_carea' id='block_1_47' title="bbox 680 4514 2231 4583">
    <p class='ocr_par' dir='ltr' id='par_1_47' title="bbox 680 4514 2231 4583">
     <span class='ocr_line' id='line_1_47' title="bbox 680 4514 2231 4583; baseline 0.013 -19"><span class='ocrx_word' id='word_1_374' title='bbox 680 4514 797 4582; x_wconf 86' lang='lat' dir='ltr'><strong>piet.</strong></span> <span class='ocrx_word' id='word_1_375' title='bbox 814 4514 888 4567; x_wconf 75' lang='lat' dir='ltr'><strong>Ex</strong></span> <span class='ocrx_word' id='word_1_376' title='bbox 908 4514 1092 4567; x_wconf 84' lang='lat' dir='ltr'><strong>eavult</strong></span> <span class='ocrx_word' id='word_1_377' title='bbox 1120 4514 1259 4566; x_wconf 83' lang='lat' dir='ltr'><strong>Deus</strong></span> <span class='ocrx_word' id='word_1_378' title='bbox 1285 4516 1537 4583; x_wconf 85' lang='lat' dir='ltr'><strong>appellari</strong></span> <span class='ocrx_word' id='word_1_379' title='bbox 1560 4536 1570 4568; x_wconf 90' lang='lat'>:</span> <span class='ocrx_word' id='word_1_380' title='bbox 1595 4518 1856 4573; x_wconf 76' lang='lat' dir='ltr'><strong>Miscrator</strong></span> <span class='ocrx_word' id='word_1_381' title='bbox 1882 4534 1925 4576; x_wconf 85' lang='lat' dir='ltr'><strong>et</strong></span> <span class='ocrx_word' id='word_1_382' title='bbox 1956 4527 2231 4583; x_wconf 76' lang='lat' dir='ltr'><strong>misericors</strong></span> 
     </span>
    </p>
   </div>
   <div class='ocr_carea' id='block_1_48' title="bbox 681 4602 2224 4685">
    <p class='ocr_par' dir='ltr' id='par_1_48' title="bbox 681 4602 2224 4685">
     <span class='ocr_line' id='line_1_48' title="bbox 681 4602 2224 4685; baseline 0.011 -29"><span class='ocrx_word' id='word_1_383' title='bbox 681 4603 943 4667; x_wconf 83' lang='lat' dir='ltr'><strong>Dominus,</strong></span> <span class='ocrx_word' id='word_1_384' title='bbox 972 4604 1043 4655; x_wconf 91' lang='lat' dir='ltr'><strong>ait</strong></span> <span class='ocrx_word' id='word_1_385' title='bbox 1066 4602 1248 4667; x_wconf 81' lang='lat' dir='ltr'><strong>David,</strong></span> <span class='ocrx_word' id='word_1_386' title='bbox 1276 4605 1571 4674; x_wconf 82' lang='lat' dir='ltr'><strong>longanimis</strong></span> <span class='ocrx_word' id='word_1_387' title='bbox 1596 4619 1643 4661; x_wconf 90' lang='lat' dir='ltr'><strong>et</strong></span> <span class='ocrx_word' id='word_1_388' title='bbox 1668 4612 1835 4664; x_wconf 72' lang='lat' dir='ltr'><strong>multae</strong></span> <span class='ocrx_word' id='word_1_389' title='bbox 1859 4615 2224 4685; x_wconf 67' lang='lat' dir='ltr'><strong>misericordia,</strong></span> 
     </span>
    </p>
   </div>
   <div class='ocr_carea' id='block_1_49' title="bbox 678 4693 2230 4774">
    <p class='ocr_par' dir='ltr' id='par_1_49' title="bbox 678 4693 2230 4774">
     <span class='ocr_line' id='line_1_49' title="bbox 678 4693 2230 4774; baseline 0.012 -27"><span class='ocrx_word' id='word_1_390' title='bbox 678 4705 724 4748; x_wconf 90' lang='lat' dir='ltr'><strong>et</strong></span> <span class='ocrx_word' id='word_1_391' title='bbox 759 4710 908 4748; x_wconf 72' lang='lat' dir='ltr'><strong>verax</strong></span> <span class='ocrx_word' id='word_1_392' title='bbox 935 4693 1104 4765; x_wconf 84' lang='lat' dir='ltr'><strong>(Psal.</strong></span> <span class='ocrx_word' id='word_1_393' title='bbox 1147 4696 1267 4750; x_wconf 74' lang='grc'><strong>145.</strong></span> <span class='ocrx_word' id='word_1_394' title='bbox 1294 4696 1347 4751; x_wconf 90' lang='grc'>9.</span> <span class='ocrx_word' id='word_1_395' title='bbox 1376 4707 1420 4749; x_wconf 83' lang='lat' dir='ltr'><strong>et</strong></span> <span class='ocrx_word' id='word_1_396' title='bbox 1445 4697 1564 4765; x_wconf 70' lang='lat'><strong>102,</strong></span> <span class='ocrx_word' id='word_1_397' title='bbox 1583 4699 1635 4753; x_wconf 92' lang='lat'><strong>8.</strong></span> <span class='ocrx_word' id='word_1_398' title='bbox 1655 4710 1700 4753; x_wconf 91' lang='lat' dir='ltr'><strong>et</strong></span> <span class='ocrx_word' id='word_1_399' title='bbox 1731 4703 1850 4758; x_wconf 74' lang='grc'><strong>144.</strong></span> <span class='ocrx_word' id='word_1_400' title='bbox 1868 4705 1955 4774; x_wconf 87' lang='grc'><strong>8);</strong></span> <span class='ocrx_word' id='word_1_401' title='bbox 1980 4718 2031 4761; x_wconf 89' lang='lat' dir='ltr'><strong>et</strong></span> <span class='ocrx_word' id='word_1_402' title='bbox 2048 4726 2230 4766; x_wconf 89' lang='lat' dir='ltr'><strong>rursus</strong></span> 
     </span>
    </p>
   </div>
   <div class='ocr_carea' id='block_1_50' title="bbox 680 4784 2225 4866">
    <p class='ocr_par' dir='ltr' id='par_1_50' title="bbox 680 4784 2225 4866">
     <span class='ocr_line' id='line_1_50' title="bbox 680 4784 2225 4866; baseline 0.01 -27"><span class='ocrx_word' id='word_1_403' title='bbox 680 4786 833 4849; x_wconf 89' lang='lat' dir='ltr'><strong>alius,</strong></span> <span class='ocrx_word' id='word_1_404' title='bbox 872 4784 1217 4839; x_wconf 80' lang='lat' dir='ltr'><strong>Misericordia</strong></span> <span class='ocrx_word' id='word_1_405' title='bbox 1248 4785 1341 4840; x_wconf 85' lang='lat' dir='ltr'><strong>Dei</strong></span> <span class='ocrx_word' id='word_1_406' title='bbox 1366 4804 1515 4856; x_wconf 84' lang='lat' dir='ltr'><strong>super</strong></span> <span class='ocrx_word' id='word_1_407' title='bbox 1530 4805 1723 4844; x_wconf 88' lang='lat' dir='ltr'><strong>omnem</strong></span> <span class='ocrx_word' id='word_1_408' title='bbox 1738 4801 1918 4847; x_wconf 85' lang='lat' dir='ltr'><strong>terram</strong></span> <span class='ocrx_word' id='word_1_409' title='bbox 1943 4795 2108 4866; x_wconf 86' lang='lat' dir='ltr'><strong>(Psal.</strong></span> <span class='ocrx_word' id='word_1_410' title='bbox 2137 4801 2225 4856; x_wconf 82' lang='lat'><strong>56.</strong></span> 
     </span>
    </p>
   </div>
   <div class='ocr_carea' id='block_1_51' title="bbox 683 4880 2232 4952">
    <p class='ocr_par' dir='ltr' id='par_1_51' title="bbox 683 4880 2232 4952">
     <span class='ocr_line' id='line_1_51' title="bbox 683 4880 2232 4952; baseline 0.009 -16"><span class='ocrx_word' id='word_1_411' title='bbox 683 4880 793 4951; x_wconf 75' lang='grc'><strong>12).</strong></span> <span class='ocrx_word' id='word_1_412' title='bbox 820 4880 931 4950; x_wconf 88' lang='lat' dir='ltr'><strong>Ipsa</strong></span> <span class='ocrx_word' id='word_1_413' title='bbox 960 4882 1162 4934; x_wconf 84' lang='lat' dir='ltr'><strong>salvum</strong></span> <span class='ocrx_word' id='word_1_414' title='bbox 1194 4880 1317 4935; x_wconf 86' lang='lat' dir='ltr'><strong>fecit</strong></span> <span class='ocrx_word' id='word_1_415' title='bbox 1344 4896 1508 4952; x_wconf 89' lang='lat' dir='ltr'><strong>genus</strong></span> <span class='ocrx_word' id='word_1_416' title='bbox 1534 4883 1838 4951; x_wconf 85' lang='lat' dir='ltr'><strong>hominum;</strong></span> <span class='ocrx_word' id='word_1_417' title='bbox 1867 4904 1987 4943; x_wconf 90' lang='lat' dir='ltr'><strong>nam</strong></span> <span class='ocrx_word' id='word_1_418' title='bbox 2006 4893 2103 4947; x_wconf 89' lang='lat' dir='ltr'><strong>nisi</strong></span> <span class='ocrx_word' id='word_1_419' title='bbox 2133 4910 2232 4951; x_wconf 86' lang='lat' dir='ltr'><strong>no-</strong></span> 
     </span>
    </p>
   </div>
   <div class='ocr_carea' id='block_1_52' title="bbox 682 4974 2233 5050">
    <p class='ocr_par' dir='ltr' id='par_1_52' title="bbox 682 4974 2233 5050">
     <span class='ocr_line' id='line_1_52' title="bbox 682 4974 2233 5050; baseline 0.009 -22"><span class='ocrx_word' id='word_1_420' title='bbox 682 4974 775 5028; x_wconf 91' lang='lat' dir='ltr'><strong>stri</strong></span> <span class='ocrx_word' id='word_1_421' title='bbox 804 4983 945 5027; x_wconf 89' lang='lat' dir='ltr'><strong>esset</strong></span> <span class='ocrx_word' id='word_1_422' title='bbox 971 4974 1237 5040; x_wconf 89' lang='lat' dir='ltr'><strong>misertus,</strong></span> <span class='ocrx_word' id='word_1_423' title='bbox 1255 4976 1429 5028; x_wconf 87' lang='lat' dir='ltr'><strong>omnia</strong></span> <span class='ocrx_word' id='word_1_424' title='bbox 1455 4976 1729 5043; x_wconf 87' lang='lat' dir='ltr'><strong>periissent</strong></span> <span class='ocrx_word' id='word_1_425' title='bbox 1753 4996 1765 5031; x_wconf 91' lang='lat'><strong>:</strong></span> <span class='ocrx_word' id='word_1_426' title='bbox 1796 4981 1903 5050; x_wconf 90' lang='lat' dir='ltr'><strong>ipsa</strong></span> <span class='ocrx_word' id='word_1_427' title='bbox 1931 4984 2233 5042; x_wconf 83' lang='lat' dir='ltr'><strong>misericor-</strong></span> 
     </span>
    </p>
   </div>
   <div class='ocr_carea' id='block_1_53' title="bbox 684 5066 2233 5142">
    <p class='ocr_par' dir='ltr' id='par_1_53' title="bbox 684 5066 2233 5142">
     <span class='ocr_line' id='line_1_53' title="bbox 684 5066 2233 5142; baseline 0.008 -23"><span class='ocrx_word' id='word_1_428' title='bbox 684 5066 767 5119; x_wconf 90' lang='lat' dir='ltr'><strong>dia</strong></span> <span class='ocrx_word' id='word_1_429' title='bbox 797 5077 909 5126; x_wconf 90' lang='lat' dir='ltr'><strong>nos,</strong></span> <span class='ocrx_word' id='word_1_430' title='bbox 934 5078 1051 5117; x_wconf 89' lang='lat' dir='ltr'><strong>eum</strong></span> <span class='ocrx_word' id='word_1_431' title='bbox 1074 5078 1310 5119; x_wconf 85' lang='lat' dir='ltr'><strong>essemus</strong></span> <span class='ocrx_word' id='word_1_432' title='bbox 1356 5066 1566 5131; x_wconf 85' lang='lat' dir='ltr'><strong>hostes,</strong></span> <span class='ocrx_word' id='word_1_433' title='bbox 1600 5068 1893 5125; x_wconf 84' lang='lat' dir='ltr'><strong>conciliavit</strong></span> <span class='ocrx_word' id='word_1_434' title='bbox 1920 5090 1932 5126; x_wconf 93' lang='lat'><strong>:</strong></span> <span class='ocrx_word' id='word_1_435' title='bbox 1960 5073 2070 5142; x_wconf 89' lang='lat' dir='ltr'><strong>ipsa</strong></span> <span class='ocrx_word' id='word_1_436' title='bbox 2096 5075 2233 5132; x_wconf 88' lang='lat' dir='ltr'><strong>bona</strong></span> 
     </span>
    </p>
   </div>
   <div class='ocr_carea' id='block_1_54' title="bbox 686 5154 2233 5227">
    <p class='ocr_par' dir='ltr' id='par_1_54' title="bbox 686 5154 2233 5227">
     <span class='ocr_line' id='line_1_54' title="bbox 686 5154 2233 5227; baseline 0.009 -18"><span class='ocrx_word' id='word_1_437' title='bbox 686 5154 810 5209; x_wconf 89' lang='lat' dir='ltr'><strong>feeit</strong></span> <span class='ocrx_word' id='word_1_438' title='bbox 832 5154 1240 5221; x_wconf 84' lang='lat' dir='ltr'><strong>innumerabilia,</strong></span> <span class='ocrx_word' id='word_1_439' title='bbox 1275 5156 1385 5225; x_wconf 90' lang='lat' dir='ltr'><strong>ipsa</strong></span> <span class='ocrx_word' id='word_1_440' title='bbox 1411 5159 1674 5227; x_wconf 84' lang='lat' dir='ltr'><strong>persuasit</strong></span> <span class='ocrx_word' id='word_1_441' title='bbox 1718 5160 1811 5215; x_wconf 91' lang='lat' dir='ltr'><strong>Dei</strong></span> <span class='ocrx_word' id='word_1_442' title='bbox 1847 5161 1979 5218; x_wconf 83' lang='lat' dir='ltr'><strong>Filio</strong></span> <span class='ocrx_word' id='word_1_443' title='bbox 2003 5173 2061 5219; x_wconf 94' lang='lat' dir='ltr'><strong>ut</strong></span> <span class='ocrx_word' id='word_1_444' title='bbox 2086 5166 2233 5224; x_wconf 84' lang='lat' dir='ltr'><strong>ﬁeret</strong></span> 
     </span>
    </p>
   </div>
   <div class='ocr_carea' id='block_1_55' title="bbox 686 5252 2231 5329">
    <p class='ocr_par' dir='ltr' id='par_1_55' title="bbox 686 5252 2231 5329">
     <span class='ocr_line' id='line_1_55' title="bbox 686 5252 2231 5329; baseline 0.008 -23"><span class='ocrx_word' id='word_1_445' title='bbox 686 5264 872 5306; x_wconf 87' lang='lat' dir='ltr'><strong>servus</strong></span> <span class='ocrx_word' id='word_1_446' title='bbox 896 5261 950 5305; x_wconf 93' lang='lat' dir='ltr'><strong>et</strong></span> <span class='ocrx_word' id='word_1_447' title='bbox 978 5252 1207 5319; x_wconf 87' lang='lat' dir='ltr'><strong>seipsum</strong></span> <span class='ocrx_word' id='word_1_448' title='bbox 1238 5254 1551 5309; x_wconf 77' lang='lat' dir='ltr'><strong>exinaniret.</strong></span> <span class='ocrx_word' id='word_1_449' title='bbox 1582 5257 1709 5311; x_wconf 87' lang='lat' dir='ltr'><strong>Eam</strong></span> <span class='ocrx_word' id='word_1_450' title='bbox 1736 5260 2068 5329; x_wconf 75' lang='lat' dir='ltr'><strong>aemulemur,</strong></span> <span class='ocrx_word' id='word_1_451' title='bbox 2096 5263 2231 5319; x_wconf 88' lang='lat' dir='ltr'><strong>dile-</strong></span> 
     </span>
    </p>
   </div>
   <div class='ocr_carea' id='block_1_56' title="bbox 687 5340 2229 5421">
    <p class='ocr_par' dir='ltr' id='par_1_56' title="bbox 687 5340 2229 5421">
     <span class='ocr_line' id='line_1_56' title="bbox 687 5340 2229 5421; baseline 0.008 -26"><span class='ocrx_word' id='word_1_452' title='bbox 687 5340 777 5405; x_wconf 90' lang='lat' dir='ltr'><strong>cti,</strong></span> <span class='ocrx_word' id='word_1_453' title='bbox 808 5355 898 5410; x_wconf 85' lang='lat' dir='ltr'><strong>per</strong></span> <span class='ocrx_word' id='word_1_454' title='bbox 912 5356 1065 5411; x_wconf 90' lang='lat' dir='ltr'><strong>quam</strong></span> <span class='ocrx_word' id='word_1_455' title='bbox 1091 5342 1220 5396; x_wconf 90' lang='lat' dir='ltr'><strong>salvi</strong></span> <span class='ocrx_word' id='word_1_456' title='bbox 1248 5344 1365 5398; x_wconf 88' lang='lat' dir='ltr'><strong>facti</strong></span> <span class='ocrx_word' id='word_1_457' title='bbox 1395 5360 1575 5401; x_wconf 86' lang='lat' dir='ltr'><strong>smnus</strong></span> <span class='ocrx_word' id='word_1_458' title='bbox 1601 5364 1615 5413; x_wconf 90' lang='lat'><strong>;</strong></span> <span class='ocrx_word' id='word_1_459' title='bbox 1642 5363 1757 5402; x_wconf 84' lang='lat' dir='ltr'><strong>eam</strong></span> <span class='ocrx_word' id='word_1_460' title='bbox 1784 5348 2081 5421; x_wconf 86' lang='lat' dir='ltr'><strong>diligamus,</strong></span> <span class='ocrx_word' id='word_1_461' title='bbox 2115 5370 2229 5408; x_wconf 88' lang='lat' dir='ltr'><strong>eam</strong></span> 
     </span>
    </p>
   </div>
   <div class='ocr_carea' id='block_1_57' title="bbox 1374 340 3136 406">
    <p class='ocr_par' dir='ltr' id='par_1_57' title="bbox 1374 340 3136 406">
     <span class='ocr_line' id='line_1_57' title="bbox 1374 340 3136 406; baseline -0.003 0"><span class='ocrx_word' id='word_1_462' title='bbox 1374 350 1428 406; x_wconf 89' lang='lat' dir='ltr'><strong>S.</strong></span> <span class='ocrx_word' id='word_1_463' title='bbox 1467 346 1735 406; x_wconf 73' lang='lat' dir='ltr'><strong>JOANNIS</strong></span> <span class='ocrx_word' id='word_1_464' title='bbox 1770 343 2231 401; x_wconf 71' lang='lat' dir='ltr'><strong>CHRYSOSTOMI</strong></span> <span class='ocrx_word' id='word_1_465' title='bbox 2268 340 2577 397; x_wconf 80' lang='lat' dir='ltr'><strong>ARClllEP.</strong></span> <span class='ocrx_word' id='word_1_466' title='bbox 2617 342 3136 401; x_wconf 74' lang='lat' dir='ltr'><strong>CONSTANTINOP.</strong></span> 
     </span>
    </p>
   </div>
   <div class='ocr_carea' id='block_1_58' title="bbox 3764 340 3895 400">
    <p class='ocr_par' dir='ltr' id='par_1_58' title="bbox 3764 340 3895 400">
     <span class='ocr_line' id='line_1_58' title="bbox 3764 340 3895 400; baseline -0.008 0"><span class='ocrx_word' id='word_1_467' title='bbox 3764 340 3895 400; x_wconf 56' lang='lat'><strong>25;:</strong></span> 
     </span>
    </p>
   </div>
   <div class='ocr_carea' id='block_1_59' title="bbox 2315 439 3872 518">
    <p class='ocr_par' dir='ltr' id='par_1_59' title="bbox 2315 439 3872 518">
     <span class='ocr_line' id='line_1_59' title="bbox 2315 439 3872 518; baseline 0.011 -27"><span class='ocrx_word' id='word_1_468' title='bbox 2315 439 2552 507; x_wconf 91' lang='lat' dir='ltr'><strong>pecuniis</strong></span> <span class='ocrx_word' id='word_1_469' title='bbox 2599 441 2974 510; x_wconf 70' lang='lat' dir='ltr'><strong>prmferamus;</strong></span> <span class='ocrx_word' id='word_1_470' title='bbox 3013 454 3068 499; x_wconf 91' lang='lat' dir='ltr'><strong>et</strong></span> <span class='ocrx_word' id='word_1_471' title='bbox 3113 447 3310 516; x_wconf 86' lang='lat' dir='ltr'><strong>absque</strong></span> <span class='ocrx_word' id='word_1_472' title='bbox 3356 450 3594 518; x_wconf 82' lang='lat' dir='ltr'><strong>pecuniis</strong></span> <span class='ocrx_word' id='word_1_473' title='bbox 3640 453 3872 508; x_wconf 83' lang='lat' dir='ltr'><strong>animam</strong></span> 
     </span>
    </p>
   </div>
   <div class='ocr_carea' id='block_1_60' title="bbox 2315 528 3869 609">
    <p class='ocr_par' dir='ltr' id='par_1_60' title="bbox 2315 528 3869 609">
     <span class='ocr_line' id='line_1_60' title="bbox 2315 528 3869 609; baseline 0.01 -27"><span class='ocrx_word' id='word_1_474' title='bbox 2315 528 2602 586; x_wconf 83' lang='lat' dir='ltr'><strong>habeamus</strong></span> <span class='ocrx_word' id='word_1_475' title='bbox 2629 534 3048 592; x_wconf 88' lang='lat' dir='ltr'><strong>misericordem.</strong></span> <span class='ocrx_word' id='word_1_476' title='bbox 3082 537 3221 591; x_wconf 84' lang='lat' dir='ltr'><strong>Nihil</strong></span> <span class='ocrx_word' id='word_1_477' title='bbox 3247 549 3324 593; x_wconf 90' lang='lat' dir='ltr'><strong>est</strong></span> <span class='ocrx_word' id='word_1_478' title='bbox 3355 540 3491 609; x_wconf 89' lang='lat' dir='ltr'><strong>quod</strong></span> <span class='ocrx_word' id='word_1_479' title='bbox 3522 542 3591 596; x_wconf 89' lang='lat' dir='ltr'><strong>ita</strong></span> <span class='ocrx_word' id='word_1_480' title='bbox 3618 542 3869 598; x_wconf 86' lang='lat' dir='ltr'><strong>Christia-</strong></span> 
     </span>
    </p>
   </div>
   <div class='ocr_carea' id='block_1_61' title="bbox 2315 623 3873 699">
    <p class='ocr_par' dir='ltr' id='par_1_61' title="bbox 2315 623 3873 699">
     <span class='ocr_line' id='line_1_61' title="bbox 2315 623 3873 699; baseline 0.012 -27"><span class='ocrx_word' id='word_1_481' title='bbox 2315 634 2439 673; x_wconf 90' lang='lat' dir='ltr'><strong>num</strong></span> <span class='ocrx_word' id='word_1_482' title='bbox 2468 623 2749 691; x_wconf 74' lang='lat' dir='ltr'><strong>exprimat,</strong></span> <span class='ocrx_word' id='word_1_483' title='bbox 2780 632 2836 678; x_wconf 91' lang='lat' dir='ltr'><strong>ut</strong></span> <span class='ocrx_word' id='word_1_484' title='bbox 2861 624 3200 698; x_wconf 83' lang='lat' dir='ltr'><strong>eleemosyna</strong></span> <span class='ocrx_word' id='word_1_485' title='bbox 3240 647 3251 681; x_wconf 91' lang='lat'>:</span> <span class='ocrx_word' id='word_1_486' title='bbox 3285 629 3414 683; x_wconf 85' lang='lat' dir='ltr'><strong>nihil</strong></span> <span class='ocrx_word' id='word_1_487' title='bbox 3439 632 3577 699; x_wconf 89' lang='lat' dir='ltr'><strong>quod</strong></span> <span class='ocrx_word' id='word_1_488' title='bbox 3610 634 3873 689; x_wconf 87' lang='lat' dir='ltr'><strong>increduli</strong></span> 
     </span>
    </p>
   </div>
   <div class='ocr_carea' id='block_1_62' title="bbox 2314 712 3873 787">
    <p class='ocr_par' dir='ltr' id='par_1_62' title="bbox 2314 712 3873 787">
     <span class='ocr_line' id='line_1_62' title="bbox 2314 712 3873 787; baseline 0.007 -23"><span class='ocrx_word' id='word_1_489' title='bbox 2314 718 2368 764; x_wconf 91' lang='lat' dir='ltr'><strong>et</strong></span> <span class='ocrx_word' id='word_1_490' title='bbox 2388 725 2573 766; x_wconf 90' lang='lat' dir='ltr'><strong>omnes</strong></span> <span class='ocrx_word' id='word_1_491' title='bbox 2600 713 2668 765; x_wconf 90' lang='lat' dir='ltr'><strong>ita</strong></span> <span class='ocrx_word' id='word_1_492' title='bbox 2694 712 3039 780; x_wconf 88' lang='lat' dir='ltr'><strong>admirentur,</strong></span> <span class='ocrx_word' id='word_1_493' title='bbox 3066 726 3123 770; x_wconf 85' lang='lat' dir='ltr'><strong>ut</strong></span> <span class='ocrx_word' id='word_1_494' title='bbox 3148 718 3355 787; x_wconf 88' lang='lat' dir='ltr'><strong>quando</strong></span> <span class='ocrx_word' id='word_1_495' title='bbox 3380 722 3709 776; x_wconf 89' lang='lat' dir='ltr'><strong>misereumr.</strong></span> <span class='ocrx_word' id='word_1_496' title='bbox 3740 724 3873 777; x_wconf 79' lang='lat' dir='ltr'><strong>Nam</strong></span> 
     </span>
    </p>
   </div>
   <div class='ocr_carea' id='block_1_63' title="bbox 2317 805 3873 876">
    <p class='ocr_par' dir='ltr' id='par_1_63' title="bbox 2317 805 3873 876">
     <span class='ocr_line' id='line_1_63' title="bbox 2317 805 3873 876; baseline 0.009 -24"><span class='ocrx_word' id='word_1_497' title='bbox 2317 814 2417 853; x_wconf 90' lang='lat' dir='ltr'><strong>nos</strong></span> <span class='ocrx_word' id='word_1_498' title='bbox 2441 815 2651 871; x_wconf 88' lang='lat' dir='ltr'><strong>quoque</strong></span> <span class='ocrx_word' id='word_1_499' title='bbox 2675 817 2818 872; x_wconf 63' lang='lat' dir='ltr'><strong>stupe</strong></span> <span class='ocrx_word' id='word_1_500' title='bbox 2868 805 2967 859; x_wconf 87' lang='lat' dir='ltr'><strong>hac</strong></span> <span class='ocrx_word' id='word_1_501' title='bbox 2995 821 3213 876; x_wconf 74' lang='lat' dir='ltr'><strong>egemus</strong></span> <span class='ocrx_word' id='word_1_502' title='bbox 3250 810 3631 876; x_wconf 87' lang='lat' dir='ltr'><strong>misericordia,</strong></span> <span class='ocrx_word' id='word_1_503' title='bbox 3674 822 3726 867; x_wconf 88' lang='lat' dir='ltr'><strong>et</strong></span> <span class='ocrx_word' id='word_1_504' title='bbox 3764 814 3873 866; x_wconf 77' lang='lat' dir='ltr'><strong>Deo</strong></span> 
     </span>
    </p>
   </div>
   <div class='ocr_carea' id='block_1_64' title="bbox 2314 890 3872 970">
    <p class='ocr_par' dir='ltr' id='par_1_64' title="bbox 2314 890 3872 970">
     <span class='ocr_line' id='line_1_64' title="bbox 2314 890 3872 970; baseline 0.009 -31"><span class='ocrx_word' id='word_1_505' title='bbox 2314 890 2549 959; x_wconf 84' lang='lat' dir='ltr'><strong>quotidie</strong></span> <span class='ocrx_word' id='word_1_506' title='bbox 2578 891 2803 947; x_wconf 84' lang='lat' dir='ltr'><strong>dicimus</strong></span> <span class='ocrx_word' id='word_1_507' title='bbox 2834 911 2848 945; x_wconf 88' lang='lat'><strong>:</strong></span> <span class='ocrx_word' id='word_1_508' title='bbox 2882 894 3171 950; x_wconf 79' lang='lat' dir='ltr'><strong>Secundum</strong></span> <span class='ocrx_word' id='word_1_509' title='bbox 3206 915 3441 970; x_wconf 83' lang='lat' dir='ltr'><strong>magnam</strong></span> <span class='ocrx_word' id='word_1_510' title='bbox 3480 902 3872 955; x_wconf 82' lang='lat' dir='ltr'><strong>misericordiam</strong></span> 
     </span>
    </p>
   </div>
   <div class='ocr_carea' id='block_1_65' title="bbox 2317 981 3872 1062">
    <p class='ocr_par' dir='ltr' id='par_1_65' title="bbox 2317 981 3872 1062">
     <span class='ocr_line' id='line_1_65' title="bbox 2317 981 3872 1062; baseline 0.01 -31"><span class='ocrx_word' id='word_1_511' title='bbox 2317 989 2455 1033; x_wconf 87' lang='lat' dir='ltr'><strong>tuam</strong></span> <span class='ocrx_word' id='word_1_512' title='bbox 2500 981 2734 1037; x_wconf 82' lang='lat' dir='ltr'><strong>miserere</strong></span> <span class='ocrx_word' id='word_1_513' title='bbox 2776 985 2937 1038; x_wconf 79' lang='lat' dir='ltr'><strong>nostri</strong></span> <span class='ocrx_word' id='word_1_514' title='bbox 2964 984 3133 1057; x_wconf 80' lang='lat' dir='ltr'><strong>(Psal.</strong></span> <span class='ocrx_word' id='word_1_515' title='bbox 3178 987 3268 1042; x_wconf 69' lang='grc'><strong>24.</strong></span> <span class='ocrx_word' id='word_1_516' title='bbox 3318 989 3393 1059; x_wconf 83' lang='grc'><strong>7).</strong></span> <span class='ocrx_word' id='word_1_517' title='bbox 3428 991 3578 1046; x_wconf 81' lang='lat' dir='ltr'><strong>Prius</strong></span> <span class='ocrx_word' id='word_1_518' title='bbox 3606 993 3704 1062; x_wconf 88' lang='lat' dir='ltr'><strong>ipsi</strong></span> <span class='ocrx_word' id='word_1_519' title='bbox 3734 994 3872 1048; x_wconf 86' lang='lat' dir='ltr'><strong>inci-</strong></span> 
     </span>
    </p>
   </div>
   <div class='ocr_carea' id='block_1_66' title="bbox 2314 1072 3881 1154">
    <p class='ocr_par' dir='ltr' id='par_1_66' title="bbox 2314 1072 3881 1154">
     <span class='ocr_line' id='line_1_66' title="bbox 2314 1072 3881 1154; baseline 0.01 -32"><span class='ocrx_word' id='word_1_520' title='bbox 2314 1072 2549 1140; x_wconf 88' lang='lat' dir='ltr'><strong>piamus;</strong></span> <span class='ocrx_word' id='word_1_521' title='bbox 2582 1072 2691 1128; x_wconf 90' lang='lat' dir='ltr'><strong>imo</strong></span> <span class='ocrx_word' id='word_1_522' title='bbox 2730 1089 2859 1129; x_wconf 75' lang='lat' dir='ltr'><strong>vero</strong></span> <span class='ocrx_word' id='word_1_523' title='bbox 2896 1091 3001 1131; x_wconf 86' lang='lat' dir='ltr'><strong>non</strong></span> <span class='ocrx_word' id='word_1_524' title='bbox 3032 1080 3175 1147; x_wconf 88' lang='lat' dir='ltr'><strong>prius</strong></span> <span class='ocrx_word' id='word_1_525' title='bbox 3224 1081 3541 1151; x_wconf 80' lang='lat' dir='ltr'><strong>incipimus;</strong></span> <span class='ocrx_word' id='word_1_526' title='bbox 3582 1088 3692 1154; x_wconf 91' lang='lat' dir='ltr'><strong>ipse</strong></span> <span class='ocrx_word' id='word_1_527' title='bbox 3727 1086 3881 1139; x_wconf 79' lang='lat' dir='ltr'><strong>enim</strong></span> 
     </span>
    </p>
   </div>
   <div class='ocr_carea' id='block_1_67' title="bbox 2311 1160 3873 1245">
    <p class='ocr_par' dir='ltr' id='par_1_67' title="bbox 2311 1160 3873 1245">
     <span class='ocr_line' id='line_1_67' title="bbox 2311 1160 3873 1245; baseline 0.012 -33"><span class='ocrx_word' id='word_1_528' title='bbox 2311 1160 2419 1230; x_wconf 81' lang='lat' dir='ltr'><strong>jam</strong></span> <span class='ocrx_word' id='word_1_529' title='bbox 2445 1163 2839 1222; x_wconf 82' lang='lat' dir='ltr'><strong>ostenditsusm</strong></span> <span class='ocrx_word' id='word_1_530' title='bbox 2862 1167 2912 1221; x_wconf 88' lang='lat' dir='ltr'><strong>in</strong></span> <span class='ocrx_word' id='word_1_531' title='bbox 2936 1183 3033 1223; x_wconf 91' lang='lat' dir='ltr'><strong>nos</strong></span> <span class='ocrx_word' id='word_1_532' title='bbox 3055 1171 3469 1228; x_wconf 87' lang='lat' dir='ltr'><strong>misericordiam</strong></span> <span class='ocrx_word' id='word_1_533' title='bbox 3503 1191 3518 1241; x_wconf 91' lang='lat'><strong>;</strong></span> <span class='ocrx_word' id='word_1_534' title='bbox 3550 1176 3639 1232; x_wconf 88' lang='lat' dir='ltr'><strong>sed</strong></span> <span class='ocrx_word' id='word_1_535' title='bbox 3668 1177 3873 1245; x_wconf 81' lang='lat' dir='ltr'><strong>dilecti,</strong></span> 
     </span>
    </p>
   </div>
   <div class='ocr_carea' id='block_1_68' title="bbox 2316 1255 3875 1327">
    <p class='ocr_par' dir='ltr' id='par_1_68' title="bbox 2316 1255 3875 1327">
     <span class='ocr_line' id='line_1_68' title="bbox 2316 1255 3875 1327; baseline 0.01 -21"><span class='ocrx_word' id='word_1_536' title='bbox 2316 1255 2636 1321; x_wconf 83' lang='lat' dir='ltr'><strong>posteriores</strong></span> <span class='ocrx_word' id='word_1_537' title='bbox 2662 1269 2963 1327; x_wconf 85' lang='lat' dir='ltr'><strong>sequamur.</strong></span> <span class='ocrx_word' id='word_1_538' title='bbox 2991 1259 3121 1314; x_wconf 82' lang='lat' dir='ltr'><strong>Nam</strong></span> <span class='ocrx_word' id='word_1_539' title='bbox 3169 1261 3214 1315; x_wconf 89' lang='lat' dir='ltr'><strong>si</strong></span> <span class='ocrx_word' id='word_1_540' title='bbox 3260 1261 3500 1319; x_wconf 84' lang='lat' dir='ltr'><strong>homines</strong></span> <span class='ocrx_word' id='word_1_541' title='bbox 3551 1267 3875 1321; x_wconf 82' lang='lat' dir='ltr'><strong>miserentur</strong></span> 
     </span>
    </p>
   </div>
   <div class='ocr_carea' id='block_1_69' title="bbox 2315 1343 3871 1418">
    <p class='ocr_par' dir='ltr' id='par_1_69' title="bbox 2315 1343 3871 1418">
     <span class='ocr_line' id='line_1_69' title="bbox 2315 1343 3871 1418; baseline 0.01 -23"><span class='ocrx_word' id='word_1_542' title='bbox 2315 1343 2711 1411; x_wconf 86' lang='lat' dir='ltr'><strong>misericordis,</strong></span> <span class='ocrx_word' id='word_1_543' title='bbox 2769 1347 2977 1402; x_wconf 82' lang='lat' dir='ltr'><strong>etiamsi</strong></span> <span class='ocrx_word' id='word_1_544' title='bbox 3032 1358 3245 1417; x_wconf 88' lang='lat' dir='ltr'><strong>peccata</strong></span> <span class='ocrx_word' id='word_1_545' title='bbox 3286 1350 3507 1407; x_wconf 79' lang='lat' dir='ltr'><strong>iecerint</strong></span> <span class='ocrx_word' id='word_1_546' title='bbox 3565 1354 3871 1418; x_wconf 88' lang='lat' dir='ltr'><strong>innumera,</strong></span> 
     </span>
    </p>
   </div>
   <div class='ocr_carea' id='block_1_70' title="bbox 2316 1433 3878 1516">
    <p class='ocr_par' dir='ltr' id='par_1_70' title="bbox 2316 1433 3878 1516">
     <span class='ocr_line' id='line_1_70' title="bbox 2316 1433 3878 1516; baseline 0.009 -30"><span class='ocrx_word' id='word_1_547' title='bbox 2316 1433 2485 1487; x_wconf 90' lang='lat' dir='ltr'><strong>multo</strong></span> <span class='ocrx_word' id='word_1_548' title='bbox 2537 1435 2704 1504; x_wconf 81' lang='lat' dir='ltr'><strong>magis</strong></span> <span class='ocrx_word' id='word_1_549' title='bbox 2728 1435 2887 1491; x_wconf 88' lang='lat' dir='ltr'><strong>Deus.</strong></span> <span class='ocrx_word' id='word_1_550' title='bbox 2922 1439 3386 1508; x_wconf 79' lang='lat' dir='ltr'><strong>AudiPropbetam</strong></span> <span class='ocrx_word' id='word_1_551' title='bbox 3427 1442 3687 1499; x_wconf 88' lang='lat' dir='ltr'><strong>dicentem</strong></span> <span class='ocrx_word' id='word_1_552' title='bbox 3718 1465 3733 1499; x_wconf 92' lang='lat'><strong>:</strong></span> <span class='ocrx_word' id='word_1_553' title='bbox 3763 1445 3878 1516; x_wconf 78' lang='lat' dir='ltr'><strong>Ego</strong></span> 
     </span>
    </p>
   </div>
   <div class='ocr_carea' id='block_1_71' title="bbox 2316 1522 3874 1605">
    <p class='ocr_par' dir='ltr' id='par_1_71' title="bbox 2316 1522 3874 1605">
     <span class='ocr_line' id='line_1_71' title="bbox 2316 1522 3874 1605; baseline 0.01 -32"><span class='ocrx_word' id='word_1_554' title='bbox 2316 1530 2498 1585; x_wconf 81' lang='lat' dir='ltr'><strong>autem,</strong></span> <span class='ocrx_word' id='word_1_555' title='bbox 2530 1522 2716 1602; x_wconf 86' lang='lat' dir='ltr'><strong>inquit,</strong></span> <span class='ocrx_word' id='word_1_556' title='bbox 2743 1525 2871 1579; x_wconf 82' lang='lat' dir='ltr'><strong>sicut</strong></span> <span class='ocrx_word' id='word_1_557' title='bbox 2895 1528 3027 1581; x_wconf 80' lang='lat' dir='ltr'><strong>oliva</strong></span> <span class='ocrx_word' id='word_1_558' title='bbox 3051 1530 3311 1599; x_wconf 71' lang='lat' dir='ltr'><strong>fructifera</strong></span> <span class='ocrx_word' id='word_1_559' title='bbox 3335 1532 3387 1585; x_wconf 88' lang='lat' dir='ltr'><strong>in</strong></span> <span class='ocrx_word' id='word_1_560' title='bbox 3419 1532 3564 1587; x_wconf 79' lang='lat' dir='ltr'><strong>doma</strong></span> <span class='ocrx_word' id='word_1_561' title='bbox 3586 1533 3680 1588; x_wconf 83' lang='lat' dir='ltr'><strong>Dei</strong></span> <span class='ocrx_word' id='word_1_562' title='bbox 3700 1534 3874 1605; x_wconf 85' lang='lat' dir='ltr'><strong>(Psal.</strong></span> 
     </span>
    </p>
   </div>
   <div class='ocr_carea' id='block_1_72' title="bbox 2317 1597 3878 1697">
    <p class='ocr_par' dir='ltr' id='par_1_72' title="bbox 2317 1597 3878 1697">
     <span class='ocr_line' id='line_1_72' title="bbox 2317 1597 3878 1697; baseline 0.012 -31"><span class='ocrx_word' id='word_1_563' title='bbox 2317 1612 2406 1666; x_wconf 83' lang='lat' dir='ltr'><strong>5i.</strong></span> <span class='ocrx_word' id='word_1_564' title='bbox 2425 1612 2536 1682; x_wconf 88' lang='grc'><strong>10).</strong></span> <span class='ocrx_word' id='word_1_565' title='bbox 2557 1597 2770 1669; x_wconf 80' lang='lat' dir='ltr'><strong>Fiamus</strong></span> <span class='ocrx_word' id='word_1_566' title='bbox 2786 1616 2918 1671; x_wconf 82' lang='lat' dir='ltr'><strong>tales</strong></span> <span class='ocrx_word' id='word_1_567' title='bbox 2946 1619 3114 1687; x_wconf 82' lang='lat' dir='ltr'><strong>qualis</strong></span> <span class='ocrx_word' id='word_1_568' title='bbox 3150 1597 3302 1687; x_wconf 83' lang='lat' dir='ltr'><strong>olea;</strong></span> <span class='ocrx_word' id='word_1_569' title='bbox 3340 1624 3486 1679; x_wconf 90' lang='lat' dir='ltr'><strong>omni</strong></span> <span class='ocrx_word' id='word_1_570' title='bbox 3510 1638 3575 1680; x_wconf 78' lang='lat' dir='ltr'><strong>ex</strong></span> <span class='ocrx_word' id='word_1_571' title='bbox 3601 1597 3752 1697; x_wconf 70' lang='lat' dir='ltr'><strong>parte</strong></span> <span class='ocrx_word' id='word_1_572' title='bbox 3782 1644 3878 1683; x_wconf 81' lang='lat' dir='ltr'><strong>nr—</strong></span> 
     </span>
    </p>
   </div>
   <div class='ocr_carea' id='block_1_73' title="bbox 2317 1705 3879 1784">
    <p class='ocr_par' dir='ltr' id='par_1_73' title="bbox 2317 1705 3879 1784">
     <span class='ocr_line' id='line_1_73' title="bbox 2317 1705 3879 1784; baseline 0.012 -30"><span class='ocrx_word' id='word_1_573' title='bbox 2317 1715 2503 1771; x_wconf 86' lang='lat' dir='ltr'><strong>gemur</strong></span> <span class='ocrx_word' id='word_1_574' title='bbox 2530 1705 2807 1773; x_wconf 70' lang='lat' dir='ltr'><strong>praeceptis</strong></span> <span class='ocrx_word' id='word_1_575' title='bbox 2824 1744 2847 1771; x_wconf 60' lang='grc' dir='ltr'><strong>,ς</strong></span> <span class='ocrx_word' id='word_1_576' title='bbox 2860 1721 2973 1760; x_wconf 79' lang='lat' dir='ltr'><strong>non</strong></span> <span class='ocrx_word' id='word_1_577' title='bbox 2994 1710 3133 1763; x_wconf 89' lang='lat' dir='ltr'><strong>enim</strong></span> <span class='ocrx_word' id='word_1_578' title='bbox 3150 1710 3345 1767; x_wconf 81' lang='lat' dir='ltr'><strong>suﬂicit</strong></span> <span class='ocrx_word' id='word_1_579' title='bbox 3360 1728 3479 1769; x_wconf 88' lang='lat' dir='ltr'><strong>esse</strong></span> <span class='ocrx_word' id='word_1_580' title='bbox 3494 1728 3552 1771; x_wconf 92' lang='lat' dir='ltr'><strong>ut</strong></span> <span class='ocrx_word' id='word_1_581' title='bbox 3565 1717 3762 1784; x_wconf 87' lang='lat' dir='ltr'><strong>oleam,</strong></span> <span class='ocrx_word' id='word_1_582' title='bbox 3777 1721 3879 1775; x_wconf 81' lang='lat' dir='ltr'><strong>sed</strong></span> 
     </span>
    </p>
   </div>
   <div class='ocr_carea' id='block_1_74' title="bbox 2319 1793 3880 1877">
    <p class='ocr_par' dir='ltr' id='par_1_74' title="bbox 2319 1793 3880 1877">
     <span class='ocr_line' id='line_1_74' title="bbox 2319 1793 3880 1877; baseline 0.015 -34"><span class='ocrx_word' id='word_1_583' title='bbox 2319 1800 2529 1859; x_wconf 89' lang='lat' dir='ltr'><strong>oportet</strong></span> <span class='ocrx_word' id='word_1_584' title='bbox 2557 1793 2713 1847; x_wconf 89' lang='lat' dir='ltr'><strong>etiam</strong></span> <span class='ocrx_word' id='word_1_585' title='bbox 2740 1808 2861 1849; x_wconf 88' lang='lat' dir='ltr'><strong>esse</strong></span> <span class='ocrx_word' id='word_1_586' title='bbox 2891 1794 3239 1855; x_wconf 88' lang='lat' dir='ltr'><strong>frnctiferam.</strong></span> <span class='ocrx_word' id='word_1_587' title='bbox 3270 1800 3405 1857; x_wconf 87' lang='lat' dir='ltr'><strong>Sunt</strong></span> <span class='ocrx_word' id='word_1_588' title='bbox 3432 1806 3571 1860; x_wconf 86' lang='lat' dir='ltr'><strong>enim</strong></span> <span class='ocrx_word' id='word_1_589' title='bbox 3598 1807 3685 1877; x_wconf 90' lang='lat' dir='ltr'><strong>qui</strong></span> <span class='ocrx_word' id='word_1_590' title='bbox 3715 1810 3880 1865; x_wconf 82' lang='lat' dir='ltr'><strong>mise-</strong></span> 
     </span>
    </p>
   </div>
   <div class='ocr_carea' id='block_1_75' title="bbox 2320 1890 3877 1967">
    <p class='ocr_par' dir='ltr' id='par_1_75' title="bbox 2320 1890 3877 1967">
     <span class='ocr_line' id='line_1_75' title="bbox 2320 1890 3877 1967; baseline 0.013 -33"><span class='ocrx_word' id='word_1_591' title='bbox 2320 1890 2497 1936; x_wconf 88' lang='lat' dir='ltr'><strong>rcntes</strong></span> <span class='ocrx_word' id='word_1_592' title='bbox 2522 1898 2616 1952; x_wconf 90' lang='lat' dir='ltr'><strong>per</strong></span> <span class='ocrx_word' id='word_1_593' title='bbox 2645 1892 2809 1937; x_wconf 91' lang='lat' dir='ltr'><strong>totum</strong></span> <span class='ocrx_word' id='word_1_594' title='bbox 2838 1900 3029 1940; x_wconf 89' lang='lat' dir='ltr'><strong>annum</strong></span> <span class='ocrx_word' id='word_1_595' title='bbox 3076 1903 3238 1956; x_wconf 81' lang='lat' dir='ltr'><strong>pauca</strong></span> <span class='ocrx_word' id='word_1_596' title='bbox 3269 1892 3486 1958; x_wconf 88' lang='lat' dir='ltr'><strong>dantes,</strong></span> <span class='ocrx_word' id='word_1_597' title='bbox 3520 1897 3600 1950; x_wconf 80' lang='lat' dir='ltr'><strong>vel</strong></span> <span class='ocrx_word' id='word_1_598' title='bbox 3651 1899 3877 1967; x_wconf 73' lang='lat' dir='ltr'><strong>singulis</strong></span> 
     </span>
    </p>
   </div>
   <div class='ocr_carea' id='block_1_76' title="bbox 2322 1968 3873 2054">
    <p class='ocr_par' dir='ltr' id='par_1_76' title="bbox 2322 1968 3873 2054">
     <span class='ocr_line' id='line_1_76' title="bbox 2322 1968 3873 2054; baseline 0.014 -32"><span class='ocrx_word' id='word_1_599' title='bbox 2322 1968 2684 2038; x_wconf 91' lang='lat' dir='ltr'><strong>hebdomadis,</strong></span> <span class='ocrx_word' id='word_1_600' title='bbox 2703 1981 2794 2026; x_wconf 90' lang='lat' dir='ltr'><strong>aut</strong></span> <span class='ocrx_word' id='word_1_601' title='bbox 2818 1975 3078 2028; x_wconf 90' lang='lat' dir='ltr'><strong>tantillum</strong></span> <span class='ocrx_word' id='word_1_602' title='bbox 3102 1988 3411 2048; x_wconf 82' lang='lat' dir='ltr'><strong>crogantes;</strong></span> <span class='ocrx_word' id='word_1_603' title='bbox 3442 1983 3527 2038; x_wconf 89' lang='lat' dir='ltr'><strong>isti</strong></span> <span class='ocrx_word' id='word_1_604' title='bbox 3557 1989 3873 2054; x_wconf 76' lang='lat' dir='ltr'><strong>suntnlivzr,</strong></span> 
     </span>
    </p>
   </div>
   <div class='ocr_carea' id='block_1_77' title="bbox 2320 2057 3876 2142">
    <p class='ocr_par' dir='ltr' id='par_1_77' title="bbox 2320 2057 3876 2142">
     <span class='ocr_line' id='line_1_77' title="bbox 2320 2057 3876 2142; baseline 0.013 -29"><span class='ocrx_word' id='word_1_605' title='bbox 2320 2057 2413 2113; x_wconf 77' lang='lat' dir='ltr'><strong>sed</strong></span> <span class='ocrx_word' id='word_1_606' title='bbox 2434 2073 2538 2112; x_wconf 88' lang='lat' dir='ltr'><strong>non</strong></span> <span class='ocrx_word' id='word_1_607' title='bbox 2559 2057 2863 2125; x_wconf 78' lang='lat' dir='ltr'><strong>fructifem,</strong></span> <span class='ocrx_word' id='word_1_608' title='bbox 2891 2078 3073 2119; x_wconf 88' lang='lat' dir='ltr'><strong>verum</strong></span> <span class='ocrx_word' id='word_1_609' title='bbox 3096 2066 3278 2121; x_wconf 65' lang='lat' dir='ltr'><strong>aridae.</strong></span> <span class='ocrx_word' id='word_1_610' title='bbox 3305 2069 3431 2123; x_wconf 85' lang='lat' dir='ltr'><strong>Nam</strong></span> <span class='ocrx_word' id='word_1_611' title='bbox 3454 2074 3591 2142; x_wconf 86' lang='lat' dir='ltr'><strong>quod</strong></span> <span class='ocrx_word' id='word_1_612' title='bbox 3618 2078 3876 2133; x_wconf 85' lang='lat' dir='ltr'><strong>miseren-</strong></span> 
     </span>
    </p>
   </div>
   <div class='ocr_carea' id='block_1_78' title="bbox 2323 2148 3878 2237">
    <p class='ocr_par' dir='ltr' id='par_1_78' title="bbox 2323 2148 3878 2237">
     <span class='ocr_line' id='line_1_78' title="bbox 2323 2148 3878 2237; baseline 0.015 -34"><span class='ocrx_word' id='word_1_613' title='bbox 2323 2157 2407 2203; x_wconf 90' lang='lat' dir='ltr'><strong>tur</strong></span> <span class='ocrx_word' id='word_1_614' title='bbox 2423 2148 2657 2218; x_wconf 90' lang='lat' dir='ltr'><strong>quidem,</strong></span> <span class='ocrx_word' id='word_1_615' title='bbox 2684 2160 2811 2207; x_wconf 89' lang='lat' dir='ltr'><strong>sunt</strong></span> <span class='ocrx_word' id='word_1_616' title='bbox 2828 2152 2981 2209; x_wconf 72' lang='lat' dir='ltr'><strong>oliva:</strong></span> <span class='ocrx_word' id='word_1_617' title='bbox 3004 2172 3019 2219; x_wconf 90' lang='lat'><strong>;</strong></span> <span class='ocrx_word' id='word_1_618' title='bbox 3042 2157 3134 2211; x_wconf 88' lang='lat' dir='ltr'><strong>sed</strong></span> <span class='ocrx_word' id='word_1_619' title='bbox 3164 2162 3411 2227; x_wconf 90' lang='lat' dir='ltr'><strong>quoniam</strong></span> <span class='ocrx_word' id='word_1_620' title='bbox 3445 2178 3546 2219; x_wconf 93' lang='lat' dir='ltr'><strong>non</strong></span> <span class='ocrx_word' id='word_1_621' title='bbox 3580 2166 3721 2237; x_wconf 86' lang='lat' dir='ltr'><strong>large</strong></span> <span class='ocrx_word' id='word_1_622' title='bbox 3742 2181 3794 2225; x_wconf 87' lang='lat' dir='ltr'><strong>et</strong></span> <span class='ocrx_word' id='word_1_623' title='bbox 3817 2173 3878 2225; x_wconf 88' lang='lat' dir='ltr'><strong>li-</strong></span> 
     </span>
    </p>
   </div>
   <div class='ocr_carea' id='block_1_79' title="bbox 2323 2237 3879 2316">
    <p class='ocr_par' dir='ltr' id='par_1_79' title="bbox 2323 2237 3879 2316">
     <span class='ocr_line' id='line_1_79' title="bbox 2323 2237 3879 2316; baseline 0.015 -23"><span class='ocrx_word' id='word_1_624' title='bbox 2323 2237 2591 2305; x_wconf 88' lang='lat' dir='ltr'><strong>beraliter,</strong></span> <span class='ocrx_word' id='word_1_625' title='bbox 2635 2254 2740 2295; x_wconf 90' lang='lat' dir='ltr'><strong>non</strong></span> <span class='ocrx_word' id='word_1_626' title='bbox 2782 2252 2903 2297; x_wconf 87' lang='lat' dir='ltr'><strong>sunt</strong></span> <span class='ocrx_word' id='word_1_627' title='bbox 2929 2244 3077 2300; x_wconf 76' lang='lat' dir='ltr'><strong>oliva:</strong></span> <span class='ocrx_word' id='word_1_628' title='bbox 3110 2246 3410 2305; x_wconf 66' lang='lat' dir='ltr'><strong>fructiferae.</strong></span> <span class='ocrx_word' id='word_1_629' title='bbox 3442 2252 3545 2308; x_wconf 80' lang='lat' dir='ltr'><strong>Sed</strong></span> <span class='ocrx_word' id='word_1_630' title='bbox 3574 2258 3740 2313; x_wconf 85' lang='lat' dir='ltr'><strong>simus</strong></span> <span class='ocrx_word' id='word_1_631' title='bbox 3779 2277 3879 2316; x_wconf 80' lang='lat' dir='ltr'><strong>nos</strong></span> 
     </span>
    </p>
   </div>
   <div class='ocr_carea' id='block_1_80' title="bbox 2324 2328 3879 2420">
    <p class='ocr_par' dir='ltr' id='par_1_80' title="bbox 2324 2328 3879 2420">
     <span class='ocr_line' id='line_1_80' title="bbox 2324 2328 3879 2420; baseline 0.015 -40"><span class='ocrx_word' id='word_1_632' title='bbox 2324 2328 2599 2383; x_wconf 72' lang='lat' dir='ltr'><strong>fructiferi.</strong></span> <span class='ocrx_word' id='word_1_633' title='bbox 2625 2329 2778 2399; x_wconf 75' lang='lat' dir='ltr'><strong>Stepe</strong></span> <span class='ocrx_word' id='word_1_634' title='bbox 2805 2331 2936 2397; x_wconf 81' lang='lat' dir='ltr'><strong>disi,</strong></span> <span class='ocrx_word' id='word_1_635' title='bbox 2957 2343 3011 2387; x_wconf 87' lang='lat' dir='ltr'><strong>et</strong></span> <span class='ocrx_word' id='word_1_636' title='bbox 3036 2350 3176 2391; x_wconf 86' lang='lat' dir='ltr'><strong>nunc</strong></span> <span class='ocrx_word' id='word_1_637' title='bbox 3214 2336 3334 2393; x_wconf 92' lang='lat' dir='ltr'><strong>dico</strong></span> <span class='ocrx_word' id='word_1_638' title='bbox 3364 2355 3379 2404; x_wconf 90' lang='lat'><strong>;</strong></span> <span class='ocrx_word' id='word_1_639' title='bbox 3409 2356 3513 2396; x_wconf 89' lang='lat' dir='ltr'><strong>non</strong></span> <span class='ocrx_word' id='word_1_640' title='bbox 3552 2357 3737 2401; x_wconf 88' lang='lat' dir='ltr'><strong>eorum</strong></span> <span class='ocrx_word' id='word_1_641' title='bbox 3760 2366 3879 2420; x_wconf 76' lang='lat' dir='ltr'><strong>quae</strong></span> 
     </span>
    </p>
   </div>
   <div class='ocr_carea' id='block_1_81' title="bbox 2324 2420 3880 2507">
    <p class='ocr_par' dir='ltr' id='par_1_81' title="bbox 2324 2420 3880 2507">
     <span class='ocr_line' id='line_1_81' title="bbox 2324 2420 3880 2507; baseline 0.012 -32"><span class='ocrx_word' id='word_1_642' title='bbox 2324 2420 2445 2475; x_wconf 87' lang='lat' dir='ltr'><strong>data</strong></span> <span class='ocrx_word' id='word_1_643' title='bbox 2462 2430 2585 2475; x_wconf 88' lang='lat' dir='ltr'><strong>sunt</strong></span> <span class='ocrx_word' id='word_1_644' title='bbox 2600 2437 2845 2477; x_wconf 87' lang='lat' dir='ltr'><strong>mensura</strong></span> <span class='ocrx_word' id='word_1_645' title='bbox 2860 2432 2916 2479; x_wconf 90' lang='lat' dir='ltr'><strong>et</strong></span> <span class='ocrx_word' id='word_1_646' title='bbox 2942 2428 3235 2495; x_wconf 83' lang='lat' dir='ltr'><strong>quantitate</strong></span> <span class='ocrx_word' id='word_1_647' title='bbox 3252 2432 3548 2488; x_wconf 82' lang='lat' dir='ltr'><strong>ostenditur</strong></span> <span class='ocrx_word' id='word_1_648' title='bbox 3572 2439 3880 2507; x_wconf 84' lang='lat' dir='ltr'><strong>magnitudo</strong></span> 
     </span>
    </p>
   </div>
   <div class='ocr_carea' id='block_1_82' title="bbox 2328 2509 3891 2589">
    <p class='ocr_par' dir='ltr' id='par_1_82' title="bbox 2328 2509 3891 2589">
     <span class='ocr_line' id='line_1_82' title="bbox 2328 2509 3891 2589; baseline 0.011 -24"><span class='ocrx_word' id='word_1_649' title='bbox 2328 2509 2702 2582; x_wconf 69' lang='lat' dir='ltr'><strong>elcemosynze,</strong></span> <span class='ocrx_word' id='word_1_650' title='bbox 2726 2514 2821 2571; x_wconf 89' lang='lat' dir='ltr'><strong>sed</strong></span> <span class='ocrx_word' id='word_1_651' title='bbox 2846 2518 2965 2586; x_wconf 89' lang='lat' dir='ltr'><strong>ejus</strong></span> <span class='ocrx_word' id='word_1_652' title='bbox 2987 2521 3076 2589; x_wconf 89' lang='lat' dir='ltr'><strong>qui</strong></span> <span class='ocrx_word' id='word_1_653' title='bbox 3115 2522 3209 2578; x_wconf 85' lang='lat' dir='ltr'><strong>dat</strong></span> <span class='ocrx_word' id='word_1_654' title='bbox 3252 2527 3519 2584; x_wconf 75' lang='lat' dir='ltr'><strong>voluntate</strong></span> <span class='ocrx_word' id='word_1_655' title='bbox 3547 2537 3600 2585; x_wconf 88' lang='lat' dir='ltr'><strong>et</strong></span> <span class='ocrx_word' id='word_1_656' title='bbox 3625 2529 3891 2588; x_wconf 87' lang='lat' dir='ltr'><strong>instituto.</strong></span> 
     </span>
    </p>
   </div>
   <div class='ocr_carea' id='block_1_83' title="bbox 2327 2594 3891 2692">
    <p class='ocr_par' dir='ltr' id='par_1_83' title="bbox 2327 2594 3891 2692">
     <span class='ocr_line' id='line_1_83' title="bbox 2327 2594 3891 2692; baseline 0.015 -39"><span class='ocrx_word' id='word_1_657' title='bbox 2327 2594 2489 2692; x_wconf 68' lang='lat' dir='ltr'><strong>Scitis</strong></span> <span class='ocrx_word' id='word_1_658' title='bbox 2516 2604 2640 2672; x_wconf 91' lang='lat' dir='ltr'><strong>quid</strong></span> <span class='ocrx_word' id='word_1_659' title='bbox 2671 2603 2855 2661; x_wconf 88' lang='lat' dir='ltr'><strong>fecerit</strong></span> <span class='ocrx_word' id='word_1_660' title='bbox 2893 2609 3045 2665; x_wconf 82' lang='lat' dir='ltr'><strong>vidua</strong></span> <span class='ocrx_word' id='word_1_661' title='bbox 3076 2629 3091 2678; x_wconf 93' lang='lat'><strong>;</strong></span> <span class='ocrx_word' id='word_1_662' title='bbox 3119 2618 3337 2686; x_wconf 78' lang='lat' dir='ltr'><strong>expedit</strong></span> <span class='ocrx_word' id='word_1_663' title='bbox 3364 2621 3507 2674; x_wconf 90' lang='lat' dir='ltr'><strong>enim</strong></span> <span class='ocrx_word' id='word_1_664' title='bbox 3534 2634 3746 2692; x_wconf 89' lang='lat' dir='ltr'><strong>semper</strong></span> <span class='ocrx_word' id='word_1_665' title='bbox 3785 2624 3891 2677; x_wconf 87' lang='lat' dir='ltr'><strong>hoc</strong></span> 
     </span>
    </p>
   </div>
   <div class='ocr_carea' id='block_1_84' title="bbox 2330 2687 3881 2779">
    <p class='ocr_par' dir='ltr' id='par_1_84' title="bbox 2330 2687 3881 2779">
     <span class='ocr_line' id='line_1_84' title="bbox 2330 2687 3881 2779; baseline 0.015 -37"><span class='ocrx_word' id='word_1_666' title='bbox 2330 2687 2521 2744; x_wconf 85' lang='lat' dir='ltr'><strong>oll‘erre</strong></span> <span class='ocrx_word' id='word_1_667' title='bbox 2544 2695 2867 2762; x_wconf 82' lang='lat' dir='ltr'><strong>exemplum,</strong></span> <span class='ocrx_word' id='word_1_668' title='bbox 2896 2706 2952 2752; x_wconf 90' lang='lat' dir='ltr'><strong>ut</strong></span> <span class='ocrx_word' id='word_1_669' title='bbox 2976 2715 3044 2755; x_wconf 88' lang='lat' dir='ltr'><strong>ne</strong></span> <span class='ocrx_word' id='word_1_670' title='bbox 3067 2716 3267 2773; x_wconf 85' lang='lat' dir='ltr'><strong>pauper</strong></span> <span class='ocrx_word' id='word_1_671' title='bbox 3286 2708 3499 2777; x_wconf 85' lang='lat' dir='ltr'><strong>quidem</strong></span> <span class='ocrx_word' id='word_1_672' title='bbox 3528 2709 3593 2765; x_wconf 89' lang='lat' dir='ltr'><strong>de</strong></span> <span class='ocrx_word' id='word_1_673' title='bbox 3621 2687 3678 2765; x_wconf 77' lang='lat' dir='ltr'><strong>se</strong></span> <span class='ocrx_word' id='word_1_674' title='bbox 3700 2711 3881 2779; x_wconf 73' lang='lat' dir='ltr'><strong>despe-</strong></span> 
     </span>
    </p>
   </div>
   <div class='ocr_carea' id='block_1_85' title="bbox 2329 2779 3885 2856">
    <p class='ocr_par' dir='ltr' id='par_1_85' title="bbox 2329 2779 3885 2856">
     <span class='ocr_line' id='line_1_85' title="bbox 2329 2779 3885 2856; baseline 0.012 -23"><span class='ocrx_word' id='word_1_675' title='bbox 2329 2786 2430 2843; x_wconf 88' lang='lat' dir='ltr'><strong>ret,</strong></span> <span class='ocrx_word' id='word_1_676' title='bbox 2458 2779 2642 2835; x_wconf 87' lang='lat' dir='ltr'><strong>videns</strong></span> <span class='ocrx_word' id='word_1_677' title='bbox 2667 2784 2784 2837; x_wconf 83' lang='lat' dir='ltr'><strong>eam</strong></span> <span class='ocrx_word' id='word_1_678' title='bbox 2827 2801 2945 2855; x_wconf 66' lang='lat' dir='ltr'><strong>qua:</strong></span> <span class='ocrx_word' id='word_1_679' title='bbox 2979 2789 3084 2845; x_wconf 88' lang='lat' dir='ltr'><strong>duo</strong></span> <span class='ocrx_word' id='word_1_680' title='bbox 3130 2796 3351 2851; x_wconf 86' lang='lat' dir='ltr'><strong>contulit</strong></span> <span class='ocrx_word' id='word_1_681' title='bbox 3380 2798 3600 2854; x_wconf 89' lang='lat' dir='ltr'><strong>minuta.</strong></span> <span class='ocrx_word' id='word_1_682' title='bbox 3632 2800 3885 2856; x_wconf 88' lang='lat' dir='ltr'><strong>Tulerunt</strong></span> 
     </span>
    </p>
   </div>
   <div class='ocr_carea' id='block_1_86' title="bbox 2329 2869 3885 2955">
    <p class='ocr_par' dir='ltr' id='par_1_86' title="bbox 2329 2869 3885 2955">
     <span class='ocr_line' id='line_1_86' title="bbox 2329 2869 3885 2955; baseline 0.019 -36"><span class='ocrx_word' id='word_1_683' title='bbox 2329 2869 2540 2938; x_wconf 88' lang='lat' dir='ltr'><strong>quidam</strong></span> <span class='ocrx_word' id='word_1_684' title='bbox 2577 2878 2734 2927; x_wconf 86' lang='lat' dir='ltr'><strong>etiam</strong></span> <span class='ocrx_word' id='word_1_685' title='bbox 2762 2877 2895 2945; x_wconf 79' lang='lat' dir='ltr'><strong>pilos</strong></span> <span class='ocrx_word' id='word_1_686' title='bbox 2933 2896 3053 2935; x_wconf 89' lang='lat' dir='ltr'><strong>cum</strong></span> <span class='ocrx_word' id='word_1_687' title='bbox 3084 2886 3335 2955; x_wconf 85' lang='lat' dir='ltr'><strong>templum</strong></span> <span class='ocrx_word' id='word_1_688' title='bbox 3381 2902 3801 2955; x_wconf 87' lang='lat' dir='ltr'><strong>eonstrucretur,</strong></span> <span class='ocrx_word' id='word_1_689' title='bbox 3835 2904 3885 2948; x_wconf 86' lang='lat' dir='ltr'><strong>et</strong></span> 
     </span>
    </p>
   </div>
   <div class='ocr_carea' id='block_1_87' title="bbox 2331 2961 3885 3053">
    <p class='ocr_par' dir='ltr' id='par_1_87' title="bbox 2331 2961 3885 3053">
     <span class='ocr_line' id='line_1_87' title="bbox 2331 2961 3885 3053; baseline 0.018 -41"><span class='ocrx_word' id='word_1_690' title='bbox 2331 2974 2397 3014; x_wconf 89' lang='lat' dir='ltr'><strong>ne</strong></span> <span class='ocrx_word' id='word_1_691' title='bbox 2429 2961 2512 3015; x_wconf 87' lang='lat' dir='ltr'><strong>isti</strong></span> <span class='ocrx_word' id='word_1_692' title='bbox 2542 2964 2755 3033; x_wconf 90' lang='lat' dir='ltr'><strong>quidem</strong></span> <span class='ocrx_word' id='word_1_693' title='bbox 2793 2978 2919 3023; x_wconf 85' lang='lat' dir='ltr'><strong>sunt</strong></span> <span class='ocrx_word' id='word_1_694' title='bbox 2961 2973 3165 3041; x_wconf 74' lang='lat' dir='ltr'><strong>reiecti.</strong></span> <span class='ocrx_word' id='word_1_695' title='bbox 3216 2978 3321 3033; x_wconf 88' lang='lat' dir='ltr'><strong>Sed</strong></span> <span class='ocrx_word' id='word_1_696' title='bbox 3361 2984 3406 3034; x_wconf 90' lang='lat' dir='ltr'><strong>sl</strong></span> <span class='ocrx_word' id='word_1_697' title='bbox 3447 2998 3631 3035; x_wconf 75' lang='lat' dir='ltr'><strong>auium</strong></span> <span class='ocrx_word' id='word_1_698' title='bbox 3675 2984 3885 3053; x_wconf 89' lang='lat' dir='ltr'><strong>quidem</strong></span> 
     </span>
    </p>
   </div>
   <div class='ocr_carea' id='block_1_88' title="bbox 2333 3048 3874 3138">
    <p class='ocr_par' dir='ltr' id='par_1_88' title="bbox 2333 3048 3874 3138">
     <span class='ocr_line' id='line_1_88' title="bbox 2333 3048 3874 3138; baseline 0.02 -38"><span class='ocrx_word' id='word_1_699' title='bbox 2333 3048 2606 3117; x_wconf 81' lang='lat' dir='ltr'><strong>habentes,</strong></span> <span class='ocrx_word' id='word_1_700' title='bbox 2640 3056 2773 3123; x_wconf 89' lang='lat' dir='ltr'><strong>pilos</strong></span> <span class='ocrx_word' id='word_1_701' title='bbox 2811 3060 3151 3128; x_wconf 80' lang='lat' dir='ltr'><strong>obtulissent,</strong></span> <span class='ocrx_word' id='word_1_702' title='bbox 3190 3065 3412 3122; x_wconf 89' lang='lat' dir='ltr'><strong>fuissent</strong></span> <span class='ocrx_word' id='word_1_703' title='bbox 3456 3073 3804 3138; x_wconf 80' lang='lat' dir='ltr'><strong>exsecrandi;</strong></span> <span class='ocrx_word' id='word_1_704' title='bbox 3846 3092 3874 3131; x_wconf 83' lang='lat' dir='ltr'><strong>s</strong></span> 
     </span>
    </p>
   </div>
   <div class='ocr_carea' id='block_1_89' title="bbox 2330 3144 3886 3230">
    <p class='ocr_par' dir='ltr' id='par_1_89' title="bbox 2330 3144 3886 3230">
     <span class='ocr_line' id='line_1_89' title="bbox 2330 3144 3886 3230; baseline 0.019 -39"><span class='ocrx_word' id='word_1_705' title='bbox 2330 3148 2505 3194; x_wconf 86' lang='lat' dir='ltr'><strong>autem</strong></span> <span class='ocrx_word' id='word_1_706' title='bbox 2534 3157 2653 3195; x_wconf 87' lang='lat' dir='ltr'><strong>cum</strong></span> <span class='ocrx_word' id='word_1_707' title='bbox 2682 3144 2782 3199; x_wconf 88' lang='lat' dir='ltr'><strong>hoc</strong></span> <span class='ocrx_word' id='word_1_708' title='bbox 2823 3148 2993 3202; x_wconf 84' lang='lat' dir='ltr'><strong>solum</strong></span> <span class='ocrx_word' id='word_1_709' title='bbox 3026 3151 3302 3221; x_wconf 88' lang='lat' dir='ltr'><strong>haberent,</strong></span> <span class='ocrx_word' id='word_1_710' title='bbox 3336 3158 3385 3230; x_wconf 77' lang='lat' dir='ltr'><strong>id</strong></span> <span class='ocrx_word' id='word_1_711' title='bbox 3422 3161 3745 3227; x_wconf 84' lang='lat' dir='ltr'><strong>obtulerunt,</strong></span> <span class='ocrx_word' id='word_1_712' title='bbox 3777 3162 3886 3219; x_wconf 80' lang='lat' dir='ltr'><strong>fuc-</strong></span> 
     </span>
    </p>
   </div>
   <div class='ocr_carea' id='block_1_90' title="bbox 2331 3235 3887 3321">
    <p class='ocr_par' dir='ltr' id='par_1_90' title="bbox 2331 3235 3887 3321">
     <span class='ocr_line' id='line_1_90' title="bbox 2331 3235 3887 3321; baseline 0.018 -40"><span class='ocrx_word' id='word_1_713' title='bbox 2331 3239 2453 3283; x_wconf 81' lang='lat' dir='ltr'><strong>runt</strong></span> <span class='ocrx_word' id='word_1_714' title='bbox 2487 3235 2710 3300; x_wconf 85' lang='lat' dir='ltr'><strong>accepti.</strong></span> <span class='ocrx_word' id='word_1_715' title='bbox 2746 3235 3029 3305; x_wconf 64' lang='lat' dir='ltr'><strong>Proiiterea</strong></span> <span class='ocrx_word' id='word_1_716' title='bbox 3055 3243 3182 3297; x_wconf 87' lang='lat' dir='ltr'><strong>Cain</strong></span> <span class='ocrx_word' id='word_1_717' title='bbox 3212 3261 3424 3316; x_wconf 89' lang='lat' dir='ltr'><strong>quoque</strong></span> <span class='ocrx_word' id='word_1_718' title='bbox 3467 3249 3563 3303; x_wconf 90' lang='lat' dir='ltr'><strong>fuit</strong></span> <span class='ocrx_word' id='word_1_719' title='bbox 3594 3254 3887 3321; x_wconf 86' lang='lat' dir='ltr'><strong>reprehen-</strong></span> 
     </span>
    </p>
   </div>
   <div class='ocr_carea' id='block_1_91' title="bbox 2330 3323 3887 3405">
    <p class='ocr_par' dir='ltr' id='par_1_91' title="bbox 2330 3323 3887 3405">
     <span class='ocr_line' id='line_1_91' title="bbox 2330 3323 3887 3405; baseline 0.019 -36"><span class='ocrx_word' id='word_1_720' title='bbox 2330 3332 2439 3383; x_wconf 89' lang='lat' dir='ltr'><strong>sus,</strong></span> <span class='ocrx_word' id='word_1_721' title='bbox 2470 3335 2571 3374; x_wconf 92' lang='lat' dir='ltr'><strong>non</strong></span> <span class='ocrx_word' id='word_1_722' title='bbox 2599 3323 2737 3391; x_wconf 89' lang='lat' dir='ltr'><strong>quod</strong></span> <span class='ocrx_word' id='word_1_723' title='bbox 2767 3325 2885 3379; x_wconf 81' lang='lat' dir='ltr'><strong>vilia</strong></span> <span class='ocrx_word' id='word_1_724' title='bbox 2908 3329 3179 3397; x_wconf 89' lang='lat' dir='ltr'><strong>obtulerit,</strong></span> <span class='ocrx_word' id='word_1_725' title='bbox 3211 3335 3302 3389; x_wconf 89' lang='lat' dir='ltr'><strong>sed</strong></span> <span class='ocrx_word' id='word_1_726' title='bbox 3329 3338 3469 3405; x_wconf 91' lang='lat' dir='ltr'><strong>quod</strong></span> <span class='ocrx_word' id='word_1_727' title='bbox 3497 3340 3749 3395; x_wconf 88' lang='lat' dir='ltr'><strong>vilissima</strong></span> <span class='ocrx_word' id='word_1_728' title='bbox 3779 3359 3887 3398; x_wconf 87' lang='lat' dir='ltr'><strong>om-</strong></span> 
     </span>
    </p>
   </div>
   <div class='ocr_carea' id='block_1_92' title="bbox 2332 3410 3888 3500">
    <p class='ocr_par' dir='ltr' id='par_1_92' title="bbox 2332 3410 3888 3500">
     <span class='ocr_line' id='line_1_92' title="bbox 2332 3410 3888 3500; baseline 0.019 -40"><span class='ocrx_word' id='word_1_729' title='bbox 2332 3410 2475 3463; x_wconf 89' lang='lat' dir='ltr'><strong>nium</strong></span> <span class='ocrx_word' id='word_1_730' title='bbox 2526 3428 2643 3481; x_wconf 64' lang='lat' dir='ltr'><strong>quae</strong></span> <span class='ocrx_word' id='word_1_731' title='bbox 2700 3415 2923 3472; x_wconf 87' lang='lat' dir='ltr'><strong>habuit:</strong></span> <span class='ocrx_word' id='word_1_732' title='bbox 2982 3420 3315 3491; x_wconf 81' lang='lat' dir='ltr'><strong>Maledictns,</strong></span> <span class='ocrx_word' id='word_1_733' title='bbox 3369 3429 3570 3499; x_wconf 88' lang='lat' dir='ltr'><strong>inquit,</strong></span> <span class='ocrx_word' id='word_1_734' title='bbox 3614 3436 3698 3500; x_wconf 77' lang='lat' dir='ltr'><strong>qui</strong></span> <span class='ocrx_word' id='word_1_735' title='bbox 3747 3435 3888 3489; x_wconf 73' lang='lat' dir='ltr'><strong>liabet</strong></span> 
     </span>
    </p>
   </div>
   <div class='ocr_carea' id='block_1_93' title="bbox 2332 3503 3887 3597">
    <p class='ocr_par' dir='ltr' id='par_1_93' title="bbox 2332 3503 3887 3597">
     <span class='ocr_line' id='line_1_93' title="bbox 2332 3503 3887 3597; baseline 0.02 -46"><span class='ocrx_word' id='word_1_736' title='bbox 2332 3503 2626 3569; x_wconf 86' lang='lat' dir='ltr'><strong>masculum,</strong></span> <span class='ocrx_word' id='word_1_737' title='bbox 2668 3516 2714 3558; x_wconf 88' lang='lat' dir='ltr'><strong>et</strong></span> <span class='ocrx_word' id='word_1_738' title='bbox 2752 3506 2859 3561; x_wconf 86' lang='lat' dir='ltr'><strong>Dea</strong></span> <span class='ocrx_word' id='word_1_739' title='bbox 2884 3510 3029 3576; x_wconf 72' lang='lat' dir='ltr'><strong>o/fert</strong></span> <span class='ocrx_word' id='word_1_740' title='bbox 3058 3527 3347 3585; x_wconf 87' lang='lat' dir='ltr'><strong>corruptum</strong></span> <span class='ocrx_word' id='word_1_741' title='bbox 3385 3520 3635 3589; x_wconf 65' lang='lat' dir='ltr'><strong>(Malae/1.</strong></span> <span class='ocrx_word' id='word_1_742' title='bbox 3683 3528 3732 3580; x_wconf 85' lang='grc'><strong>1.</strong></span> <span class='ocrx_word' id='word_1_743' title='bbox 3776 3529 3887 3597; x_wconf 74' lang='lat' dir='ltr'><strong>ll).</strong></span> 
     </span>
    </p>
   </div>
   <div class='ocr_carea' id='block_1_94' title="bbox 2331 3588 3889 3684">
    <p class='ocr_par' dir='ltr' id='par_1_94' title="bbox 2331 3588 3889 3684">
     <span class='ocr_line' id='line_1_94' title="bbox 2331 3588 3889 3684; baseline 0.019 -42"><span class='ocrx_word' id='word_1_744' title='bbox 2331 3588 2443 3643; x_wconf 86' lang='lat' dir='ltr'><strong>Non</strong></span> <span class='ocrx_word' id='word_1_745' title='bbox 2470 3594 2712 3649; x_wconf 89' lang='lat' dir='ltr'><strong>absolute</strong></span> <span class='ocrx_word' id='word_1_746' title='bbox 2740 3597 2905 3663; x_wconf 79' lang='lat' dir='ltr'><strong>dixit;</strong></span> <span class='ocrx_word' id='word_1_747' title='bbox 2945 3604 3036 3655; x_wconf 90' lang='lat' dir='ltr'><strong>sed</strong></span> <span class='ocrx_word' id='word_1_748' title='bbox 3070 3606 3158 3673; x_wconf 87' lang='lat' dir='ltr'><strong>qui</strong></span> <span class='ocrx_word' id='word_1_749' title='bbox 3196 3607 3374 3676; x_wconf 91' lang='lat' dir='ltr'><strong>habet,</strong></span> <span class='ocrx_word' id='word_1_750' title='bbox 3408 3612 3595 3682; x_wconf 85' lang='lat' dir='ltr'><strong>inquit,</strong></span> <span class='ocrx_word' id='word_1_751' title='bbox 3622 3625 3675 3668; x_wconf 91' lang='lat' dir='ltr'><strong>et</strong></span> <span class='ocrx_word' id='word_1_752' title='bbox 3702 3588 3889 3684; x_wconf 75' lang='lat' dir='ltr'><strong>parcit.</strong></span> 
     </span>
    </p>
   </div>
   <div class='ocr_carea' id='block_1_95' title="bbox 2332 3678 3889 3769">
    <p class='ocr_par' dir='ltr' id='par_1_95' title="bbox 2332 3678 3889 3769">
     <span class='ocr_line' id='line_1_95' title="bbox 2332 3678 3889 3769; baseline 0.019 -37"><span class='ocrx_word' id='word_1_753' title='bbox 2332 3678 2385 3732; x_wconf 85' lang='lat' dir='ltr'><strong>Si</strong></span> <span class='ocrx_word' id='word_1_754' title='bbox 2412 3682 2674 3762; x_wconf 81' lang='lat' dir='ltr'><strong>quispiam</strong></span> <span class='ocrx_word' id='word_1_755' title='bbox 2697 3700 2823 3755; x_wconf 85' lang='lat' dir='ltr'><strong>ergo</strong></span> <span class='ocrx_word' id='word_1_756' title='bbox 2864 3704 2967 3742; x_wconf 90' lang='lat' dir='ltr'><strong>non</strong></span> <span class='ocrx_word' id='word_1_757' title='bbox 2999 3691 3184 3761; x_wconf 87' lang='lat' dir='ltr'><strong>habet,</strong></span> <span class='ocrx_word' id='word_1_758' title='bbox 3215 3697 3365 3766; x_wconf 84' lang='lat' dir='ltr'><strong>culpa</strong></span> <span class='ocrx_word' id='word_1_759' title='bbox 3406 3713 3575 3769; x_wconf 82' lang='lat' dir='ltr'><strong>vacat,</strong></span> <span class='ocrx_word' id='word_1_760' title='bbox 3619 3705 3725 3759; x_wconf 84' lang='lat' dir='ltr'><strong>into</strong></span> <span class='ocrx_word' id='word_1_761' title='bbox 3766 3724 3889 3763; x_wconf 72' lang='lat' dir='ltr'><strong>vero</strong></span> 
     </span>
    </p>
   </div>
   <div class='ocr_carea' id='block_1_96' title="bbox 2333 3768 3889 3861">
    <p class='ocr_par' dir='ltr' id='par_1_96' title="bbox 2333 3768 3889 3861">
     <span class='ocr_line' id='line_1_96' title="bbox 2333 3768 3889 3861; baseline 0.02 -41"><span class='ocrx_word' id='word_1_762' title='bbox 2333 3768 2490 3823; x_wconf 85' lang='lat' dir='ltr'><strong>habet</strong></span> <span class='ocrx_word' id='word_1_763' title='bbox 2515 3774 2833 3828; x_wconf 88' lang='lat' dir='ltr'><strong>mercedem.</strong></span> <span class='ocrx_word' id='word_1_764' title='bbox 2855 3777 2987 3844; x_wconf 85' lang='lat' dir='ltr'><strong>Quid</strong></span> <span class='ocrx_word' id='word_1_765' title='bbox 3016 3784 3155 3836; x_wconf 87' lang='lat' dir='ltr'><strong>enim</strong></span> <span class='ocrx_word' id='word_1_766' title='bbox 3183 3796 3263 3839; x_wconf 84' lang='lat' dir='ltr'><strong>est</strong></span> <span class='ocrx_word' id='word_1_767' title='bbox 3290 3788 3443 3843; x_wconf 90' lang='lat' dir='ltr'><strong>vilius</strong></span> <span class='ocrx_word' id='word_1_768' title='bbox 3468 3791 3675 3848; x_wconf 81' lang='lat' dir='ltr'><strong>duobus</strong></span> <span class='ocrx_word' id='word_1_769' title='bbox 3696 3796 3889 3861; x_wconf 86' lang='lat' dir='ltr'><strong>oholis,</strong></span> 
     </span>
    </p>
   </div>
   <div class='ocr_carea' id='block_1_97' title="bbox 2331 3862 3892 3949">
    <p class='ocr_par' dir='ltr' id='par_1_97' title="bbox 2331 3862 3892 3949">
     <span class='ocr_line' id='line_1_97' title="bbox 2331 3862 3892 3949; baseline 0.021 -40"><span class='ocrx_word' id='word_1_770' title='bbox 2331 3868 2382 3911; x_wconf 91' lang='lat' dir='ltr'><strong>et</strong></span> <span class='ocrx_word' id='word_1_771' title='bbox 2410 3862 2575 3930; x_wconf 83' lang='lat' dir='ltr'><strong>magis</strong></span> <span class='ocrx_word' id='word_1_772' title='bbox 2602 3864 2747 3917; x_wconf 87' lang='lat' dir='ltr'><strong>nihili</strong></span> <span class='ocrx_word' id='word_1_773' title='bbox 2778 3882 2933 3934; x_wconf 87' lang='lat' dir='ltr'><strong>quam</strong></span> <span class='ocrx_word' id='word_1_774' title='bbox 2966 3873 3090 3939; x_wconf 85' lang='lat' dir='ltr'><strong>pili?</strong></span> <span class='ocrx_word' id='word_1_775' title='bbox 3124 3876 3248 3943; x_wconf 84' lang='lat' dir='ltr'><strong>quid</strong></span> <span class='ocrx_word' id='word_1_776' title='bbox 3283 3881 3454 3949; x_wconf 88' lang='lat' dir='ltr'><strong>cotyla</strong></span> <span class='ocrx_word' id='word_1_777' title='bbox 3483 3883 3671 3938; x_wconf 60' lang='lat' dir='ltr'><strong>similae</strong></span> <span class='ocrx_word' id='word_1_778' title='bbox 3704 3888 3892 3942; x_wconf 76' lang='lat' dir='ltr'><strong>vilius?</strong></span> 
     </span>
    </p>
   </div>
   <div class='ocr_carea' id='block_1_98' title="bbox 2332 3947 3889 4044">
    <p class='ocr_par' dir='ltr' id='par_1_98' title="bbox 2332 3947 3889 4044">
     <span class='ocr_line' id='line_1_98' title="bbox 2332 3947 3889 4044; baseline 0.021 -46"><span class='ocrx_word' id='word_1_779' title='bbox 2332 3947 2422 3999; x_wconf 84' lang='lat' dir='ltr'><strong>sed</strong></span> <span class='ocrx_word' id='word_1_780' title='bbox 2454 3956 2625 4003; x_wconf 89' lang='lat' dir='ltr'><strong>tamen</strong></span> <span class='ocrx_word' id='word_1_781' title='bbox 2668 3953 2782 4007; x_wconf 83' lang='lat' dir='ltr'><strong>ha-e</strong></span> <span class='ocrx_word' id='word_1_782' title='bbox 2806 3971 2911 4009; x_wconf 89' lang='lat' dir='ltr'><strong>non</strong></span> <span class='ocrx_word' id='word_1_783' title='bbox 2953 3957 3163 4014; x_wconf 88' lang='lat' dir='ltr'><strong>fuerunt</strong></span> <span class='ocrx_word' id='word_1_784' title='bbox 3192 3947 3447 4021; x_wconf 67' lang='lat' dir='ltr'><strong>aestimata</strong></span> <span class='ocrx_word' id='word_1_785' title='bbox 3481 3971 3699 4026; x_wconf 87' lang='lat' dir='ltr'><strong>minoris</strong></span> <span class='ocrx_word' id='word_1_786' title='bbox 3731 3992 3889 4044; x_wconf 88' lang='lat' dir='ltr'><strong>quam</strong></span> 
     </span>
    </p>
   </div>
   <div class='ocr_carea' id='block_1_99' title="bbox 2332 4038 3891 4134">
    <p class='ocr_par' dir='ltr' id='par_1_99' title="bbox 2332 4038 3891 4134">
     <span class='ocr_line' id='line_1_99' title="bbox 2332 4038 3891 4134; baseline 0.019 -43"><span class='ocrx_word' id='word_1_787' title='bbox 2332 4038 2477 4092; x_wconf 80' lang='lat' dir='ltr'><strong>vituli</strong></span> <span class='ocrx_word' id='word_1_788' title='bbox 2526 4050 2578 4094; x_wconf 75' lang='lat' dir='ltr'><strong>et</strong></span> <span class='ocrx_word' id='word_1_789' title='bbox 2620 4058 2827 4099; x_wconf 89' lang='lat' dir='ltr'><strong>aurum.</strong></span> <span class='ocrx_word' id='word_1_790' title='bbox 2879 4047 3009 4103; x_wconf 83' lang='lat' dir='ltr'><strong>Nam</strong></span> <span class='ocrx_word' id='word_1_791' title='bbox 3049 4051 3303 4117; x_wconf 82' lang='lat' dir='ltr'><strong>Quatenus</strong></span> <span class='ocrx_word' id='word_1_792' title='bbox 3349 4059 3544 4127; x_wconf 80' lang='lat' dir='ltr'><strong>quidem</strong></span> <span class='ocrx_word' id='word_1_793' title='bbox 3580 4064 3721 4115; x_wconf 79' lang='lat' dir='ltr'><strong>Itttbt’l</strong></span> <span class='ocrx_word' id='word_1_794' title='bbox 3754 4068 3891 4134; x_wconf 77' lang='lat' dir='ltr'><strong>quis-</strong></span> 
     </span>
    </p>
   </div>
   <div class='ocr_carea' id='block_1_100' title="bbox 2331 4130 3890 4223">
    <p class='ocr_par' dir='ltr' id='par_1_100' title="bbox 2331 4130 3890 4223">
     <span class='ocr_line' id='line_1_100' title="bbox 2331 4130 3890 4223; baseline 0.022 -44"><span class='ocrx_word' id='word_1_795' title='bbox 2331 4130 2464 4199; x_wconf 83' lang='lat' dir='ltr'><strong>piam</strong></span> <span class='ocrx_word' id='word_1_796' title='bbox 2495 4143 2565 4185; x_wconf 89' lang='lat' dir='ltr'><strong>est</strong></span> <span class='ocrx_word' id='word_1_797' title='bbox 2594 4146 2977 4217; x_wconf 77' lang='lat' dir='ltr'><strong>acceptus,_non</strong></span> <span class='ocrx_word' id='word_1_798' title='bbox 3005 4153 3248 4211; x_wconf 82' lang='lat' dir='ltr'><strong>quatenus</strong></span> <span class='ocrx_word' id='word_1_799' title='bbox 3275 4165 3373 4201; x_wconf 86' lang='lat' dir='ltr'><strong>non</strong></span> <span class='ocrx_word' id='word_1_800' title='bbox 3404 4152 3549 4205; x_wconf 83' lang='lat' dir='ltr'><strong>habet</strong></span> <span class='ocrx_word' id='word_1_801' title='bbox 3579 4153 3635 4223; x_wconf 74' lang='lat'><strong>(2</strong></span> <span class='ocrx_word' id='word_1_802' title='bbox 3687 4130 3804 4212; x_wconf 81' lang='lat' dir='ltr'><strong>Cor.</strong></span> <span class='ocrx_word' id='word_1_803' title='bbox 3832 4160 3890 4213; x_wconf 90' lang='lat'><strong>8.</strong></span> 
     </span>
    </p>
   </div>
   <div class='ocr_carea' id='block_1_101' title="bbox 2333 4224 3889 4323">
    <p class='ocr_par' dir='ltr' id='par_1_101' title="bbox 2333 4224 3889 4323">
     <span class='ocr_line' id='line_1_101' title="bbox 2333 4224 3889 4323; baseline 0.019 -45"><span class='ocrx_word' id='word_1_804' title='bbox 2333 4224 2420 4295; x_wconf 71' lang='lat' dir='ltr'><strong>l2)</strong></span> <span class='ocrx_word' id='word_1_805' title='bbox 2442 4244 2454 4288; x_wconf 90' lang='lat'><strong>;</strong></span> <span class='ocrx_word' id='word_1_806' title='bbox 2480 4237 2565 4291; x_wconf 92' lang='lat' dir='ltr'><strong>et,</strong></span> <span class='ocrx_word' id='word_1_807' title='bbox 2604 4229 2859 4295; x_wconf 85' lang='lat' dir='ltr'><strong>Quatenus</strong></span> <span class='ocrx_word' id='word_1_808' title='bbox 2884 4235 3060 4300; x_wconf 84' lang='lat' dir='ltr'><strong>habet,</strong></span> <span class='ocrx_word' id='word_1_809' title='bbox 3101 4240 3290 4310; x_wconf 87' lang='lat' dir='ltr'><strong>inquit,</strong></span> <span class='ocrx_word' id='word_1_810' title='bbox 3321 4260 3499 4301; x_wconf 86' lang='lat' dir='ltr'><strong>manus</strong></span> <span class='ocrx_word' id='word_1_811' title='bbox 3526 4258 3631 4315; x_wconf 88' lang='lat' dir='ltr'><strong>tua,</strong></span> <span class='ocrx_word' id='word_1_812' title='bbox 3664 4250 3889 4323; x_wconf 78' lang='lat' dir='ltr'><strong>benefac.</strong></span> 
     </span>
    </p>
   </div>
   <div class='ocr_carea' id='block_1_102' title="bbox 2335 4314 3892 4401">
    <p class='ocr_par' dir='ltr' id='par_1_102' title="bbox 2335 4314 3892 4401">
     <span class='ocr_line' id='line_1_102' title="bbox 2335 4314 3892 4401; baseline 0.021 -34"><span class='ocrx_word' id='word_1_813' title='bbox 2335 4314 2476 4382; x_wconf 88' lang='lat' dir='ltr'><strong>Ideo,</strong></span> <span class='ocrx_word' id='word_1_814' title='bbox 2521 4334 2668 4387; x_wconf 78' lang='lat' dir='ltr'><strong>rogo,</strong></span> <span class='ocrx_word' id='word_1_815' title='bbox 2715 4322 2873 4378; x_wconf 90' lang='lat' dir='ltr'><strong>alacri</strong></span> <span class='ocrx_word' id='word_1_816' title='bbox 2918 4328 3097 4382; x_wconf 90' lang='lat' dir='ltr'><strong>animo</strong></span> <span class='ocrx_word' id='word_1_817' title='bbox 3138 4331 3471 4390; x_wconf 82' lang='lat' dir='ltr'><strong>ell&#39;nndamus</strong></span> <span class='ocrx_word' id='word_1_818' title='bbox 3516 4337 3789 4397; x_wconf 81' lang='lat' dir='ltr'><strong>facultates</strong></span> <span class='ocrx_word' id='word_1_819' title='bbox 3836 4346 3892 4401; x_wconf 88' lang='lat' dir='ltr'><strong>in</strong></span> 
     </span>
    </p>
   </div>
   <div class='ocr_carea' id='block_1_103' title="bbox 2332 4414 3895 4497">
    <p class='ocr_par' dir='ltr' id='par_1_103' title="bbox 2332 4414 3895 4497">
     <span class='ocr_line' id='line_1_103' title="bbox 2332 4414 3895 4497; baseline 0.023 -42"><span class='ocrx_word' id='word_1_820' title='bbox 2332 4422 2588 4476; x_wconf 81' lang='lat' dir='ltr'><strong>pauperes</strong></span> <span class='ocrx_word' id='word_1_821' title='bbox 2614 4428 2626 4464; x_wconf 90' lang='lat'><strong>:</strong></span> <span class='ocrx_word' id='word_1_822' title='bbox 2650 4414 2748 4466; x_wconf 90' lang='lat' dir='ltr'><strong>etsi</strong></span> <span class='ocrx_word' id='word_1_823' title='bbox 2781 4431 2953 4484; x_wconf 81' lang='lat' dir='ltr'><strong>parvae</strong></span> <span class='ocrx_word' id='word_1_824' title='bbox 2983 4421 3107 4485; x_wconf 89' lang='lat' dir='ltr'><strong>sint,</strong></span> <span class='ocrx_word' id='word_1_825' title='bbox 3133 4424 3373 4479; x_wconf 87' lang='lat' dir='ltr'><strong>eamdem</strong></span> <span class='ocrx_word' id='word_1_826' title='bbox 3402 4429 3725 4497; x_wconf 86' lang='lat' dir='ltr'><strong>accipiemus</strong></span> <span class='ocrx_word' id='word_1_827' title='bbox 3752 4452 3895 4490; x_wconf 84' lang='lat' dir='ltr'><strong>mer-</strong></span> 
     </span>
    </p>
   </div>
   <div class='ocr_carea' id='block_1_104' title="bbox 2332 4498 3892 4595">
    <p class='ocr_par' dir='ltr' id='par_1_104' title="bbox 2332 4498 3892 4595">
     <span class='ocr_line' id='line_1_104' title="bbox 2332 4498 3892 4595; baseline 0.021 -44"><span class='ocrx_word' id='word_1_828' title='bbox 2332 4498 2516 4554; x_wconf 85' lang='lat' dir='ltr'><strong>cedem</strong></span> <span class='ocrx_word' id='word_1_829' title='bbox 2544 4517 2697 4570; x_wconf 88' lang='lat' dir='ltr'><strong>quam</strong></span> <span class='ocrx_word' id='word_1_830' title='bbox 2726 4507 2812 4573; x_wconf 89' lang='lat' dir='ltr'><strong>qui</strong></span> <span class='ocrx_word' id='word_1_831' title='bbox 2841 4509 2990 4574; x_wconf 88' lang='lat' dir='ltr'><strong>plura</strong></span> <span class='ocrx_word' id='word_1_832' title='bbox 3018 4516 3380 4582; x_wconf 88' lang='lat' dir='ltr'><strong>contulerunt,</strong></span> <span class='ocrx_word' id='word_1_833' title='bbox 3414 4519 3519 4573; x_wconf 92' lang='lat' dir='ltr'><strong>imo</strong></span> <span class='ocrx_word' id='word_1_834' title='bbox 3559 4524 3892 4595; x_wconf 86' lang='lat' dir='ltr'><strong>plnraquam</strong></span> 
     </span>
    </p>
   </div>
   <div class='ocr_carea' id='block_1_105' title="bbox 2335 4590 3895 4671">
    <p class='ocr_par' dir='ltr' id='par_1_105' title="bbox 2335 4590 3895 4671">
     <span class='ocr_line' id='line_1_105' title="bbox 2335 4590 3895 4671; baseline 0.022 -33"><span class='ocrx_word' id='word_1_835' title='bbox 2335 4590 2420 4657; x_wconf 89' lang='lat' dir='ltr'><strong>qui</strong></span> <span class='ocrx_word' id='word_1_836' title='bbox 2452 4591 2643 4646; x_wconf 86' lang='lat' dir='ltr'><strong>talenta</strong></span> <span class='ocrx_word' id='word_1_837' title='bbox 2672 4598 3010 4652; x_wconf 89' lang='lat' dir='ltr'><strong>contulerunt</strong></span> <span class='ocrx_word' id='word_1_838' title='bbox 3036 4602 3461 4661; x_wconf 86' lang='lat' dir='ltr'><strong>innumerabilia.</strong></span> <span class='ocrx_word' id='word_1_839' title='bbox 3490 4610 3544 4664; x_wconf 92' lang='lat' dir='ltr'><strong>Si</strong></span> <span class='ocrx_word' id='word_1_840' title='bbox 3575 4613 3684 4666; x_wconf 69' lang='lat' dir='ltr'><strong>haec</strong></span> <span class='ocrx_word' id='word_1_841' title='bbox 3726 4590 3895 4671; x_wconf 70' lang='lat' dir='ltr'><strong>[acia-</strong></span> 
     </span>
    </p>
   </div>
   <div class='ocr_carea' id='block_1_106' title="bbox 2340 4689 3893 4763">
    <p class='ocr_par' dir='ltr' id='par_1_106' title="bbox 2340 4689 3893 4763">
     <span class='ocr_line' id='line_1_106' title="bbox 2340 4689 3893 4763; baseline 0.021 -33"><span class='ocrx_word' id='word_1_842' title='bbox 2340 4695 2476 4743; x_wconf 89' lang='lat' dir='ltr'><strong>mus,</strong></span> <span class='ocrx_word' id='word_1_843' title='bbox 2516 4695 2859 4753; x_wconf 87' lang='lat' dir='ltr'><strong>assequemur</strong></span> <span class='ocrx_word' id='word_1_844' title='bbox 2888 4689 2979 4743; x_wconf 89' lang='lat' dir='ltr'><strong>Dei</strong></span> <span class='ocrx_word' id='word_1_845' title='bbox 3021 4690 3298 4749; x_wconf 82' lang='lat' dir='ltr'><strong>thesauros</strong></span> <span class='ocrx_word' id='word_1_846' title='bbox 3339 4698 3632 4756; x_wconf 82' lang='lat' dir='ltr'><strong>inelTabiles</strong></span> <span class='ocrx_word' id='word_1_847' title='bbox 3660 4721 3673 4759; x_wconf 87' lang='lat'>:</span> <span class='ocrx_word' id='word_1_848' title='bbox 3702 4706 3745 4759; x_wconf 90' lang='lat' dir='ltr'><strong>si</strong></span> <span class='ocrx_word' id='word_1_849' title='bbox 3784 4722 3893 4763; x_wconf 88' lang='lat' dir='ltr'><strong>non</strong></span> 
     </span>
    </p>
   </div>
   <div class='ocr_carea' id='block_1_107' title="bbox 2326 4779 3887 4861">
    <p class='ocr_par' dir='ltr' id='par_1_107' title="bbox 2326 4779 3887 4861">
     <span class='ocr_line' id='line_1_107' title="bbox 2326 4779 3887 4861; baseline 0.016 -27"><span class='ocrx_word' id='word_1_850' title='bbox 2326 4779 2495 4834; x_wconf 75' lang='lat' dir='ltr'><strong>solum</strong></span> <span class='ocrx_word' id='word_1_851' title='bbox 2522 4781 2811 4846; x_wconf 88' lang='lat' dir='ltr'><strong>audiamus,</strong></span> <span class='ocrx_word' id='word_1_852' title='bbox 2839 4785 2930 4840; x_wconf 90' lang='lat' dir='ltr'><strong>sed</strong></span> <span class='ocrx_word' id='word_1_853' title='bbox 2958 4788 3113 4842; x_wconf 91' lang='lat' dir='ltr'><strong>etiam</strong></span> <span class='ocrx_word' id='word_1_854' title='bbox 3137 4806 3386 4861; x_wconf 80' lang='lat' dir='ltr'><strong>agamus;</strong></span> <span class='ocrx_word' id='word_1_855' title='bbox 3414 4779 3457 4850; x_wconf 86' lang='lat' dir='ltr'><strong>si</strong></span> <span class='ocrx_word' id='word_1_856' title='bbox 3482 4813 3586 4852; x_wconf 92' lang='lat' dir='ltr'><strong>non</strong></span> <span class='ocrx_word' id='word_1_857' title='bbox 3612 4800 3887 4859; x_wconf 90' lang='lat' dir='ltr'><strong>laudemus</strong></span> 
     </span>
    </p>
   </div>
   <div class='ocr_carea' id='block_1_108' title="bbox 2330 4870 3886 4956">
    <p class='ocr_par' dir='ltr' id='par_1_108' title="bbox 2330 4870 3886 4956">
     <span class='ocr_line' id='line_1_108' title="bbox 2330 4870 3886 4956; baseline 0.017 -36"><span class='ocrx_word' id='word_1_858' title='bbox 2330 4877 2552 4933; x_wconf 82' lang='lat' dir='ltr'><strong>tantum,</strong></span> <span class='ocrx_word' id='word_1_859' title='bbox 2582 4870 2673 4923; x_wconf 90' lang='lat' dir='ltr'><strong>sed</strong></span> <span class='ocrx_word' id='word_1_860' title='bbox 2701 4872 2859 4927; x_wconf 85' lang='lat' dir='ltr'><strong>etiam</strong></span> <span class='ocrx_word' id='word_1_861' title='bbox 2886 4875 3036 4931; x_wconf 80' lang='lat' dir='ltr'><strong>factis</strong></span> <span class='ocrx_word' id='word_1_862' title='bbox 3060 4883 3423 4942; x_wconf 88' lang='lat' dir='ltr'><strong>ostendamus.</strong></span> <span class='ocrx_word' id='word_1_863' title='bbox 3453 4888 3581 4956; x_wconf 72' lang='lat' dir='ltr'><strong>Qua:</strong></span> <span class='ocrx_word' id='word_1_864' title='bbox 3608 4891 3764 4946; x_wconf 89' lang='lat' dir='ltr'><strong>detur</strong></span> <span class='ocrx_word' id='word_1_865' title='bbox 3789 4911 3886 4947; x_wconf 80' lang='lat' dir='ltr'><strong>nn-</strong></span> 
     </span>
    </p>
   </div>
   <div class='ocr_carea' id='block_1_109' title="bbox 2324 4959 3877 5048">
    <p class='ocr_par' dir='ltr' id='par_1_109' title="bbox 2324 4959 3877 5048">
     <span class='ocr_line' id='line_1_109' title="bbox 2324 4959 3877 5048; baseline 0.018 -37"><span class='ocrx_word' id='word_1_866' title='bbox 2324 4959 2404 5014; x_wconf 84' lang='lat' dir='ltr'><strong>his</strong></span> <span class='ocrx_word' id='word_1_867' title='bbox 2432 4960 2674 5017; x_wconf 90' lang='lat' dir='ltr'><strong>omnibus</strong></span> <span class='ocrx_word' id='word_1_868' title='bbox 2703 4969 2994 5037; x_wconf 89' lang='lat' dir='ltr'><strong>consequi,</strong></span> <span class='ocrx_word' id='word_1_869' title='bbox 3023 4975 3188 5040; x_wconf 86' lang='lat' dir='ltr'><strong>gratia</strong></span> <span class='ocrx_word' id='word_1_870' title='bbox 3228 4984 3282 5031; x_wconf 85' lang='lat' dir='ltr'><strong>et</strong></span> <span class='ocrx_word' id='word_1_871' title='bbox 3310 4977 3632 5048; x_wconf 87' lang='lat' dir='ltr'><strong>benignitate</strong></span> <span class='ocrx_word' id='word_1_872' title='bbox 3674 4982 3877 5040; x_wconf 89' lang='lat' dir='ltr'><strong>Domini</strong></span> 
     </span>
    </p>
   </div>
   <div class='ocr_carea' id='block_1_110' title="bbox 2322 5062 3877 5135">
    <p class='ocr_par' dir='ltr' id='par_1_110' title="bbox 2322 5062 3877 5135">
     <span class='ocr_line' id='line_1_110' title="bbox 2322 5062 3877 5135; baseline 0.007 -22"><span class='ocrx_word' id='word_1_873' title='bbox 2322 5063 2485 5115; x_wconf 87' lang='lat' dir='ltr'><strong>nostri</strong></span> <span class='ocrx_word' id='word_1_874' title='bbox 2514 5062 2638 5117; x_wconf 83' lang='lat' dir='ltr'><strong>Jesu</strong></span> <span class='ocrx_word' id='word_1_875' title='bbox 2666 5063 2884 5129; x_wconf 87' lang='lat' dir='ltr'><strong>Christi,</strong></span> <span class='ocrx_word' id='word_1_876' title='bbox 2914 5081 3031 5119; x_wconf 93' lang='lat' dir='ltr'><strong>cum</strong></span> <span class='ocrx_word' id='word_1_877' title='bbox 3071 5081 3175 5135; x_wconf 89' lang='lat' dir='ltr'><strong>quo</strong></span> <span class='ocrx_word' id='word_1_878' title='bbox 3204 5066 3347 5120; x_wconf 87' lang='lat' dir='ltr'><strong>Patri</strong></span> <span class='ocrx_word' id='word_1_879' title='bbox 3388 5083 3486 5122; x_wconf 90' lang='lat' dir='ltr'><strong>una</strong></span> <span class='ocrx_word' id='word_1_880' title='bbox 3530 5083 3647 5123; x_wconf 83' lang='lat' dir='ltr'><strong>cum</strong></span> <span class='ocrx_word' id='word_1_881' title='bbox 3692 5081 3877 5124; x_wconf 83' lang='lat' dir='ltr'><strong>sancto</strong></span> 
     </span>
    </p>
   </div>
   <div class='ocr_carea' id='block_1_111' title="bbox 2310 5136 3877 5232">
    <p class='ocr_par' dir='ltr' id='par_1_111' title="bbox 2310 5136 3877 5232">
     <span class='ocr_line' id='line_1_111' title="bbox 2310 5136 3877 5232; baseline 0.007 -26"><span class='ocrx_word' id='word_1_882' title='bbox 2310 5136 2512 5222; x_wconf 34' lang='lat' dir='ltr'><strong>‘Spiritu</strong></span> <span class='ocrx_word' id='word_1_883' title='bbox 2542 5155 2727 5222; x_wconf 90' lang='lat' dir='ltr'><strong>gloria,</strong></span> <span class='ocrx_word' id='word_1_884' title='bbox 2758 5158 3056 5227; x_wconf 91' lang='lat' dir='ltr'><strong>imperium,</strong></span> <span class='ocrx_word' id='word_1_885' title='bbox 3089 5158 3274 5226; x_wconf 86' lang='lat' dir='ltr'><strong>honor,</strong></span> <span class='ocrx_word' id='word_1_886' title='bbox 3304 5175 3444 5215; x_wconf 89' lang='lat' dir='ltr'><strong>nunc</strong></span> <span class='ocrx_word' id='word_1_887' title='bbox 3472 5172 3527 5217; x_wconf 89' lang='lat' dir='ltr'><strong>et</strong></span> <span class='ocrx_word' id='word_1_888' title='bbox 3554 5177 3779 5232; x_wconf 83' lang='lat' dir='ltr'><strong>semper,</strong></span> <span class='ocrx_word' id='word_1_889' title='bbox 3821 5172 3877 5217; x_wconf 88' lang='lat' dir='ltr'><strong>et</strong></span> 
     </span>
    </p>
   </div>
   <div class='ocr_carea' id='block_1_112' title="bbox 2323 5242 3180 5303">
    <p class='ocr_par' dir='ltr' id='par_1_112' title="bbox 2323 5242 3180 5303">
     <span class='ocr_line' id='line_1_112' title="bbox 2323 5242 3180 5303; baseline 0.008 -9"><span class='ocrx_word' id='word_1_890' title='bbox 2323 5242 2373 5294; x_wconf 90' lang='lat' dir='ltr'><strong>in</strong></span> <span class='ocrx_word' id='word_1_891' title='bbox 2404 5243 2596 5298; x_wconf 69' lang='lat' dir='ltr'><strong>sazcula</strong></span> <span class='ocrx_word' id='word_1_892' title='bbox 2621 5244 2959 5301; x_wconf 69' lang='lat' dir='ltr'><strong>sreculorum.</strong></span> <span class='ocrx_word' id='word_1_893' title='bbox 2990 5248 3180 5303; x_wconf 85' lang='lat' dir='ltr'><strong>Amen.</strong></span> 
     </span>
    </p>
   </div>
  </div>
