4134 6342
237 383 356 442 ἳὲῧ

241 495 312 548 οὐ
339 491 446 560 γάρ
483 488 599 543 ἐστι
631 505 683 541 τι
725 485 963 558 φθαρτὸν
993 484 1114 538 οὐδὲ
1170 482 1435 554 ἐπίκηρον
1484 481 1618 544 ἐκεῖ,
1677 476 1814 560 ἀλλά

241 559 430 628 πάντα
451 571 693 625 ἀθάνατα
718 571 810 624 καὶ
830 568 1103 638 ἀκήρατα.
1140 563 1349 618 οὐκοῦν
1380 561 1708 631 κενώσωμεν
1731 559 1812 622 είς

235 653 450 725 ταύτην
478 653 576 724 την
605 651 896 722 οἰκοδομὴν
923 649 991 702 τὰ
1029 648 1289 718 χρήματα
1311 659 1326 674 ⁸
1362 645 1426 698 οὐ
1480 645 1560 697 δεῖ
1619 641 1812 696 τεκτό-

235 753 356 790 νων
410 726 566 804 ἡμῖν,
619 733 740 786 οὐδὲ
793 729 1042 802 ἐργατῶν
1073 745 1086 760 ·
1124 729 1182 782 αἰ
1204 727 1310 781 τῶν
1358 728 1606 792 πενήτων
1633 725 1814 797 χεῖρες

235 816 350 881 τὰς
395 815 652 877 τοιαύτας
691 809 1066 883 οἰκοδομοῦσιν
1118 808 1319 872 οἰκίας,
1345 808 1396 860 οἰ
1423 806 1609 877 χωλοὶ,
1637 807 1690 857 οί
1715 821 1814 856 τυ-

237 898 397 968 φλοὶ,
431 899 482 950 οί
511 895 786 966 ἀνάπηροι
809 908 824 924 ⁶
853 888 1000 948 οὗτοι
1055 891 1271 953 ἐκείνας
1301 890 1400 952 τὰς
1453 888 1632 951 οἰκίας
1660 887 1807 941 οἰκο-

237 979 496 1053 δομοῦσι.
529 978 642 1033 Καὶ
669 976 748 1048 μὴ
777 974 1090 1044 θαυμάσῃς,
1141 973 1280 1026 ὅπου
1304 987 1369 1039 γε
1391 971 1485 1026 καί
1534 968 1813 1053 βασιλείαν

235 1050 383 1134 ἡμῖν
408 1054 556 1116 οῦτοι
585 1056 928 1128 προξενοῦσι,
954 1056 1052 1109 καὶ
1077 1053 1390 1126 παρρησίαν
1441 1053 1574 1124 ημῖν
1605 1050 1812 1106 διδόασι

238 1144 386 1198 πρὸς
408 1142 502 1196 τὸν
529 1139 684 1196 Θεόν.

291 1144 396 1278 P'bl‘!
942 1219 1106 1289 τέχνη
1135 1216 1220 1282 τίς
1245 1217 1395 1271 ἐστιν
1446 1215 1667 1289 ἀρίστη,
1716 1214 1814 1296 καί

237 1295 546 1381 προστάτις
573 1304 682 1358 τῶν
711 1302 1095 1375 ὀργιζομένων
1115 1301 1318 1370 αὐτήν·
1348 1299 1478 1381 φίλη
1489 1295 1814 1381 γάρτῷΘεῷ

242 1374 405 1463 [έθθ]
417 1390 555 1452 ἐστι,
572 1386 668 1440 καὶ
687 1374 914 1454 πλησίον
932 1383 1160 1451 ιστηκεν
1173 1381 1359 1447 αὐτοῦ,
1374 1380 1516 1463 ύπέρ
1527 1374 1814 1463 ῶνάνῗβού-

237 1461 430 1538 ληται,
458 1467 696 1529 εὐκόλως
719 1465 943 1519 αἰτοῦσα
967 1465 1147 1534 χάριν,
1168 1463 1332 1534 μόνον
1357 1462 1425 1516 ἀν
1456 1462 1531 1532 μὴ
1555 1461 1812 1531 ἀδικῆται

239 1553 380 1622 παρ’
403 1550 562 1621 ήμῶν
583 1566 599 1579 ’
621 1548 887 1602 ἀδικεῖται
906 1546 985 1612 δὲ,
1007 1547 1136 1600 ὅταν
1155 1543 1216 1609 ἐξ
1239 1543 1498 1613 ἁρπαγῆς
1519 1542 1690 1612 αὐτὴν
1715 1543 1813 1615 ἐρ-

237 1631 548 1703 γαζώμεθα
572 1646 586 1660 ⁸
609 1629 687 1692 ὡς
729 1629 825 1682 ἐὰν
921 1625 1157 1697 καθαρὰ,
1191 1623 1392 1696 πολλὴν
1419 1626 1535 1688 τοῖς
1563 1623 1814 1694 ἀναπέμ-

240 1731 447 1768 πουσιν
472 1712 643 1782 αὐτὴν
675 1709 858 1764 δίδωσι
883 1707 983 1778 τὴν
1011 1707 1350 1780 παρρησίαν.
1373 1705 1622 1774 Τοσαύτη
1640 1706 1814 1774 αὐτῆς

239 1798 281 1867 ἡ
314 1796 493 1866 ἰσχὺς,
515 1793 600 1848 δτι
626 1791 721 1846 καὶ
759 1789 902 1861 ὑπὲρ
935 1787 1458 1860 προσκεκρουκότων
1493 1785 1686 1850 δεῖται,
1719 1787 1813 1867 καὶ

242 1866 393 1949 ύπὶρ
441 1872 863 1947 ἡμαρτηκότων.
919 1871 1071 1941 Αὕτη
1115 1870 1478 1942 διαρρηγνυσι
1504 1867 1573 1922 τά
1600 1866 1809 1938 δεσμά,

239 1957 368 2012 λύει
387 1957 448 2012 τὸ
481 1957 696 2023 σκότος,
735 1954 988 2009 σϐέννυσι
1007 1953 1073 2008 τὸ
1105 1950 1240 2024 πῦρ,
1269 1951 1496 2007 θανατοῖ
1523 1950 1615 2004 τὸν
1668 1951 1813 2004 σκῶρ

241 2040 417 2111 ληκα,
469 2038 766 2092 ἀπελαύνει
796 2037 888 2090 τὸν
914 2035 1025 2090 τῶν
1076 2035 1303 2089 ὀδόντων
1337 2032 1580 2104 βρυγμόν
1603 2049 1616 2064 ο
1641 2031 1815 2104 ταύτῃ

245 2123 393 2192 μετά
420 2119 622 2192 πολλῆς
659 2119 839 2182 ἀδείας
869 2117 1175 2186 ἀνοίγονται
1209 2115 1319 2170 τῶν
1352 2114 1596 2185 οὐρανῶν
1624 2115 1682 2168 αἰ
1707 2113 1813 2166 πύη

241 2203 362 2258 λαι.
383 2201 496 2258 Καὶ
518 2200 706 2271 ῶσπερ
739 2198 1007 2272 βασιλίδος
1029 2198 1306 2269 εἰσιούσης
1346 2197 1520 2262 οὐδεὶς
1553 2194 1814 2271 τολμήσει

241 2286 362 2340 τῶν
385 2283 640 2354 φυλάκων
665 2283 774 2338 τῶν
793 2284 888 2336 ἐπὶ
913 2284 1031 2345 ταῖς
1053 2281 1244 2352 θύραις
1258 2280 1610 2350 τεταγμένων
1624 2277 1813 2343 ἐξετά-

245 2384 346 2421 σαι
371 2367 456 2432 τίς
470 2366 556 2437 εῖη
578 2367 674 2420 καὶ
703 2365 889 2429 πόθεν,
922 2362 1060 2419 ἀλλά
1083 2362 1283 2426 πάντες
1310 2361 1512 2426 εὐθέως
1529 2360 1817 2432 ὑποδέχον-

242 2463 374 2504 ταιο
401 2445 546 2502 οὕτω
558 2447 624 2517 δὴ
647 2445 852 2515 καὶτὴν
867 2444 1239 2516 ἐλεημοσύνην
1253 2459 1268 2473 ·
1287 2443 1500 2514 βασιλὶς
1533 2444 1645 2513 γάρ
1666 2443 1815 2496 ἐστιν

243 2532 444 2594 δντως,
482 2530 703 2600 ὁμοίους
745 2525 1067 2597 ἀνθρώπους
1127 2525 1356 2581 ποιοῦσα
1397 2525 1536 2596 Θεῷ.
1557 2527 1816 2580 Ἕσεσθε

245 2613 386 2683 γὰρ,
417 2613 603 2682 φησὶν,
625 2612 1011 2680 οἰκτίρμονες,
1048 2610 1132 2677 ὡς
1156 2612 1192 2665 δ
1221 2607 1424 2678 Πατὴρ
1449 2606 1618 2678 ὑμῶν
1644 2611 1678 2664 ό
1711 2609 1815 2662 οὑ-

237 2693 464 2765 ρᾶνιος
522 2693 836 2760 οἰκτίρμων
886 2693 1082 2747 ἐστιν.
1137 2692 1472 2764 Ύπόπτερός
1535 2693 1652 2747 ἐστι
1722 2691 1816 2746 καὶ

249 2776 459 2846 κούφη,
513 2775 794 2843 πτέρυγας
839 2775 1036 2845 ἐχουσα
1089 2777 1318 2846 χρυσᾶς,
1366 2775 1566 2843 πτῆσιν
1621 2774 1816 2846 έχουσα

250 2859 401 2913 πάνυ
454 2859 762 2931 τέρπουσαν
791 2859 913 2921 τοὺς
945 2857 1228 2926 ἀγγέλους.
1267 2858 1434 2922 Ἐκεῖ,
1481 2859 1649 2928 φησι,
1673 2857 1817 2912 Πτέ-

239 2957 434 3011 ρυγες
461 2937 812 3017 ξεριστερᾶς
877 2941 1435 3010 περιηργυρωμέναι,
1487 2940 1586 2994 καὶ
1618 2940 1692 2993 τὰ
1713 2957 1816 3009 με-

250 3023 521 3092 τάφρενα
555 3023 744 3090 αὐτῆς
768 3023 838 3076 ἐν
864 3025 1190 3093 χλωρότητι
1234 3025 1511 3092 χρυσίου.
1547 3025 1815 3098 Καθάπερ

254 3109 372 3175 γὰρ
427 3105 729 3176 περιστερά
775 3122 859 3169 τις
925 3106 1099 3176 χρυσῆ
1159 3107 1253 3158 καὶ
1312 3105 1500 3169 ζῶσα,
1557 3106 1816 3171 πέταται,

251 3179 414 3258 δμμα
470 3187 741 3258 προσηνὲς
799 3187 1029 3257 ἔχουσα,
1077 3187 1355 3259 ὀφθαλμὸν
1416 3190 1641 3260 ἥμερον.
1715 3191 1820 3242 Οὑ-

251 3272 349 3324 δὲν
404 3268 498 3323 τοῦ
548 3267 827 3338 ὀφθαλμοῦ
887 3270 1097 3322 ἐκείνου
1164 3269 1386 3340 βέλτιον.
1461 3271 1640 3333 Καλός
1705 3273 1818 3325 ἐστι

261 3353 358 3404 καὶ
394 3352 425 3404 ὀ
473 3349 661 3413 ταὼς,
721 3350 858 3404 ἀλλά
912 3351 1047 3422 πρὸς
1108 3352 1324 3423 ἐκείνην
1382 3353 1589 3416 κολοιός
1639 3355 1816 3406 ἐστιν·

259 3435 436 3496 οὕτως
478 3435 511 3500 ἡ
567 3433 714 3502 ὅρνις
772 3432 912 3503 αὕτη
966 3433 1106 3504 καλή
1164 3434 1248 3496 τίς
1295 3437 1409 3488 ἐστι
1466 3436 1558 3487 καὶ
1611 3435 1822 3503 θαυμα-

259 3516 384 3586 στή.
424 3516 569 3568 ’Δνω
600 3515 685 3568 διά
721 3517 918 3580 παντὸς
943 3518 1068 3587 ὁρᾷ,
1091 3516 1257 3587 πολλῇ
1302 3516 1397 3568 τοῦ
1430 3515 1562 3569 Θεοῦ
1598 3519 1664 3587 τῇ
1694 3517 1817 3588 δόξῃ

259 3598 739 3668 περιστοιχίζεται·
757 3599 1024 3668 παρθένος
1045 3601 1162 3653 ἐστὶ
1177 3601 1453 3669 πτέρυγας
1470 3597 1666 3668 ἔχουσα
1691 3616 1820 3668 χρυ-

261 3684 386 3742 σᾶς.
415 3681 869 3753 περιεσταλμένη,
897 3683 1086 3737 λευκὸν
1116 3683 1403 3754 πρόσωπον
1467 3682 1666 3752 ἔχουσα
1723 3681 1820 3734 καὶ

259 3765 470 3833 ἥμερον
487 3780 500 3793 ·
531 3764 833 3834 ύπόπτερός
856 3767 971 3817 ἐστι
998 3765 1088 3818 καὶ
1123 3764 1321 3835 κούφη,
1348 3765 1498 3834 παρὰ
1521 3765 1613 3818 τὸν
1631 3764 1818 3835 θρόνον

259 3847 477 3899 ἐστῶσα
500 3845 588 3899 τὸν
622 3846 919 3915 βασιλικόν.
958 3847 1122 3899 Ὅταν
1176 3847 1505 3916 κρινώμεθα,
1534 3848 1687 3916 ἄφνω
1725 3849 1820 3916 ἐφε-

265 3929 491 3981 ίπταται
521 3929 616 3981 καὶ
655 3930 924 3997 φαίνεται,
956 3930 1049 3982 καὶ
1086 3928 1380 3999 ἐξαιρεῖται
1402 3929 1501 3997 τῆς
1548 3929 1819 3993 κολάσεως

258 4012 432 4078 ἡμᾶς,
459 4013 579 4073 ταῖς
631 4011 800 4079 αὐτῆς
851 4010 1076 4081 πτέρυξι
1120 4011 1540 4082 περιϐάλλουσα.
1601 4013 1816 4080 Ταύτην

257 4092 406 4143 θέλει
434 4094 461 4143 6
490 4090 622 4155 Θεὸς
656 4091 885 4161 μᾶλλον,
922 4093 954 4162 ἢ
991 4091 1184 4156 θυσίας
1213 4111 1227 4124 ο
1255 4092 1424 4146 πολλὰ
1474 4096 1602 4164 περὶ
1648 4094 1817 4162 αὐτῆς

257 4173 601 4241 διαλέγεται·
624 4173 796 4237 οὕτως
821 4175 990 4242 αὐτὴν
1008 4174 1170 4243 φιλεῖ.
1203 4174 1406 4242 Χήραν
1429 4176 1525 4228 καὶ
1553 4175 1818 4242 ὀρφανὸν

261 4255 363 4308 καὶ
411 4255 658 4321 πένητα,
691 4257 874 4325 φησὶν,
912 4255 1308 4324 ἀναλήψεται.
1343 4257 1462 4308 Ἀπ’
1497 4257 1668 4327 αὐτῆς
1725 4274 1815 4324 φι-

262 4338 349 4388 λεῖ
365 4335 641 4389 καλεῖσθαι
659 4339 687 4389 ό
701 4337 832 4399 Θεός
853 4354 866 4366 ο
902 4339 1224 4406 Οῖκτίρμων
1243 4339 1342 4392 καί
1366 4339 1635 4407 ἐλεήμων
1654 4341 1687 4392 ό
1704 4340 1817 4392 Κύ-

256 4435 410 4487 ρθος,
457 4419 672 4486 φησὶνό
703 4418 882 4480 Δαυῖδ,
924 4422 1302 4490 μακρόθυμος
1346 4421 1443 4473 καί
1481 4421 1817 4487 πολυέλεος

261 4501 361 4554 καὶ
380 4500 694 4565 ἀληθινόςο
716 4502 808 4554 καὶ
835 4501 992 4555 πάλιν
1023 4503 1226 4572 ἔτερος,
1248 4504 1460 4568 Ἔλεος
1506 4503 1611 4557 τοῦ
1668 4505 1816 4558 Θεοῦ

259 4582 360 4636 ἐπὶ
387 4579 596 4636 πᾶσαν
630 4581 745 4649 τὴν
784 4582 918 4652 γῆν.
970 4584 1116 4655 Αὕτη
1157 4587 1218 4637 τὸ
1249 4585 1357 4638 τῶν
1403 4585 1700 4656 ἀνθρώπων
1727 4588 1818 4654 γέ-

258 4681 350 4724 νος
402 4663 700 4715 διέσωσεν·
734 4667 782 4716 εί
837 4665 944 4736 γὰρ
998 4667 1073 4737 μὴ
1124 4667 1355 4737 ⁴ἠλέησεν
1412 4671 1556 4738 ἡμᾶς
1586 4672 1613 4722 ὀ
1648 4670 1816 4734 Θεὸς,

261 4748 443 4800 πάντα
458 4745 524 4798 ἀν
549 4745 822 4799 ἀπόλωλεν
855 4765 868 4778 ·
903 4747 1040 4818 αὓτη
1073 4748 1296 4817 ἐχθροὺς
1320 4752 1466 4819 ἡμᾶς
1490 4751 1649 4814 ὄντας
1689 4770 1820 4805 κατ-

259 4827 513 4903 ήλλαξεν,
563 4826 700 4895 αῦτη
724 4829 791 4882 τὰ
817 4831 981 4900 μυρία
1020 4830 1199 4898 ἀγαθά
1232 4833 1542 4900 εἰργάσατο,
1569 4834 1705 4903 αὕτη
1727 4835 1818 4888 τὸν

262 4902 389 4970 Υἰδν
423 4907 520 4963 τοῦ
545 4909 679 4963 Θεοῦ
713 4911 894 4965 ἔπεισε
937 4912 1120 4965 δοῦλον
1167 4915 1425 4980 γενέσθαι
1455 4917 1547 4968 καὶ
1581 4902 1816 4970 κενῶσαι

946 373 1014 429 IN
1051 371 1272 430 EPIST.
1315 371 1406 426 AD
1443 367 1798 427 HEBREOS.
1839 365 1992 422 CAP.
2033 364 2152 420 XII.
2190 361 2428 420 HOMIL.
2473 364 2692 421 XXXII.

3376 363 3488 422 221

1916 475 2127 530 ἐαυτόν.
2154 474 2371 547 Ταύτην
2389 476 2748 547 ζηλώσωμεν,
2770 475 3064 545 ἀγαπητοὶ,
3087 477 3154 530 δι’
3184 471 3253 547 ἧς
3274 474 3488 546 ἐσώθη-

1927 553 2233 631 μενΊδθΟ]
2265 557 2471 628 ταύτην
2516 558 2914 628 ἀγαπήσωμεν,
2951 557 3156 628 ταύτην
3188 559 3489 629 χρημάτων

1924 640 2480 710 προτιμήσωμεν,καὶ
2507 640 2676 710 χωρὶς
2691 655 2795 709 χρη
2805 639 2990 710 μάτων
3020 639 3198 710 ψυχὴν
3219 639 3490 710 ἐλεήμονα

1916 720 2151 792 ῖχωμεν.
2187 721 2356 775 Οὐδὲν
2383 720 2528 774 οὕτω
2579 720 3082 791 χαρακτηριστικὸν
3131 721 3485 791 Χριστιανοῦ,

1913 805 1990 868 ῶς
2031 802 2369 875 ἐλεημοσύνη
2388 820 2402 835 ·
2435 803 2588 858 οὐδὲν
2617 803 2761 856 οὕτω
2784 805 2877 856 καὶ
2910 803 3134 856 ἀπιστοι
3153 804 3248 857 καὶ
3280 805 3489 868 πάντες

1914 887 2305 958 θαυμάζουσιν,
2323 888 2399 950 ὡς
2418 888 2546 940 ὅταν
2574 886 2835 955 ἐλεῶμεν.
2893 884 3170 957 Πολλαχοῦ
3237 885 3346 956 γάρ
3393 887 3490 941 καὶ

1913 971 2075 1042 ἡμεῖς
2107 970 2339 1040 δεόμεθα
2369 968 2465 1022 τοῦ
2493 967 2681 1032 ἐλέους
2707 969 2924 1032 τούτου,
2948 969 3046 1022 καὶ
3073 968 3210 1039 πρὸς
3237 969 3332 1023 τὸν
3357 968 3490 1022 Θεὸν

1914 1052 2038 1108 καθ’
2077 1053 2314 1123 ἐκάστην
2351 1052 2584 1121 λέγομεν
2605 1067 2620 1084 ·
2665 1050 2831 1105 Κατά
2864 1051 2933 1105 τὸ
2974 1051 3130 1121 μέτα
3165 1067 3282 1106 σου
3317 1051 3490 1116 ἕλεος

1914 1135 2174 1204 ἐλέησον
2189 1132 2368 1203 ἡμᾶς.
2390 1135 2662 1205 Πρότερον
2692 1134 2849 1188 αὐτοὶ
2866 1133 3165 1204 ἀρχώμεθα
3180 1152 3193 1164 ·
3219 1133 3418 1204 μᾶλλον
3431 1134 3490 1187 δὲ

1913 1220 2014 1273 οὐκ
2026 1216 2310 1288 ἀρχόμεθα
2322 1218 2608 1289 πρότερονο
2629 1215 2727 1270 καὶ
2745 1215 2854 1287 γὰρ
2874 1215 3034 1280 αὐτὸς
3048 1216 3150 1287 ἤδη
3179 1215 3489 1283 ἐπεδείξατο

1912 1303 2004 1354 τὸν
2016 1300 2165 1354 ἔλεον
2193 1298 2356 1353 αὑτοῦ
2374 1299 2466 1352 τὸν
2495 1298 2626 1368 περὶ
2659 1298 2831 1369 ἡμᾶς.
2870 1296 3033 1363 Ἀλλ’,
3059 1299 3356 1368 ἀγαπητοὶ,
3385 1299 3490 1352 κάν

1913 1382 2156 1455 δεύτεροι
2196 1379 2476 1452 ιπῶμεθα.
2511 1381 2575 1433 Εἰ
2609 1380 2718 1449 γὰρ
2747 1378 3027 1450 ἀνθρωττοι
3057 1380 3150 1432 τὸν
3181 1381 3448 1450 ἐλεήμονα
3470 1423 3485 1440 .

1915 1465 2019 1518 κάν
2043 1465 2212 1537 μυρία
2239 1463 2540 1534 ἐργάσηται
2570 1463 2962 1535 ἁμαρτήματα,
3026 1461 3272 1516 ἐλεοῦσιο
3305 1463 3488 1532 πολλῷ

1924 1545 2125 1616 μᾶλλον
2140 1547 2170 1598 ὀ
2194 1545 2347 1607 Θεός.
2370 1547 2568 1597 ’Δκουε
2595 1543 2687 1598 τοῦ
2719 1544 2999 1615 προφήτου
3025 1543 3274 1612 λέγοντος
3295 1560 3310 1576 ο
3351 1545 3491 1614 Ἐγὼ

1915 1627 1984 1682 δὲ
2012 1627 2158 1684 ὡσεί
2178 1627 2373 1692 ἐλαία,
2406 1629 2562 1696 φησι,
2599 1625 2982 1694 κατάκαρπος
3011 1625 3080 1678 ἂν
3107 1625 3188 1692 τῷ
3203 1626 3352 1690 οίκῳ
3383 1626 3489 1681 τοῦ

1919 1709 2088 1762 Θεοῦ.
2107 1703 2352 1761 Τοιοῦτοι
2376 1707 2685 1776 γενώμεθα,
2707 1707 2784 1771 ὡς
2805 1707 2962 1762 ἐλαία
2997 1706 3287 1777 γενώμεθα
3305 1723 3320 1739 ο
3354 1707 3489 1760 πάν-

1917 1789 2073 1843 τοθεν
2133 1788 2448 1860 βριθὼμεθα
2496 1792 2618 1852 ταῖς
2673 1789 2913 1853 ἐντολαῖς
2941 1806 2956 1820 ·
2992 1791 3054 1844 οὐ
3082 1790 3190 1859 γάρ
3233 1791 3394 1861 ἀρκεῖ
3413 1789 3491 1852 ὡς

1919 1872 2106 1926 ἐλαίαν
2131 1869 2294 1933 εἶναι,
2317 1870 2453 1924 ἀλλά
2473 1871 2568 1924 καὶ
2599 1871 2976 1940 κατάκαρπον.
3010 1871 3132 1923 Εἰσὶ
3165 1871 3276 1941 γάρ
3302 1869 3352 1925 οῖ
3380 1870 3494 1924 ἐλε-

1919 1954 2106 2016 οῦντες
2166 1951 2322 2020 ὀλίγα
2363 1951 2621 2016 διδόασιν,
2652 1951 2800 2021 ἢδιά
2849 1950 3049 2015 παντὸς
3096 1951 3193 2004 τοῦ
3246 1951 3491 2006 ἐνιαυτοῦ

1921 2034 2091 2101 ἀπαξ,
2118 2033 2152 2105 ἦ
2181 2033 2304 2087 καθ’
2349 2033 2587 2105 ἑκάστην
2619 2033 2889 2104 ἑϐδομάδα
2907 2073 2922 2099 ,
2953 2034 2987 2104 ἢ
3014 2033 3077 2087 τὸ
3099 2033 3267 2104 τυχὸν
3305 2035 3494 2106 προϊέ-

1922 2131 2074 2186 μενοι
2101 2131 2116 2149 ο
2140 2109 2288 2170 οὗτοι
2317 2115 2493 2168 ἐλαῖαι
2519 2115 2620 2185 μέν
2640 2117 2798 2180 εἰσιν,
2813 2115 2876 2169 οὐ
2897 2115 3243 2186 κατάκαρποι
3261 2115 3338 2183 δὶ,
3357 2116 3493 2171 ἀλλά

1919 2195 2226 2268 καὶτξηραί.
2253 2196 2380 2250 Ὀτι
2397 2196 2498 2266 μέν
2525 2195 2635 2267 γάρ
2662 2195 2926 2260 ἐλεοῦσιν,
2967 2195 3145 2249 nam
3168 2214 3184 2227 ο
3230 2197 3313 2250 δτι
3341 2197 3399 2250 δὶ
3429 2197 3491 2250 ού

1919 2279 2242 2351 φιλοτίμως,
2266 2278 2328 2332 ού
2355 2277 2701 2352 κατάκαρποι
2732 2277 2932 2333 ιλαῖαι.
2975 2277 3119 2332 Ἀλλ’
3143 2279 3305 2349 ἡμεῖς
3327 2280 3496 2332 κατά-

1920 2377 2128 2434 καρποι
2151 2359 2459 2430 γενώμεθα.
2503 2361 2568 2414 Ὃ
2595 2360 2858 2426 πολλάκις
2880 2357 3053 2426 εἷπον,
3085 2360 3180 2415 καὶ
3206 2359 3350 2428 λέγω
3373 2359 3490 2414 νῦν

1918 2446 1979 2498 οὐ
1995 2443 2075 2515 τῷ
2098 2442 2283 2514 μέτρῳ
2303 2441 2412 2496 τῶν
2437 2442 2730 2513 διδομένων
2753 2442 2815 2496 τὸ
2837 2442 3066 2514 μέγεθος
3093 2443 3372 2497 δείκνυται
3391 2443 3494 2512 τῆς

1919 2523 2316 2597 ἐλεημοσύνης,
2343 2523 2484 2578 ἀλλά
2507 2527 2575 2595 τῇ
2604 2525 2922 2596 προαιρέσει
2946 2524 3041 2578 τοῦ
3067 2523 3320 2589 διδόντος.
3343 2525 3492 2599 Ἵστε

1918 2608 1988 2664 τά
2019 2608 2165 2664 κατά
2188 2609 2286 2678 τὴν
2313 2607 2489 2679 χήραν
2517 2624 2532 2638 ·
2563 2607 2729 2661 καλὸν
2758 2606 2847 2660 ἀεὶ
2865 2605 3056 2676 φέρειν
3084 2607 3241 2661 τοῦτο
3267 2607 3328 2660 τὸ
3362 2607 3494 2660 ὑπό-

1918 2692 2144 2762 δειγμα,
2173 2690 2263 2745 ῖνα
2300 2690 2436 2761 μηδι
2458 2690 2487 2742 ὀ
2516 2689 2682 2760 πένης
2705 2687 3058 2760 ἀπογινώσκῃ
3106 2687 3323 2754 ἐαυτοῦ,
3350 2687 3494 2758 όριῖιν

1921 2775 2002 2838 εἰς
2025 2771 2126 2843 τὴν
2153 2771 2225 2825 τά
2242 2771 2338 2826 δύο
2381 2769 2555 2824 λεπτὰ
2579 2769 3013 2825 καταϐαλοῦσαν.
3050 2771 3329 2839 Ἧνεγκάν
3349 2785 3495 2834 τινες

1921 2856 2016 2912 καὶ
2048 2857 2243 2926 τρίχας
2270 2856 2329 2909 ἐν
2358 2858 2426 2926 τῇ
2443 2853 2539 2908 τοῦ
2561 2855 2689 2909 ναοῦ
2719 2857 3054 2923 κατασκευῇ,
3082 2855 3177 2907 καὶ
3199 2854 3318 2908 οὐδὲ
3349 2848 3493 2907 οὗτοι

1921 2939 2334 3011 ἁπεϐλήθησαν.
2377 2939 2520 2994 Ἀλλ’
2553 2940 2601 2992 εἰ
2641 2939 2740 3010 μὲν
2764 2939 2984 3009 χρυσίον
3017 2937 3252 3009 ἔχοντες,
3298 2940 3492 3008 τρίχας

1916 3022 2131 3095 ἔφερον,
2187 3020 2612 3093 ἐπικατάρατοι·
2650 3021 2778 3075 εἰδέ
2817 3022 2979 3075 τοῦτο
3027 3021 3242 3091 ἔχοντες
3295 3020 3491 3089 μόνον,

1915 3105 2074 3158 τοῦτο
2119 3104 2392 3174 ᾖνεγκαν,
2456 3105 2762 3159 ἀπόδεκτοι.
2809 3104 2906 3157 Διά
2958 3103 3116 3157 τοῦτο
3170 3103 3265 3157 καὶ
3292 3106 3322 3156 ὁ
3351 3104 3493 3157 Κάἵν

1917 3186 2202 3257 ἐμέμφθη,
2227 3187 2327 3241 οὐκ
2345 3187 2534 3258 ἐπειδὴ
2551 3186 2727 3255 φαῦλα
2748 3187 3145 3258 προσήνεγκεν,
3168 3184 3280 3239 ἀλλ’
3304 3184 3494 3254 ἐπειδὴ

1916 3263 1991 3324 ὧν
2011 3267 2122 3339 εἶχε
2135 3269 2202 3323 τά
2223 3270 2529 3341 φαυλότερα
2546 3288 2558 3300 ο
2580 3269 3061 3337 Ἐπικατάρατος,
3085 3267 3269 3337 φησὶν,
3287 3266 3355 3333 ὸς
3370 3266 3494 3334 ἔχει

1917 3351 2128 3420 ἄρσεν,
2148 3352 2245 3405 καί
2265 3352 2392 3406 θύει
2401 3351 2832 3421 διεφθαρμένον
2846 3348 2926 3419 τῷ
2943 3351 3084 3418 Θεῷ,
3103 3351 3215 3420 Οὐχ
3226 3349 3409 3414 ἁπλῶς
3424 3346 3495 3403 εἷ-

1920 3452 2042 3498 πεν,
2077 3434 2411 3504 ἀλλ’ὁέχων,
2442 3435 2598 3504 φησὶ,
2631 3435 2726 3488 καὶ
2757 3435 3092 3504 φειδόμενος.
3123 3433 3187 3486 Εἰ
3213 3432 3391 3486 τοίνυν
3408 3449 3494 3496 τις

1919 3516 2020 3571 οὐκ
2053 3515 2188 3586 ἔχει,
2221 3515 2565 3586 ἀπήλλακται
2605 3517 2700 3569 καὶ
2753 3516 3136 3587 ἐγκλημάτων,
3199 3515 3397 3585 μᾶλλον
3434 3515 3492 3568 δέ

1916 3598 2032 3669 ἔχει
2081 3598 2291 3668 μισθόν.
2324 3598 2390 3650 Τί
2418 3598 2524 3668 γὰρ
2557 3599 2650 3652 δύο
2708 3598 2911 3653 ὀϐολῶν
2966 3598 3367 3668 εὐτελέστερον,
3396 3599 3492 3652 καὶ

1914 3680 2118 3750 τριχῶν
2153 3681 2645 3752 ούδαμινέστερονς
2680 3683 2732 3735 τί
2763 3681 2818 3734 δὲ
2847 3680 3178 3748 σεμιδάλεως
3207 3679 3438 3749 κοτύλης
3469 3697 3485 3745 ;

1917 3762 2032 3816 ἀλλ’
2042 3764 2192 3833 ὅμως
2200 3762 2376 3816 ταῦτα
2388 3763 2574 3834 ηὑδοκί
2581 3763 2964 3834 μησενξόμοίως
2976 3765 3084 3826 τοῖς
3100 3761 3251 3833 [301]
3269 3761 3490 3832 μόσχοις

1917 3847 2012 3899 καὶ
2027 3844 2105 3916 τῷ
2122 3846 2350 3917 χρυσίῳ.
2385 3846 2524 3902 Καθ’
2542 3845 2573 3900 δ
2591 3847 2701 3916 γὰρ
2725 3846 2848 3914 ἔχει
2876 3863 2986 3910 τις,
3021 3845 3486 3912 εὐπρόσδεκτος,

1915 3929 1989 3982 οὐ
2035 3929 2164 3982 καθ’
2179 3927 2211 3982 δ
2227 3929 2340 3982 οὐκ
2373 3927 2497 3996 ἔχει
2517 3945 2531 3959 ο
2574 3929 2690 3992 καὶ,
2706 3929 2801 3993 Ὠς
2821 3929 2897 3981 ἂν
2916 3927 3050 3996 ἔχῃ,
3084 3928 3268 3998 φησὶν,
3287 3930 3324 3994 ἡ
3356 3928 3486 3997 χείρ

1916 4026 2054 4077 σου,
2081 4005 2149 4065 εὗ
2169 4012 2326 4064 ποίει
2350 4011 2478 4075 ·διὸ,
2509 4010 3173 4081 παρακαλῶ,κενώσωμεν
3191 4010 3486 4082 προθύμως

1915 4093 1987 4146 τά
2001 4093 2129 4146 ὅντα
2144 4095 2225 4156 είς
2239 4094 2365 4156 τοὺς
2383 4093 2642 4161 πένητας·
2663 4092 2763 4147 κᾶν
2784 4092 2940 4161 ὀλίγα
2955 4087 3010 4166 ᾗ.
3028 4093 3118 4146 τὸν
3135 4093 3296 4146 αὑτὸν
3317 4092 3486 4162 ληψό-

1922 4176 2060 4246 μεθα
2089 4177 2279 4244 μισθὸν
2311 4178 2424 4240 τοῖς
2462 4176 2530 4228 τά
2559 4175 2779 4228 πλείονα
2811 4175 3229 4237 καταϐάλλουσι,
3285 4175 3485 4245 μᾶλλον

1921 4259 1979 4312 δὲ
2006 4258 2228 4312 πλείονα
2263 4258 2374 4311 τῶν
2405 4259 2574 4328 μυρία
2618 4258 2857 4312 τάλαντα
2889 4258 3356 4312 καταϐαλλόντων.
3387 4259 3485 4311 Ἂν

1915 4340 2090 4395 ταῦτα
2116 4340 2380 4411 ποιῶμεν,
2405 4339 2797 4409 ἐπιτευξόμεθα
2817 4340 2923 4393 τῶν
2949 4341 3171 4408 ἀφάτων
3194 4341 3485 4411 θησαυρῶν

1918 4423 2009 4477 τοῦ
2043 4422 2201 4487 Θεοῦ,
2233 4423 2300 4476 ἀν
2320 4422 2395 4494 μὴ
2425 4423 2714 4492 ἀκούωμεν
2741 4422 2924 4492 μόνον,
2947 4424 3084 4477 ἀλλά
3107 4425 3199 4478 καὶ
3226 4425 3482 4495 πράττω-

1922 4522 2042 4575 μεν,
2079 4505 2146 4559 ἂν
2169 4505 2244 4576 μὴ
2275 4504 2605 4574 ἐπαινῶμεν,
2637 4505 2771 4558 ἀλλά
2792 4505 2886 4559 καὶ
2915 4505 3001 4558 διὰ
3033 4507 3141 4559 τῶν
3163 4506 3339 4576 ἔργων
3367 4509 3486 4560 ἐπι-

1918 4589 2274 4656 δεικνύωμεν.
2320 4581 2420 4640 Ὧν
2472 4589 2680 4655 γένοιτο
2728 4588 2933 4651 πάντας
2980 4590 3127 4658 ἡμᾶς
3185 4590 3480 4657 ἐπιτυχεῖν,

1920 4673 2102 4742 χάριτι
2131 4671 2221 4722 καὶ
2253 4669 2627 4739 φιλανθρωπίᾳ
2640 4669 2732 4722 τοῦ
2750 4671 2954 4740 Κυρίου
2980 4670 3138 4740 ὴμῶν
3165 4670 3337 4740 Ἰησοῦ
3358 4672 3485 4739 Χρι-

1919 4752 2068 4817 στοῦ,
2134 4751 2251 4821 μεθ’
2276 4745 2338 4805 οῦ
2367 4751 2444 4822 τῷ
2475 4752 2682 4822 Πατρί,
2727 4751 2842 4821 ἆμα
2873 4750 2951 4822 τῷ
2984 4753 3122 4822 ἁγίῳ
3179 4752 3479 4822 Πνεύματι,

1917 4834 2042 4897 δόξα
2071 4875 2086 4900 ,
2109 4834 2327 4904 κράτος,
2348 4833 2503 4904 τιμὴ,
2531 4833 2626 4889 νῦν
2651 4835 2742 4888 καὶ
2770 4835 2877 4901 ἀεὶ,
2905 4835 2998 4889 καὶ
3017 4837 3097 4900 εἰς
3116 4837 3242 4900 τοὺς
3278 4833 3481 4900 αἰῶνας

1917 4918 2026 4970 τῶν
2057 4916 2288 4970 αἰώνων.
2322 4917 2374 4969 ’Δ
2388 4917 2514 4987 μήν.
