4134 6342
228 393 334 449 133

946 383 1010 440 ΙΝ
1050 381 1259 440 1ΞΡ18Τ.
1304 379 1394 436 AD
1434 367 1787 433 ΠΕΒηίΕΟΞ.
1830 366 1978 425 CAI‘.
2021 363 2159 422 Χ111.
2220 364 2448 424 1103111..
2488 367 2728 426 XXXI".

3370 383 3475 439 2:26

1523 562 1858 624 HOMILIA
1905 562 2202 625 XXXIII.

229 690 365 744 CAP.
399 687 483 743 12.
518 704 568 741 γ.
599 686 690 743 ἰ8.
722 686 903 756 Itaque
928 700 1133 752 regnum
1163 683 1412 737 immobile
1441 685 1763 752 suscipientes
1787 724 1802 747 ,

305 781 579 834 habeamus
594 778 828 848 gratiam,
854 792 941 843 per
964 792 1111 842 quam
1134 776 1405 827 serviamus
1426 773 1674 843 placentes
1697 772 1803 827 Deo

303 887 421 924 cum
443 880 574 921 metu
604 879 651 920 et
674 867 963 921 reverentia.
987 866 1077 919 29.
1102 864 1298 918 Etenim
1327 862 1459 916 Deus
1485 874 1651 916 noster
1674 863 1805 934 ignis

300 976 599 1015 consumens
622 966 712 1012 est.

307 1053 356 1105 1.
387 1050 537 1117 Quod
568 1050 689 1103 alibi
722 1048 867 1110 dicit,
895 1047 1021 1113 Quae
1039 1048 1170 1100 enim
1198 1046 1445 1111 videntur,
1470 1057 1586 1098 sunt
1612 1055 1804 1114 tempo-

228 1146 365 1197 ralia
388 1160 407 1205 ;
430 1158 542 1212 quat
564 1154 847 1195 autemnon
872 1141 1119 1203 videnlur,
1142 1150 1323 1193 eterna
1352 1140 1423 1209 (2.
1450 1138 1565 1193 Cor.
1590 1140 1643 1193 4.
1675 1140 1798 1209 lit);

227 1245 281 1290 et
310 1251 378 1289 es
412 1249 476 1287 eo
501 1232 714 1287 adhibet
742 1232 1158 1286 consolationem
1186 1231 1235 1283 in
1264 1230 1413 1283 malis
1438 1246 1555 1299 quae
1582 1228 1800 1285 ferimus

227 1328 278 1379 in
312 1327 417 1379 vita
451 1324 730 1393 prmsenti;
766 1324 866 1378 hoc
893 1323 975 1377 hic
1005 1338 1215 1391 quoque
1247 1320 1368 1376 facit
1394 1334 1445 1375 et
1475 1322 1597 1375 dicit
1632 1340 1645 1374 :
1680 1320 1794 1375 Ila-

222 1420 433 1473 beamus
476 1419 729 1489 gratiam;
760 1417 859 1471 hoc
892 1427 993 1475 est.
1020 1417 1127 1469 Deo
1164 1430 1381 1485 agamus
1416 1414 1610 1483 gratias
1634 1456 1647 1477 ,
1680 1430 1793 1467 ma-

223 1528 449 1566 neamus
478 1512 635 1565 ﬁrmi.
669 1509 783 1564 Non
819 1510 989 1563 solum
1032 1509 1172 1563 enim
1215 1524 1318 1561 non
1358 1508 1614 1562 debemus
1654 1523 1795 1577 aegre

221 1603 365 1655 turre
409 1600 687 1672 prmsentia
708 1640 723 1664 ,
756 1600 847 1652 sed
875 1600 1031 1653 etiam
1064 1606 1276 1667 propter
1309 1596 1479 1650 futura
1512 1600 1791 1651 maximam

222 1690 423 1745 habere
464 1691 706 1759 gratiam.
750 1688 853 1743 Per
889 1706 1038 1757 quam
1081 1690 1351 1743 serviamus
1386 1689 1507 1741 bene
1547 1692 1792 1758 placentes

222 1782 367 1843 Deo;
400 1783 449 1836 id
478 1791 592 1845 est,
621 1782 695 1834 sic
724 1782 863 1835 enim
895 1782 1015 1834 licet
1043 1782 1243 1835 servire
1277 1781 1382 1836 Deo
1414 1782 1546 1835 bene
1578 1783 1788 1849 placen-

220 1881 349 1937 tem,
379 1873 423 1927 si
456 1873 506 1925 io
534 1872 782 1926 omnibus
810 1873 915 1940 agit
942 1872 1156 1941 gratias.
1188 1870 1392 1936 Omnia,
1424 1872 1612 1941 inquit,
1643 1875 1791 1941 facile

216 1962 404 2029 absque
448 1963 925 2015 murmurationibus
964 1971 1011 2015 et
1050 1960 1791 2031 disceptationibus(Pltilip.2.

216 2056 325 2124 11).
357 2055 507 2123 Quod
538 2056 678 2109 enim
711 2054 895 2109 fecerit
922 2055 1181 2124 quisuiatn
1211 2071 1566 2117 murmurans,
1595 2055 1651 2110 id
1675 2072 1787 2109 am-

216 2156 362 2213 putat
388 2158 439 2200 et
464 2146 633 2214 perdit
662 2144 981 2209 mercedem,
1006 2146 1139 2199 sicut
1171 2144 1451 2199 lsraelitae:
1477 2147 1625 2201 scitis
1643 2148 1785 2201 enim

212 2252 346 2307 quas
390 2250 573 2302 poenas
602 2236 863 2291 dederunt
892 2235 961 2289 ob
1003 2240 1465 2290 murmurationes.
1499 2236 1782 2304 Propterea

211 2328 369 2382 dicit:
404 2326 581 2398 Neque
610 2329 945 2380 murmnretis.
968 2326 1080 2380 Non
1110 2338 1281 2395 potest
1299 2342 1425 2397 ergo
1451 2326 1562 2382 ﬁeri
1595 2339 1650 2381 ut
1676 2330 1783 2382 Deo

212 2419 281 2471 ita
309 2420 516 2473 servias
545 2428 597 2471 nt
625 2418 673 2472 ci
706 2418 915 2486 placeas
939 2459 953 2481 ,
980 2418 1022 2469 si
1052 2431 1156 2469 non
1196 2418 1243 2470 ei
1276 2417 1471 2471 habeas
1495 2420 1690 2487 gratias
1715 2418 1783 2474 de

211 2510 459 2563 omnibus
477 2518 529 2563 ct
558 2510 623 2563 de
653 2508 1024 2562 Ientationibus
1044 2518 1097 2562 et
1123 2507 1190 2561 de
1216 2508 1410 2576 quiete.
1431 2507 1556 2561 Cum
1579 2520 1708 2562 metu
1736 2520 1783 2563 et

209 2601 515 2664 reverentia;
538 2600 639 2654 hoc
664 2610 766 2663 est,
790 2598 918 2651 nihil
943 2598 1219 2668 loquamur
1249 2598 1527 2667 impudens
1552 2609 1605 2654 et
1631 2615 1783 2654 arro-

209 2704 362 2760 gans,
383 2691 475 2745 sed
508 2704 603 2744 nos
631 2704 1029 2758 componamus,
1047 2700 1102 2743 ut
1128 2691 1292 2744 simus
1316 2692 1599 2745 reverendi
1636 2710 1647 2745 :
1680 2691 1782 2748 hoc

208 2781 348 2833 enim
374 2790 452 2833 est
479 2780 616 2848 quod
644 2780 771 2833 dicit
791 2778 941 2833 :Cunt
970 2788 1099 2831 metu
1127 2789 1173 2831 et
1200 2782 1492 2833 reuerentia.
1518 2780 1778 2851 (CapJS)

208 2872 473 2927 LCaritas
503 2875 829 2943 fraternitatis
856 2886 1056 2929 maneat
1081 2875 1135 2929 in
1156 2879 1311 2932 vobis.
1336 2877 1394 2930 2.
1420 2875 1489 2930 Et
1515 2877 1777 2948 hospitali-

208 2972 351 3018 tatem
370 2965 522 3018 nolite
534 2966 755 3019 oblivisci
766 2982 785 3019 :
798 2983 887 3037 per
900 2972 1030 3020 lianc
1040 2968 1171 3021 enim
1183 2969 1435 3021 latuerunt
1453 2969 1676 3037 quidam,
1694 2984 1785 3021 an-

207 3054 327 3123 gelis
353 3055 570 3123 hospitio
592 3056 965 3126 exceptisNide
986 3058 1253 3126 quomodo
1272 3058 1424 3127 jubet
1446 3072 1539 3113 eos
1561 3074 1775 3111 scrvare

208 3145 485 3211 prmscntia
520 3163 533 3199 :
564 3161 660 3199 nec
696 3145 843 3200 addit
886 3146 1025 3211 alia;
1068 3162 1171 3201 non
1212 3149 1351 3202 enim
1382 3148 1550 3202 dixit:
1592 3148 1775 3204 Estote

205 3244 471 3289 amatores
510 3235 761 3302 fratrum,
797 3235 923 3291 sed:
960 3235 1167 3290 Maneat
1200 3239 1385 3291 caritas
1422 3239 1771 3307 fraternitatis.

206 3323 271 3379 Et
292 3341 476 3381 rursus
504 3342 607 3381 non
634 3326 784 3392 dicit,
816 3327 999 3383 Estote
1024 3328 1332 3398 hespitales,
1360 3345 1421 3384 ac
1444 3330 1486 3384 si
1516 3331 1647 3385 tales
1668 3346 1772 3385 non

204 3413 342 3479 sint;
372 3415 464 3469 sed
486 3456 501 3480 ,
536 3414 910 3486 Hospitalitatis
948 3418 1102 3471 nolite
1139 3418 1362 3472 oblivisci
1390 3434 1408 3473 :
1434 3430 1607 3488 potest
1632 3422 1771 3475 enim

208 3505 305 3562 hoc
351 3507 592 3563 accidere
635 3525 697 3562 ex
744 3508 1135 3564 afﬂictionibus.
1188 3510 1390 3567 Deinde
1438 3512 1490 3566 id
1538 3512 1759 3577 addidit,

205 3599 341 3666 quod
384 3600 552 3668 magis
584 3609 781 3667 poterat
812 3602 1073 3663 excitare,
1104 3601 1288 3657 dicens
1317 3620 1331 3657 :
1358 3600 1631 3657 Inscientes
1660 3605 1773 3673 qui-

205 3688 318 3740 dum
339 3690 545 3759 angelos
566 3691 784 3758 hospitio
808 3702 1130 3755 exceperunt.
1155 3690 1317 3747 Vides
1334 3704 1560 3761 quantus
1582 3694 1769 3757 honor,

204 3793 453 3849 quantum
495 3782 696 3836 lucrum
741 3782 935 3837 fuerit”!
974 3782 1110 3849 Quid
1148 3792 1262 3850 est,
1295 3783 1618 3840 Inscientes?
1658 3784 1772 3840 Non

204 3881 584 3939 cognoscentes
633 3870 863 3941 hospitio
910 3881 1255 3940 exceperunt.
1298 3873 1420 3929 Ideo
1465 3889 1653 3945 magna
1692 3886 1775 3931 est

204 3960 506 4015 Abrahamo
534 3976 738 4017 merces
759 4002 775 4028 ,
804 3962 942 4031 quod
976 3964 1220 4018 nesciens
1244 3978 1338 4019 eos
1365 3979 1485 4019 esse
1510 3965 1726 4035 angelos
1752 4008 1766 4030 ,

205 4050 435 4123 hospitio
460 4054 732 4122 exceperit
761 4071 775 4107 :
808 4070 925 4108 nam
954 4056 997 4108 si
1028 4054 1290 4115 scivisset.
1324 4069 1430 4109 non
1461 4056 1648 4111 ﬁnisset
1672 4057 1772 4110 mi-

204 4143 449 4199 randum.
480 4143 705 4211 Quidam
734 4144 917 4198 dicunt
956 4158 1077 4199 eum
1117 4143 1204 4199 hic
1236 4145 1396 4200 etiam
1433 4145 1771 4202 subindicare

205 4233 411 4289 Lutum.
442 4236 495 4301 3.
530 4235 834 4290 Mementote
852 4236 1129 4289 vinctorum
1149 4246 1401 4306 tamquam
1420 4237 1570 4291 simul
1595 4238 1768 4304 vincti,

204 4334 247 4378 et
276 4327 612 4380 laborantium
633 4339 886 4399 tamquam
914 4337 959 4381 et
982 4328 1079 4399 ipsi
1106 4328 1390 4396 incorpore
1414 4338 1687 4384 morantes.
1712 4330 1767 4385 4.

207 4415 514 4472 Honorabile
539 4418 838 4472 connubium
870 4418 923 4472 in
950 4419 1207 4485 omnibus,
1232 4427 1276 4472 et
1305 4429 1444 4473 tarus
1470 4420 1771 4473 immacula-

204 4518 280 4561 tus
312 4524 329 4561 :
356 4509 684 4578 fornicatores
712 4518 876 4561 autem
901 4518 945 4562 et
970 4508 1226 4563 adulteros
1248 4509 1495 4579 judicabit
1524 4508 1682 4565 Deus.
1713 4512 1766 4567 5.

204 4598 319 4652 Sint
362 4615 525 4653 mores
562 4600 673 4654 sine
712 4600 965 4664 avaritia;
997 4600 1211 4654 contenti
1254 4602 1597 4669 prcsentibus.
1640 4601 1770 4657 Vide

204 4704 354 4758 quam
386 4692 547 4744 multa
574 4690 729 4745 verba
760 4689 917 4745 faciat
944 4691 1009 4745 de
1048 4693 1414 4761 temperantia.
1452 4692 1657 4757 Pacem,
1687 4694 1767 4748 in-

204 4781 332 4849 quit,
363 4781 618 4835 sectetnini
642 4790 685 4835 et
712 4782 1194 4850 sanctiﬁcationetn;
1225 4792 1301 4848 et,
1332 4782 1494 4839 Nemo
1518 4787 1583 4839 sit
1612 4790 1771 4855 form-

205 4882 340 4925 eator
383 4882 471 4925 aut
514 4874 801 4941 profanus;
834 4880 886 4926 et
924 4888 1062 4926 nunc
1101 4889 1317 4939 rursus,
1349 4873 1700 4929 Fornicatores
1727 4898 1751 4930 ε

206 4962 457 5017 adulteros
473 4963 722 5035 judicabit
745 4961 905 5018 Deus.
928 4963 1132 5036 Ubique
1149 4978 1269 5017 cum
1302 4980 1458 5033 pmna
1486 4976 1567 5021 est
1586 4966 1769 5036 probi-

206 5052 349 5109 li‘nio.
374 5054 441 5109 Et
464 5057 751 5127 quomodo,
770 5057 893 5113 hinc
920 5061 1189 5129 perpendo
1216 5076 1231 5112 :
1258 5072 1379 5112 eum
1408 5058 1648 5121 dixisset,
1666 5055 1775 5111 Pa-

205 5156 306 5196 crm
427 5143 695 5198 sectemini
776 5162 889 5202 curn
982 5148 1212 5202 omnibus
1230 5156 1279 5201 et
1304 5148 1769 5217 snncti/icationem,

204 5232 502 5302 subiunxit:
532 5234 658 5291 Sine
679 5252 778 5306 qua
797 5252 943 5291 nemo
966 5237 1148 5293 ridebit
1171 5237 1445 5293 Dominum
1470 5237 1656 5309 (Hebr.
1680 5240 1767 5294 12.

205 5320 329 5391 il):
361 5323 447 5379 hic
468 5339 616 5391 vero,
648 5324 1004 5383 Fornieatores
1028 5338 1192 5384 autem
1222 5337 1267 5382 et
1292 5328 1547 5383 adulteros
1567 5328 1769 5399 iudica-

204 5410 270 5463 bit
300 5413 436 5470 Deus
457 5432 476 5481 ;
499 5427 554 5472 et
579 5431 699 5473 cum
727 5419 874 5489 prius
903 5421 1165 5489 posuisset
1190 5442 1202 5478 :
1235 5419 1547 5476 Honorabile
1571 5438 1769 5477 canna-

204 5500 329 5560 bium
357 5508 411 5562 in
440 5510 701 5575 omnibus,
733 5520 779 5566 et
807 5521 944 5566 torus
979 5513 1331 5567 immuculatus
1361 5529 1381 5566 :
1410 5528 1566 5583 paena
1592 5514 1767 5569 addita

205 5598 427 5652 ostendit
454 5612 512 5653 se
531 5599 652 5667 jure
674 5600 1013 5671 subjuuxisse
1034 5617 1092 5658 ea
1118 5618 1236 5673 qua:
1263 5601 1514 5673 deinceps
1541 5618 1771 5673 sequun-

204 5689 306 5736 tnr.
348 5685 403 5741 Si
454 5687 597 5741 cnim
640 5703 951 5744 concessum
990 5700 1073 5746 est
1114 5692 1541 5757 matrimonium,
1578 5695 1769 5748 merito

205 5776 409 5835 punitur
444 5786 736 5843 scortator,
768 5781 955 5834 merito
996 5782 1253 5851 supplicio
1284 5783 1513 5838 afﬁcitur
1537 5784 1762 5839 adulter.

1913 678 2009 731 llic
2031 693 2089 732 se
2118 687 2265 746 parat
2289 680 2354 732 ad
2389 681 2727 746 pugnandum
2754 678 3009 731 adversus
3042 676 3346 732 biereticos.
3372 675 3489 733 Neu

1909 770 2043 822 dixit
2085 786 2297 823 rursus:
2340 770 2526 824 Nullus
2566 768 2635 822 sit
2676 768 3005 833 fornicator;
3037 766 3131 822 sed
3162 783 3283 823 cum
3323 768 3489 826 semel

1908 859 2149 925 dixisset,
2179 870 2301 914 tunc
2328 870 2592 928 tamquam
2617 873 2954 912 communem
2986 858 3213 927 subjecit
3240 858 3488 913 admoni-

1910 949 2126 1010 tionem,
2158 965 2262 1003 non
2292 960 2559 1018 tamquam
2602 947 2667 1001 ad
2713 950 2856 1016 ipsos
2898 948 3054 1001 verba
3086 947 3341 1017 dirigens.
3372 948 3488 1003 Sint

1907 1055 2069 1092 mores
2110 1040 2217 1094 sine
2258 1042 2511 1103 avaritia;
2542 1041 2759 1093 contenti
2800 1039 3145 1101 praesentibus.
3172 1037 3287 1093 Non
3314 1038 3442 1093 dixit
3468 1080 3485 1105 ,

1906 1129 2044 1182 Nihil
2074 1131 2407 1199 possidentis,
2432 1132 2546 1192 sed,
2574 1130 2691 1185 Sint
2712 1147 2874 1184 mores
2899 1131 3007 1184 sine
3031 1132 3247 1185 auaritia
3262 1146 3283 1195 ,'
3310 1131 3358 1185 id
3382 1141 3484 1197 est,

1904 1220 1969 1271 sit
2008 1236 2158 1273 mens
2215 1221 2399 1285 libera,
2444 1221 2690 1275 ostendat
2737 1230 2967 1276 mentem
3022 1221 3482 1292 philosophicam;

1902 1311 2147 1366 ostendet
2176 1322 2378 1374 autem,
2409 1313 2453 1365 si
2479 1312 2696 1365 minime
2718 1326 3020 1379 qmeramus
3045 1328 3164 1382 quae
3212 1311 3482 1382 superflua

1902 1412 2045 1466 sunt,
2062 1403 2104 1454 si
2123 1402 2280 1456 rebus
2299 1404 2511 1455 utilibus
2530 1412 2804 1458 tantumet
2818 1404 3131 1457 necessariis
3151 1402 3485 1458 adbteresca-

1903 1507 2037 1547 lltllS.
2063 1491 2191 1545 Nam
2220 1496 2462 1560 superius
2490 1496 2649 1549 etiam
2675 1495 2808 1548 dixit
2832 1514 2844 1546 :
2874 1494 2936 1547 Et
2964 1497 3198 1563 rapinam
3233 1496 3475 1549 bonorum

1900 1596 2173 1638 vestrorum
2211 1603 2323 1637 cum
2351 1586 2536 1655 gaudio
2557 1588 2843 1654 suscepistis
2866 1585 2886 1657 (
2914 1586 3069 1640 llebr.
3104 1587 3188 1641 10.
3212 1588 3325 1657 54).
3353 1587 3478 1641 11.ιό

1899 1676 2289 1738 admoncnl,ne
2317 1677 2420 1729 sint
2446 1678 2611 1731 avari.
2634 1675 2884 1738 Contenti,
2912 1677 3099 1744 inquit,
3131 1677 3474 1745 prtesentibus.

1899 1766 2098 1820 Deinde
2120 1778 2200 1820 est
2221 1769 2376 1819 etiam
2412 1768 2497 1820 hic
2524 1768 2843 1828 Consolatio,
2867 1777 2923 1820 ιιι
2951 1784 3016 1822 ηε
3038 1768 3341 1835 desperent.
3364 1766 3479 1831 Ipse

1896 1857 2027 1909 enim
2046 1857 2171 1909 dixit
2187 1873 2204 1909 :
2220 1855 2337 1910 Non
2363 1867 2409 1909 te
2430 1860 2674 1923 deseram,
2692 1874 2845 1927 neque
2866 1858 3227 1927 derelinquunt.
3244 1856 3397 1911 6.1m
3426 1867 3477 1909 ut

1895 1948 2204 2013 conﬁdenter
2226 1949 2474 2011 dicamus,
2504 1948 2750 2002 Dominus
2776 1951 2898 2003 nti/ti
2919 1951 3124 2019 adjutor
3152 1959 3224 2004 est
3249 1965 3383 2003 :non
3409 1952 3474 2003 ti-

1894 2038 2035 2092 mebo
2054 2038 2172 2107 quid
2201 2040 2353 2099 facint
2372 2041 2491 2091 mihi
2519 2041 2689 2093 homo.
2709 2040 2843 2093 Ecce
2869 2054 3055 2093 rursus
3071 2048 3153 2093 est
3180 2039 3476 2093 consolatio

1896 2128 1947 2182 in
1966 2128 2423 2183 tcutationihus.7.
2444 2128 2745 2182 Mementote
2766 2130 3151 2199 prtepositorum
3173 2139 3471 2183 vestrorum.

1896 2218 2007 2273 lloc
2031 2220 2143 2286 jam
2170 2220 2418 2289 superius
2440 2220 2619 2274 dicere
2646 2221 2857 2274 volebat
2887 2239 2899 2272 :
2931 2231 3211 2289 propterea
3242 2220 3469 2287 diccbat,

1894 2310 2080 2364 Pacem
2106 2311 2367 2364 sectetnini
2394 2327 2511 2363 cum
2537 2310 2788 2364 omnibus.
2820 2310 2989 2379 llujus
3017 2312 3178 2365 etiam
3218 2311 3476 2367 adntonc-

1891 2400 1980 2455 bat
2008 2400 2514 2457 Thessalonicenses
2535 2441 2551 2467 ,
2581 2410 2638 2457 ut
2662 2417 2755 2457 eos
2782 2401 3040 2458 haberent
3069 2403 3121 2458 in
3151 2418 3362 2459 summo
3385 2405 3473 2457 bo-

1894 2507 2045 2547 nore.
2073 2491 2393 2558 Mementote,
2426 2495 2614 2564 inquit,
2638 2496 3026 2563 prtepositorum
3053 2506 3351 2563 vestrorum,
3382 2498 3473 2567 qui

1889 2582 2026 2635 vobis
2051 2582 2245 2649 loquuti
2282 2594 2398 2637 sunt
2422 2583 2625 2636 uerbum
2663 2582 2805 2638 Dei:
2841 2600 3055 2653 quorum
3097 2586 3336 2641 intuentes
3370 2588 3469 2640 exi-

1883 2686 1987 2729 tum
2016 2676 2409 2731 conversationis
2428 2717 2443 2743 ,
2466 2677 2739 2731 imitamini
2764 2679 2919 2747 ﬁdem
2946 2680 3022 2749 (1.
3053 2678 3228 2735 Thess.
3257 2681 3312 2737 5.
3346 2681 3459 2753 13).

1881 2764 2137 2832 Quamam
2189 2778 2270 2821 cst
2316 2768 2429 2822 haec
2469 2768 2895 2837 consequentia?
2936 2768 3147 2838 Optima
3194 2770 3409 2841 quidem
3438 2788 3457 2827 :

1880 2855 2297 2912 Considerantes
2323 2858 2492 2924 enim,
2524 2860 2713 2928 inquit,
2744 2874 2931 2915 eorum
2957 2862 3420 2916 conversationem
3438 2903 3459 2928 ,

1880 2961 2073 3016 nempe
2114 2948 2277 3001 vitam
2298 2989 2315 3014 ,
2345 2949 2627 3004 imitamini
2666 2951 2824 3005 ﬁdem
2855 2967 2869 3003 :
2901 2966 2929 3004 a
2962 2951 3157 3007 munda
3187 2952 3329 3008 enim
3352 2955 3461 3009 vita

1878 3045 1963 3089 est
1992 3034 2145 3091 lides.
2175 3039 2280 3090 Aut
2306 3036 2467 3093 ﬁdem
2496 3039 2625 3093 dicit
2665 3040 3013 3096 stabilitatem
3044 3052 3101 3097 et
3128 3042 3456 3103 ﬁrmitatem.

1877 3126 2203 3193 Quomodo?
2228 3128 2479 3186 Ostendit
2504 3132 2646 3185 enim
2669 3132 2809 3202 quod
2836 3134 3061 3189 ﬁrmiter
3081 3124 3241 3191 rebus
3268 3134 3459 3192 futuris

1874 3218 2187 3285 credentes,
2234 3231 2439 3275 rectum
2480 3222 2603 3277 vitm
2647 3223 2944 3279 institutum
2988 3235 3293 3283 tenuerunt.
3344 3228 3458 3285 Non

1876 3310 2017 3363 enim
2051 3310 2206 3363 vitam
2230 3313 2586 3368 ostendissent
2611 3314 2862 3369 mundam
2890 3331 2953 3369 ac
2974 3332 3180 3388 puram,
3214 3320 3258 3372 si
3287 3317 3356 3375 de
3377 3320 3463 3375 fu-

1878 3400 2009 3453 turis
2061 3400 2424 3469 dubitassent,
2455 3404 2501 3458 si
2549 3404 2925 3474 ambegissent.
2962 3406 3316 3473 Quamobrem
3360 3409 3461 3466 hoc

1877 3486 2050 3555 ipsum
2083 3489 2168 3545 hic
2188 3506 2397 3561 quoque
2412 3503 2582 3547 curat.
2603 3496 2655 3549 8.
2682 3494 2831 3549 Jesus
2859 3494 3088 3551 Christus
3115 3499 3225 3551 lteri
3248 3511 3292 3554 et
3310 3501 3461 3557 hodie

1874 3578 2005 3631 idem
2035 3580 2160 3648 ipse,
2191 3592 2236 3634 et
2263 3581 2315 3635 in
2341 3583 2543 3639 sucula.
2570 3584 2620 3640 9.
2649 3584 2905 3641 Doctrinis
2930 3590 3080 3643 variis
3104 3599 3150 3643 ct
3184 3593 3461 3662 peregrinis

1874 3672 2028 3725 nolite
2041 3673 2221 3727 abduci
2242 3690 2263 3729 :
2282 3678 2527 3744 optimum
2549 3687 2618 3731 est
2640 3679 2771 3732 enim
2795 3682 2961 3751 gratia
2986 3682 3200 3736 stabiliri
3224 3701 3329 3751 cor,
3357 3702 3459 3740 non

1874 3764 2018 3829 escis,
2042 3780 2156 3833 qua
2180 3782 2280 3819 non
2308 3770 2606 3839 profuerunt
2631 3769 3004 3827 ambulantibus
3032 3774 3085 3826 in
3111 3774 3204 3830 eis.

1943 3854 1997 3907 2.
2035 3853 2129 3909 llic
2158 3855 2307 3919 illud,
2343 3856 2489 3920 lteri,
2520 3857 2649 3913 dicit
2676 3875 2834 3915 omne
2866 3869 3076 3931 tempus
3106 3864 3456 3933 praeteritum,

1875 3956 1947 4009 et,
1985 3944 2168 4011 Hodie,
2185 3963 2422 4017 prmsens
2449 3961 2657 4019 tempus
2682 3968 2697 4016 ;
2721 3952 2982 4019 sa'culum,
3003 3956 3234 4009 futurum
3261 3966 3315 4012 et
3343 3956 3461 4011 inﬁ-

1873 4036 2065 4089 nitum.
2084 4036 2195 4091 Hoc
2222 4048 2328 4103 est,
2364 4040 2659 4095 Audivistis
2688 4042 3012 4112 pontiﬁcem,
3036 4045 3128 4099 sed
3155 4062 3259 4100 non
3286 4049 3460 4116 ponti-

1875 4127 2028 4181 ﬁcem
2053 4129 2140 4197 qui
2164 4128 2372 4184 desinat
2394 4148 2409 4186 :
2430 4147 2640 4202 semper
2660 4134 2803 4187 enim
2830 4134 2969 4189 idem
2993 4146 3096 4192 cst.
3124 4137 3355 4195 Perinde
3378 4150 3457 4195 at-

1872 4232 1977 4287 que
2006 4219 2047 4272 si
2073 4230 2251 4275 essent
2277 4221 2367 4291 qui
2393 4222 2633 4277 dicerent
2675 4240 2797 4279 eum
2846 4240 2953 4281 non
3000 4241 3122 4282 esse
3146 4228 3454 4285 cruciﬁxum

1872 4312 1961 4382 qui
1984 4322 2346 4383 exspectatur,
2375 4316 2471 4371 sed
2500 4327 2778 4373 venturum
2810 4334 2931 4375 esse
2959 4322 3153 4377 alium:
3180 4323 3282 4379 hoc
3304 4326 3451 4393 dicit,

1871 4404 2014 4474 quod
2043 4406 2132 4477 qui
2160 4417 2243 4461 est
2274 4406 2403 4462 Heri
2414 4419 2459 4464 et
2491 4410 2662 4474 hodie,
2683 4409 2829 4465 Idem
2856 4423 2925 4467 est
2946 4416 3219 4470 instecula.
3238 4416 3456 4474 Perhoc

1870 4494 2065 4567 quippe
2090 4498 2371 4556 manifeste
2396 4501 2471 4555 ait
2492 4502 2635 4573 quod
2664 4504 2753 4573 qui
2782 4506 2949 4571 venit,
2990 4522 3174 4563 rursus
3199 4520 3454 4565 venturus

1870 4586 1972 4653 sit,
2003 4588 2252 4660 idemque
2281 4592 2396 4661 ipse
2425 4602 2478 4647 et
2506 4602 2629 4649 ante
2654 4603 2767 4650 erat
2790 4636 2803 4660 ,
2833 4605 2889 4651 et
2914 4606 3027 4663 est,
3060 4608 3115 4653 et
3142 4599 3244 4655 erit
3270 4600 3322 4655 in
3347 4617 3454 4657 sa:-

1868 4677 2008 4733 eula.
2049 4678 2181 4733 Nam
2220 4696 2361 4739 nunc
2402 4697 2616 4755 quoque
2653 4684 2837 4741 dicunt
2874 4686 3043 4743 Judaei
3072 4691 3232 4745 alium
3264 4702 3453 4748 rentu-

1869 4784 2022 4835 rum;
2052 4779 2107 4824 et
2130 4785 2251 4826 cum
2277 4787 2342 4827 eo
2369 4774 2456 4842 qui
2496 4784 2578 4830 est
2610 4775 2818 4844 seipsos
2848 4780 3190 4847 privaverint.
3223 4784 3455 4840 incident

1870 4862 1922 4917 in
1970 4864 2378 4919 Antichristnm.
2421 4866 2675 4924 Doctrinis
2706 4870 2858 4925 variis
2899 4882 2946 4925 et
2988 4876 3260 4945 peregrinis
3302 4879 3455 4931 nolite

1867 4953 2069 5009 abduci.
2099 4956 2214 5011 Non
2245 4958 2418 5013 solum
2462 4963 2757 5033 peregrinis
2781 5005 2796 5029 ,
2828 4964 2920 5019 sed
2968 4964 3127 5020 etiam
3154 4969 3315 5023 variis
3344 4972 3454 5024 vult

1868 5058 1963 5098 eos
1990 5045 2179 5100 abduci
2209 5064 2223 5100 :
2256 5058 2475 5103 noverat
2504 5050 2647 5105 enim
2674 5067 2740 5106 ex
2764 5062 2989 5124 utraque
3026 5065 3174 5125 parte
3216 5060 3451 5115 nascitu-

1868 5150 1980 5190 ram
2009 5137 2296 5205 perniciem
2326 5141 2582 5197 seductis.
2617 5141 2875 5214 Optimum
2903 5157 2974 5200 est
3002 5149 3131 5201 enim
3162 5152 3325 5220 gratia
3350 5164 3453 5206 sta—

1870 5228 2005 5283 biliri
2031 5246 2135 5295 cor,
2168 5248 2268 5286 non
2297 5234 2421 5287 escis
2441 5275 2455 5297 ,
2481 5250 2596 5305 qua
2622 5252 2723 5291 non
2758 5240 3057 5310 profuerunt
3084 5243 3453 5300 antbulantibus

1868 5319 1923 5374 in
1951 5320 2038 5375 eis.
2072 5321 2168 5377 llic
2200 5316 2450 5392 paulatim
2477 5326 2782 5383 subindicat
2808 5344 2903 5385 eos
2930 5332 3017 5400 qui
3046 5332 3451 5391 introducebant

1869 5410 2297 5470 observatiOnem
2324 5416 2566 5473 ciborum
2603 5437 2617 5473 :
2657 5419 2761 5475 tlde
2788 5423 2930 5477 enim
2958 5425 3154 5480 munda
3181 5438 3303 5481 sunt
3332 5446 3449 5482 om-

1868 5508 1953 5565 nia
1981 5527 1994 5563 :
2024 5512 2123 5568 ﬁde
2152 5528 2278 5585 ergo
2303 5531 2436 5585 opus
2459 5526 2560 5583 est,
2589 5533 2693 5574 non
2722 5522 2874 5577 cibis.
2902 5523 2991 5577 l0.
3024 5524 3279 5583 Habemus
3306 5532 3437 5585 enim

1865 5601 2050 5669 altare,
2072 5602 2135 5655 de
2153 5619 2250 5671 quo
2277 5607 2422 5662 edere
2442 5623 2543 5661 non
2568 5608 2747 5664 habent
2776 5621 3063 5678 potestatem
3090 5617 3179 5684 qui
3202 5620 3433 5673 taberna-

1865 5688 1983 5743 culo
2006 5689 2308 5749 deserviunt.
2337 5695 2465 5762 Qua:
2490 5705 2613 5753 sunt
2638 5700 2778 5769 apud
2808 5717 2925 5765 nos,
2960 5704 3147 5775 inquit,
3177 5722 3281 5763 non
3310 5722 3435 5765 sunt

1864 5778 2033 5847 qualia
2068 5780 2282 5840 Iudaica
2304 5824 2320 5851 ,
2363 5785 2498 5842 adeo
2531 5796 2587 5842 ut
2625 5803 2726 5845 nec
2769 5792 2999 5862 pontiﬁci
3034 5797 3244 5865 quidem
3275 5799 3430 5859 lit-eat
