4134 6342
680 418 780 452 ολτ

684 439 776 473 ΖίΗ

684 526 864 563 eorum
897 524 1013 565 esse
1039 508 1358 579 participem.
1387 506 1759 576 Quamobrem,
1791 511 2033 576 quoniam
2056 506 2221 560 dixit:

682 600 758 655 Ne
784 601 1092 665 observetis,
1117 599 1390 661 videbatur
1410 608 1583 654 autem
1616 599 1718 654 hoc
1741 612 1858 654 esse
1880 599 1993 668 ejus
2016 597 2105 668 qui
2128 614 2222 653 sua

681 691 905 746 destruit
928 733 941 755 ,
980 692 1077 745 hoc
1120 705 1301 744 rursus
1337 692 1565 744 invertit.
1597 690 1728 744 Num
1755 705 1849 744 nos
1876 705 2083 759 quoque
2117 707 2220 744 non

680 783 1036 845 observamus,
1061 781 1261 850 inquit?
1287 779 1637 836 Observamus
1657 783 1815 835 etiam
1838 779 2218 842 vehementius,

681 887 745 923 ne
784 874 906 939 ipsis
944 871 1151 940 quidem
1186 871 1547 925 sacerdotibus
1574 870 1687 925 Inec
1722 869 2099 937 impertientes.
2132 870 2217 923 ΙΙ.

685 961 900 1026 Quorum
927 964 1055 1013 enim
1082 961 1373 1013 animalium
1400 960 1615 1027 infertur
1646 960 1849 1030 sanguis
1891 976 1982 1027 pro
2018 970 2218 1028 peccato

676 1052 726 1102 iu
752 1045 919 1103 sancta
948 1067 1034 1118 per
1060 1050 1358 1117 pontiﬁcem,
1386 1048 1563 1101 lterum
1591 1065 1801 1115 corpora
1822 1058 2105 1103 cremantur
2132 1065 2218 1102 ex—

678 1149 754 1189 tra
782 1148 961 1190 castra.
998 1136 1077 1191 I2.
1114 1137 1325 1205 Propter
1355 1138 1487 1192 quod
1524 1147 1572 1190 et
1611 1136 1758 1191 Jesus
1796 1148 1849 1189 ut
1888 1139 2218 1206 sauctiﬁcaret

680 1243 761 1291 per
787 1242 926 1279 suum
949 1227 1239 1297 sanguinem
1260 1227 1519 1296 populum,
1543 1236 1681 1280 extra
1702 1237 1897 1295 portam
1927 1245 2101 1296 passus
2123 1239 2214 1281 est.

678 1314 859 1367 Vidisti
888 1314 1105 1383 figuram
1140 1314 1596 1383 reSplendentem‘l
1622 1313 1781 1369 Extra
1809 1326 1993 1382 castra,
2030 1317 2212 1386 inquit,

674 1414 744 1466 et,
776 1401 933 1457 Extra
953 1414 1165 1473 portam.
1191 1405 1445 1470 Quoniam
1467 1420 1592 1474 ergo
1612 1420 1727 1475 qua:
1752 1405 2102 1460 offerebantur
2119 1421 2215 1475 pro

674 1502 886 1558 peccato
926 1503 1078 1563 typus
1116 1494 1324 1562 quidam
1366 1504 1550 1559 erant,
1582 1505 1633 1549 et
1666 1506 1808 1549 extra
1843 1504 2009 1551 castra
2038 1497 2089 1550 in
2116 1498 2213 1550 ho-

634 1656 635 1659 η
673 1587 959 1638 let-austum
991 1585 1434 1650 incendebantur,
1458 1587 1576 1654 jure
1611 1589 1797 1642 merito
1824 1598 1970 1642 extra
2008 1600 2211 1657 portam

672 1690 852 1743 passus
878 1686 955 1729 est
981 1676 1135 1729 Jesus
1160 1678 1246 1746 qui
1276 1692 1368 1745 pro
1391 1679 1619 1746 peccatis
1656 1681 1848 1733 nostris
1874 1680 2078 1735 oblatus
2109 1690 2209 1735 est.

668 1763 923 1828 Quocirca
949 1765 1104 1817 etiam
1135 1780 1229 1819 nos
1258 1775 1464 1832 oportet
1491 1782 1610 1820 eum
1635 1768 1723 1835 qui
1755 1783 1849 1837 pro
1878 1769 2029 1822 nobis
2066 1784 2211 1824 mor-

670 1862 775 1905 tem
803 1854 919 1906 tulit
962 1854 1180 1920 imitari,
1208 1854 1467 1924 longeque
1497 1872 1523 1908 a
1553 1858 1694 1910 curis
1720 1857 1875 1928 hujus
1908 1860 2087 1913 mundi
2122 1874 2211 1913 re-

670 1942 879 2005 cedere,
907 1942 1007 1996 hoc
1036 1953 1148 2007 est,
1180 1953 1325 1997 extra
1372 1946 1619 1999 nnmdum
1650 1946 1836 2013 simus,
1867 1957 1920 2003 et
1970 1964 2212 2006 seorsum

668 2043 697 2080 a
740 2029 895 2083 rebus
935 2032 1173 2084 terrenis.
1217 2030 1367 2086 Unde
1414 2033 1514 2088 hoc
1562 2035 1948 2103 signiﬁcaturus
1994 2040 2210 2109 subjun-

666 2120 741 2171 xit
774 2138 785 2170 :
816 2122 899 2175 53.
935 2120 1183 2175 Exeamus
1213 2139 1326 2193 ergo
1355 2124 1421 2176 ad
1449 2140 1557 2177 eum
1583 2135 1724 2179 extra
1752 2138 1935 2191 castra,
1961 2129 2211 2200 imprope-

665 2209 794 2260 rittm
836 2210 942 2279 ejus
982 2221 1229 2277 portantes
1254 2252 1268 2275 ,
1303 2212 1403 2266 hoc
1441 2224 1549 2277 est,
1582 2215 1764 2269 eadem
1808 2218 2093 2285 patientes,
2119 2234 2210 2275 so-

668 2298 905 2351 cietatem
930 2314 1046 2353 cum
1076 2316 1139 2355 eo
1169 2301 1422 2357 habentes
1455 2304 1506 2356 in
1540 2305 1887 2373 passionibus.
1921 2308 2207 2378 Tamquam

667 2389 1046 2442 condemnatus
1065 2430 1078 2450 ,
1110 2390 1249 2443 foras
1286 2401 1435 2445 actus
1461 2402 1541 2445 est
1567 2394 1617 2447 in
1643 2410 1847 2449 erucem
1880 2414 1892 2450 :
1921 2413 2091 2467 neque
2116 2416 2213 2457 nos

667 2491 792 2544 ergo
817 2478 1005 2543 pudeat
1030 2478 1166 2532 foras
1186 2490 1239 2532 et
1260 2490 1403 2533 extra
1423 2482 1669 2534 mundum
1692 2486 1854 2538 exire.
1872 2485 2001 2541 Illud
2020 2489 2211 2557 quippe

668 2566 833 2619 innuit
856 2583 948 2634 per
979 2567 1029 2621 id
1053 2568 1191 2637 quod
1217 2568 1373 2622 dicit:
1403 2569 1563 2623 Extra
1593 2582 1774 2635 castra,
1807 2583 1877 2639 et,
1911 2574 2068 2629 Extra
2097 2594 2210 2645 por—

666 2665 781 2707 tum.
817 2655 902 2710 ﬂ.
939 2654 1057 2709 Non
1098 2659 1227 2711 enim
1268 2658 1503 2712 habemus
1540 2661 1653 2725 hic,
1691 2661 1889 2730 inquit,
1933 2680 2209 2723 manentem

666 2758 926 2822 ciuitatem,
956 2757 1043 2810 sed
1071 2762 1287 2825 futuram
1314 2757 1624 2824 inquirimus.
1656 2745 1737 2813 15.
1774 2757 1874 2812 Per
1899 2759 2061 2827 ipsum
2090 2775 2206 2829 ergo

666 2844 930 2909 offeramus
955 2846 1163 2898 hostiam
1198 2845 1359 2899 laudis
1387 2862 1579 2914 seraper
1601 2844 1709 2899 Deo
1731 2887 1744 2911 ,
1775 2847 1829 2899 id
1853 2856 1964 2913 est,
1991 2849 2207 2916 fructum

666 2934 1003 3001 conﬁtentium
1028 2934 1214 2987 nomini
1234 2935 1357 3000 ejus.
1389 2934 1486 2988 Per
1504 2935 1687 3003 ipsum,
1717 2935 1807 2999 ait,
1832 2944 2094 3005 tamquam
2116 2951 2207 3003 per

666 3024 963 3091 pontificem
990 3066 1005 3089 ,
1045 3026 1183 3093 quod
1224 3025 1289 3078 ad
1327 3039 1538 3079 carnem
1576 3026 1780 3080 attinet.
1821 3026 2205 3094 Conﬁtendum,

668 3115 853 3185 inquit,
878 3118 1064 3169 nomini
1092 3118 1215 3185 ejus.
1252 3117 1359 3170 [Ioc
1383 3126 1483 3181 est,
1509 3116 1649 3172 Nihil
1688 3118 1960 3188 loquamur
1988 3118 2206 3172 maledi-

665 3218 815 3270 cum,
841 3205 969 3258 nihil
995 3214 1297 3275 protervum
1318 3244 1333 3267 ,
1363 3205 1487 3259 nihil
1519 3206 1717 3273 audax,
1744 3207 1871 3261 nihil
1898 3207 2172 3276 impudens
2190 3250 2205 3273 ,

668 3294 794 3346 nihil
826 3309 1113 3362 arrogans;
1141 3294 1234 3349 sed
1261 3310 1378 3349 cum
1407 3296 1602 3362 pudore
1628 3304 1679 3350 et
1714 3298 2007 3350 reverentia
2036 3299 2208 3351 omnia

668 3382 916 3437 faciamus
939 3394 990 3437 et
1018 3383 1272 3437 dicamus.
1302 3384 1451 3449 Quod
1479 3384 1686 3452 quidem
1707 3400 1810 3439 non
1846 3394 2042 3441 temere
2061 3386 2207 3453 dicit,

667 3472 760 3526 sed
789 3482 843 3527 ut
864 3475 951 3539 qui
975 3483 1154 3528 nosset
1174 3489 1266 3527 eos
1286 3475 1473 3528 essein
1502 3474 1784 3529 afflictione
1808 3492 1822 3530 :
1850 3477 2021 3530 anima
2037 3485 2208 3530 autem

668 3576 812 3629 spem
832 3562 1005 3631 abjicit
1026 3563 1075 3616 in
1097 3562 1482 3628 afﬂictionibus,
1501 3572 1554 3618 et
1575 3564 1827 3634 pudorem
1850 3568 2009 3620 exuit.
2025 3566 2128 3621 Sed
2147 3582 2211 3622 ne

669 3666 787 3715 nos,
816 3651 1002 3719 inquit.
1028 3651 1163 3705 Ecce
1192 3668 1371 3706 rursus
1393 3654 1491 3707 hoc
1512 3654 1683 3721 ipsum
1703 3654 1828 3709 dicit
1845 3656 1983 3725 quod
2008 3657 2213 3711 dicebat

671 3743 909 3809 superius
934 3758 947 3794 :
976 3740 1095 3815 Non
1120 3742 1394 3797 deserentes
1413 3785 1427 3809 ,
1455 3744 1650 3813 inquit,
1675 3746 2101 3815 congregationem
2124 3761 2212 3799 no-

671 3839 825 3882 stram
849 3812 1027 3897 (Ηεδί.
1046 3832 1259 3899 10.25).
1279 3832 1365 3887 Sic
1384 3812 1827 3902 enimrpoterimus
1845 3812 2015 3888 omnia
2044 3835 2214 3889 facere

670 3935 789 3975 cum
813 3919 1008 3989 pudore
1022 3930 1074 3975 ct
1091 3928 1418 3976 reverenter:
1437 3937 1579 3991 serpe
1597 3925 1735 3977 enim
1759 3923 1985 3992 ipsormn
2008 3940 2215 3994 quoque

673 4011 939 4066 hominum
986 4012 1185 4082 pudore
1234 4013 1425 4079 allecti,
1454 4015 1615 4068 multa
1642 4030 1759 4084 quae
1801 4023 1923 4069 sunt
1977 4016 2212 4085 improba

674 4116 776 4156 non
809 4102 1044 4157 facimus.
1079 4103 1163 4157 16.
1189 4101 1533 4171 Bene/icentite
1564 4114 1729 4158 autem
1774 4114 1820 4159 et
1855 4107 2214 4160 communionis

675 4192 823 4244 nolite
849 4191 1086 4252 oblivisci.

745 4283 796 4336 3.
842 4281 1168 4349 Ilospt‘talitas
1187 4283 1571 4336 commendatur.
1601 4313 1670 4323 -—-
1702 4283 1822 4338 Ilmc
1853 4291 1977 4338 tunc
2005 4284 2217 4353 quidem

676 4372 867 4426 Paulus
888 4371 1112 4435 dicebat,
1143 4387 1278 4425 nunc
1306 4386 1428 4426 vero
1454 4386 1549 4441 ego
1570 4372 1686 4427 dico
1712 4391 1725 4426 :
1760 4388 1863 4427 non
1890 4382 2060 4428 autem
2087 4389 2221 4443 prae-

676 4462 910 4514 sentibus
939 4469 1135 4513 tantum
1161 4461 1279 4515 dico
1306 4460 1677 4525 fratribus,sed
1708 4462 1863 4515 etiam
1894 4462 2215 4517 absentibus.

680 4552 840 4606 Nemo
868 4562 1039 4605 vestra
1071 4553 1241 4619 rapuit
1271 4569 1284 4602 :
1315 4553 1358 4604 si
1390 4561 1565 4605 autem
1595 4552 1681 4605 alii
1714 4561 1915 4606 vestras
1946 4552 2219 4606 facultates

677 4650 983 4711 rapuerunt,
1016 4640 1148 4694 unde
1168 4642 1285 4694 licet
1305 4642 1564 4695 ostendite
1584 4642 2005 4709 hospitalitatem.
2024 4642 2217 4708 Quam-

679 4747 799 4786 nam
838 4746 961 4800 ergo
1007 4746 1143 4785 nunc
1188 4731 1493 4785 habebimus
1526 4733 1935 4793 excusationem,
1979 4746 2095 4785 cum
2138 4732 2219 4783 isti

680 4824 834 4877 etiam
870 4830 984 4889 post
1011 4836 1221 4875 suorum
1253 4823 1505 4875 bonorqu
1553 4824 1785 4890 rapinam
1834 4823 1945 4877 Iure
1971 4822 2222 4875 audiant?

686 4916 740 4967 Et
773 4914 911 4977 vide,
946 4914 1027 4967 hic
1054 4914 1200 4975 dicit,
1245 4912 1585 4981 Beneﬁcentiae
1627 4916 1779 4968 nolite
1821 4915 2057 4976 oblivisci,
2105 4932 2221 4969 cum

687 5004 826 5070 prius
850 5003 1086 5065 dixisset,
1119 5001 1490 5071 Hospitalitatis
1509 5043 1524 5067 ,
1555 5019 1659 5055 non
1686 5004 1825 5056 aliud
1852 5014 1905 5057 et
1932 5004 2069 5056 aliud
2100 5004 2223 5057 sub-

686 5095 806 5147 inde
833 5094 1131 5154 ostendeus,
1153 5094 1245 5149 sed
1276 5110 1433 5147 unum
1464 5103 1515 5149 et
1541 5095 1676 5149 idem
1704 5110 1794 5161 per
1824 5096 2014 5148 variam
2041 5096 2223 5149 dietio~

688 5198 829 5235 nem.
857 5182 920 5234 Et
947 5198 1046 5233 non
1070 5182 1592 5252 dixit,Susceptionis
1615 5184 1874 5249 hospitum
1900 5185 2063 5243 nolite
2091 5185 2223 5235 obli-

690 5272 839 5336 visci,
868 5273 979 5329 sed.
1006 5272 1386 5342 llospitalttatis,
1418 5274 1515 5328 hoc
1543 5284 1640 5335 est,
1671 5273 1781 5327 Non
1808 5274 1973 5327 solmn
2006 5274 2226 5340 excipite

684 5376 933 5441 hospites,
966 5377 1058 5427 sed
1089 5378 1243 5429 etiam
1273 5376 1507 5446 hospites
1534 5379 1754 5448 diligite.
1797 5378 1904 5433 Nec
1929 5378 2059 5433 dixit
2086 5378 2225 5432 futu-

681 5480 789 5514 rum
832 5473 881 5515 et
924 5465 1206 5531 repositam
1252 5468 1749 5533 remunerationem,
1802 5484 1868 5521 ne
1912 5483 2004 5524 eos
2047 5482 2227 5522 rursus

679 5554 857 5605 reddat
901 5554 1219 5621 supiniores,
1258 5557 1349 5610 sed
1376 5573 1488 5610 eam
1529 5574 1643 5628 qua:
1668 5560 1774 5626 jam
1807 5557 1901 5612 fuit
1929 5560 2048 5613 data
2080 5577 2092 5613 :
2123 5557 2228 5612 Per

678 5640 803 5691 Ιιηηε
830 5642 979 5705 enim,
1011 5642 1204 5708 intulit,
1232 5645 1434 5713 quidam
1479 5649 1735 5702 inscientes
1774 5650 1985 5717 hospitio
2019 5664 2223 5719 excepe—

677 5742 791 5783 runt
829 5734 1051 5801 angelos.
1104 5732 1206 5789 Sed
1249 5738 1519 5805 superiora
1562 5740 1847 5809 videamus,
1891 5739 2216 5808 Honorabile,

1429 412 1483 465 s.
1522 402 1793 462 JOANNIS
1827 358 2291 457 cunrsos'ront
2331 394 2639 452 ARCHlEP.
2678 384 3201 447 CONSTANTINOP.
3775 385 3893 442 sas

2307 503 2492 575 inquit,
2516 498 2813 554 connublum
2851 494 2903 547 in
2932 490 3177 552 omnibus,
3214 498 3258 539 et
3288 494 3424 537 lorus
3464 472 3864 575 innuaculatui.‘

2302 562 2577 663 Quomodo
2606 589 2627 641 ?
2657 584 2913 654 Quoniam
2956 584 3006 634 in
3058 579 3317 637 castitate,
3370 571 3557 663 inquit,
3604 575 3660 622 et
3695 562 3871 663 PII-did

2300 653 2421 740 ditia
2472 653 2747 737 conservat
2800 675 3026 729 fidelem.
3056 670 3151 724 Ilie
3194 668 3353 723 etiam
3384 662 3539 717 tacite
3570 658 3735 727 tangit
3760 653 3862 710 Ju-

2300 776 2464 839 dzeos,
2518 770 2657 840 quod
2710 762 3119 821 abominandum
3183 756 3545 812 existimarent
3600 744 3861 804 concubi-

2300 877 2411 922 tum
2442 882 2455 917 ε
2490 862 2553 917 Et
2580 861 2662 931 qui
2692 874 2752 912 ex
2794 858 2927 910 coitu
2952 852 3186 921 resurgit,
3219 848 3407 918 inquit,
3440 860 3540 898 non
3577 850 3648 896 est
3676 853 3860 907 purus.

2300 959 2414 1014 Non
2444 964 2567 1011 sunt
2595 946 2944 1007 abominanda
2972 960 3089 1015 qum
3117 953 3240 996 sunt
3267 956 3330 993 ex
3354 945 3561 998 natura,
3592 948 3625 987 ο
3653 931 3861 1000 ingrate

2299 1061 2353 1105 et
2379 1048 2522 1105 nullo
2549 1058 2709 1100 sensu
2746 1038 2963 1111 prtedite
3006 1034 3190 1089 Judtee
3214 1072 3228 1096 ,
3258 1029 3350 1084 sed
3380 1042 3498 1098 qute
3527 1032 3740 1079 suntex
3768 1036 3859 1111 vn-

2300 1145 2500 1198 luntate
2527 1146 2581 1190 et
2619 1135 2785 1189 libero
2826 1128 2985 1183 animi
3014 1123 3231 1180 arbitrio
3254 1138 3270 1175 :
3293 1135 3413 1173 nam
3459 1115 3511 1171 si
3551 1110 3861 1198 honorabiles

2298 1195 2353 1282 et
2378 1222 2627 1279 mundum
2655 1227 2738 1273 est
2761 1209 3174 1270 matrimonium,
3203 1220 3297 1259 cur
3323 1203 3483 1257 etiam
3512 1215 3579 1255 ex
3605 1212 3671 1252 eo
3696 1195 3857 1265 pollui

2299 1313 2606 1372 existimas?
2633 1308 2747 1363 Sint
2777 1318 2958 1366 mores,
2987 1297 3177 1367 inquit,
3208 1295 3315 1349 sine
3338 1291 3569 1345 avaritia.
3596 1284 3859 1355 Quoniam

2300 1407 2471 1469 multi,
2498 1410 2771 1472 postquam
2792 1410 2884 1451 sua
2914 1394 3048 1447 bona
3074 1385 3377 1447 etfuderint,
3399 1382 3583 1435 volunt
3600 1386 3859 1472 praetextu

2300 1469 2651 1565 eleemosynae
2698 1505 2760 1544 ea
2806 1500 2984 1542 rursus
3032 1481 3326 1550 acquirere,
3382 1481 3659 1544 propterea
3704 1469 3857 1529 dicit,

2301 1590 2416 1643 Sint
2445 1600 2601 1639 mores
2629 1582 2734 1634 sine
2767 1576 3011 1631 auaritia:
3042 1572 3142 1625 hoe
3171 1578 3271 1633 est,
3306 1565 3379 1620 Ea
3421 1572 3619 1617 tantum
3645 1574 3858 1628 qtuera-

2299 1693 2416 1734 mus
2444 1675 2633 1746 quibus
2667 1679 2747 1726 est
2780 1682 2932 1738 opus,
2978 1674 3031 1719 et
3061 1677 3176 1733 qua:
3212 1667 3335 1713 sunt
3370 1653 3686 1746 necessaria.
3720 1650 3857 1746 Quid

2303 1784 2428 1824 vero
2450 1738 2475 1833 ,-
2510 1766 2553 1819 si
2600 1778 2665 1816 ne
2704 1776 2765 1815 ea
2813 1757 3023 1826 quidem
3074 1751 3227 1807 nobis
3270 1742 3590 1816 suppetant?
3631 1741 3749 1833 Non
3787 1738 3856 1791 ita

2284 1858 2401 1923 est,
2440 1830 2543 1909 non
2588 1854 2658 1905 ita
2697 1859 2777 1905 est
2807 1867 2820 1902 :
2854 1848 2966 1916 ipse
2994 1843 3134 1898 enim
3164 1838 3315 1901 dixit,
3349 1847 3402 1889 et
3430 1848 3536 1887 non
3566 1830 3853 1923 mentitur:

2302 1922 2419 2003 Non
2467 1955 2512 1998 te
2545 1943 2787 2003 deseram,
2820 1952 2975 2005 neque
3018 1944 3064 1987 te
3106 1930 3469 1996 derelinquam.
3500 1924 3573 1979 Ita
3601 1930 3659 1976 ut
3699 1922 3860 1974 conli-

2299 2041 2483 2095 denter
2519 2036 2786 2088 dicamus:
2815 2026 3060 2079 Dominus
3104 2020 3227 2074 milii
3254 2018 3457 2081 adiutor
3485 2030 3505 2068 :
3534 2029 3634 2065 non
3675 2008 3860 2062 timebo

2298 2130 2418 2200 quid
2449 2126 2600 2197 faciat
2629 2121 2748 2174 milii
2778 2119 2923 2172 homo
2956 2112 3123 2185 (Psal.
3153 2110 3284 2200 ΙΓΙ.Δ
3417 2107 3493 2159 Ac
3522 2104 3579 2200 -εἰ
3610 2102 3811 2156 diceret
3841 2117 3854 2150 :

2299 2194 2472 2275 Ilabes
2512 2215 2579 2267 ah
2620 2213 2737 2281 ipso
2769 2207 3110 2279 promissum,
3163 2214 3228 2253 ne
3258 2197 3466 2251 dubites
3503 2194 3570 2249 de
3615 2201 3853 2246 ca-tero:

2299 2311 2410 2378 ipse
2438 2314 2520 2361 est
2544 2300 2823 2373 pollicitus,
2877 2310 2943 2349 ne
2986 2292 3241 2361 ambigas.
3274 2286 3405 2342 Illud
3431 2294 3627 2378 autem,
3661 2281 3781 2378 lVon
3810 2293 3861 2378 te

2300 2372 2557 2457 deseram,
2576 2406 2679 2447 non
2720 2389 2843 2443 dicit
2872 2385 3044 2441 solum
3071 2381 3138 2436 de
3176 2378 3432 2449 pecuniis,
3470 2375 3565 2429 sed
3603 2374 3763 2428 etiam
3791 2372 3860 2425 de

2299 2489 2410 2540 aliis
2440 2482 2704 2537 omnibus.
2728 2477 2978 2531 Dominus
3004 2472 3123 2525 milii
3141 2470 3345 2539 adjutor
3370 2484 3391 2520 :
3417 2481 3513 2518 non
3537 2462 3717 2516 timebo
3736 2462 3860 2531 quid

2300 2578 2451 2647 faciat
2480 2572 2602 2626 milii
2624 2573 2790 2623 homo.
2816 2568 2880 2622 Et
2904 2562 3094 2617 merito
3115 2558 3392 2629 Propheta:
3414 2555 3610 2610 dictum
3633 2552 3853 2647 addidit,

2301 2642 2372 2720 sic
2399 2665 2681 2731 obsignans
2709 2669 3026 2717 sermonem,
3061 2659 3116 2706 et
3140 2648 3424 2703 alacriores
3466 2658 3562 2698 nos
3605 2642 3857 2700 reddens,

2303 2766 2355 2808 ut
2384 2770 2448 2808 ne
2475 2752 2834 2821 desperemus.
2868 2744 2975 2797 IIoc
3011 2756 3137 2809 ergo
3171 2754 3264 2793 nos
3294 2750 3504 2805 quoque
3530 2734 3771 2787 dicamus
3804 2733 3857 2781 in

2310 2848 2557 2903 omnibus
2586 2842 2986 2903 tentationibus,
3034 2837 3260 2890 humana
3303 2831 3665 2887 irrideamus:
3695 2826 3875 2882 donec

2310 2941 2474 2996 Deum
2514 2938 2767 2992 habemus
2798 2931 3104 3003 propitium,
3147 2940 3303 2981 nemo
3338 2936 3438 2979 nos
3474 2919 3765 2992 superabit.
3802 2918 3869 2970 lt

2308 3029 2470 3093 enim,
2506 3028 2548 3081 si
2579 3026 2665 3080 ille
2695 3026 2763 3077 sit
2790 3023 3055 3084 inimicus,
3082 3016 3289 3072 etiamsi
3330 3027 3517 3067 omnes
3543 3010 3650 3065 sint
3688 3008 3867 3062 amici.

2308 3120 2438 3175 nihil
2465 3116 2681 3190 prodest
2714 3133 2726 3167 :
2761 3115 2830 3168 ita
2859 3113 2902 3167 si
2943 3114 3057 3181 ipse
3084 3110 3154 3162 sit
3189 3106 3411 3165 amicus,
3443 3099 3647 3157 etiamsi
3674 3113 3820 3190 enim
3845 3113 3873 3148 ιι

2280 3188 2697 3280 ἸκΙΙίεὲτθηιυτ,
2747 3203 2881 3259 nihil
2930 3216 3028 3256 nos
3068 3199 3229 3254 laedit.
3268 3197 3390 3252 Ideo
3427 3194 3559 3249 dixit
3590 3209 3604 3245 :
3635 3188 3755 3245 Non
3800 3192 3839 3239 ti

2308 3304 2447 3356 ntebo
2480 3302 2599 3373 quid
2623 3299 2777 3369 faciat
2814 3295 2933 3348 mihi
2957 3294 3124 3347 homo.
3159 3290 3456 3345 Mementote
3487 3285 3870 3354 pres-positorum

2308 3402 2598 3456 vestrorum,
2630 3390 2713 3459 qui
2738 3387 2871 3441 vobis
2897 3385 3089 3454 loquuti
3113 3391 3229 3437 sunt
3254 3379 3453 3433 uerbum
3474 3376 3587 3430 Dei.
3620 3375 3714 3429 llic
3736 3389 3864 3443 qun-

2307 3488 2410 3549 qde
2439 3481 2681 3534 existimo
2712 3493 2831 3532 eum
2864 3477 3038 3529 dicere
3064 3473 3131 3526 de
3171 3471 3368 3525 auxilio
3397 3486 3411 3521 :
3441 3469 3541 3521 hoc
3583 3464 3723 3521 enim
3762 3476 3869 3527 ωε,

2312 3572 2408 3639 Qui
2433 3571 2567 3624 vobis
2606 3569 2795 3640 loquuti
2834 3575 2948 3621 sunt
2983 3563 3180 3618 verbum
3217 3560 3332 3615 Dei.
3369 3560 3594 3625 Quorum
3623 3564 3871 3612 intuentrs

2310 3665 2494 3718 exitum
2536 3659 2941 3723 conversationis,
2984 3654 3249 3709 imitamini
3280 3653 3451 3721 ﬁdem.
3482 3648 3617 3717 Quid
3645 3655 3746 3713 est,
3774 3645 3873 3699 lu-

2309 3752 2537 3806 tnentes.’
2566 3751 2790 3805 Assidue
2831 3756 3123 3811 versantes,
3166 3742 3303 3814 apud
3343 3756 3439 3795 vos
3480 3740 3869 3802 examinantes.

2310 3843 2684 3897 ratiocinantes
2709 3880 2724 3907 ,
2754 3845 2996 3893 accurate
3026 3845 3079 3891 et
3116 3842 3299 3889 exacte
3324 3841 3642 3901 qua-rentes,
3676 3838 3731 3883 ut
3756 3828 3872 3882 vul-

2310 3934 2376 3988 tis
2401 3940 2711 3986 scrutantes.
2743 3929 2902 3982 Recte
2927 3926 3070 3989 dicit,
3106 3924 3305 3977 Exitum
3328 3920 3745 3983 conuersationis;
3768 3920 3873 3973 hoc

2309 4032 2410 4085 est,
2433 4022 2521 4091 qui
2541 4019 2790 4090 pertingit
2812 4030 2978 4086 usque
3005 4014 3069 4068 ad
3100 4013 3279 4077 linem,
3299 4012 3545 4081 quoniam
3578 4010 3771 4065 bonum
3804 4010 3870 4061 Ii-

2311 4128 2430 4167 nem
2454 4110 2636 4164 habuit
2662 4122 2844 4163 eorum
2866 4105 3219 4160 conversatio.
3251 4100 3401 4155 Jesus
3422 4098 3653 4155 Christus
3684 4100 3791 4152 lteri
3821 4110 3869 4152 et

2311 4203 2476 4267 hodie,
2508 4202 2636 4255 idem
2665 4212 2713 4253 et
2750 4202 2802 4252 in
2831 4198 3033 4251 sweula.
3057 4196 3112 4249 Id
3139 4203 3221 4250 est
3244 4212 3258 4248 :
3283 4192 3359 4249 Ne
3384 4192 3700 4247 existimetis
3726 4192 3867 4261 quod

2312 4305 2437 4349 tunc
2461 4294 2644 4349 fecerit
2677 4290 2947 4353 miracula,
2978 4302 3117 4342 nunc
3156 4294 3330 4340 autem
3364 4299 3468 4339 non
3497 4283 3691 4341 faciat:
3725 4282 3864 4337 idem

2313 4387 2423 4453 ipse
2439 4393 2539 4446 est,
2564 4392 2617 4437 et
2640 4383 2883 4452 quoniam
2912 4379 3051 4433 idem
3072 4387 3173 4443 est,
3205 4391 3307 4430 non
3329 4385 3411 4431 est
3432 4385 3640 4443 tempus
3659 4373 3873 4443 quando

2314 4491 2415 4530 non
2438 4475 2601 4545 possit
2619 4474 2716 4527 ista
2736 4470 2975 4543 operari:
2996 4470 3060 4524 ad
3083 4468 3219 4539 quod
3246 4467 3461 4522 torsitan
3482 4465 3773 4534 respiciens
3793 4464 3875 4517 di-

2313 4566 2386 4621 xit
2402 4584 2415 4620 :
2438 4565 2731 4619 Mementote
2746 4563 3127 4631 praepositorum
3144 4569 3433 4613 uestrorum.
3448 4557 3706 4610 Doctrinis
3722 4559 3873 4609 variis

2314 4665 2358 4709 et
2382 4654 2653 4725 peregrinis
2680 4650 2833 4706 nolite
2851 4650 3049 4703 abduci.
3068 4647 3373 4717 Peregrinis,
3399 4646 3499 4700 hoc
3527 4653 3628 4710 est,
3648 4646 3872 4700 diversis

2313 4748 2379 4801 ab
2400 4747 2462 4801 iis
2486 4761 2613 4815 quas
2633 4760 2664 4799 a
2693 4744 2843 4799 nobis
2868 4741 3143 4796 audivistis
3173 4758 3185 4793 :
3226 4738 3408 4803 Variis,
3444 4737 3543 4790 hoc
3566 4747 3648 4791 est
3671 4777 3684 4801 ,
3715 4752 3875 4791 omne

2304 4837 2479 4907 genus
2499 4834 2770 4889 doctrinis.
2791 4832 2946 4885 Tales
2966 4830 3106 4884 enim
3132 4828 3259 4882 nihil
3283 4826 3474 4882 habent
3503 4826 3660 4880 fixum
3692 4835 3748 4881 et
3768 4838 3875 4878 Slu~

2316 4928 2443 4990 bile,
2461 4925 2553 4979 sed
2575 4922 2885 4986 suntvariae,
2900 4920 3129 4974 maxime
3145 4918 3193 4971 id
3208 4916 3348 4988 quod
3373 4916 3438 4970 ad
3460 4916 3606 4971 cibos
3624 4916 3870 4984 pertinet.

2314 5017 2514 5071 Idcirco
2537 5013 2599 5067 ad
2630 5013 2729 5067 hoc
2757 5009 3049 5080 respiciens
3078 5008 3351 5077 subiungit
3378 5024 3393 5060 :
3423 5005 3623 5059 Bonum
3650 5007 3783 5059 enim
3804 5015 3877 5059 est

2315 5110 2475 5180 gratia
2503 5105 2717 5158 stabiliri
2743 5119 2847 5165 cor,
2878 5118 2976 5155 non
3005 5099 3149 5153 escis.
3181 5099 3269 5152 Eae
3294 5106 3418 5152 sunt
3444 5096 3623 5159 varias,
3648 5111 3727 5151 ea:
3754 5107 3877 5150 sinit

2318 5198 2626 5268 peregrina.
2651 5194 2746 5248 lI:c
2772 5193 2822 5246 in
2848 5190 3265 5259 superstitiosam
3291 5188 3529 5242 ciborum
3552 5186 3878 5241 observatio-

2319 5305 2437 5343 nem
2467 5286 2731 5340 invehitur
2760 5301 2773 5336 :
2806 5280 3037 5336 ostendit
3063 5279 3205 5334 enim
3230 5276 3498 5347 quomodo
3526 5291 3589 5330 ex
3618 5278 3878 5343 supersti-

2320 5382 2451 5435 tiosa
2468 5378 2705 5433 ciborum
2734 5372 3101 5427 observatione
3120 5370 3171 5424 in
3190 5370 3415 5425 alienam
3432 5383 3461 5422 a
3485 5378 3625 5422 recta
3653 5368 3757 5422 fide
3779 5370 3877 5422 do-

2318 5470 2538 5525 ctrinam
2559 5465 2856 5529 inciderint,
2886 5461 3112 5530 indeque
3143 5461 3192 5514 in
3218 5459 3393 5513 varias
3413 5468 3464 5512 et
3482 5471 3645 5511 novas
3673 5458 3878 5511 doctri-

2320 5575 2416 5615 nas
2435 5558 2629 5615 seusim
2652 5570 2709 5609 se
2734 5552 3060 5608 demiserint.
3090 5551 3155 5605 Et
3174 5548 3294 5603 vide
3318 5562 3439 5604 eum
3468 5562 3572 5601 non
3590 5546 3875 5602 audentem

2335 5663 2435 5718 hoc
2460 5670 2641 5729 aperte
2665 5658 2858 5722 dicere,
2881 5655 2976 5711 sed
2999 5653 3147 5726 quasi
3176 5652 3227 5707 in
3254 5651 3553 5721 anigmste.
3576 5648 3706 5703 Dum
3733 5647 3875 5702 enim

2338 5754 2479 5812 dicit.
2503 5747 2981 5816 Nolitecircumferri
3004 5744 3154 5798 variis
3171 5752 3216 5796 et
3243 5740 3381 5795 novis
3413 5739 3669 5803 doctrinis,
3688 5746 3759 5803 et,
3783 5734 3876 5787 Bo-
