  <div class='ocr_page' id='page_1' title='image "/cluster/home/n/w/nwhite01/storage/ocr_20150623/63/pst.000004899563/240.png"; bbox 0 0 4134 6342; ppageno 0'>
   <div class='ocr_carea' id='block_1_1' title="bbox 212 378 1815 475">
    <p class='ocr_par' dir='ltr' id='par_1_1' title="bbox 212 378 1815 475">
     <span class='ocr_line' id='line_1_1' title="bbox 212 378 1815 475; baseline -0.025 -3"><span class='ocrx_word' id='word_1_1' title='bbox 212 416 325 475; x_wconf 44' lang='grc'><strong>2⁸29</strong></span> <span class='ocrx_word' id='word_1_2' title='bbox 953 401 1016 458; x_wconf 83' lang='grc' dir='ltr'><strong>ΙΝ</strong></span> <span class='ocrx_word' id='word_1_3' title='bbox 1056 395 1270 455; x_wconf 81' lang='lat' dir='ltr'><strong>EPIST.</strong></span> <span class='ocrx_word' id='word_1_4' title='bbox 1317 392 1405 447; x_wconf 78' lang='grc' dir='ltr'><strong>Μ)</strong></span> <span class='ocrx_word' id='word_1_5' title='bbox 1470 378 1815 443; x_wconf 61' lang='grc' dir='ltr'><strong>ιιεηῐυεοδ</strong></span> 
     </span>
    </p>
   </div>
   <div class='ocr_carea' id='block_1_2' title="bbox 224 499 1814 585">
    <p class='ocr_par' dir='ltr' id='par_1_2' title="bbox 224 499 1814 585">
     <span class='ocr_line' id='line_1_2' title="bbox 224 499 1814 585; baseline -0.008 -20"><span class='ocrx_word' id='word_1_6' title='bbox 224 530 352 565; x_wconf 76' lang='lat' dir='ltr'><strong>num</strong></span> <span class='ocrx_word' id='word_1_7' title='bbox 368 511 500 565; x_wconf 79' lang='lat' dir='ltr'><strong>enim</strong></span> <span class='ocrx_word' id='word_1_8' title='bbox 512 508 763 585; x_wconf 37' lang='lat' dir='ltr'><strong>artigratia</strong></span> <span class='ocrx_word' id='word_1_9' title='bbox 784 504 1000 560; x_wconf 87' lang='lat' dir='ltr'><strong>stabiliri</strong></span> <span class='ocrx_word' id='word_1_10' title='bbox 1022 521 1125 569; x_wconf 83' lang='lat' dir='ltr'><strong>cor,</strong></span> <span class='ocrx_word' id='word_1_11' title='bbox 1147 520 1248 558; x_wconf 85' lang='lat' dir='ltr'><strong>non</strong></span> <span class='ocrx_word' id='word_1_12' title='bbox 1276 503 1399 557; x_wconf 79' lang='lat' dir='ltr'><strong>escis</strong></span> <span class='ocrx_word' id='word_1_13' title='bbox 1416 516 1437 566; x_wconf 80' lang='lat'><strong>,&#39;</strong></span> <span class='ocrx_word' id='word_1_14' title='bbox 1454 500 1680 569; x_wconf 85' lang='lat' dir='ltr'><strong>ldipsunt</strong></span> <span class='ocrx_word' id='word_1_15' title='bbox 1705 499 1814 553; x_wconf 85' lang='lat' dir='ltr'><strong>fere</strong></span> 
     </span>
    </p>
   </div>
   <div class='ocr_carea' id='block_1_3' title="bbox 223 591 1814 672">
    <p class='ocr_par' dir='ltr' id='par_1_3' title="bbox 223 591 1814 672">
     <span class='ocr_line' id='line_1_3' title="bbox 223 591 1814 672; baseline -0.009 -16"><span class='ocrx_word' id='word_1_16' title='bbox 223 604 361 657; x_wconf 81' lang='lat' dir='ltr'><strong>dicit</strong></span> <span class='ocrx_word' id='word_1_17' title='bbox 381 603 519 672; x_wconf 84' lang='lat' dir='ltr'><strong>quod</strong></span> <span class='ocrx_word' id='word_1_18' title='bbox 532 596 794 663; x_wconf 79' lang='lat' dir='ltr'><strong>Christus,</strong></span> <span class='ocrx_word' id='word_1_19' title='bbox 816 596 933 651; x_wconf 77' lang='lat' dir='ltr'><strong>Non</strong></span> <span class='ocrx_word' id='word_1_20' title='bbox 955 596 1088 665; x_wconf 83' lang='lat' dir='ltr'><strong>quod</strong></span> <span class='ocrx_word' id='word_1_21' title='bbox 1103 596 1256 648; x_wconf 85' lang='lat' dir='ltr'><strong>intrat</strong></span> <span class='ocrx_word' id='word_1_22' title='bbox 1282 593 1512 662; x_wconf 72' lang='lat' dir='ltr'><strong>inquinat</strong></span> <span class='ocrx_word' id='word_1_23' title='bbox 1538 591 1814 653; x_wconf 81' lang='lat' dir='ltr'><strong>hominem,</strong></span> 
     </span>
    </p>
   </div>
   <div class='ocr_carea' id='block_1_4' title="bbox 221 682 1815 761">
    <p class='ocr_par' dir='ltr' id='par_1_4' title="bbox 221 682 1815 761">
     <span class='ocr_line' id='line_1_4' title="bbox 221 682 1815 761; baseline -0.006 -16"><span class='ocrx_word' id='word_1_24' title='bbox 221 698 319 745; x_wconf 79' lang='lat' dir='ltr'><strong>sed</strong></span> <span class='ocrx_word' id='word_1_25' title='bbox 344 703 473 760; x_wconf 79' lang='lat' dir='ltr'><strong>quoa</strong></span> <span class='ocrx_word' id='word_1_26' title='bbox 493 690 745 761; x_wconf 75' lang='lat' dir='ltr'><strong>egreditur</strong></span> <span class='ocrx_word' id='word_1_27' title='bbox 770 685 984 758; x_wconf 73' lang='lat' dir='ltr'><strong>(Matth.</strong></span> <span class='ocrx_word' id='word_1_28' title='bbox 1010 686 1099 740; x_wconf 85' lang='grc'><strong>15.</strong></span> <span class='ocrx_word' id='word_1_29' title='bbox 1129 684 1218 754; x_wconf 92' lang='grc'><strong>11)</strong></span> <span class='ocrx_word' id='word_1_30' title='bbox 1240 701 1254 748; x_wconf 88' lang='grc'><strong>;</strong></span> <span class='ocrx_word' id='word_1_31' title='bbox 1281 682 1622 750; x_wconf 93' lang='lat' dir='ltr'><strong>ostenditque</strong></span> <span class='ocrx_word' id='word_1_32' title='bbox 1645 689 1815 735; x_wconf 88' lang='lat' dir='ltr'><strong>totum</strong></span> 
     </span>
    </p>
   </div>
   <div class='ocr_carea' id='block_1_5' title="bbox 223 771 1749 847">
    <p class='ocr_par' dir='ltr' id='par_1_5' title="bbox 223 771 1749 847">
     <span class='ocr_line' id='line_1_5' title="bbox 223 771 1749 847; baseline -0.01 -10"><span class='ocrx_word' id='word_1_33' title='bbox 223 798 355 839; x_wconf 49' lang='grc' dir='ltr'><strong>ἀνευ</strong></span> <span class='ocrx_word' id='word_1_34' title='bbox 381 783 536 836; x_wconf 83' lang='lat' dir='ltr'><strong>ﬁdem</strong></span> <span class='ocrx_word' id='word_1_35' title='bbox 561 797 575 833; x_wconf 88' lang='lat'><strong>:</strong></span> <span class='ocrx_word' id='word_1_36' title='bbox 601 782 645 834; x_wconf 88' lang='lat' dir='ltr'><strong>si</strong></span> <span class='ocrx_word' id='word_1_37' title='bbox 678 780 788 847; x_wconf 78' lang='lat' dir='ltr'><strong>ipsa</strong></span> <span class='ocrx_word' id='word_1_38' title='bbox 817 792 915 832; x_wconf 88' lang='lat' dir='ltr'><strong>nos</strong></span> <span class='ocrx_word' id='word_1_39' title='bbox 942 774 1243 838; x_wconf 85' lang='lat' dir='ltr'><strong>stabilierit,</strong></span> <span class='ocrx_word' id='word_1_40' title='bbox 1275 788 1371 827; x_wconf 86' lang='lat' dir='ltr'><strong>cor</strong></span> <span class='ocrx_word' id='word_1_41' title='bbox 1398 781 1506 827; x_wconf 83' lang='lat' dir='ltr'><strong>stat</strong></span> <span class='ocrx_word' id='word_1_42' title='bbox 1534 771 1585 824; x_wconf 91' lang='lat' dir='ltr'><strong>itt</strong></span> <span class='ocrx_word' id='word_1_43' title='bbox 1613 777 1749 824; x_wconf 91' lang='lat' dir='ltr'><strong>tuto.</strong></span> 
     </span>
    </p>
   </div>
   <div class='ocr_carea' id='block_1_6' title="bbox 311 860 1815 932">
    <p class='ocr_par' dir='ltr' id='par_1_6' title="bbox 311 860 1815 932">
     <span class='ocr_line' id='line_1_6' title="bbox 311 860 1815 932; baseline -0.01 -4"><span class='ocrx_word' id='word_1_44' title='bbox 311 874 459 929; x_wconf 77' lang='lat' dir='ltr'><strong>Fides</strong></span> <span class='ocrx_word' id='word_1_45' title='bbox 484 884 553 926; x_wconf 79' lang='lat' dir='ltr'><strong>est</strong></span> <span class='ocrx_word' id='word_1_46' title='bbox 584 871 840 924; x_wconf 74' lang='lat' dir='ltr'><strong>contraria</strong></span> <span class='ocrx_word' id='word_1_47' title='bbox 867 868 1153 922; x_wconf 82' lang='lat' dir='ltr'><strong>ratiocinio.</strong></span> <span class='ocrx_word' id='word_1_48' title='bbox 1178 894 1251 905; x_wconf 88' lang='lat'><strong>—-</strong></span> <span class='ocrx_word' id='word_1_49' title='bbox 1278 863 1436 919; x_wconf 82' lang='lat' dir='ltr'><strong>Fides</strong></span> <span class='ocrx_word' id='word_1_50' title='bbox 1464 876 1593 932; x_wconf 74' lang='lat' dir='ltr'><strong>ergo</strong></span> <span class='ocrx_word' id='word_1_51' title='bbox 1613 860 1815 915; x_wconf 84' lang='lat' dir='ltr'><strong>contir-</strong></span> 
     </span>
    </p>
   </div>
   <div class='ocr_carea' id='block_1_7' title="bbox 225 952 1817 1027">
    <p class='ocr_par' dir='ltr' id='par_1_7' title="bbox 225 952 1817 1027">
     <span class='ocr_line' id='line_1_7' title="bbox 225 952 1817 1027; baseline -0.009 -5"><span class='ocrx_word' id='word_1_52' title='bbox 225 977 346 1022; x_wconf 86' lang='lat' dir='ltr'><strong>mat</strong></span> <span class='ocrx_word' id='word_1_53' title='bbox 372 978 427 1020; x_wconf 86' lang='lat' dir='ltr'><strong>et</strong></span> <span class='ocrx_word' id='word_1_54' title='bbox 466 964 690 1027; x_wconf 88' lang='lat' dir='ltr'><strong>stabilit,</strong></span> <span class='ocrx_word' id='word_1_55' title='bbox 735 965 970 1016; x_wconf 82' lang='lat' dir='ltr'><strong>rationes</strong></span> <span class='ocrx_word' id='word_1_56' title='bbox 1001 972 1130 1011; x_wconf 82' lang='lat' dir='ltr'><strong>vero</strong></span> <span class='ocrx_word' id='word_1_57' title='bbox 1159 955 1515 1019; x_wconf 73' lang='lat' dir='ltr'><strong>labefaciunt;</strong></span> <span class='ocrx_word' id='word_1_58' title='bbox 1545 952 1817 1008; x_wconf 86' lang='lat' dir='ltr'><strong>contraria</strong></span> 
     </span>
    </p>
   </div>
   <div class='ocr_carea' id='block_1_8' title="bbox 224 1045 1815 1118">
    <p class='ocr_par' dir='ltr' id='par_1_8' title="bbox 224 1045 1815 1118">
     <span class='ocr_line' id='line_1_8' title="bbox 224 1045 1815 1118; baseline -0.009 -7"><span class='ocrx_word' id='word_1_59' title='bbox 224 1058 377 1111; x_wconf 85' lang='lat' dir='ltr'><strong>enim</strong></span> <span class='ocrx_word' id='word_1_60' title='bbox 405 1063 489 1111; x_wconf 85' lang='lat' dir='ltr'><strong>est</strong></span> <span class='ocrx_word' id='word_1_61' title='bbox 518 1055 648 1109; x_wconf 90' lang='lat' dir='ltr'><strong>lides</strong></span> <span class='ocrx_word' id='word_1_62' title='bbox 671 1052 972 1106; x_wconf 90' lang='lat' dir='ltr'><strong>ratiocinio.</strong></span> <span class='ocrx_word' id='word_1_63' title='bbox 1001 1048 1127 1117; x_wconf 83' lang='lat' dir='ltr'><strong>Qua:</strong></span> <span class='ocrx_word' id='word_1_64' title='bbox 1148 1066 1246 1102; x_wconf 87' lang='lat' dir='ltr'><strong>non</strong></span> <span class='ocrx_word' id='word_1_65' title='bbox 1273 1051 1594 1118; x_wconf 74' lang='lat' dir='ltr'><strong>profuerunt,</strong></span> <span class='ocrx_word' id='word_1_66' title='bbox 1626 1045 1815 1115; x_wconf 89' lang='lat' dir='ltr'><strong>inquit,</strong></span> 
     </span>
    </p>
   </div>
   <div class='ocr_carea' id='block_1_9' title="bbox 227 1140 1817 1211">
    <p class='ocr_par' dir='ltr' id='par_1_9' title="bbox 227 1140 1817 1211">
     <span class='ocr_line' id='line_1_9' title="bbox 227 1140 1817 1211; baseline -0.008 -8"><span class='ocrx_word' id='word_1_67' title='bbox 227 1147 605 1203; x_wconf 73' lang='lat' dir='ltr'><strong>antbutantibus</strong></span> <span class='ocrx_word' id='word_1_68' title='bbox 648 1147 701 1197; x_wconf 90' lang='lat' dir='ltr'><strong>in</strong></span> <span class='ocrx_word' id='word_1_69' title='bbox 729 1144 819 1198; x_wconf 79' lang='lat' dir='ltr'><strong>eis.</strong></span> <span class='ocrx_word' id='word_1_70' title='bbox 851 1143 988 1211; x_wconf 84' lang='lat' dir='ltr'><strong>Quid</strong></span> <span class='ocrx_word' id='word_1_71' title='bbox 1016 1142 1158 1196; x_wconf 88' lang='lat' dir='ltr'><strong>enim</strong></span> <span class='ocrx_word' id='word_1_72' title='bbox 1189 1140 1342 1205; x_wconf 88' lang='lat' dir='ltr'><strong>lucri,</strong></span> <span class='ocrx_word' id='word_1_73' title='bbox 1370 1140 1459 1195; x_wconf 92' lang='lat' dir='ltr'><strong>dic</strong></span> <span class='ocrx_word' id='word_1_74' title='bbox 1488 1154 1688 1210; x_wconf 59' lang='lat' dir='ltr'><strong>quasso,</strong></span> <span class='ocrx_word' id='word_1_75' title='bbox 1725 1152 1817 1192; x_wconf 90' lang='lat' dir='ltr'><strong>ca-</strong></span> 
     </span>
    </p>
   </div>
   <div class='ocr_carea' id='block_1_10' title="bbox 227 1230 1818 1311">
    <p class='ocr_par' dir='ltr' id='par_1_10' title="bbox 227 1230 1818 1311">
     <span class='ocr_line' id='line_1_10' title="bbox 227 1230 1818 1311; baseline -0.007 -17"><span class='ocrx_word' id='word_1_76' title='bbox 227 1242 380 1311; x_wconf 87' lang='lat' dir='ltr'><strong>pitur</strong></span> <span class='ocrx_word' id='word_1_77' title='bbox 420 1254 484 1294; x_wconf 82' lang='lat' dir='ltr'><strong>ex</strong></span> <span class='ocrx_word' id='word_1_78' title='bbox 514 1236 928 1292; x_wconf 79' lang='lat' dir='ltr'><strong>observatione?</strong></span> <span class='ocrx_word' id='word_1_79' title='bbox 958 1248 1137 1287; x_wconf 88' lang='lat' dir='ltr'><strong>annon</strong></span> <span class='ocrx_word' id='word_1_80' title='bbox 1183 1232 1350 1301; x_wconf 79' lang='lat' dir='ltr'><strong>magis</strong></span> <span class='ocrx_word' id='word_1_81' title='bbox 1381 1230 1598 1301; x_wconf 77' lang='lat' dir='ltr'><strong>perdit?</strong></span> <span class='ocrx_word' id='word_1_82' title='bbox 1639 1243 1818 1283; x_wconf 83' lang='lat' dir='ltr'><strong>annon</strong></span> 
     </span>
    </p>
   </div>
   <div class='ocr_carea' id='block_1_11' title="bbox 227 1321 1817 1399">
    <p class='ocr_par' dir='ltr' id='par_1_11' title="bbox 227 1321 1817 1399">
     <span class='ocr_line' id='line_1_11' title="bbox 227 1321 1817 1399; baseline -0.008 -13"><span class='ocrx_word' id='word_1_83' title='bbox 227 1346 357 1386; x_wconf 84' lang='lat' dir='ltr'><strong>eum</strong></span> <span class='ocrx_word' id='word_1_84' title='bbox 383 1332 471 1399; x_wconf 91' lang='lat' dir='ltr'><strong>qui</strong></span> <span class='ocrx_word' id='word_1_85' title='bbox 498 1338 582 1385; x_wconf 83' lang='lat' dir='ltr'><strong>est</strong></span> <span class='ocrx_word' id='word_1_86' title='bbox 605 1326 908 1397; x_wconf 85' lang='lat' dir='ltr'><strong>hujusmodi</strong></span> <span class='ocrx_word' id='word_1_87' title='bbox 934 1327 1123 1380; x_wconf 88' lang='lat' dir='ltr'><strong>statuit</strong></span> <span class='ocrx_word' id='word_1_88' title='bbox 1142 1326 1240 1378; x_wconf 87' lang='lat' dir='ltr'><strong>sub</strong></span> <span class='ocrx_word' id='word_1_89' title='bbox 1265 1322 1517 1391; x_wconf 78' lang='lat' dir='ltr'><strong>peccato?</strong></span> <span class='ocrx_word' id='word_1_90' title='bbox 1542 1322 1598 1376; x_wconf 82' lang='lat' dir='ltr'><strong>Si</strong></span> <span class='ocrx_word' id='word_1_91' title='bbox 1629 1321 1817 1377; x_wconf 81' lang='lat' dir='ltr'><strong>obser-</strong></span> 
     </span>
    </p>
   </div>
   <div class='ocr_carea' id='block_1_12' title="bbox 226 1415 1824 1486">
    <p class='ocr_par' dir='ltr' id='par_1_12' title="bbox 226 1415 1824 1486">
     <span class='ocr_line' id='line_1_12' title="bbox 226 1415 1824 1486; baseline -0.005 -10"><span class='ocrx_word' id='word_1_92' title='bbox 226 1424 464 1477; x_wconf 76' lang='lat' dir='ltr'><strong>vandum</strong></span> <span class='ocrx_word' id='word_1_93' title='bbox 491 1430 591 1486; x_wconf 89' lang='lat' dir='ltr'><strong>est,</strong></span> <span class='ocrx_word' id='word_1_94' title='bbox 636 1421 1027 1476; x_wconf 81' lang='lat' dir='ltr'><strong>observandum</strong></span> <span class='ocrx_word' id='word_1_95' title='bbox 1072 1428 1157 1473; x_wconf 80' lang='lat' dir='ltr'><strong>est</strong></span> <span class='ocrx_word' id='word_1_96' title='bbox 1187 1419 1274 1472; x_wconf 90' lang='lat' dir='ltr'><strong>ubi</strong></span> <span class='ocrx_word' id='word_1_97' title='bbox 1321 1417 1444 1472; x_wconf 89' lang='lat' dir='ltr'><strong>hinc</strong></span> <span class='ocrx_word' id='word_1_98' title='bbox 1490 1415 1824 1481; x_wconf 75' lang='lat' dir='ltr'><strong>lucrum’ob-</strong></span> 
     </span>
    </p>
   </div>
   <div class='ocr_carea' id='block_1_13' title="bbox 224 1508 1821 1573">
    <p class='ocr_par' dir='ltr' id='par_1_13' title="bbox 224 1508 1821 1573">
     <span class='ocr_line' id='line_1_13' title="bbox 224 1508 1821 1573; baseline -0.006 -1"><span class='ocrx_word' id='word_1_99' title='bbox 224 1517 568 1572; x_wconf 82' lang='lat' dir='ltr'><strong>servantibus</strong></span> <span class='ocrx_word' id='word_1_100' title='bbox 616 1514 851 1569; x_wconf 81' lang='lat' dir='ltr'><strong>obvenit.</strong></span> <span class='ocrx_word' id='word_1_101' title='bbox 902 1513 1046 1566; x_wconf 89' lang='lat' dir='ltr'><strong>Bona</strong></span> <span class='ocrx_word' id='word_1_102' title='bbox 1097 1512 1407 1567; x_wconf 80' lang='lat' dir='ltr'><strong>observatio</strong></span> <span class='ocrx_word' id='word_1_103' title='bbox 1449 1520 1534 1565; x_wconf 89' lang='lat' dir='ltr'><strong>est</strong></span> <span class='ocrx_word' id='word_1_104' title='bbox 1580 1508 1821 1573; x_wconf 76' lang='lat' dir='ltr'><strong>amdlitio</strong></span> 
     </span>
    </p>
   </div>
   <div class='ocr_carea' id='block_1_14' title="bbox 228 1601 1817 1679">
    <p class='ocr_par' dir='ltr' id='par_1_14' title="bbox 228 1601 1817 1679">
     <span class='ocr_line' id='line_1_14' title="bbox 228 1601 1817 1679; baseline -0.008 -14"><span class='ocrx_word' id='word_1_105' title='bbox 228 1610 512 1679; x_wconf 68' lang='lat' dir='ltr'><strong>nequitias,</strong></span> <span class='ocrx_word' id='word_1_106' title='bbox 538 1623 634 1663; x_wconf 88' lang='lat' dir='ltr'><strong>eor</strong></span> <span class='ocrx_word' id='word_1_107' title='bbox 676 1615 902 1673; x_wconf 87' lang='lat' dir='ltr'><strong>rectum,</strong></span> <span class='ocrx_word' id='word_1_108' title='bbox 939 1607 1108 1675; x_wconf 86' lang='lat' dir='ltr'><strong>pietas</strong></span> <span class='ocrx_word' id='word_1_109' title='bbox 1153 1605 1205 1658; x_wconf 90' lang='lat' dir='ltr'><strong>in</strong></span> <span class='ocrx_word' id='word_1_110' title='bbox 1248 1604 1433 1667; x_wconf 90' lang='lat' dir='ltr'><strong>Deum,</strong></span> <span class='ocrx_word' id='word_1_111' title='bbox 1469 1613 1613 1657; x_wconf 88' lang='lat' dir='ltr'><strong>recta</strong></span> <span class='ocrx_word' id='word_1_112' title='bbox 1664 1601 1817 1655; x_wconf 90' lang='lat' dir='ltr'><strong>ﬁdes.</strong></span> 
     </span>
    </p>
   </div>
   <div class='ocr_carea' id='block_1_15' title="bbox 228 1691 1821 1771">
    <p class='ocr_par' dir='ltr' id='par_1_15' title="bbox 228 1691 1821 1771">
     <span class='ocr_line' id='line_1_15' title="bbox 228 1691 1821 1771; baseline -0.008 -14"><span class='ocrx_word' id='word_1_113' title='bbox 228 1705 364 1770; x_wconf 70' lang='lat' dir='ltr'><strong>Quia</strong></span> <span class='ocrx_word' id='word_1_114' title='bbox 389 1718 488 1755; x_wconf 85' lang='lat' dir='ltr'><strong>non</strong></span> <span class='ocrx_word' id='word_1_115' title='bbox 514 1705 840 1771; x_wconf 74' lang='lat' dir='ltr'><strong>profuerunt,</strong></span> <span class='ocrx_word' id='word_1_116' title='bbox 884 1696 1074 1767; x_wconf 82' lang='lat' dir='ltr'><strong>inquit,</strong></span> <span class='ocrx_word' id='word_1_117' title='bbox 1104 1694 1476 1750; x_wconf 76' lang='lat' dir='ltr'><strong>ambulantibus</strong></span> <span class='ocrx_word' id='word_1_118' title='bbox 1501 1695 1553 1748; x_wconf 87' lang='lat' dir='ltr'><strong>in</strong></span> <span class='ocrx_word' id='word_1_119' title='bbox 1580 1694 1685 1756; x_wconf 78' lang='lat' dir='ltr'><strong>eis;</strong></span> <span class='ocrx_word' id='word_1_120' title='bbox 1718 1691 1821 1746; x_wconf 89' lang='lat' dir='ltr'><strong>hoc</strong></span> 
     </span>
    </p>
   </div>
   <div class='ocr_carea' id='block_1_16' title="bbox 226 1785 1822 1860">
    <p class='ocr_par' dir='ltr' id='par_1_16' title="bbox 226 1785 1822 1860">
     <span class='ocr_line' id='line_1_16' title="bbox 226 1785 1822 1860; baseline -0.006 -12"><span class='ocrx_word' id='word_1_121' title='bbox 226 1802 337 1853; x_wconf 81' lang='lat' dir='ltr'><strong>est.</strong></span> <span class='ocrx_word' id='word_1_122' title='bbox 371 1793 435 1846; x_wconf 92' lang='lat' dir='ltr'><strong>iis</strong></span> <span class='ocrx_word' id='word_1_123' title='bbox 460 1792 546 1859; x_wconf 89' lang='lat' dir='ltr'><strong>qui</strong></span> <span class='ocrx_word' id='word_1_124' title='bbox 575 1806 635 1845; x_wconf 89' lang='lat' dir='ltr'><strong>ea</strong></span> <span class='ocrx_word' id='word_1_125' title='bbox 668 1797 924 1860; x_wconf 88' lang='lat' dir='ltr'><strong>perpetuo</strong></span> <span class='ocrx_word' id='word_1_126' title='bbox 950 1787 1277 1842; x_wconf 87' lang='lat' dir='ltr'><strong>custodiunt.</strong></span> <span class='ocrx_word' id='word_1_127' title='bbox 1308 1786 1422 1841; x_wconf 89' lang='lat' dir='ltr'><strong>Una</strong></span> <span class='ocrx_word' id='word_1_128' title='bbox 1449 1794 1533 1839; x_wconf 88' lang='lat' dir='ltr'><strong>est</strong></span> <span class='ocrx_word' id='word_1_129' title='bbox 1561 1785 1822 1840; x_wconf 84' lang='lat' dir='ltr'><strong>observa-</strong></span> 
     </span>
    </p>
   </div>
   <div class='ocr_carea' id='block_1_17' title="bbox 228 1877 1820 1950">
    <p class='ocr_par' dir='ltr' id='par_1_17' title="bbox 228 1877 1820 1950">
     <span class='ocr_line' id='line_1_17' title="bbox 228 1877 1820 1950; baseline -0.006 -10"><span class='ocrx_word' id='word_1_130' title='bbox 228 1887 309 1941; x_wconf 87' lang='lat' dir='ltr'><strong>tio</strong></span> <span class='ocrx_word' id='word_1_131' title='bbox 336 1885 607 1938; x_wconf 90' lang='lat' dir='ltr'><strong>abstinere</strong></span> <span class='ocrx_word' id='word_1_132' title='bbox 628 1898 656 1936; x_wconf 86' lang='lat' dir='ltr'><strong>a</strong></span> <span class='ocrx_word' id='word_1_133' title='bbox 687 1890 927 1950; x_wconf 84' lang='lat' dir='ltr'><strong>peccato.</strong></span> <span class='ocrx_word' id='word_1_134' title='bbox 951 1880 1087 1947; x_wconf 86' lang='lat' dir='ltr'><strong>Quid</strong></span> <span class='ocrx_word' id='word_1_135' title='bbox 1116 1880 1257 1934; x_wconf 83' lang='lat' dir='ltr'><strong>enim</strong></span> <span class='ocrx_word' id='word_1_136' title='bbox 1291 1877 1533 1947; x_wconf 84' lang='lat' dir='ltr'><strong>prodest,</strong></span> <span class='ocrx_word' id='word_1_137' title='bbox 1566 1893 1687 1931; x_wconf 90' lang='lat' dir='ltr'><strong>cum</strong></span> <span class='ocrx_word' id='word_1_138' title='bbox 1713 1879 1820 1931; x_wconf 89' lang='lat' dir='ltr'><strong>sint</strong></span> 
     </span>
    </p>
   </div>
   <div class='ocr_carea' id='block_1_18' title="bbox 228 1969 1819 2033">
    <p class='ocr_par' dir='ltr' id='par_1_18' title="bbox 228 1969 1819 2033">
     <span class='ocr_line' id='line_1_18' title="bbox 228 1969 1819 2033; baseline -0.007 -1"><span class='ocrx_word' id='word_1_139' title='bbox 228 1977 473 2032; x_wconf 86' lang='lat' dir='ltr'><strong>nonnulli</strong></span> <span class='ocrx_word' id='word_1_140' title='bbox 492 1976 625 2029; x_wconf 87' lang='lat' dir='ltr'><strong>adeo</strong></span> <span class='ocrx_word' id='word_1_141' title='bbox 652 1973 896 2027; x_wconf 78' lang='lat' dir='ltr'><strong>scelerati</strong></span> <span class='ocrx_word' id='word_1_142' title='bbox 916 1983 971 2027; x_wconf 91' lang='lat' dir='ltr'><strong>et</strong></span> <span class='ocrx_word' id='word_1_143' title='bbox 993 1970 1331 2033; x_wconf 74' lang='lat' dir='ltr'><strong>exsecraudi,</strong></span> <span class='ocrx_word' id='word_1_144' title='bbox 1351 1980 1408 2024; x_wconf 89' lang='lat' dir='ltr'><strong>ttt</strong></span> <span class='ocrx_word' id='word_1_145' title='bbox 1437 1969 1819 2024; x_wconf 86' lang='lat' dir='ltr'><strong>sacriﬁciorum</strong></span> 
     </span>
    </p>
   </div>
   <div class='ocr_carea' id='block_1_19' title="bbox 234 2060 1819 2137">
    <p class='ocr_par' dir='ltr' id='par_1_19' title="bbox 234 2060 1819 2137">
     <span class='ocr_line' id='line_1_19' title="bbox 234 2060 1819 2137; baseline -0.007 -14"><span class='ocrx_word' id='word_1_146' title='bbox 234 2067 563 2137; x_wconf 87' lang='lat' dir='ltr'><strong>nonpossint</strong></span> <span class='ocrx_word' id='word_1_147' title='bbox 584 2080 702 2119; x_wconf 86' lang='lat' dir='ltr'><strong>esse</strong></span> <span class='ocrx_word' id='word_1_148' title='bbox 728 2061 1416 2134; x_wconf 82' lang='lat' dir='ltr'><strong>participes?Quamobrem</strong></span> <span class='ocrx_word' id='word_1_149' title='bbox 1439 2060 1568 2115; x_wconf 80' lang='lat' dir='ltr'><strong>nihil</strong></span> <span class='ocrx_word' id='word_1_150' title='bbox 1584 2074 1675 2114; x_wconf 88' lang='lat' dir='ltr'><strong>eos</strong></span> <span class='ocrx_word' id='word_1_151' title='bbox 1694 2060 1819 2114; x_wconf 76' lang='lat' dir='ltr'><strong>red~</strong></span> 
     </span>
    </p>
   </div>
   <div class='ocr_carea' id='block_1_20' title="bbox 233 2157 1821 2228">
    <p class='ocr_par' dir='ltr' id='par_1_20' title="bbox 233 2157 1821 2228">
     <span class='ocr_line' id='line_1_20' title="bbox 233 2157 1821 2228; baseline -0.003 -15"><span class='ocrx_word' id='word_1_152' title='bbox 233 2160 396 2215; x_wconf 83' lang='lat' dir='ltr'><strong>debat</strong></span> <span class='ocrx_word' id='word_1_153' title='bbox 414 2160 610 2224; x_wconf 85' lang='lat' dir='ltr'><strong>salvos,</strong></span> <span class='ocrx_word' id='word_1_154' title='bbox 626 2158 866 2228; x_wconf 79' lang='lat' dir='ltr'><strong>quamvis</strong></span> <span class='ocrx_word' id='word_1_155' title='bbox 884 2157 1115 2211; x_wconf 89' lang='lat' dir='ltr'><strong>studium</strong></span> <span class='ocrx_word' id='word_1_156' title='bbox 1141 2166 1400 2226; x_wconf 78' lang='lat' dir='ltr'><strong>ponerent</strong></span> <span class='ocrx_word' id='word_1_157' title='bbox 1424 2157 1475 2211; x_wconf 87' lang='lat' dir='ltr'><strong>in</strong></span> <span class='ocrx_word' id='word_1_158' title='bbox 1492 2157 1821 2210; x_wconf 80' lang='lat' dir='ltr'><strong>observatio-</strong></span> 
     </span>
    </p>
   </div>
   <div class='ocr_carea' id='block_1_21' title="bbox 233 2247 1817 2317">
    <p class='ocr_par' dir='ltr' id='par_1_21' title="bbox 233 2247 1817 2317">
     <span class='ocr_line' id='line_1_21' title="bbox 233 2247 1817 2317; baseline -0.004 -12"><span class='ocrx_word' id='word_1_159' title='bbox 233 2252 423 2315; x_wconf 90' lang='lat' dir='ltr'><strong>nibus;</strong></span> <span class='ocrx_word' id='word_1_160' title='bbox 457 2249 572 2314; x_wconf 89' lang='lat' dir='ltr'><strong>sed,</strong></span> <span class='ocrx_word' id='word_1_161' title='bbox 594 2250 843 2317; x_wconf 88' lang='lat' dir='ltr'><strong>quoniam</strong></span> <span class='ocrx_word' id='word_1_162' title='bbox 878 2248 1033 2303; x_wconf 88' lang='lat' dir='ltr'><strong>lident</strong></span> <span class='ocrx_word' id='word_1_163' title='bbox 1066 2264 1172 2302; x_wconf 91' lang='lat' dir='ltr'><strong>non</strong></span> <span class='ocrx_word' id='word_1_164' title='bbox 1200 2247 1487 2313; x_wconf 75' lang='lat' dir='ltr'><strong>habebant,</strong></span> <span class='ocrx_word' id='word_1_165' title='bbox 1512 2263 1579 2303; x_wconf 90' lang='lat' dir='ltr'><strong>nc</strong></span> <span class='ocrx_word' id='word_1_166' title='bbox 1610 2249 1685 2302; x_wconf 84' lang='lat' dir='ltr'><strong>sic</strong></span> <span class='ocrx_word' id='word_1_167' title='bbox 1699 2247 1817 2317; x_wconf 84' lang='lat' dir='ltr'><strong>qui-</strong></span> 
     </span>
    </p>
   </div>
   <div class='ocr_carea' id='block_1_22' title="bbox 232 2339 1813 2410">
    <p class='ocr_par' dir='ltr' id='par_1_22' title="bbox 232 2339 1813 2410">
     <span class='ocr_line' id='line_1_22' title="bbox 232 2339 1813 2410; baseline -0.002 -14"><span class='ocrx_word' id='word_1_168' title='bbox 232 2344 356 2397; x_wconf 86' lang='lat' dir='ltr'><strong>dent</strong></span> <span class='ocrx_word' id='word_1_169' title='bbox 378 2344 455 2396; x_wconf 89' lang='lat' dir='ltr'><strong>eis</strong></span> <span class='ocrx_word' id='word_1_170' title='bbox 477 2340 809 2410; x_wconf 90' lang='lat' dir='ltr'><strong>profuerunt.</strong></span> <span class='ocrx_word' id='word_1_171' title='bbox 832 2339 1029 2394; x_wconf 91' lang='lat' dir='ltr'><strong>Deinde</strong></span> <span class='ocrx_word' id='word_1_172' title='bbox 1046 2356 1107 2393; x_wconf 75' lang='lat' dir='ltr'><strong>ex</strong></span> <span class='ocrx_word' id='word_1_173' title='bbox 1132 2341 1297 2408; x_wconf 75' lang='lat' dir='ltr'><strong>ﬁgura</strong></span> <span class='ocrx_word' id='word_1_174' title='bbox 1318 2341 1454 2394; x_wconf 88' lang='lat' dir='ltr'><strong>tollit</strong></span> <span class='ocrx_word' id='word_1_175' title='bbox 1475 2340 1813 2405; x_wconf 81' lang='lat' dir='ltr'><strong>saeriﬁeium,</strong></span> 
     </span>
    </p>
   </div>
   <div class='ocr_carea' id='block_1_23' title="bbox 231 2429 1816 2499">
    <p class='ocr_par' dir='ltr' id='par_1_23' title="bbox 231 2429 1816 2499">
     <span class='ocr_line' id='line_1_23' title="bbox 231 2429 1816 2499; baseline -0.003 -12"><span class='ocrx_word' id='word_1_176' title='bbox 231 2442 288 2487; x_wconf 90' lang='lat' dir='ltr'><strong>ct</strong></span> <span class='ocrx_word' id='word_1_177' title='bbox 310 2432 373 2485; x_wconf 88' lang='lat' dir='ltr'><strong>:td</strong></span> <span class='ocrx_word' id='word_1_178' title='bbox 398 2432 671 2499; x_wconf 80' lang='lat' dir='ltr'><strong>exemplar</strong></span> <span class='ocrx_word' id='word_1_179' title='bbox 689 2431 1010 2499; x_wconf 80' lang='lat' dir='ltr'><strong>primitivum</strong></span> <span class='ocrx_word' id='word_1_180' title='bbox 1032 2429 1247 2483; x_wconf 90' lang='lat' dir='ltr'><strong>deducit</strong></span> <span class='ocrx_word' id='word_1_181' title='bbox 1268 2430 1584 2495; x_wconf 89' lang='lat' dir='ltr'><strong>orationem,</strong></span> <span class='ocrx_word' id='word_1_182' title='bbox 1601 2429 1816 2485; x_wconf 89' lang='lat' dir='ltr'><strong>dicens:</strong></span> 
     </span>
    </p>
   </div>
   <div class='ocr_carea' id='block_1_24' title="bbox 234 2522 1819 2593">
    <p class='ocr_par' dir='ltr' id='par_1_24' title="bbox 234 2522 1819 2593">
     <span class='ocr_line' id='line_1_24' title="bbox 234 2522 1819 2593; baseline 0.001 -17"><span class='ocrx_word' id='word_1_183' title='bbox 234 2524 466 2588; x_wconf 78' lang='lat' dir='ltr'><strong>Quorum</strong></span> <span class='ocrx_word' id='word_1_184' title='bbox 496 2524 627 2577; x_wconf 86' lang='lat' dir='ltr'><strong>enim</strong></span> <span class='ocrx_word' id='word_1_185' title='bbox 656 2523 952 2575; x_wconf 80' lang='lat' dir='ltr'><strong>animalium</strong></span> <span class='ocrx_word' id='word_1_186' title='bbox 991 2522 1208 2588; x_wconf 76' lang='lat' dir='ltr'><strong>infertur</strong></span> <span class='ocrx_word' id='word_1_187' title='bbox 1236 2522 1442 2593; x_wconf 81' lang='lat' dir='ltr'><strong>sanguis</strong></span> <span class='ocrx_word' id='word_1_188' title='bbox 1486 2539 1577 2587; x_wconf 91' lang='lat' dir='ltr'><strong>pro</strong></span> <span class='ocrx_word' id='word_1_189' title='bbox 1619 2530 1819 2592; x_wconf 84' lang='lat' dir='ltr'><strong>peccato</strong></span> 
     </span>
    </p>
   </div>
   <div class='ocr_carea' id='block_1_25' title="bbox 229 2614 1816 2685">
    <p class='ocr_par' dir='ltr' id='par_1_25' title="bbox 229 2614 1816 2685">
     <span class='ocr_line' id='line_1_25' title="bbox 229 2614 1816 2685; baseline 0.002 -17"><span class='ocrx_word' id='word_1_190' title='bbox 229 2618 287 2668; x_wconf 76' lang='lat' dir='ltr'><strong>in</strong></span> <span class='ocrx_word' id='word_1_191' title='bbox 319 2626 495 2668; x_wconf 81' lang='lat' dir='ltr'><strong>sancta</strong></span> <span class='ocrx_word' id='word_1_192' title='bbox 520 2632 607 2685; x_wconf 72' lang='lat' dir='ltr'><strong>per</strong></span> <span class='ocrx_word' id='word_1_193' title='bbox 636 2616 943 2683; x_wconf 78' lang='lat' dir='ltr'><strong>pontiﬁcem,</strong></span> <span class='ocrx_word' id='word_1_194' title='bbox 976 2614 1155 2666; x_wconf 80' lang='lat' dir='ltr'><strong>Iterum</strong></span> <span class='ocrx_word' id='word_1_195' title='bbox 1181 2630 1395 2683; x_wconf 80' lang='lat' dir='ltr'><strong>corpora</strong></span> <span class='ocrx_word' id='word_1_196' title='bbox 1423 2624 1708 2669; x_wconf 79' lang='lat' dir='ltr'><strong>cremantur</strong></span> <span class='ocrx_word' id='word_1_197' title='bbox 1732 2632 1816 2671; x_wconf 70' lang='lat' dir='ltr'><strong>cx-</strong></span> 
     </span>
    </p>
   </div>
   <div class='ocr_carea' id='block_1_26' title="bbox 232 2702 1820 2776">
    <p class='ocr_par' dir='ltr' id='par_1_26' title="bbox 232 2702 1820 2776">
     <span class='ocr_line' id='line_1_26' title="bbox 232 2702 1820 2776; baseline 0.001 -15"><span class='ocrx_word' id='word_1_198' title='bbox 232 2717 313 2761; x_wconf 88' lang='lat' dir='ltr'><strong>tra</strong></span> <span class='ocrx_word' id='word_1_199' title='bbox 344 2716 529 2759; x_wconf 86' lang='lat' dir='ltr'><strong>castra.</strong></span> <span class='ocrx_word' id='word_1_200' title='bbox 568 2704 820 2772; x_wconf 50' lang='lat' dir='ltr'><strong>Quocirca</strong></span> <span class='ocrx_word' id='word_1_201' title='bbox 845 2702 998 2758; x_wconf 78' lang='lat' dir='ltr'><strong>Iesus</strong></span> <span class='ocrx_word' id='word_1_202' title='bbox 1037 2716 1181 2759; x_wconf 68' lang='lat' dir='ltr'><strong>cura</strong></span> <span class='ocrx_word' id='word_1_203' title='bbox 1208 2714 1407 2775; x_wconf 82' lang='lat' dir='ltr'><strong>portam</strong></span> <span class='ocrx_word' id='word_1_204' title='bbox 1439 2723 1618 2776; x_wconf 83' lang='lat' dir='ltr'><strong>passus</strong></span> <span class='ocrx_word' id='word_1_205' title='bbox 1643 2717 1736 2773; x_wconf 84' lang='lat' dir='ltr'><strong>est,</strong></span> <span class='ocrx_word' id='word_1_206' title='bbox 1764 2718 1820 2762; x_wconf 83' lang='lat' dir='ltr'><strong>ut</strong></span> 
     </span>
    </p>
   </div>
   <div class='ocr_carea' id='block_1_27' title="bbox 231 2796 1821 2869">
    <p class='ocr_par' dir='ltr' id='par_1_27' title="bbox 231 2796 1821 2869">
     <span class='ocr_line' id='line_1_27' title="bbox 231 2796 1821 2869; baseline 0.003 -18"><span class='ocrx_word' id='word_1_207' title='bbox 231 2799 571 2867; x_wconf 78' lang='lat' dir='ltr'><strong>sancti/icarct</strong></span> <span class='ocrx_word' id='word_1_208' title='bbox 602 2797 850 2865; x_wconf 81' lang='lat' dir='ltr'><strong>populant</strong></span> <span class='ocrx_word' id='word_1_209' title='bbox 886 2796 1095 2865; x_wconf 82' lang='lat' dir='ltr'><strong>praprio</strong></span> <span class='ocrx_word' id='word_1_210' title='bbox 1132 2799 1397 2867; x_wconf 86' lang='lat' dir='ltr'><strong>sanguine.</strong></span> <span class='ocrx_word' id='word_1_211' title='bbox 1437 2798 1526 2853; x_wconf 89' lang='lat' dir='ltr'><strong>Illa</strong></span> <span class='ocrx_word' id='word_1_212' title='bbox 1564 2815 1693 2869; x_wconf 83' lang='lat' dir='ltr'><strong>ergo</strong></span> <span class='ocrx_word' id='word_1_213' title='bbox 1723 2802 1821 2855; x_wconf 92' lang='lat' dir='ltr'><strong>ho-</strong></span> 
     </span>
    </p>
   </div>
   <div class='ocr_carea' id='block_1_28' title="bbox 226 2888 1826 2965">
    <p class='ocr_par' dir='ltr' id='par_1_28' title="bbox 226 2888 1826 2965">
     <span class='ocr_line' id='line_1_28' title="bbox 226 2888 1826 2965; baseline 0.002 -18"><span class='ocrx_word' id='word_1_214' title='bbox 226 2906 351 2947; x_wconf 86' lang='lat' dir='ltr'><strong>rum</strong></span> <span class='ocrx_word' id='word_1_215' title='bbox 377 2900 531 2945; x_wconf 86' lang='lat' dir='ltr'><strong>erant</strong></span> <span class='ocrx_word' id='word_1_216' title='bbox 555 2888 745 2959; x_wconf 79' lang='lat' dir='ltr'><strong>ﬁgura,</strong></span> <span class='ocrx_word' id='word_1_217' title='bbox 765 2896 818 2942; x_wconf 88' lang='lat' dir='ltr'><strong>et</strong></span> <span class='ocrx_word' id='word_1_218' title='bbox 839 2890 917 2944; x_wconf 91' lang='lat' dir='ltr'><strong>sic</strong></span> <span class='ocrx_word' id='word_1_219' title='bbox 941 2890 1125 2943; x_wconf 81' lang='lat' dir='ltr'><strong>omnia</strong></span> <span class='ocrx_word' id='word_1_220' title='bbox 1150 2889 1395 2960; x_wconf 77' lang='lat' dir='ltr'><strong>impievit</strong></span> <span class='ocrx_word' id='word_1_221' title='bbox 1417 2890 1672 2947; x_wconf 82' lang='lat' dir='ltr'><strong>Christus</strong></span> <span class='ocrx_word' id='word_1_222' title='bbox 1696 2909 1826 2965; x_wconf 80' lang='lat' dir='ltr'><strong>pas-</strong></span> 
     </span>
    </p>
   </div>
   <div class='ocr_carea' id='block_1_29' title="bbox 226 2986 1827 3059">
    <p class='ocr_par' dir='ltr' id='par_1_29' title="bbox 226 2986 1827 3059">
     <span class='ocr_line' id='line_1_29' title="bbox 226 2986 1827 3059; baseline 0.003 -16"><span class='ocrx_word' id='word_1_223' title='bbox 226 3004 329 3044; x_wconf 84' lang='lat' dir='ltr'><strong>sus</strong></span> <span class='ocrx_word' id='word_1_224' title='bbox 355 2997 529 3043; x_wconf 69' lang='lat' dir='ltr'><strong>extra.</strong></span> <span class='ocrx_word' id='word_1_225' title='bbox 566 2986 661 3040; x_wconf 88' lang='lat' dir='ltr'><strong>llic</strong></span> <span class='ocrx_word' id='word_1_226' title='bbox 696 2988 856 3040; x_wconf 87' lang='lat' dir='ltr'><strong>etiam</strong></span> <span class='ocrx_word' id='word_1_227' title='bbox 890 2986 1162 3056; x_wconf 76' lang='lat' dir='ltr'><strong>signiﬁcat</strong></span> <span class='ocrx_word' id='word_1_228' title='bbox 1192 3003 1316 3041; x_wconf 90' lang='lat' dir='ltr'><strong>eum</strong></span> <span class='ocrx_word' id='word_1_229' title='bbox 1350 3004 1448 3043; x_wconf 90' lang='lat' dir='ltr'><strong>sua</strong></span> <span class='ocrx_word' id='word_1_230' title='bbox 1479 3001 1674 3059; x_wconf 83' lang='lat' dir='ltr'><strong>sponte</strong></span> <span class='ocrx_word' id='word_1_231' title='bbox 1704 3006 1827 3048; x_wconf 83' lang='lat' dir='ltr'><strong>esse</strong></span> 
     </span>
    </p>
   </div>
   <div class='ocr_carea' id='block_1_30' title="bbox 227 3078 1823 3151">
    <p class='ocr_par' dir='ltr' id='par_1_30' title="bbox 227 3078 1823 3151">
     <span class='ocr_line' id='line_1_30' title="bbox 227 3078 1823 3151; baseline 0.003 -17"><span class='ocrx_word' id='word_1_232' title='bbox 227 3095 583 3151; x_wconf 86' lang='lat' dir='ltr'><strong>perpessum;</strong></span> <span class='ocrx_word' id='word_1_233' title='bbox 615 3078 916 3135; x_wconf 85' lang='lat' dir='ltr'><strong>ostendens</strong></span> <span class='ocrx_word' id='word_1_234' title='bbox 946 3080 1092 3151; x_wconf 86' lang='lat' dir='ltr'><strong>quod</strong></span> <span class='ocrx_word' id='word_1_235' title='bbox 1119 3094 1295 3151; x_wconf 90' lang='lat' dir='ltr'><strong>neque</strong></span> <span class='ocrx_word' id='word_1_236' title='bbox 1328 3082 1416 3135; x_wconf 88' lang='lat' dir='ltr'><strong>illa</strong></span> <span class='ocrx_word' id='word_1_237' title='bbox 1451 3090 1655 3137; x_wconf 75' lang='lat' dir='ltr'><strong>temere</strong></span> <span class='ocrx_word' id='word_1_238' title='bbox 1682 3082 1823 3139; x_wconf 84' lang='lat' dir='ltr'><strong>facta</strong></span> 
     </span>
    </p>
   </div>
   <div class='ocr_carea' id='block_1_31' title="bbox 225 3180 1809 3257">
    <p class='ocr_par' dir='ltr' id='par_1_31' title="bbox 225 3180 1809 3257">
     <span class='ocr_line' id='line_1_31' title="bbox 225 3180 1809 3257; baseline 0.005 -24"><span class='ocrx_word' id='word_1_239' title='bbox 225 3189 374 3242; x_wconf 85' lang='lat' dir='ltr'><strong>sunt,</strong></span> <span class='ocrx_word' id='word_1_240' title='bbox 395 3181 485 3234; x_wconf 89' lang='lat' dir='ltr'><strong>sed</strong></span> <span class='ocrx_word' id='word_1_241' title='bbox 509 3180 672 3251; x_wconf 77' lang='lat' dir='ltr'><strong>ﬁgura</strong></span> <span class='ocrx_word' id='word_1_242' title='bbox 697 3184 937 3250; x_wconf 74' lang='lat' dir='ltr'><strong>quzndant</strong></span> <span class='ocrx_word' id='word_1_243' title='bbox 961 3194 1187 3241; x_wconf 88' lang='lat' dir='ltr'><strong>erantet</strong></span> <span class='ocrx_word' id='word_1_244' title='bbox 1211 3188 1319 3255; x_wconf 88' lang='lat' dir='ltr'><strong>ipsa</strong></span> <span class='ocrx_word' id='word_1_245' title='bbox 1351 3189 1677 3257; x_wconf 88' lang='lat' dir='ltr'><strong>dispensatio</strong></span> <span class='ocrx_word' id='word_1_246' title='bbox 1705 3202 1809 3244; x_wconf 91' lang='lat' dir='ltr'><strong>non</strong></span> 
     </span>
    </p>
   </div>
   <div class='ocr_carea' id='block_1_32' title="bbox 229 3269 1809 3346">
    <p class='ocr_par' dir='ltr' id='par_1_32' title="bbox 229 3269 1809 3346">
     <span class='ocr_line' id='line_1_32' title="bbox 229 3269 1809 3346; baseline 0.008 -21"><span class='ocrx_word' id='word_1_247' title='bbox 229 3269 363 3326; x_wconf 91' lang='lat' dir='ltr'><strong>foris</strong></span> <span class='ocrx_word' id='word_1_248' title='bbox 378 3273 639 3342; x_wconf 74' lang='lat' dir='ltr'><strong>passionis</strong></span> <span class='ocrx_word' id='word_1_249' title='bbox 660 3284 795 3339; x_wconf 86' lang='lat' dir='ltr'><strong>erat,</strong></span> <span class='ocrx_word' id='word_1_250' title='bbox 811 3275 905 3330; x_wconf 89' lang='lat' dir='ltr'><strong>sed</strong></span> <span class='ocrx_word' id='word_1_251' title='bbox 928 3278 1142 3346; x_wconf 83' lang='lat' dir='ltr'><strong>sanguis</strong></span> <span class='ocrx_word' id='word_1_252' title='bbox 1166 3278 1217 3331; x_wconf 92' lang='lat' dir='ltr'><strong>in</strong></span> <span class='ocrx_word' id='word_1_253' title='bbox 1236 3279 1424 3333; x_wconf 63' lang='lat' dir='ltr'><strong>cretum</strong></span> <span class='ocrx_word' id='word_1_254' title='bbox 1449 3290 1531 3334; x_wconf 88' lang='lat' dir='ltr'><strong>est</strong></span> <span class='ocrx_word' id='word_1_255' title='bbox 1548 3282 1809 3339; x_wconf 84' lang='lat' dir='ltr'><strong>sublatus.</strong></span> 
     </span>
    </p>
   </div>
   <div class='ocr_carea' id='block_1_33' title="bbox 300 3363 1812 3444">
    <p class='ocr_par' dir='ltr' id='par_1_33' title="bbox 300 3363 1812 3444">
     <span class='ocr_line' id='line_1_33' title="bbox 300 3363 1812 3444; baseline 0.009 -28"><span class='ocrx_word' id='word_1_256' title='bbox 300 3363 355 3416; x_wconf 73' lang='grc'><strong>4.</strong></span> <span class='ocrx_word' id='word_1_257' title='bbox 403 3363 560 3418; x_wconf 81' lang='lat' dir='ltr'><strong>\‘ides</strong></span> <span class='ocrx_word' id='word_1_258' title='bbox 584 3380 713 3435; x_wconf 78' lang='lat' dir='ltr'><strong>ergo</strong></span> <span class='ocrx_word' id='word_1_259' title='bbox 740 3368 878 3436; x_wconf 91' lang='lat' dir='ltr'><strong>quod</strong></span> <span class='ocrx_word' id='word_1_260' title='bbox 902 3383 1085 3423; x_wconf 89' lang='lat' dir='ltr'><strong>sumus</strong></span> <span class='ocrx_word' id='word_1_261' title='bbox 1113 3370 1396 3441; x_wconf 89' lang='lat' dir='ltr'><strong>participes</strong></span> <span class='ocrx_word' id='word_1_262' title='bbox 1423 3374 1694 3443; x_wconf 77' lang='lat' dir='ltr'><strong>sanguinis</strong></span> <span class='ocrx_word' id='word_1_263' title='bbox 1722 3375 1812 3444; x_wconf 89' lang='lat' dir='ltr'><strong>qtti</strong></span> 
     </span>
    </p>
   </div>
   <div class='ocr_carea' id='block_1_34' title="bbox 231 3452 1815 3537">
    <p class='ocr_par' dir='ltr' id='par_1_34' title="bbox 231 3452 1815 3537">
     <span class='ocr_line' id='line_1_34' title="bbox 231 3452 1815 3537; baseline 0.009 -29"><span class='ocrx_word' id='word_1_264' title='bbox 231 3452 563 3510; x_wconf 83' lang='lat' dir='ltr'><strong>inferebatur</strong></span> <span class='ocrx_word' id='word_1_265' title='bbox 615 3457 667 3510; x_wconf 92' lang='lat' dir='ltr'><strong>iu</strong></span> <span class='ocrx_word' id='word_1_266' title='bbox 716 3470 937 3523; x_wconf 87' lang='lat' dir='ltr'><strong>sancta,</strong></span> <span class='ocrx_word' id='word_1_267' title='bbox 985 3473 1165 3515; x_wconf 88' lang='lat' dir='ltr'><strong>sancta</strong></span> <span class='ocrx_word' id='word_1_268' title='bbox 1206 3478 1369 3528; x_wconf 82' lang='lat' dir='ltr'><strong>vera;</strong></span> <span class='ocrx_word' id='word_1_269' title='bbox 1419 3466 1664 3520; x_wconf 88' lang='lat' dir='ltr'><strong>sacriﬁcii</strong></span> <span class='ocrx_word' id='word_1_270' title='bbox 1709 3482 1815 3537; x_wconf 90' lang='lat' dir='ltr'><strong>quo</strong></span> 
     </span>
    </p>
   </div>
   <div class='ocr_carea' id='block_1_35' title="bbox 227 3546 1814 3626">
    <p class='ocr_par' dir='ltr' id='par_1_35' title="bbox 227 3546 1814 3626">
     <span class='ocr_line' id='line_1_35' title="bbox 227 3546 1814 3626; baseline 0.008 -27"><span class='ocrx_word' id='word_1_271' title='bbox 227 3546 348 3599; x_wconf 85' lang='lat' dir='ltr'><strong>solo</strong></span> <span class='ocrx_word' id='word_1_272' title='bbox 380 3548 649 3602; x_wconf 79' lang='lat' dir='ltr'><strong>fruebatur</strong></span> <span class='ocrx_word' id='word_1_273' title='bbox 677 3551 946 3605; x_wconf 81' lang='lat' dir='ltr'><strong>Sacerdos.</strong></span> <span class='ocrx_word' id='word_1_274' title='bbox 983 3552 1090 3607; x_wconf 82' lang='lat' dir='ltr'><strong>Nos</strong></span> <span class='ocrx_word' id='word_1_275' title='bbox 1138 3569 1267 3624; x_wconf 79' lang='lat' dir='ltr'><strong>ergo</strong></span> <span class='ocrx_word' id='word_1_276' title='bbox 1322 3557 1562 3610; x_wconf 89' lang='lat' dir='ltr'><strong>veritatis</strong></span> <span class='ocrx_word' id='word_1_277' title='bbox 1598 3559 1814 3626; x_wconf 82' lang='lat' dir='ltr'><strong>partici-</strong></span> 
     </span>
    </p>
   </div>
   <div class='ocr_carea' id='block_1_36' title="bbox 231 3640 1817 3712">
    <p class='ocr_par' dir='ltr' id='par_1_36' title="bbox 231 3640 1817 3712">
     <span class='ocr_line' id='line_1_36' title="bbox 231 3640 1817 3712; baseline 0.011 -24"><span class='ocrx_word' id='word_1_278' title='bbox 231 3650 330 3705; x_wconf 87' lang='lat' dir='ltr'><strong>pes</strong></span> <span class='ocrx_word' id='word_1_279' title='bbox 351 3640 615 3693; x_wconf 88' lang='lat' dir='ltr'><strong>sutnus.Si</strong></span> <span class='ocrx_word' id='word_1_280' title='bbox 638 3655 764 3710; x_wconf 80' lang='lat' dir='ltr'><strong>ergo</strong></span> <span class='ocrx_word' id='word_1_281' title='bbox 787 3658 889 3695; x_wconf 89' lang='lat' dir='ltr'><strong>non</strong></span> <span class='ocrx_word' id='word_1_282' title='bbox 919 3644 1248 3712; x_wconf 77' lang='lat' dir='ltr'><strong>impmperii,</strong></span> <span class='ocrx_word' id='word_1_283' title='bbox 1269 3646 1360 3700; x_wconf 81' lang='lat' dir='ltr'><strong>sed</strong></span> <span class='ocrx_word' id='word_1_284' title='bbox 1381 3649 1817 3705; x_wconf 69' lang='lat' dir='ltr'><strong>sanctiﬁcationis</strong></span> 
     </span>
    </p>
   </div>
   <div class='ocr_carea' id='block_1_37' title="bbox 230 3729 1813 3801">
    <p class='ocr_par' dir='ltr' id='par_1_37' title="bbox 230 3729 1813 3801">
     <span class='ocr_line' id='line_1_37' title="bbox 230 3729 1813 3801; baseline 0.009 -22"><span class='ocrx_word' id='word_1_285' title='bbox 230 3739 420 3779; x_wconf 85' lang='lat' dir='ltr'><strong>sumus</strong></span> <span class='ocrx_word' id='word_1_286' title='bbox 449 3729 735 3798; x_wconf 78' lang='lat' dir='ltr'><strong>participes</strong></span> <span class='ocrx_word' id='word_1_287' title='bbox 762 3770 776 3796; x_wconf 89' lang='lat'><strong>,</strong></span> <span class='ocrx_word' id='word_1_288' title='bbox 822 3732 1206 3801; x_wconf 84' lang='lat' dir='ltr'><strong>itnpropcrium</strong></span> <span class='ocrx_word' id='word_1_289' title='bbox 1235 3746 1349 3790; x_wconf 88' lang='lat' dir='ltr'><strong>erat</strong></span> <span class='ocrx_word' id='word_1_290' title='bbox 1378 3751 1537 3790; x_wconf 86' lang='lat' dir='ltr'><strong>causa</strong></span> <span class='ocrx_word' id='word_1_291' title='bbox 1572 3740 1813 3794; x_wconf 80' lang='lat' dir='ltr'><strong>sanctiﬁ-</strong></span> 
     </span>
    </p>
   </div>
   <div class='ocr_carea' id='block_1_38' title="bbox 230 3817 1817 3895">
    <p class='ocr_par' dir='ltr' id='par_1_38' title="bbox 230 3817 1817 3895">
     <span class='ocr_line' id='line_1_38' title="bbox 230 3817 1817 3895; baseline 0.011 -28"><span class='ocrx_word' id='word_1_292' title='bbox 230 3817 459 3870; x_wconf 87' lang='lat' dir='ltr'><strong>cati0nis</strong></span> <span class='ocrx_word' id='word_1_293' title='bbox 492 3834 657 3893; x_wconf 54' lang='lat' dir='ltr'><strong>suam</strong></span> <span class='ocrx_word' id='word_1_294' title='bbox 693 3832 746 3873; x_wconf 90' lang='lat' dir='ltr'><strong>ut</strong></span> <span class='ocrx_word' id='word_1_295' title='bbox 781 3822 892 3889; x_wconf 88' lang='lat' dir='ltr'><strong>ipse</strong></span> <span class='ocrx_word' id='word_1_296' title='bbox 935 3824 1031 3877; x_wconf 86' lang='lat' dir='ltr'><strong>fuit</strong></span> <span class='ocrx_word' id='word_1_297' title='bbox 1081 3826 1276 3893; x_wconf 79' lang='lat' dir='ltr'><strong>probro</strong></span> <span class='ocrx_word' id='word_1_298' title='bbox 1320 3827 1543 3881; x_wconf 84' lang='lat' dir='ltr'><strong>affectus</strong></span> <span class='ocrx_word' id='word_1_299' title='bbox 1569 3871 1583 3895; x_wconf 94' lang='lat'><strong>,</strong></span> <span class='ocrx_word' id='word_1_300' title='bbox 1618 3830 1687 3883; x_wconf 88' lang='lat' dir='ltr'><strong>ita</strong></span> <span class='ocrx_word' id='word_1_301' title='bbox 1720 3845 1817 3884; x_wconf 89' lang='lat' dir='ltr'><strong>nos</strong></span> 
     </span>
    </p>
   </div>
   <div class='ocr_carea' id='block_1_39' title="bbox 230 3905 1811 3991">
    <p class='ocr_par' dir='ltr' id='par_1_39' title="bbox 230 3905 1811 3991">
     <span class='ocr_line' id='line_1_39' title="bbox 230 3905 1811 3991; baseline 0.013 -35"><span class='ocrx_word' id='word_1_302' title='bbox 230 3919 461 3975; x_wconf 87' lang='lat' dir='ltr'><strong>quoque.</strong></span> <span class='ocrx_word' id='word_1_303' title='bbox 495 3905 547 3962; x_wconf 88' lang='lat' dir='ltr'><strong>Si</strong></span> <span class='ocrx_word' id='word_1_304' title='bbox 575 3924 702 3979; x_wconf 78' lang='lat' dir='ltr'><strong>ergo</strong></span> <span class='ocrx_word' id='word_1_305' title='bbox 729 3912 1032 3976; x_wconf 73' lang='lat' dir='ltr'><strong>exierimus,</strong></span> <span class='ocrx_word' id='word_1_306' title='bbox 1054 3930 1172 3968; x_wconf 91' lang='lat' dir='ltr'><strong>cum</strong></span> <span class='ocrx_word' id='word_1_307' title='bbox 1201 3932 1265 3970; x_wconf 87' lang='lat' dir='ltr'><strong>eo</strong></span> <span class='ocrx_word' id='word_1_308' title='bbox 1286 3919 1484 3973; x_wconf 88' lang='lat' dir='ltr'><strong>erimus</strong></span> <span class='ocrx_word' id='word_1_309' title='bbox 1507 3922 1811 3991; x_wconf 86' lang='lat' dir='ltr'><strong>participes.</strong></span> 
     </span>
    </p>
   </div>
   <div class='ocr_carea' id='block_1_40' title="bbox 305 3998 1816 4080">
    <p class='ocr_par' dir='ltr' id='par_1_40' title="bbox 305 3998 1816 4080">
     <span class='ocr_line' id='line_1_40' title="bbox 305 3998 1816 4080; baseline 0.012 -29"><span class='ocrx_word' id='word_1_310' title='bbox 305 3998 515 4053; x_wconf 82' lang='lat' dir='ltr'><strong>Crucem</strong></span> <span class='ocrx_word' id='word_1_311' title='bbox 544 4002 677 4070; x_wconf 78' lang='lat' dir='ltr'><strong>ferre</strong></span> <span class='ocrx_word' id='word_1_312' title='bbox 702 4003 939 4059; x_wconf 78' lang='lat' dir='ltr'><strong>debemus</strong></span> <span class='ocrx_word' id='word_1_313' title='bbox 972 4017 1025 4059; x_wconf 90' lang='lat' dir='ltr'><strong>ut</strong></span> <span class='ocrx_word' id='word_1_314' title='bbox 1056 4006 1285 4063; x_wconf 71' lang='lat' dir='ltr'><strong>Christus</strong></span> <span class='ocrx_word' id='word_1_315' title='bbox 1318 4013 1451 4065; x_wconf 86' lang='lat' dir='ltr'><strong>tulit.</strong></span> <span class='ocrx_word' id='word_1_316' title='bbox 1478 4043 1549 4053; x_wconf 90' lang='lat'><strong><em>—</em></strong></span> <span class='ocrx_word' id='word_1_317' title='bbox 1573 4014 1706 4080; x_wconf 90' lang='lat' dir='ltr'><strong>Quid</strong></span> <span class='ocrx_word' id='word_1_318' title='bbox 1733 4026 1816 4069; x_wconf 88' lang='lat' dir='ltr'><strong>est</strong></span> 
     </span>
    </p>
   </div>
   <div class='ocr_carea' id='block_1_41' title="bbox 232 4091 1817 4176">
    <p class='ocr_par' dir='ltr' id='par_1_41' title="bbox 232 4091 1817 4176">
     <span class='ocr_line' id='line_1_41' title="bbox 232 4091 1817 4176; baseline 0.012 -31"><span class='ocrx_word' id='word_1_319' title='bbox 232 4101 411 4146; x_wconf 80' lang='lat' dir='ltr'><strong>autem</strong></span> <span class='ocrx_word' id='word_1_320' title='bbox 437 4133 454 4158; x_wconf 96' lang='lat'><strong>,</strong></span> <span class='ocrx_word' id='word_1_321' title='bbox 499 4091 753 4150; x_wconf 66' lang='lat' dir='ltr'><strong>Erramus</strong></span> <span class='ocrx_word' id='word_1_322' title='bbox 790 4098 859 4150; x_wconf 86' lang='lat' dir='ltr'><strong>ad</strong></span> <span class='ocrx_word' id='word_1_323' title='bbox 897 4099 1110 4166; x_wconf 81' lang='lat' dir='ltr'><strong>ipsum?</strong></span> <span class='ocrx_word' id='word_1_324' title='bbox 1154 4100 1331 4158; x_wconf 90' lang='lat' dir='ltr'><strong>Simus</strong></span> <span class='ocrx_word' id='word_1_325' title='bbox 1376 4108 1658 4176; x_wconf 66' lang='lat' dir='ltr'><strong>participes</strong></span> <span class='ocrx_word' id='word_1_326' title='bbox 1701 4110 1817 4176; x_wconf 86' lang='lat' dir='ltr'><strong>ejus</strong></span> 
     </span>
    </p>
   </div>
   <div class='ocr_carea' id='block_1_42' title="bbox 233 4183 1816 4265">
    <p class='ocr_par' dir='ltr' id='par_1_42' title="bbox 233 4183 1816 4265">
     <span class='ocr_line' id='line_1_42' title="bbox 233 4183 1816 4265; baseline 0.014 -31"><span class='ocrx_word' id='word_1_327' title='bbox 233 4183 662 4252; x_wconf 86' lang='lat' dir='ltr'><strong>perpessionum,</strong></span> <span class='ocrx_word' id='word_1_328' title='bbox 693 4188 922 4244; x_wconf 79' lang='lat' dir='ltr'><strong>feramus.</strong></span> <span class='ocrx_word' id='word_1_329' title='bbox 951 4190 1065 4261; x_wconf 80' lang='lat' dir='ltr'><strong>ejus</strong></span> <span class='ocrx_word' id='word_1_330' title='bbox 1096 4193 1476 4265; x_wconf 88' lang='lat' dir='ltr'><strong>improperium</strong></span> <span class='ocrx_word' id='word_1_331' title='bbox 1506 4216 1517 4251; x_wconf 93' lang='lat'>:</span> <span class='ocrx_word' id='word_1_332' title='bbox 1546 4216 1649 4253; x_wconf 90' lang='lat' dir='ltr'><strong>non</strong></span> <span class='ocrx_word' id='word_1_333' title='bbox 1672 4204 1816 4256; x_wconf 89' lang='lat' dir='ltr'><strong>cnim</strong></span> 
     </span>
    </p>
   </div>
   <div class='ocr_carea' id='block_1_43' title="bbox 232 4274 1816 4353">
    <p class='ocr_par' dir='ltr' id='par_1_43' title="bbox 232 4274 1816 4353">
     <span class='ocr_line' id='line_1_43' title="bbox 232 4274 1816 4353; baseline 0.015 -30"><span class='ocrx_word' id='word_1_334' title='bbox 232 4274 352 4327; x_wconf 76' lang='lat' dir='ltr'><strong>sine</strong></span> <span class='ocrx_word' id='word_1_335' title='bbox 374 4289 529 4328; x_wconf 87' lang='lat' dir='ltr'><strong>causa</strong></span> <span class='ocrx_word' id='word_1_336' title='bbox 564 4292 750 4346; x_wconf 76' lang='lat' dir='ltr'><strong>passus</strong></span> <span class='ocrx_word' id='word_1_337' title='bbox 779 4291 855 4333; x_wconf 85' lang='lat' dir='ltr'><strong>est</strong></span> <span class='ocrx_word' id='word_1_338' title='bbox 890 4294 1036 4335; x_wconf 81' lang='lat' dir='ltr'><strong>extra</strong></span> <span class='ocrx_word' id='word_1_339' title='bbox 1068 4296 1296 4353; x_wconf 88' lang='lat' dir='ltr'><strong>portam,</strong></span> <span class='ocrx_word' id='word_1_340' title='bbox 1321 4286 1414 4342; x_wconf 88' lang='lat' dir='ltr'><strong>sed</strong></span> <span class='ocrx_word' id='word_1_341' title='bbox 1448 4299 1501 4343; x_wconf 91' lang='lat' dir='ltr'><strong>ut</strong></span> <span class='ocrx_word' id='word_1_342' title='bbox 1532 4305 1627 4344; x_wconf 88' lang='lat' dir='ltr'><strong>nos</strong></span> <span class='ocrx_word' id='word_1_343' title='bbox 1655 4293 1816 4348; x_wconf 90' lang='lat' dir='ltr'><strong>etiam</strong></span> 
     </span>
    </p>
   </div>
   <div class='ocr_carea' id='block_1_44' title="bbox 231 4367 1818 4438">
    <p class='ocr_par' dir='ltr' id='par_1_44' title="bbox 231 4367 1818 4438">
     <span class='ocr_line' id='line_1_44' title="bbox 231 4367 1818 4438; baseline 0.013 -22"><span class='ocrx_word' id='word_1_344' title='bbox 231 4377 445 4419; x_wconf 88' lang='lat' dir='ltr'><strong>crucem</strong></span> <span class='ocrx_word' id='word_1_345' title='bbox 501 4367 619 4434; x_wconf 84' lang='lat' dir='ltr'><strong>ejus</strong></span> <span class='ocrx_word' id='word_1_346' title='bbox 669 4368 931 4438; x_wconf 89' lang='lat' dir='ltr'><strong>feramus,</strong></span> <span class='ocrx_word' id='word_1_347' title='bbox 988 4382 1041 4427; x_wconf 90' lang='lat' dir='ltr'><strong>et</strong></span> <span class='ocrx_word' id='word_1_348' title='bbox 1099 4391 1407 4433; x_wconf 79' lang='lat' dir='ltr'><strong>maneamus</strong></span> <span class='ocrx_word' id='word_1_349' title='bbox 1460 4391 1605 4434; x_wconf 80' lang='lat' dir='ltr'><strong>extra</strong></span> <span class='ocrx_word' id='word_1_350' title='bbox 1660 4398 1818 4437; x_wconf 87' lang='lat' dir='ltr'><strong>mun-</strong></span> 
     </span>
    </p>
   </div>
   <div class='ocr_carea' id='block_1_45' title="bbox 234 4454 1820 4541">
    <p class='ocr_par' dir='ltr' id='par_1_45' title="bbox 234 4454 1820 4541">
     <span class='ocr_line' id='line_1_45' title="bbox 234 4454 1820 4541; baseline 0.015 -35"><span class='ocrx_word' id='word_1_351' title='bbox 234 4454 361 4508; x_wconf 91' lang='lat' dir='ltr'><strong>dum</strong></span> <span class='ocrx_word' id='word_1_352' title='bbox 386 4497 401 4521; x_wconf 95' lang='lat'><strong>,</strong></span> <span class='ocrx_word' id='word_1_353' title='bbox 428 4467 483 4510; x_wconf 90' lang='lat' dir='ltr'><strong>et</strong></span> <span class='ocrx_word' id='word_1_354' title='bbox 511 4458 579 4511; x_wconf 90' lang='lat' dir='ltr'><strong>ibi</strong></span> <span class='ocrx_word' id='word_1_355' title='bbox 605 4474 920 4528; x_wconf 86' lang='lat' dir='ltr'><strong>permanere</strong></span> <span class='ocrx_word' id='word_1_356' title='bbox 946 4464 1277 4521; x_wconf 77' lang='lat' dir='ltr'><strong>Studeamus.</strong></span> <span class='ocrx_word' id='word_1_357' title='bbox 1310 4469 1459 4523; x_wconf 84' lang='lat' dir='ltr'><strong>Sicut</strong></span> <span class='ocrx_word' id='word_1_358' title='bbox 1489 4470 1579 4527; x_wconf 89' lang='lat' dir='ltr'><strong>ille</strong></span> <span class='ocrx_word' id='word_1_359' title='bbox 1609 4474 1820 4541; x_wconf 86' lang='lat' dir='ltr'><strong>probris</strong></span> 
     </span>
    </p>
   </div>
   <div class='ocr_carea' id='block_1_46' title="bbox 237 4548 1813 4636">
    <p class='ocr_par' dir='ltr' id='par_1_46' title="bbox 237 4548 1813 4636">
     <span class='ocr_line' id='line_1_46' title="bbox 237 4548 1813 4636; baseline 0.013 -36"><span class='ocrx_word' id='word_1_360' title='bbox 237 4548 585 4617; x_wconf 65' lang='lat' dir='ltr'><strong>appetebatur</strong></span> <span class='ocrx_word' id='word_1_361' title='bbox 617 4561 883 4623; x_wconf 84' lang='lat' dir='ltr'><strong>tamquam</strong></span> <span class='ocrx_word' id='word_1_362' title='bbox 912 4556 1323 4623; x_wconf 80' lang='lat' dir='ltr'><strong>coitdemuatus,</strong></span> <span class='ocrx_word' id='word_1_363' title='bbox 1356 4561 1424 4614; x_wconf 85' lang='lat' dir='ltr'><strong>ita</strong></span> <span class='ocrx_word' id='word_1_364' title='bbox 1456 4578 1553 4617; x_wconf 91' lang='lat' dir='ltr'><strong>nos</strong></span> <span class='ocrx_word' id='word_1_365' title='bbox 1580 4580 1813 4636; x_wconf 88' lang='lat' dir='ltr'><strong>quoque.</strong></span> 
     </span>
    </p>
   </div>
   <div class='ocr_carea' id='block_1_47' title="bbox 233 4639 1816 4721">
    <p class='ocr_par' dir='ltr' id='par_1_47' title="bbox 233 4639 1816 4721">
     <span class='ocr_line' id='line_1_47' title="bbox 233 4639 1816 4721; baseline 0.012 -28"><span class='ocrx_word' id='word_1_366' title='bbox 233 4639 303 4693; x_wconf 77' lang='lat' dir='ltr'><strong>Et</strong></span> <span class='ocrx_word' id='word_1_367' title='bbox 356 4659 443 4708; x_wconf 80' lang='lat' dir='ltr'><strong>per</strong></span> <span class='ocrx_word' id='word_1_368' title='bbox 492 4644 657 4713; x_wconf 81' lang='lat' dir='ltr'><strong>ipsum</strong></span> <span class='ocrx_word' id='word_1_369' title='bbox 704 4644 977 4711; x_wconf 68' lang='lat' dir='ltr'><strong>olferamus</strong></span> <span class='ocrx_word' id='word_1_370' title='bbox 1031 4649 1138 4702; x_wconf 78' lang='lat' dir='ltr'><strong>Deo</strong></span> <span class='ocrx_word' id='word_1_371' title='bbox 1178 4653 1503 4719; x_wconf 82' lang='lat' dir='ltr'><strong>sacri/icium.</strong></span> <span class='ocrx_word' id='word_1_372' title='bbox 1539 4655 1816 4721; x_wconf 82' lang='lat' dir='ltr'><strong>Quodnam</strong></span> 
     </span>
    </p>
   </div>
   <div class='ocr_carea' id='block_1_48' title="bbox 233 4729 1820 4812">
    <p class='ocr_par' dir='ltr' id='par_1_48' title="bbox 233 4729 1820 4812">
     <span class='ocr_line' id='line_1_48' title="bbox 233 4729 1820 4812; baseline 0.013 -29"><span class='ocrx_word' id='word_1_373' title='bbox 233 4729 358 4785; x_wconf 62' lang='lat' dir='ltr'><strong>dicit</strong></span> <span class='ocrx_word' id='word_1_374' title='bbox 387 4734 743 4788; x_wconf 79' lang='lat' dir='ltr'><strong>Sacriﬁcium?</strong></span> <span class='ocrx_word' id='word_1_375' title='bbox 769 4736 884 4804; x_wconf 81' lang='lat' dir='ltr'><strong>Ipse</strong></span> <span class='ocrx_word' id='word_1_376' title='bbox 909 4737 1290 4807; x_wconf 84' lang='lat' dir='ltr'><strong>interpretatus</strong></span> <span class='ocrx_word' id='word_1_377' title='bbox 1312 4756 1393 4799; x_wconf 76' lang='lat' dir='ltr'><strong>est</strong></span> <span class='ocrx_word' id='word_1_378' title='bbox 1418 4745 1624 4812; x_wconf 89' lang='lat' dir='ltr'><strong>dicens,</strong></span> <span class='ocrx_word' id='word_1_379' title='bbox 1654 4747 1820 4803; x_wconf 82' lang='lat' dir='ltr'><strong>Fruc-</strong></span> 
     </span>
    </p>
   </div>
   <div class='ocr_carea' id='block_1_49' title="bbox 236 4825 1817 4913">
    <p class='ocr_par' dir='ltr' id='par_1_49' title="bbox 236 4825 1817 4913">
     <span class='ocr_line' id='line_1_49' title="bbox 236 4825 1817 4913; baseline 0.015 -38"><span class='ocrx_word' id='word_1_380' title='bbox 236 4835 340 4877; x_wconf 89' lang='lat' dir='ltr'><strong>tum</strong></span> <span class='ocrx_word' id='word_1_381' title='bbox 368 4825 611 4880; x_wconf 86' lang='lat' dir='ltr'><strong>labiorunt</strong></span> <span class='ocrx_word' id='word_1_382' title='bbox 638 4830 986 4896; x_wconf 71' lang='lat' dir='ltr'><strong>conﬁtentium</strong></span> <span class='ocrx_word' id='word_1_383' title='bbox 1020 4835 1212 4887; x_wconf 85' lang='lat' dir='ltr'><strong>nomini</strong></span> <span class='ocrx_word' id='word_1_384' title='bbox 1242 4838 1351 4907; x_wconf 84' lang='lat' dir='ltr'><strong>ejus</strong></span> <span class='ocrx_word' id='word_1_385' title='bbox 1378 4880 1392 4904; x_wconf 95' lang='lat'><strong>,</strong></span> <span class='ocrx_word' id='word_1_386' title='bbox 1426 4842 1527 4894; x_wconf 89' lang='lat' dir='ltr'><strong>hoc</strong></span> <span class='ocrx_word' id='word_1_387' title='bbox 1554 4851 1657 4907; x_wconf 88' lang='lat' dir='ltr'><strong>est,</strong></span> <span class='ocrx_word' id='word_1_388' title='bbox 1693 4859 1817 4913; x_wconf 85' lang='lat' dir='ltr'><strong>pre-</strong></span> 
     </span>
    </p>
   </div>
   <div class='ocr_carea' id='block_1_50' title="bbox 234 4916 1820 4993">
    <p class='ocr_par' dir='ltr' id='par_1_50' title="bbox 234 4916 1820 4993">
     <span class='ocr_line' id='line_1_50' title="bbox 234 4916 1820 4993; baseline 0.014 -25"><span class='ocrx_word' id='word_1_389' title='bbox 234 4931 327 4969; x_wconf 84' lang='lat' dir='ltr'><strong>ces</strong></span> <span class='ocrx_word' id='word_1_390' title='bbox 353 4958 365 4978; x_wconf 87' lang='lat'><strong><em>.</em></strong></span> <span class='ocrx_word' id='word_1_391' title='bbox 415 4916 641 4988; x_wconf 81' lang='lat' dir='ltr'><strong>hymnos</strong></span> <span class='ocrx_word' id='word_1_392' title='bbox 666 4962 680 4985; x_wconf 89' lang='lat'><strong>,</strong></span> <span class='ocrx_word' id='word_1_393' title='bbox 728 4922 1018 4988; x_wconf 80' lang='lat' dir='ltr'><strong>gratiarum</strong></span> <span class='ocrx_word' id='word_1_394' title='bbox 1050 4925 1316 4981; x_wconf 82' lang='lat' dir='ltr'><strong>actionem</strong></span> <span class='ocrx_word' id='word_1_395' title='bbox 1344 4945 1357 4993; x_wconf 89' lang='lat'><strong>;</strong></span> <span class='ocrx_word' id='word_1_396' title='bbox 1411 4930 1497 4985; x_wconf 88' lang='lat' dir='ltr'><strong>illa</strong></span> <span class='ocrx_word' id='word_1_397' title='bbox 1525 4933 1667 4986; x_wconf 87' lang='lat' dir='ltr'><strong>enim</strong></span> <span class='ocrx_word' id='word_1_398' title='bbox 1696 4945 1820 4990; x_wconf 88' lang='lat' dir='ltr'><strong>sunt</strong></span> 
     </span>
    </p>
   </div>
   <div class='ocr_carea' id='block_1_51' title="bbox 237 5004 1820 5081">
    <p class='ocr_par' dir='ltr' id='par_1_51' title="bbox 237 5004 1820 5081">
     <span class='ocr_line' id='line_1_51' title="bbox 237 5004 1820 5081; baseline 0.014 -24"><span class='ocrx_word' id='word_1_399' title='bbox 237 5004 441 5059; x_wconf 81' lang='lat' dir='ltr'><strong>fructus</strong></span> <span class='ocrx_word' id='word_1_400' title='bbox 472 5008 759 5063; x_wconf 88' lang='lat' dir='ltr'><strong>labiorunt.</strong></span> <span class='ocrx_word' id='word_1_401' title='bbox 801 5010 877 5064; x_wconf 85' lang='lat' dir='ltr'><strong>illi</strong></span> <span class='ocrx_word' id='word_1_402' title='bbox 903 5012 1199 5069; x_wconf 74' lang='lat' dir='ltr'><strong>offerebant</strong></span> <span class='ocrx_word' id='word_1_403' title='bbox 1226 5034 1373 5081; x_wconf 74' lang='lat' dir='ltr'><strong>oves.</strong></span> <span class='ocrx_word' id='word_1_404' title='bbox 1413 5020 1575 5076; x_wconf 86' lang='lat' dir='ltr'><strong>boves</strong></span> <span class='ocrx_word' id='word_1_405' title='bbox 1602 5033 1655 5077; x_wconf 85' lang='lat' dir='ltr'><strong>et</strong></span> <span class='ocrx_word' id='word_1_406' title='bbox 1684 5025 1820 5079; x_wconf 74' lang='lat' dir='ltr'><strong>vitu-</strong></span> 
     </span>
    </p>
   </div>
   <div class='ocr_carea' id='block_1_52' title="bbox 235 5095 1813 5172">
    <p class='ocr_par' dir='ltr' id='par_1_52' title="bbox 235 5095 1813 5172">
     <span class='ocr_line' id='line_1_52' title="bbox 235 5095 1813 5172; baseline 0.015 -25"><span class='ocrx_word' id='word_1_407' title='bbox 235 5095 350 5154; x_wconf 86' lang='lat' dir='ltr'><strong>los.</strong></span> <span class='ocrx_word' id='word_1_408' title='bbox 395 5110 448 5150; x_wconf 89' lang='lat' dir='ltr'><strong>et</strong></span> <span class='ocrx_word' id='word_1_409' title='bbox 486 5099 682 5152; x_wconf 87' lang='lat' dir='ltr'><strong>dabant</strong></span> <span class='ocrx_word' id='word_1_410' title='bbox 710 5102 1019 5157; x_wconf 85' lang='lat' dir='ltr'><strong>sacerdoti:</strong></span> <span class='ocrx_word' id='word_1_411' title='bbox 1070 5122 1168 5160; x_wconf 91' lang='lat' dir='ltr'><strong>nos</strong></span> <span class='ocrx_word' id='word_1_412' title='bbox 1213 5118 1389 5163; x_wconf 88' lang='lat' dir='ltr'><strong>autem</strong></span> <span class='ocrx_word' id='word_1_413' title='bbox 1434 5113 1567 5167; x_wconf 85' lang='lat' dir='ltr'><strong>nihil</strong></span> <span class='ocrx_word' id='word_1_414' title='bbox 1622 5115 1813 5172; x_wconf 89' lang='lat' dir='ltr'><strong>hormu</strong></span> 
     </span>
    </p>
   </div>
   <div class='ocr_carea' id='block_1_53' title="bbox 235 5188 1816 5277">
    <p class='ocr_par' dir='ltr' id='par_1_53' title="bbox 235 5188 1816 5277">
     <span class='ocr_line' id='line_1_53' title="bbox 235 5188 1816 5277; baseline 0.015 -36"><span class='ocrx_word' id='word_1_415' title='bbox 235 5188 523 5243; x_wconf 82' lang='lat' dir='ltr'><strong>otl’eranms</strong></span> <span class='ocrx_word' id='word_1_416' title='bbox 548 5232 561 5253; x_wconf 86' lang='lat'><strong>,</strong></span> <span class='ocrx_word' id='word_1_417' title='bbox 594 5191 686 5245; x_wconf 77' lang='lat' dir='ltr'><strong>sed</strong></span> <span class='ocrx_word' id='word_1_418' title='bbox 718 5195 1007 5260; x_wconf 80' lang='lat' dir='ltr'><strong>gratiarum</strong></span> <span class='ocrx_word' id='word_1_419' title='bbox 1037 5202 1324 5267; x_wconf 88' lang='lat' dir='ltr'><strong>actionem,</strong></span> <span class='ocrx_word' id='word_1_420' title='bbox 1360 5212 1412 5257; x_wconf 88' lang='lat' dir='ltr'><strong>et</strong></span> <span class='ocrx_word' id='word_1_421' title='bbox 1440 5202 1493 5259; x_wconf 89' lang='lat' dir='ltr'><strong>iu</strong></span> <span class='ocrx_word' id='word_1_422' title='bbox 1526 5209 1774 5264; x_wconf 85' lang='lat' dir='ltr'><strong>munibus</strong></span> <span class='ocrx_word' id='word_1_423' title='bbox 1801 5253 1816 5277; x_wconf 95' lang='lat'><strong>,</strong></span> 
     </span>
    </p>
   </div>
   <div class='ocr_carea' id='block_1_54' title="bbox 237 5282 1818 5370">
    <p class='ocr_par' dir='ltr' id='par_1_54' title="bbox 237 5282 1818 5370">
     <span class='ocr_line' id='line_1_54' title="bbox 237 5282 1818 5370; baseline 0.016 -39"><span class='ocrx_word' id='word_1_424' title='bbox 237 5282 413 5349; x_wconf 85' lang='lat' dir='ltr'><strong>quoad</strong></span> <span class='ocrx_word' id='word_1_425' title='bbox 456 5282 567 5336; x_wconf 87' lang='lat' dir='ltr'><strong>ﬁeri</strong></span> <span class='ocrx_word' id='word_1_426' title='bbox 597 5294 809 5352; x_wconf 83' lang='lat' dir='ltr'><strong>potest,</strong></span> <span class='ocrx_word' id='word_1_427' title='bbox 840 5285 1033 5342; x_wconf 77' lang='lat' dir='ltr'><strong>Christi</strong></span> <span class='ocrx_word' id='word_1_428' title='bbox 1067 5290 1413 5349; x_wconf 83' lang='lat' dir='ltr'><strong>imitationcttt</strong></span> <span class='ocrx_word' id='word_1_429' title='bbox 1445 5314 1457 5349; x_wconf 92' lang='lat'><strong>:</strong></span> <span class='ocrx_word' id='word_1_430' title='bbox 1494 5298 1592 5353; x_wconf 85' lang='lat' dir='ltr'><strong>hoc</strong></span> <span class='ocrx_word' id='word_1_431' title='bbox 1621 5304 1818 5370; x_wconf 78' lang='lat' dir='ltr'><strong>gerati-</strong></span> 
     </span>
    </p>
   </div>
   <div class='ocr_carea' id='block_1_55' title="bbox 236 5374 1819 5456">
    <p class='ocr_par' dir='ltr' id='par_1_55' title="bbox 236 5374 1819 5456">
     <span class='ocr_line' id='line_1_55' title="bbox 236 5374 1819 5456; baseline 0.015 -31"><span class='ocrx_word' id='word_1_432' title='bbox 236 5382 365 5425; x_wconf 84' lang='lat' dir='ltr'><strong>nent</strong></span> <span class='ocrx_word' id='word_1_433' title='bbox 400 5374 541 5425; x_wconf 82' lang='lat' dir='ltr'><strong>labra</strong></span> <span class='ocrx_word' id='word_1_434' title='bbox 573 5384 774 5429; x_wconf 77' lang='lat' dir='ltr'><strong>nostra.</strong></span> <span class='ocrx_word' id='word_1_435' title='bbox 826 5376 1179 5448; x_wconf 69' lang='lat' dir='ltr'><strong>liene/iaciunt:</strong></span> <span class='ocrx_word' id='word_1_436' title='bbox 1215 5394 1260 5436; x_wconf 74' lang='lat' dir='ltr'><strong>et</strong></span> <span class='ocrx_word' id='word_1_437' title='bbox 1290 5388 1696 5456; x_wconf 82' lang='lat' dir='ltr'><strong>participationis</strong></span> <span class='ocrx_word' id='word_1_438' title='bbox 1724 5412 1819 5448; x_wconf 85' lang='lat' dir='ltr'><strong>ne-</strong></span> 
     </span>
    </p>
   </div>
   <div class='ocr_carea' id='block_1_56' title="bbox 235 5466 1816 5548">
    <p class='ocr_par' dir='ltr' id='par_1_56' title="bbox 235 5466 1816 5548">
     <span class='ocr_line' id='line_1_56' title="bbox 235 5466 1816 5548; baseline 0.016 -30"><span class='ocrx_word' id='word_1_439' title='bbox 235 5467 324 5518; x_wconf 89' lang='lat' dir='ltr'><strong>lite</strong></span> <span class='ocrx_word' id='word_1_440' title='bbox 380 5466 603 5519; x_wconf 79' lang='lat' dir='ltr'><strong>oblivisci</strong></span> <span class='ocrx_word' id='word_1_441' title='bbox 653 5484 671 5522; x_wconf 93' lang='lat'><em>:</em></span> <span class='ocrx_word' id='word_1_442' title='bbox 719 5469 902 5523; x_wconf 80' lang='lat' dir='ltr'><strong>talibus</strong></span> <span class='ocrx_word' id='word_1_443' title='bbox 958 5474 1091 5526; x_wconf 84' lang='lat' dir='ltr'><strong>enim</strong></span> <span class='ocrx_word' id='word_1_444' title='bbox 1144 5475 1322 5530; x_wconf 79' lang='lat' dir='ltr'><strong>hostiis</strong></span> <span class='ocrx_word' id='word_1_445' title='bbox 1378 5481 1609 5548; x_wconf 83' lang='lat' dir='ltr'><strong>placatur</strong></span> <span class='ocrx_word' id='word_1_446' title='bbox 1656 5484 1816 5543; x_wconf 81' lang='lat' dir='ltr'><strong>Deus.</strong></span> 
     </span>
    </p>
   </div>
   <div class='ocr_carea' id='block_1_57' title="bbox 236 5557 1815 5634">
    <p class='ocr_par' dir='ltr' id='par_1_57' title="bbox 236 5557 1815 5634">
     <span class='ocr_line' id='line_1_57' title="bbox 236 5557 1815 5634; baseline 0.015 -23"><span class='ocrx_word' id='word_1_447' title='bbox 236 5557 433 5611; x_wconf 84' lang='lat' dir='ltr'><strong>Demus</strong></span> <span class='ocrx_word' id='word_1_448' title='bbox 454 5558 499 5611; x_wconf 81' lang='lat' dir='ltr'><strong>ei</strong></span> <span class='ocrx_word' id='word_1_449' title='bbox 523 5558 621 5612; x_wconf 89' lang='lat' dir='ltr'><strong>hoc</strong></span> <span class='ocrx_word' id='word_1_450' title='bbox 647 5560 989 5627; x_wconf 86' lang='lat' dir='ltr'><strong>sacriﬁcium,</strong></span> <span class='ocrx_word' id='word_1_451' title='bbox 1020 5573 1077 5617; x_wconf 90' lang='lat' dir='ltr'><strong>ut</strong></span> <span class='ocrx_word' id='word_1_452' title='bbox 1096 5566 1286 5622; x_wconf 79' lang='lat' dir='ltr'><strong>offerat</strong></span> <span class='ocrx_word' id='word_1_453' title='bbox 1309 5570 1449 5625; x_wconf 80' lang='lat' dir='ltr'><strong>Patri</strong></span> <span class='ocrx_word' id='word_1_454' title='bbox 1476 5590 1489 5627; x_wconf 86' lang='lat'>:</span> <span class='ocrx_word' id='word_1_455' title='bbox 1515 5574 1649 5629; x_wconf 87' lang='lat' dir='ltr'><strong>alias</strong></span> <span class='ocrx_word' id='word_1_456' title='bbox 1674 5580 1815 5634; x_wconf 89' lang='lat' dir='ltr'><strong>enim</strong></span> 
     </span>
    </p>
   </div>
   <div class='ocr_carea' id='block_1_58' title="bbox 238 5648 1820 5738">
    <p class='ocr_par' dir='ltr' id='par_1_58' title="bbox 238 5648 1820 5738">
     <span class='ocr_line' id='line_1_58' title="bbox 238 5648 1820 5738; baseline 0.015 -36"><span class='ocrx_word' id='word_1_457' title='bbox 238 5665 341 5702; x_wconf 90' lang='lat' dir='ltr'><strong>non</strong></span> <span class='ocrx_word' id='word_1_458' title='bbox 371 5648 673 5705; x_wconf 71' lang='lat' dir='ltr'><strong>olim-untur</strong></span> <span class='ocrx_word' id='word_1_459' title='bbox 699 5694 712 5715; x_wconf 89' lang='lat'><strong>,</strong></span> <span class='ocrx_word' id='word_1_460' title='bbox 749 5652 848 5707; x_wconf 66' lang='lat' dir='ltr'><strong>nisi</strong></span> <span class='ocrx_word' id='word_1_461' title='bbox 877 5671 969 5722; x_wconf 90' lang='lat' dir='ltr'><strong>per</strong></span> <span class='ocrx_word' id='word_1_462' title='bbox 1001 5655 1193 5714; x_wconf 82' lang='lat' dir='ltr'><strong>Filium</strong></span> <span class='ocrx_word' id='word_1_463' title='bbox 1220 5699 1236 5726; x_wconf 87' lang='lat'><strong>,</strong></span> <span class='ocrx_word' id='word_1_464' title='bbox 1270 5661 1353 5715; x_wconf 90' lang='lat' dir='ltr'><strong>vel</strong></span> <span class='ocrx_word' id='word_1_465' title='bbox 1389 5667 1565 5733; x_wconf 64' lang='lat' dir='ltr'><strong>potius</strong></span> <span class='ocrx_word' id='word_1_466' title='bbox 1593 5683 1688 5738; x_wconf 88' lang='lat' dir='ltr'><strong>per</strong></span> <span class='ocrx_word' id='word_1_467' title='bbox 1725 5686 1820 5726; x_wconf 89' lang='lat' dir='ltr'><strong>cor</strong></span> 
     </span>
    </p>
   </div>
   <div class='ocr_carea' id='block_1_59' title="bbox 234 5739 1821 5824">
    <p class='ocr_par' dir='ltr' id='par_1_59' title="bbox 234 5739 1821 5824">
     <span class='ocr_line' id='line_1_59' title="bbox 234 5739 1821 5824; baseline 0.014 -29"><span class='ocrx_word' id='word_1_468' title='bbox 234 5744 547 5795; x_wconf 69' lang='lat' dir='ltr'><strong>contritum.</strong></span> <span class='ocrx_word' id='word_1_469' title='bbox 602 5739 726 5799; x_wconf 68' lang='lat' dir='ltr'><strong>iIa&#39;c</strong></span> <span class='ocrx_word' id='word_1_470' title='bbox 768 5746 947 5799; x_wconf 86' lang='lat' dir='ltr'><strong>omnia</strong></span> <span class='ocrx_word' id='word_1_471' title='bbox 989 5749 1065 5803; x_wconf 89' lang='lat' dir='ltr'><strong>sic</strong></span> <span class='ocrx_word' id='word_1_472' title='bbox 1109 5750 1251 5805; x_wconf 71' lang='lat' dir='ltr'><strong>dixit</strong></span> <span class='ocrx_word' id='word_1_473' title='bbox 1278 5765 1497 5824; x_wconf 80' lang='lat' dir='ltr'><strong>pt-Opter</strong></span> <span class='ocrx_word' id='word_1_474' title='bbox 1524 5758 1821 5818; x_wconf 87' lang='lat' dir='ltr'><strong>imbecillos</strong></span> 
     </span>
    </p>
   </div>
   <div class='ocr_carea' id='block_1_60' title="bbox 239 5833 1815 5923">
    <p class='ocr_par' dir='ltr' id='par_1_60' title="bbox 239 5833 1815 5923">
     <span class='ocr_line' id='line_1_60' title="bbox 239 5833 1815 5923; baseline 0.016 -37"><span class='ocrx_word' id='word_1_475' title='bbox 239 5833 511 5889; x_wconf 71' lang='lat' dir='ltr'><strong>stzditori-s</strong></span> <span class='ocrx_word' id='word_1_476' title='bbox 535 5856 545 5885; x_wconf 89' lang='lat'>:</span> <span class='ocrx_word' id='word_1_477' title='bbox 570 5846 651 5889; x_wconf 82' lang='lat' dir='ltr'><strong>est</strong></span> <span class='ocrx_word' id='word_1_478' title='bbox 672 5837 816 5891; x_wconf 88' lang='lat' dir='ltr'><strong>enim</strong></span> <span class='ocrx_word' id='word_1_479' title='bbox 841 5840 1185 5911; x_wconf 86' lang='lat' dir='ltr'><strong>perspicuum</strong></span> <span class='ocrx_word' id='word_1_480' title='bbox 1209 5847 1349 5914; x_wconf 89' lang='lat' dir='ltr'><strong>quod</strong></span> <span class='ocrx_word' id='word_1_481' title='bbox 1374 5846 1493 5904; x_wconf 84' lang='lat' dir='ltr'><strong>Filii</strong></span> <span class='ocrx_word' id='word_1_482' title='bbox 1524 5853 1593 5906; x_wconf 85' lang='lat' dir='ltr'><strong>sit</strong></span> <span class='ocrx_word' id='word_1_483' title='bbox 1616 5856 1815 5923; x_wconf 71' lang='lat' dir='ltr'><strong>gratia:</strong></span> 
     </span>
    </p>
   </div>
   <div class='ocr_carea' id='block_1_61' title="bbox 241 5925 1815 6011">
    <p class='ocr_par' dir='ltr' id='par_1_61' title="bbox 241 5925 1815 6011">
     <span class='ocr_line' id='line_1_61' title="bbox 241 5925 1815 6011; baseline 0.006 -32"><span class='ocrx_word' id='word_1_484' title='bbox 241 5925 471 5997; x_wconf 76' lang='lat' dir='ltr'><strong>siivquin</strong></span> <span class='ocrx_word' id='word_1_485' title='bbox 506 5926 647 5981; x_wconf 83' lang='lat' dir='ltr'><strong>enim</strong></span> <span class='ocrx_word' id='word_1_486' title='bbox 675 5930 945 5999; x_wconf 84' lang='lat' dir='ltr'><strong>quomodo</strong></span> <span class='ocrx_word' id='word_1_487' title='bbox 972 5942 1051 5987; x_wconf 90' lang='lat' dir='ltr'><strong>est</strong></span> <span class='ocrx_word' id='word_1_488' title='bbox 1098 5933 1271 5993; x_wconf 84' lang='lat' dir='ltr'><strong>honor</strong></span> <span class='ocrx_word' id='word_1_489' title='bbox 1300 5940 1565 6011; x_wconf 74' lang='lat' dir='ltr'><strong>a&#39;qualis?</strong></span> <span class='ocrx_word' id='word_1_490' title='bbox 1611 5943 1678 6001; x_wconf 84' lang='lat' dir='ltr'><strong>Ut</strong></span> <span class='ocrx_word' id='word_1_491' title='bbox 1706 5963 1815 6003; x_wconf 78' lang='lat' dir='ltr'><strong>om.</strong></span> 
     </span>
    </p>
   </div>
   <div class='ocr_carea' id='block_1_62' title="bbox 518 6025 1215 6100">
    <p class='ocr_par' dir='ltr' id='par_1_62' title="bbox 518 6025 1215 6100">
     <span class='ocr_line' id='line_1_62' title="bbox 518 6025 1215 6100; baseline 0.017 -13"><span class='ocrx_word' id='word_1_492' title='bbox 518 6025 792 6092; x_wconf 68' lang='lat' dir='ltr'><strong>Parnm.</strong></span> <span class='ocrx_word' id='word_1_493' title='bbox 837 6029 953 6094; x_wconf 83' lang='lat' dir='ltr'><strong>Gn.</strong></span> <span class='ocrx_word' id='word_1_494' title='bbox 995 6032 1215 6100; x_wconf 83' lang='lat' dir='ltr'><strong>LXIII.</strong></span> 
     </span>
    </p>
   </div>
   <div class='ocr_carea' id='block_1_63' title="bbox 1877 354 3526 431">
    <p class='ocr_par' dir='ltr' id='par_1_63' title="bbox 1877 354 3526 431">
     <span class='ocr_line' id='line_1_63' title="bbox 1877 354 3526 431; baseline -0.012 -1"><span class='ocrx_word' id='word_1_495' title='bbox 1877 374 2031 431; x_wconf 74' lang='lat' dir='ltr'><strong>CAP.</strong></span> <span class='ocrx_word' id='word_1_496' title='bbox 2075 371 2214 427; x_wconf 73' lang='lat' dir='ltr'><strong>XIII.</strong></span> <span class='ocrx_word' id='word_1_497' title='bbox 2258 367 2494 427; x_wconf 64' lang='grc'><strong>1101111..</strong></span> <span class='ocrx_word' id='word_1_498' title='bbox 2539 363 2785 425; x_wconf 75' lang='lat' dir='ltr'><strong>XXXIII.</strong></span> <span class='ocrx_word' id='word_1_499' title='bbox 3422 354 3526 411; x_wconf 61' lang='grc' dir='ltr'><strong>εὶῖο</strong></span> 
     </span>
    </p>
   </div>
   <div class='ocr_carea' id='block_1_64' title="bbox 1918 467 3528 560">
    <p class='ocr_par' dir='ltr' id='par_1_64' title="bbox 1918 467 3528 560">
     <span class='ocr_line' id='line_1_64' title="bbox 1918 467 3528 560; baseline -0.019 -13"><span class='ocrx_word' id='word_1_500' title='bbox 1918 508 2030 555; x_wconf 73' lang='lat' dir='ltr'><strong>nes,</strong></span> <span class='ocrx_word' id='word_1_501' title='bbox 2065 489 2241 560; x_wconf 85' lang='lat' dir='ltr'><strong>inquit</strong></span> <span class='ocrx_word' id='word_1_502' title='bbox 2266 528 2281 547; x_wconf 87' lang='lat'><strong>.</strong></span> <span class='ocrx_word' id='word_1_503' title='bbox 2315 488 2563 539; x_wconf 71' lang='lat' dir='ltr'><strong>Itonorettt</strong></span> <span class='ocrx_word' id='word_1_504' title='bbox 2596 480 2792 533; x_wconf 75' lang='lat' dir='ltr'><strong>Filium</strong></span> <span class='ocrx_word' id='word_1_505' title='bbox 2820 520 2834 543; x_wconf 92' lang='lat'><strong>,</strong></span> <span class='ocrx_word' id='word_1_506' title='bbox 2874 476 3000 529; x_wconf 76' lang='lat' dir='ltr'><strong>sit-ut</strong></span> <span class='ocrx_word' id='word_1_507' title='bbox 3030 473 3285 527; x_wconf 79' lang='lat' dir='ltr'><strong>honorant</strong></span> <span class='ocrx_word' id='word_1_508' title='bbox 3320 467 3528 520; x_wconf 73' lang='lat' dir='ltr'><strong>Putrem</strong></span> 
     </span>
    </p>
   </div>
   <div class='ocr_carea' id='block_1_65' title="bbox 1919 560 3530 650">
    <p class='ocr_par' dir='ltr' id='par_1_65' title="bbox 1919 560 3530 650">
     <span class='ocr_line' id='line_1_65' title="bbox 1919 560 3530 650; baseline -0.016 -12"><span class='ocrx_word' id='word_1_509' title='bbox 1919 587 1936 650; x_wconf 87' lang='lat'><strong>(</strong></span> <span class='ocrx_word' id='word_1_510' title='bbox 1962 581 2123 637; x_wconf 84' lang='lat' dir='ltr'><strong>Joan.</strong></span> <span class='ocrx_word' id='word_1_511' title='bbox 2158 580 2211 635; x_wconf 81' lang='lat'><strong>5.</strong></span> <span class='ocrx_word' id='word_1_512' title='bbox 2245 577 2317 633; x_wconf 71' lang='lat'><strong>23</strong></span> <span class='ocrx_word' id='word_1_513' title='bbox 2340 579 2379 647; x_wconf 92' lang='lat'><strong>).</strong></span> <span class='ocrx_word' id='word_1_514' title='bbox 2433 574 2545 630; x_wconf 84' lang='lat' dir='ltr'><strong>Nisi</strong></span> <span class='ocrx_word' id='word_1_515' title='bbox 2572 568 2876 644; x_wconf 82' lang='lat' dir='ltr'><strong>gloriﬁcato</strong></span> <span class='ocrx_word' id='word_1_516' title='bbox 2924 567 3085 622; x_wconf 87' lang='lat' dir='ltr'><strong>Patre</strong></span> <span class='ocrx_word' id='word_1_517' title='bbox 3114 560 3449 636; x_wconf 80' lang='lat' dir='ltr'><strong>gloriﬁcetur</strong></span> <span class='ocrx_word' id='word_1_518' title='bbox 3471 569 3530 614; x_wconf 83' lang='lat' dir='ltr'><strong>et</strong></span> 
     </span>
    </p>
   </div>
   <div class='ocr_carea' id='block_1_66' title="bbox 1920 653 3527 736">
    <p class='ocr_par' dir='ltr' id='par_1_66' title="bbox 1920 653 3527 736">
     <span class='ocr_line' id='line_1_66' title="bbox 1920 653 3527 736; baseline -0.016 -7"><span class='ocrx_word' id='word_1_519' title='bbox 1920 674 2109 736; x_wconf 81' lang='lat' dir='ltr'><strong>Filius,</strong></span> <span class='ocrx_word' id='word_1_520' title='bbox 2142 670 2232 726; x_wconf 89' lang='lat' dir='ltr'><strong>ubi</strong></span> <span class='ocrx_word' id='word_1_521' title='bbox 2276 679 2359 725; x_wconf 83' lang='lat' dir='ltr'><strong>est</strong></span> <span class='ocrx_word' id='word_1_522' title='bbox 2414 667 2591 722; x_wconf 88' lang='lat' dir='ltr'><strong>honor</strong></span> <span class='ocrx_word' id='word_1_523' title='bbox 2630 662 2853 733; x_wconf 56' lang='lat' dir='ltr'><strong>aqualis</strong></span> <span class='ocrx_word' id='word_1_524' title='bbox 2880 661 2903 713; x_wconf 87' lang='lat'><strong>?</strong></span> <span class='ocrx_word' id='word_1_525' title='bbox 2926 659 3063 728; x_wconf 85' lang='lat' dir='ltr'><strong>Quia</strong></span> <span class='ocrx_word' id='word_1_526' title='bbox 3118 657 3325 711; x_wconf 88' lang='lat' dir='ltr'><strong>fructus</strong></span> <span class='ocrx_word' id='word_1_527' title='bbox 3358 653 3527 708; x_wconf 83' lang='lat' dir='ltr'><strong>labio-</strong></span> 
     </span>
    </p>
   </div>
   <div class='ocr_carea' id='block_1_67' title="bbox 1919 747 3527 825">
    <p class='ocr_par' dir='ltr' id='par_1_67' title="bbox 1919 747 3527 825">
     <span class='ocr_line' id='line_1_67' title="bbox 1919 747 3527 825; baseline -0.012 -4"><span class='ocrx_word' id='word_1_528' title='bbox 1919 782 2040 822; x_wconf 89' lang='lat' dir='ltr'><strong>rum</strong></span> <span class='ocrx_word' id='word_1_529' title='bbox 2086 762 2459 819; x_wconf 87' lang='lat' dir='ltr'><strong>conﬁtentium</strong></span> <span class='ocrx_word' id='word_1_530' title='bbox 2494 757 2700 813; x_wconf 89' lang='lat' dir='ltr'><strong>nomini</strong></span> <span class='ocrx_word' id='word_1_531' title='bbox 2761 754 2880 825; x_wconf 87' lang='lat' dir='ltr'><strong>ejus</strong></span> <span class='ocrx_word' id='word_1_532' title='bbox 2926 764 3013 809; x_wconf 92' lang='lat' dir='ltr'><strong>est</strong></span> <span class='ocrx_word' id='word_1_533' title='bbox 3060 751 3357 823; x_wconf 75' lang='lat' dir='ltr'><strong>gratiarum</strong></span> <span class='ocrx_word' id='word_1_534' title='bbox 3383 747 3527 802; x_wconf 81' lang='lat' dir='ltr'><strong>actio</strong></span> 
     </span>
    </p>
   </div>
   <div class='ocr_carea' id='block_1_68' title="bbox 1918 841 3524 931">
    <p class='ocr_par' dir='ltr' id='par_1_68' title="bbox 1918 841 3524 931">
     <span class='ocr_line' id='line_1_68' title="bbox 1918 841 3524 931; baseline -0.013 -16"><span class='ocrx_word' id='word_1_535' title='bbox 1918 868 2143 931; x_wconf 81' lang='lat' dir='ltr'><strong>propter</strong></span> <span class='ocrx_word' id='word_1_536' title='bbox 2158 856 2337 914; x_wconf 86' lang='lat' dir='ltr'><strong>omnia</strong></span> <span class='ocrx_word' id='word_1_537' title='bbox 2357 865 2410 911; x_wconf 90' lang='lat' dir='ltr'><strong>et</strong></span> <span class='ocrx_word' id='word_1_538' title='bbox 2440 868 2503 909; x_wconf 88' lang='lat' dir='ltr'><strong>ea</strong></span> <span class='ocrx_word' id='word_1_539' title='bbox 2532 869 2654 924; x_wconf 73' lang='lat' dir='ltr'><strong>qua:</strong></span> <span class='ocrx_word' id='word_1_540' title='bbox 2679 866 2777 921; x_wconf 84' lang='lat' dir='ltr'><strong>pro</strong></span> <span class='ocrx_word' id='word_1_541' title='bbox 2797 848 2955 904; x_wconf 89' lang='lat' dir='ltr'><strong>nobis</strong></span> <span class='ocrx_word' id='word_1_542' title='bbox 2973 859 3165 917; x_wconf 85' lang='lat' dir='ltr'><strong>passus</strong></span> <span class='ocrx_word' id='word_1_543' title='bbox 3186 852 3271 899; x_wconf 90' lang='lat' dir='ltr'><strong>est</strong></span> <span class='ocrx_word' id='word_1_544' title='bbox 3301 862 3315 897; x_wconf 95' lang='lat'><strong>:</strong></span> <span class='ocrx_word' id='word_1_545' title='bbox 3343 841 3524 897; x_wconf 83' lang='lat' dir='ltr'><strong>omnia</strong></span> 
     </span>
    </p>
   </div>
   <div class='ocr_carea' id='block_1_69' title="bbox 1918 937 3527 1020">
    <p class='ocr_par' dir='ltr' id='par_1_69' title="bbox 1918 937 3527 1020">
     <span class='ocr_line' id='line_1_69' title="bbox 1918 937 3527 1020; baseline -0.011 -16"><span class='ocrx_word' id='word_1_546' title='bbox 1918 948 2151 1007; x_wconf 81' lang='lat' dir='ltr'><strong>feramus</strong></span> <span class='ocrx_word' id='word_1_547' title='bbox 2174 957 2330 1020; x_wconf 81' lang='lat' dir='ltr'><strong>grato</strong></span> <span class='ocrx_word' id='word_1_548' title='bbox 2359 947 2564 1007; x_wconf 86' lang='lat' dir='ltr'><strong>animo,</strong></span> <span class='ocrx_word' id='word_1_549' title='bbox 2607 943 2723 998; x_wconf 81' lang='lat' dir='ltr'><strong>sive</strong></span> <span class='ocrx_word' id='word_1_550' title='bbox 2754 942 2824 996; x_wconf 88' lang='lat' dir='ltr'><strong>sit</strong></span> <span class='ocrx_word' id='word_1_551' title='bbox 2857 946 3147 1010; x_wconf 87' lang='lat' dir='ltr'><strong>paupertas</strong></span> <span class='ocrx_word' id='word_1_552' title='bbox 3176 978 3192 1003; x_wconf 92' lang='lat'><strong>,</strong></span> <span class='ocrx_word' id='word_1_553' title='bbox 3240 937 3355 990; x_wconf 82' lang='lat' dir='ltr'><strong>sive</strong></span> <span class='ocrx_word' id='word_1_554' title='bbox 3380 948 3527 989; x_wconf 87' lang='lat' dir='ltr'><strong>mor-</strong></span> 
     </span>
    </p>
   </div>
   <div class='ocr_carea' id='block_1_70' title="bbox 1918 1026 3527 1111">
    <p class='ocr_par' dir='ltr' id='par_1_70' title="bbox 1918 1026 3527 1111">
     <span class='ocr_line' id='line_1_70' title="bbox 1918 1026 3527 1111; baseline -0.013 -12"><span class='ocrx_word' id='word_1_555' title='bbox 1918 1040 2020 1100; x_wconf 72' lang='lat' dir='ltr'><strong>bus</strong></span> <span class='ocrx_word' id='word_1_556' title='bbox 2044 1084 2059 1108; x_wconf 92' lang='lat'><strong>,</strong></span> <span class='ocrx_word' id='word_1_557' title='bbox 2096 1042 2210 1096; x_wconf 88' lang='lat' dir='ltr'><strong>sive</strong></span> <span class='ocrx_word' id='word_1_558' title='bbox 2251 1039 2463 1111; x_wconf 89' lang='lat' dir='ltr'><strong>quidvis</strong></span> <span class='ocrx_word' id='word_1_559' title='bbox 2508 1035 2654 1090; x_wconf 84' lang='lat' dir='ltr'><strong>aliud</strong></span> <span class='ocrx_word' id='word_1_560' title='bbox 2692 1052 2706 1088; x_wconf 87' lang='lat'><strong>:</strong></span> <span class='ocrx_word' id='word_1_561' title='bbox 2741 1049 2862 1101; x_wconf 81' lang='lat' dir='ltr'><strong>nam</strong></span> <span class='ocrx_word' id='word_1_562' title='bbox 2899 1047 3022 1103; x_wconf 69' lang='lat' dir='ltr'><strong>qua!</strong></span> <span class='ocrx_word' id='word_1_563' title='bbox 3053 1029 3207 1085; x_wconf 90' lang='lat' dir='ltr'><strong>nobis</strong></span> <span class='ocrx_word' id='word_1_564' title='bbox 3238 1026 3527 1082; x_wconf 83' lang='lat' dir='ltr'><strong>conferunt</strong></span> 
     </span>
    </p>
   </div>
   <div class='ocr_carea' id='block_1_71' title="bbox 1916 1123 3521 1207">
    <p class='ocr_par' dir='ltr' id='par_1_71' title="bbox 1916 1123 3521 1207">
     <span class='ocr_line' id='line_1_71' title="bbox 1916 1123 3521 1207; baseline -0.012 -15"><span class='ocrx_word' id='word_1_565' title='bbox 1916 1133 2034 1207; x_wconf 79' lang='lat' dir='ltr'><strong>ipse</strong></span> <span class='ocrx_word' id='word_1_566' title='bbox 2058 1136 2159 1190; x_wconf 86' lang='lat' dir='ltr'><strong>scit</strong></span> <span class='ocrx_word' id='word_1_567' title='bbox 2185 1135 2355 1189; x_wconf 89' lang='lat' dir='ltr'><strong>solus.</strong></span> <span class='ocrx_word' id='word_1_568' title='bbox 2388 1130 2530 1199; x_wconf 81' lang='lat' dir='ltr'><strong>Quid</strong></span> <span class='ocrx_word' id='word_1_569' title='bbox 2557 1128 2691 1183; x_wconf 84' lang='lat' dir='ltr'><strong>enim</strong></span> <span class='ocrx_word' id='word_1_570' title='bbox 2721 1143 2947 1191; x_wconf 85' lang='lat' dir='ltr'><strong>oremus,</strong></span> <span class='ocrx_word' id='word_1_571' title='bbox 2981 1124 3179 1195; x_wconf 88' lang='lat' dir='ltr'><strong>inquit,</strong></span> <span class='ocrx_word' id='word_1_572' title='bbox 3211 1123 3339 1177; x_wconf 79' lang='lat' dir='ltr'><strong>sicut</strong></span> <span class='ocrx_word' id='word_1_573' title='bbox 3364 1137 3521 1192; x_wconf 81' lang='lat' dir='ltr'><strong>apor-</strong></span> 
     </span>
    </p>
   </div>
   <div class='ocr_carea' id='block_1_72' title="bbox 1916 1214 3526 1297">
    <p class='ocr_par' dir='ltr' id='par_1_72' title="bbox 1916 1214 3526 1297">
     <span class='ocr_line' id='line_1_72' title="bbox 1916 1214 3526 1297; baseline -0.012 -10"><span class='ocrx_word' id='word_1_574' title='bbox 1916 1238 1985 1287; x_wconf 71' lang='grc' dir='ltr'><strong>ιιι</strong></span> <span class='ocrx_word' id='word_1_575' title='bbox 2015 1272 2030 1297; x_wconf 87' lang='lat'><strong>,</strong></span> <span class='ocrx_word' id='word_1_576' title='bbox 2059 1228 2310 1285; x_wconf 80' lang='lat' dir='ltr'><strong>nescimus</strong></span> <span class='ocrx_word' id='word_1_577' title='bbox 2344 1226 2361 1297; x_wconf 95' lang='lat'><strong>(</strong></span> <span class='ocrx_word' id='word_1_578' title='bbox 2396 1225 2550 1281; x_wconf 81' lang='lat' dir='ltr'><strong>Rom.</strong></span> <span class='ocrx_word' id='word_1_579' title='bbox 2603 1223 2659 1279; x_wconf 88' lang='lat'><strong>8.</strong></span> <span class='ocrx_word' id='word_1_580' title='bbox 2708 1219 2844 1293; x_wconf 75' lang='lat'><strong>9.6</strong></span> <span class='ocrx_word' id='word_1_581' title='bbox 2873 1220 2974 1288; x_wconf 88' lang='lat' dir='ltr'><strong>Qui</strong></span> <span class='ocrx_word' id='word_1_582' title='bbox 3030 1232 3160 1288; x_wconf 80' lang='lat' dir='ltr'><strong>ergo</strong></span> <span class='ocrx_word' id='word_1_583' title='bbox 3208 1232 3276 1272; x_wconf 89' lang='lat' dir='ltr'><strong>ne</strong></span> <span class='ocrx_word' id='word_1_584' title='bbox 3325 1214 3526 1271; x_wconf 78' lang='lat' dir='ltr'><strong>scimus</strong></span> 
     </span>
    </p>
   </div>
   <div class='ocr_carea' id='block_1_73' title="bbox 1914 1310 3525 1396">
    <p class='ocr_par' dir='ltr' id='par_1_73' title="bbox 1914 1310 3525 1396">
     <span class='ocr_line' id='line_1_73' title="bbox 1914 1310 3525 1396; baseline -0.012 -16"><span class='ocrx_word' id='word_1_585' title='bbox 1914 1324 2130 1396; x_wconf 86' lang='lat' dir='ltr'><strong>quidem</strong></span> <span class='ocrx_word' id='word_1_586' title='bbox 2176 1330 2361 1391; x_wconf 86' lang='lat' dir='ltr'><strong>petere</strong></span> <span class='ocrx_word' id='word_1_587' title='bbox 2405 1315 2549 1388; x_wconf 90' lang='lat' dir='ltr'><strong>quod</strong></span> <span class='ocrx_word' id='word_1_588' title='bbox 2597 1323 2857 1386; x_wconf 82' lang='lat' dir='ltr'><strong>Oportet,</strong></span> <span class='ocrx_word' id='word_1_589' title='bbox 2904 1312 3006 1366; x_wconf 86' lang='lat' dir='ltr'><strong>nisi</strong></span> <span class='ocrx_word' id='word_1_590' title='bbox 3039 1310 3289 1380; x_wconf 88' lang='lat' dir='ltr'><strong>spiritmn</strong></span> <span class='ocrx_word' id='word_1_591' title='bbox 3333 1322 3525 1378; x_wconf 83' lang='lat' dir='ltr'><strong>appre-</strong></span> 
     </span>
    </p>
   </div>
   <div class='ocr_carea' id='block_1_74' title="bbox 1914 1402 3521 1485">
    <p class='ocr_par' dir='ltr' id='par_1_74' title="bbox 1914 1402 3521 1485">
     <span class='ocr_line' id='line_1_74' title="bbox 1914 1402 3521 1485; baseline -0.011 -12"><span class='ocrx_word' id='word_1_592' title='bbox 1914 1418 2214 1475; x_wconf 85' lang='lat' dir='ltr'><strong>hendamus</strong></span> <span class='ocrx_word' id='word_1_593' title='bbox 2241 1458 2256 1481; x_wconf 95' lang='lat'><strong>,</strong></span> <span class='ocrx_word' id='word_1_594' title='bbox 2308 1413 2588 1485; x_wconf 88' lang='lat' dir='ltr'><strong>quoume</strong></span> <span class='ocrx_word' id='word_1_595' title='bbox 2619 1426 2679 1464; x_wconf 80' lang='lat' dir='ltr'><strong>ea</strong></span> <span class='ocrx_word' id='word_1_596' title='bbox 2709 1426 2827 1481; x_wconf 77' lang='lat' dir='ltr'><strong>qua:</strong></span> <span class='ocrx_word' id='word_1_597' title='bbox 2857 1408 3014 1463; x_wconf 88' lang='lat' dir='ltr'><strong>nobis</strong></span> <span class='ocrx_word' id='word_1_598' title='bbox 3044 1407 3332 1461; x_wconf 86' lang='lat' dir='ltr'><strong>conferunt</strong></span> <span class='ocrx_word' id='word_1_599' title='bbox 3377 1402 3521 1459; x_wconf 88' lang='lat' dir='ltr'><strong>scia-</strong></span> 
     </span>
    </p>
   </div>
   <div class='ocr_carea' id='block_1_75' title="bbox 1913 1496 3521 1574">
    <p class='ocr_par' dir='ltr' id='par_1_75' title="bbox 1913 1496 3521 1574">
     <span class='ocr_line' id='line_1_75' title="bbox 1913 1496 3521 1574; baseline -0.011 -9"><span class='ocrx_word' id='word_1_600' title='bbox 1913 1509 2075 1565; x_wconf 85' lang='lat' dir='ltr'><strong>mus?</strong></span> <span class='ocrx_word' id='word_1_601' title='bbox 2100 1506 2428 1563; x_wconf 87' lang='lat' dir='ltr'><strong>Studeamus</strong></span> <span class='ocrx_word' id='word_1_602' title='bbox 2454 1519 2582 1574; x_wconf 80' lang='lat' dir='ltr'><strong>ergo</strong></span> <span class='ocrx_word' id='word_1_603' title='bbox 2607 1518 2703 1573; x_wconf 89' lang='lat' dir='ltr'><strong>pro</strong></span> <span class='ocrx_word' id='word_1_604' title='bbox 2721 1501 2973 1556; x_wconf 91' lang='lat' dir='ltr'><strong>omnibus</strong></span> <span class='ocrx_word' id='word_1_605' title='bbox 2999 1497 3198 1553; x_wconf 65' lang='lat' dir='ltr'><strong>offerre</strong></span> <span class='ocrx_word' id='word_1_606' title='bbox 3223 1496 3521 1568; x_wconf 76' lang='lat' dir='ltr'><strong>gratiarum</strong></span> 
     </span>
    </p>
   </div>
   <div class='ocr_carea' id='block_1_76' title="bbox 1912 1588 3521 1667">
    <p class='ocr_par' dir='ltr' id='par_1_76' title="bbox 1912 1588 3521 1667">
     <span class='ocr_line' id='line_1_76' title="bbox 1912 1588 3521 1667; baseline -0.009 -12"><span class='ocrx_word' id='word_1_607' title='bbox 1912 1603 2220 1666; x_wconf 81' lang='lat' dir='ltr'><strong>actionem,</strong></span> <span class='ocrx_word' id='word_1_608' title='bbox 2251 1598 2543 1667; x_wconf 85' lang='lat' dir='ltr'><strong>omniaque</strong></span> <span class='ocrx_word' id='word_1_609' title='bbox 2600 1595 2721 1650; x_wconf 88' lang='lat' dir='ltr'><strong>forti</strong></span> <span class='ocrx_word' id='word_1_610' title='bbox 2772 1592 2955 1647; x_wconf 90' lang='lat' dir='ltr'><strong>animo</strong></span> <span class='ocrx_word' id='word_1_611' title='bbox 3011 1590 3269 1645; x_wconf 85' lang='lat' dir='ltr'><strong>feramus.</strong></span> <span class='ocrx_word' id='word_1_612' title='bbox 3323 1588 3521 1642; x_wconf 75' lang='lat' dir='ltr'><strong>Sumus</strong></span> 
     </span>
    </p>
   </div>
   <div class='ocr_carea' id='block_1_77' title="bbox 1914 1682 3517 1763">
    <p class='ocr_par' dir='ltr' id='par_1_77' title="bbox 1914 1682 3517 1763">
     <span class='ocr_line' id='line_1_77' title="bbox 1914 1682 3517 1763; baseline -0.007 -15"><span class='ocrx_word' id='word_1_613' title='bbox 1914 1694 1967 1748; x_wconf 94' lang='lat' dir='ltr'><strong>in</strong></span> <span class='ocrx_word' id='word_1_614' title='bbox 2021 1700 2591 1763; x_wconf 85' lang='lat' dir='ltr'><strong>paupertate,sumus</strong></span> <span class='ocrx_word' id='word_1_615' title='bbox 2643 1687 2694 1740; x_wconf 93' lang='lat' dir='ltr'><strong>in</strong></span> <span class='ocrx_word' id='word_1_616' title='bbox 2754 1684 2967 1750; x_wconf 88' lang='lat' dir='ltr'><strong>morbo,</strong></span> <span class='ocrx_word' id='word_1_617' title='bbox 3022 1682 3225 1754; x_wconf 77' lang='lat' dir='ltr'><strong>gratias</strong></span> <span class='ocrx_word' id='word_1_618' title='bbox 3264 1695 3517 1751; x_wconf 72' lang='lat' dir='ltr'><strong>agamus:</strong></span> 
     </span>
    </p>
   </div>
   <div class='ocr_carea' id='block_1_78' title="bbox 1910 1772 3517 1852">
    <p class='ocr_par' dir='ltr' id='par_1_78' title="bbox 1910 1772 3517 1852">
     <span class='ocr_line' id='line_1_78' title="bbox 1910 1772 3517 1852; baseline -0.011 -10"><span class='ocrx_word' id='word_1_619' title='bbox 1910 1801 2032 1842; x_wconf 88' lang='lat' dir='ltr'><strong>cum</strong></span> <span class='ocrx_word' id='word_1_620' title='bbox 2078 1784 2363 1841; x_wconf 81' lang='lat' dir='ltr'><strong>calumniis</strong></span> <span class='ocrx_word' id='word_1_621' title='bbox 2408 1781 2752 1852; x_wconf 88' lang='lat' dir='ltr'><strong>appetimur,</strong></span> <span class='ocrx_word' id='word_1_622' title='bbox 2795 1774 3012 1847; x_wconf 87' lang='lat' dir='ltr'><strong>quando</strong></span> <span class='ocrx_word' id='word_1_623' title='bbox 3057 1773 3203 1829; x_wconf 86' lang='lat' dir='ltr'><strong>male</strong></span> <span class='ocrx_word' id='word_1_624' title='bbox 3245 1772 3517 1843; x_wconf 86' lang='lat' dir='ltr'><strong>patimur,</strong></span> 
     </span>
    </p>
   </div>
   <div class='ocr_carea' id='block_1_79' title="bbox 1912 1864 3520 1949">
    <p class='ocr_par' dir='ltr' id='par_1_79' title="bbox 1912 1864 3520 1949">
     <span class='ocr_line' id='line_1_79' title="bbox 1912 1864 3520 1949; baseline -0.01 -17"><span class='ocrx_word' id='word_1_625' title='bbox 1912 1894 2135 1949; x_wconf 80' lang='lat' dir='ltr'><strong>agamus</strong></span> <span class='ocrx_word' id='word_1_626' title='bbox 2180 1876 2383 1947; x_wconf 80' lang='lat' dir='ltr'><strong>gratias</strong></span> <span class='ocrx_word' id='word_1_627' title='bbox 2422 1891 2436 1927; x_wconf 90' lang='lat'>:</span> <span class='ocrx_word' id='word_1_628' title='bbox 2466 1872 2571 1930; x_wconf 85' lang='lat' dir='ltr'><strong>hoc</strong></span> <span class='ocrx_word' id='word_1_629' title='bbox 2600 1870 2746 1927; x_wconf 91' lang='lat' dir='ltr'><strong>enim</strong></span> <span class='ocrx_word' id='word_1_630' title='bbox 2790 1867 2918 1923; x_wconf 82' lang='lat' dir='ltr'><strong>facit</strong></span> <span class='ocrx_word' id='word_1_631' title='bbox 2943 1875 3003 1921; x_wconf 91' lang='lat' dir='ltr'><strong>ut</strong></span> <span class='ocrx_word' id='word_1_632' title='bbox 3050 1864 3220 1921; x_wconf 86' lang='lat' dir='ltr'><strong>simus</strong></span> <span class='ocrx_word' id='word_1_633' title='bbox 3252 1865 3362 1919; x_wconf 88' lang='lat' dir='ltr'><strong>Deo</strong></span> <span class='ocrx_word' id='word_1_634' title='bbox 3392 1877 3520 1933; x_wconf 85' lang='lat' dir='ltr'><strong>pro-</strong></span> 
     </span>
    </p>
   </div>
   <div class='ocr_carea' id='block_1_80' title="bbox 1914 1957 3515 2042">
    <p class='ocr_par' dir='ltr' id='par_1_80' title="bbox 1914 1957 3515 2042">
     <span class='ocr_line' id='line_1_80' title="bbox 1914 1957 3515 2042; baseline -0.012 -16"><span class='ocrx_word' id='word_1_635' title='bbox 1914 1972 2091 2042; x_wconf 88' lang='lat' dir='ltr'><strong>pittqui</strong></span> <span class='ocrx_word' id='word_1_636' title='bbox 2128 2011 2145 2037; x_wconf 94' lang='lat'><strong>,</strong></span> <span class='ocrx_word' id='word_1_637' title='bbox 2202 1980 2330 2024; x_wconf 91' lang='lat' dir='ltr'><strong>tunc</strong></span> <span class='ocrx_word' id='word_1_638' title='bbox 2396 1967 2560 2022; x_wconf 83' lang='lat' dir='ltr'><strong>etiam</strong></span> <span class='ocrx_word' id='word_1_639' title='bbox 2630 1965 2799 2019; x_wconf 85' lang='lat' dir='ltr'><strong>Deum</strong></span> <span class='ocrx_word' id='word_1_640' title='bbox 2870 1960 3134 2015; x_wconf 89' lang='lat' dir='ltr'><strong>habemus</strong></span> <span class='ocrx_word' id='word_1_641' title='bbox 3192 1957 3515 2011; x_wconf 87' lang='lat' dir='ltr'><strong>debitorem.</strong></span> 
     </span>
    </p>
   </div>
   <div class='ocr_carea' id='block_1_81' title="bbox 1912 2045 3521 2131">
    <p class='ocr_par' dir='ltr' id='par_1_81' title="bbox 1912 2045 3521 2131">
     <span class='ocr_line' id='line_1_81' title="bbox 1912 2045 3521 2131; baseline -0.009 -17"><span class='ocrx_word' id='word_1_642' title='bbox 1912 2062 2140 2131; x_wconf 80' lang='lat' dir='ltr'><strong>Quando</strong></span> <span class='ocrx_word' id='word_1_643' title='bbox 2183 2073 2359 2115; x_wconf 81' lang='lat' dir='ltr'><strong>autent</strong></span> <span class='ocrx_word' id='word_1_644' title='bbox 2388 2067 2513 2113; x_wconf 90' lang='lat' dir='ltr'><strong>sunt</strong></span> <span class='ocrx_word' id='word_1_645' title='bbox 2559 2055 2714 2111; x_wconf 88' lang='lat' dir='ltr'><strong>nobis</strong></span> <span class='ocrx_word' id='word_1_646' title='bbox 2758 2068 2845 2108; x_wconf 91' lang='lat' dir='ltr'><strong>res</strong></span> <span class='ocrx_word' id='word_1_647' title='bbox 2878 2050 3134 2107; x_wconf 78' lang='lat' dir='ltr'><strong>secunda:</strong></span> <span class='ocrx_word' id='word_1_648' title='bbox 3162 2058 3214 2103; x_wconf 90' lang='lat' dir='ltr'><strong>et</strong></span> <span class='ocrx_word' id='word_1_649' title='bbox 3244 2045 3521 2101; x_wconf 77' lang='lat' dir='ltr'><strong>beneﬁciis</strong></span> 
     </span>
    </p>
   </div>
   <div class='ocr_carea' id='block_1_82' title="bbox 1910 2140 3521 2220">
    <p class='ocr_par' dir='ltr' id='par_1_82' title="bbox 1910 2140 3521 2220">
     <span class='ocr_line' id='line_1_82' title="bbox 1910 2140 3521 2220; baseline -0.014 -8"><span class='ocrx_word' id='word_1_650' title='bbox 1910 2158 2196 2220; x_wconf 85' lang='lat' dir='ltr'><strong>afﬁciatur,</strong></span> <span class='ocrx_word' id='word_1_651' title='bbox 2228 2156 2340 2211; x_wconf 82' lang='lat' dir='ltr'><strong>Deo</strong></span> <span class='ocrx_word' id='word_1_652' title='bbox 2365 2167 2553 2209; x_wconf 86' lang='lat' dir='ltr'><strong>sumus</strong></span> <span class='ocrx_word' id='word_1_653' title='bbox 2581 2149 2861 2205; x_wconf 83' lang='lat' dir='ltr'><strong>debitores</strong></span> <span class='ocrx_word' id='word_1_654' title='bbox 2895 2164 2910 2199; x_wconf 86' lang='lat'><strong>:</strong></span> <span class='ocrx_word' id='word_1_655' title='bbox 2940 2143 3181 2210; x_wconf 79' lang='lat' dir='ltr'><strong>alioquin</strong></span> <span class='ocrx_word' id='word_1_656' title='bbox 3210 2142 3371 2197; x_wconf 87' lang='lat' dir='ltr'><strong>etiam</strong></span> <span class='ocrx_word' id='word_1_657' title='bbox 3404 2140 3521 2192; x_wconf 64' lang='lat' dir='ltr'><strong>hare</strong></span> 
     </span>
    </p>
   </div>
   <div class='ocr_carea' id='block_1_83' title="bbox 1909 2232 3520 2319">
    <p class='ocr_par' dir='ltr' id='par_1_83' title="bbox 1909 2232 3520 2319">
     <span class='ocr_line' id='line_1_83' title="bbox 1909 2232 3520 2319; baseline -0.01 -16"><span class='ocrx_word' id='word_1_658' title='bbox 1909 2264 2055 2319; x_wconf 82' lang='lat' dir='ltr'><strong>Sa-pc</strong></span> <span class='ocrx_word' id='word_1_659' title='bbox 2085 2262 2205 2302; x_wconf 85' lang='lat' dir='ltr'><strong>sunt</strong></span> <span class='ocrx_word' id='word_1_660' title='bbox 2239 2249 2395 2302; x_wconf 78' lang='lat' dir='ltr'><strong>nobis</strong></span> <span class='ocrx_word' id='word_1_661' title='bbox 2424 2248 2474 2297; x_wconf 91' lang='lat' dir='ltr'><strong>iu</strong></span> <span class='ocrx_word' id='word_1_662' title='bbox 2514 2243 2780 2313; x_wconf 86' lang='lat' dir='ltr'><strong>judicium</strong></span> <span class='ocrx_word' id='word_1_663' title='bbox 2810 2281 2825 2302; x_wconf 93' lang='lat'><strong>,</strong></span> <span class='ocrx_word' id='word_1_664' title='bbox 2875 2239 2962 2293; x_wconf 87' lang='lat' dir='ltr'><strong>illa</strong></span> <span class='ocrx_word' id='word_1_665' title='bbox 3003 2252 3133 2291; x_wconf 83' lang='lat' dir='ltr'><strong>vero</strong></span> <span class='ocrx_word' id='word_1_666' title='bbox 3161 2236 3224 2289; x_wconf 92' lang='lat' dir='ltr'><strong>ad</strong></span> <span class='ocrx_word' id='word_1_667' title='bbox 3258 2232 3520 2288; x_wconf 87' lang='lat' dir='ltr'><strong>eluendas</strong></span> 
     </span>
    </p>
   </div>
   <div class='ocr_carea' id='block_1_84' title="bbox 1913 2325 3516 2413">
    <p class='ocr_par' dir='ltr' id='par_1_84' title="bbox 1913 2325 3516 2413">
     <span class='ocr_line' id='line_1_84' title="bbox 1913 2325 3516 2413; baseline -0.014 -14"><span class='ocrx_word' id='word_1_668' title='bbox 1913 2358 2097 2413; x_wconf 68' lang='lat' dir='ltr'><strong>piratas</strong></span> <span class='ocrx_word' id='word_1_669' title='bbox 2142 2348 2506 2411; x_wconf 87' lang='lat' dir='ltr'><strong>peccatorum.</strong></span> <span class='ocrx_word' id='word_1_670' title='bbox 2574 2334 2665 2389; x_wconf 88' lang='lat' dir='ltr'><strong>Illa</strong></span> <span class='ocrx_word' id='word_1_671' title='bbox 2717 2330 2999 2387; x_wconf 82' lang='lat' dir='ltr'><strong>attrahunt</strong></span> <span class='ocrx_word' id='word_1_672' title='bbox 3043 2325 3473 2384; x_wconf 79' lang='lat' dir='ltr'><strong>miscricordiam</strong></span> <span class='ocrx_word' id='word_1_673' title='bbox 3501 2366 3516 2387; x_wconf 93' lang='lat'><strong>,</strong></span> 
     </span>
    </p>
   </div>
   <div class='ocr_carea' id='block_1_85' title="bbox 1914 2420 3521 2504">
    <p class='ocr_par' dir='ltr' id='par_1_85' title="bbox 1914 2420 3521 2504">
     <span class='ocr_line' id='line_1_85' title="bbox 1914 2420 3521 2504; baseline -0.011 -17"><span class='ocrx_word' id='word_1_674' title='bbox 1914 2435 2002 2488; x_wconf 86' lang='lat' dir='ltr'><strong>illa</strong></span> <span class='ocrx_word' id='word_1_675' title='bbox 2031 2433 2415 2504; x_wconf 77' lang='lat' dir='ltr'><strong>benignitatem</strong></span> <span class='ocrx_word' id='word_1_676' title='bbox 2458 2439 2513 2485; x_wconf 88' lang='lat' dir='ltr'><strong>et</strong></span> <span class='ocrx_word' id='word_1_677' title='bbox 2540 2426 2885 2483; x_wconf 88' lang='lat' dir='ltr'><strong>clementiam</strong></span> <span class='ocrx_word' id='word_1_678' title='bbox 2930 2442 2943 2477; x_wconf 92' lang='lat'><strong>:</strong></span> <span class='ocrx_word' id='word_1_679' title='bbox 2991 2421 3106 2476; x_wconf 76' lang='lat' dir='ltr'><strong>hfec</strong></span> <span class='ocrx_word' id='word_1_680' title='bbox 3132 2430 3313 2473; x_wconf 87' lang='lat' dir='ltr'><strong>autem</strong></span> <span class='ocrx_word' id='word_1_681' title='bbox 3342 2420 3521 2473; x_wconf 77' lang='lat' dir='ltr'><strong>extol—</strong></span> 
     </span>
    </p>
   </div>
   <div class='ocr_carea' id='block_1_86' title="bbox 1910 2513 3517 2592">
    <p class='ocr_par' dir='ltr' id='par_1_86' title="bbox 1910 2513 3517 2592">
     <span class='ocr_line' id='line_1_86' title="bbox 1910 2513 3517 2592; baseline -0.011 -11"><span class='ocrx_word' id='word_1_682' title='bbox 1910 2524 2028 2582; x_wconf 78' lang='lat' dir='ltr'><strong>lant</strong></span> <span class='ocrx_word' id='word_1_683' title='bbox 2051 2526 2214 2580; x_wconf 88' lang='lat' dir='ltr'><strong>etiam</strong></span> <span class='ocrx_word' id='word_1_684' title='bbox 2242 2525 2308 2578; x_wconf 91' lang='lat' dir='ltr'><strong>ad</strong></span> <span class='ocrx_word' id='word_1_685' title='bbox 2339 2520 2703 2592; x_wconf 83' lang='lat' dir='ltr'><strong>arrogantiam</strong></span> <span class='ocrx_word' id='word_1_686' title='bbox 2736 2561 2747 2581; x_wconf 92' lang='lat'><strong>,</strong></span> <span class='ocrx_word' id='word_1_687' title='bbox 2782 2516 3060 2571; x_wconf 88' lang='lat' dir='ltr'><strong>deducunt</strong></span> <span class='ocrx_word' id='word_1_688' title='bbox 3087 2515 3151 2568; x_wconf 88' lang='lat' dir='ltr'><strong>ad</strong></span> <span class='ocrx_word' id='word_1_689' title='bbox 3181 2513 3517 2575; x_wconf 87' lang='lat' dir='ltr'><strong>socordiam,</strong></span> 
     </span>
    </p>
   </div>
   <div class='ocr_carea' id='block_1_87' title="bbox 1912 2610 3519 2685">
    <p class='ocr_par' dir='ltr' id='par_1_87' title="bbox 1912 2610 3519 2685">
     <span class='ocr_line' id='line_1_87' title="bbox 1912 2610 3519 2685; baseline -0.011 -7"><span class='ocrx_word' id='word_1_690' title='bbox 1912 2631 1973 2679; x_wconf 71' lang='lat' dir='ltr'><strong>et</strong></span> <span class='ocrx_word' id='word_1_691' title='bbox 2014 2618 2253 2674; x_wconf 87' lang='lat' dir='ltr'><strong>efﬁciunt</strong></span> <span class='ocrx_word' id='word_1_692' title='bbox 2286 2628 2340 2672; x_wconf 91' lang='lat' dir='ltr'><strong>ut</strong></span> <span class='ocrx_word' id='word_1_693' title='bbox 2372 2631 2439 2671; x_wconf 80' lang='lat' dir='ltr'><strong>ex</strong></span> <span class='ocrx_word' id='word_1_694' title='bbox 2472 2613 2753 2685; x_wconf 79' lang='lat' dir='ltr'><strong>phantasia</strong></span> <span class='ocrx_word' id='word_1_695' title='bbox 2784 2610 2851 2665; x_wconf 88' lang='lat' dir='ltr'><strong>de</strong></span> <span class='ocrx_word' id='word_1_696' title='bbox 2881 2610 3038 2664; x_wconf 90' lang='lat' dir='ltr'><strong>nobis</strong></span> <span class='ocrx_word' id='word_1_697' title='bbox 3092 2622 3283 2678; x_wconf 80' lang='lat' dir='ltr'><strong>magna</strong></span> <span class='ocrx_word' id='word_1_698' title='bbox 3325 2622 3519 2676; x_wconf 84' lang='lat' dir='ltr'><strong>appre-</strong></span> 
     </span>
    </p>
   </div>
   <div class='ocr_carea' id='block_1_88' title="bbox 1914 2699 3521 2769">
    <p class='ocr_par' dir='ltr' id='par_1_88' title="bbox 1914 2699 3521 2769">
     <span class='ocr_line' id='line_1_88' title="bbox 1914 2699 3521 2769; baseline -0.011 0"><span class='ocrx_word' id='word_1_699' title='bbox 1914 2713 2213 2769; x_wconf 89' lang='lat' dir='ltr'><strong>Itcudantus</strong></span> <span class='ocrx_word' id='word_1_700' title='bbox 2265 2728 2278 2761; x_wconf 89' lang='lat'><strong>:</strong></span> <span class='ocrx_word' id='word_1_701' title='bbox 2332 2709 2448 2763; x_wconf 74' lang='lat' dir='ltr'><strong>lucc</strong></span> <span class='ocrx_word' id='word_1_702' title='bbox 2486 2723 2586 2760; x_wconf 88' lang='lat' dir='ltr'><strong>nos</strong></span> <span class='ocrx_word' id='word_1_703' title='bbox 2632 2711 2916 2759; x_wconf 73' lang='lat' dir='ltr'><strong>enervant.</strong></span> <span class='ocrx_word' id='word_1_704' title='bbox 2965 2702 3255 2769; x_wconf 81' lang='lat' dir='ltr'><strong>I’r0ptcrea</strong></span> <span class='ocrx_word' id='word_1_705' title='bbox 3306 2699 3521 2754; x_wconf 89' lang='lat' dir='ltr'><strong>dicebat</strong></span> 
     </span>
    </p>
   </div>
   <div class='ocr_carea' id='block_1_89' title="bbox 1914 2792 3517 2871">
    <p class='ocr_par' dir='ltr' id='par_1_89' title="bbox 1914 2792 3517 2871">
     <span class='ocr_line' id='line_1_89' title="bbox 1914 2792 3517 2871; baseline -0.011 -11"><span class='ocrx_word' id='word_1_706' title='bbox 1914 2806 2076 2861; x_wconf 89' lang='lat' dir='ltr'><strong>ctiam</strong></span> <span class='ocrx_word' id='word_1_707' title='bbox 2111 2800 2378 2871; x_wconf 75' lang='lat' dir='ltr'><strong>Propheta</strong></span> <span class='ocrx_word' id='word_1_708' title='bbox 2404 2818 2416 2853; x_wconf 91' lang='lat'>:</span> <span class='ocrx_word' id='word_1_709' title='bbox 2448 2796 2653 2852; x_wconf 86' lang='lat' dir='ltr'><strong>Bonum</strong></span> <span class='ocrx_word' id='word_1_710' title='bbox 2685 2795 2810 2849; x_wconf 81' lang='lat' dir='ltr'><strong>tui/ti</strong></span> <span class='ocrx_word' id='word_1_711' title='bbox 2842 2795 2962 2862; x_wconf 84' lang='lat' dir='ltr'><strong>quia</strong></span> <span class='ocrx_word' id='word_1_712' title='bbox 2990 2792 3275 2845; x_wconf 80' lang='lat' dir='ltr'><strong>[inmitiain</strong></span> <span class='ocrx_word' id='word_1_713' title='bbox 3304 2806 3382 2843; x_wconf 81' lang='lat' dir='ltr'><strong>me</strong></span> <span class='ocrx_word' id='word_1_714' title='bbox 3411 2832 3425 2855; x_wconf 87' lang='lat'><strong>,</strong></span> <span class='ocrx_word' id='word_1_715' title='bbox 3459 2802 3517 2843; x_wconf 82' lang='lat' dir='ltr'><strong>tu</strong></span> 
     </span>
    </p>
   </div>
   <div class='ocr_carea' id='block_1_90' title="bbox 1912 2886 3518 2966">
    <p class='ocr_par' dir='ltr' id='par_1_90' title="bbox 1912 2886 3518 2966">
     <span class='ocr_line' id='line_1_90' title="bbox 1912 2886 3518 2966; baseline -0.007 -14"><span class='ocrx_word' id='word_1_716' title='bbox 1912 2893 2517 2966; x_wconf 76' lang='lat' dir='ltr'><strong>disramjnsti/icationes</strong></span> <span class='ocrx_word' id='word_1_717' title='bbox 2547 2901 2658 2944; x_wconf 82' lang='lat' dir='ltr'><strong>tuas</strong></span> <span class='ocrx_word' id='word_1_718' title='bbox 2678 2888 2848 2962; x_wconf 84' lang='lat' dir='ltr'><strong>(Psal.</strong></span> <span class='ocrx_word' id='word_1_719' title='bbox 2880 2886 3000 2942; x_wconf 88' lang='grc'><strong>118.</strong></span> <span class='ocrx_word' id='word_1_720' title='bbox 3034 2888 3147 2956; x_wconf 88' lang='grc'><strong>71).</strong></span> <span class='ocrx_word' id='word_1_721' title='bbox 3175 2886 3405 2955; x_wconf 83' lang='lat' dir='ltr'><strong>Quando</strong></span> <span class='ocrx_word' id='word_1_722' title='bbox 3428 2888 3518 2941; x_wconf 80' lang='lat' dir='ltr'><strong>be—</strong></span> 
     </span>
    </p>
   </div>
   <div class='ocr_carea' id='block_1_91' title="bbox 1914 2977 3517 3045">
    <p class='ocr_par' dir='ltr' id='par_1_91' title="bbox 1914 2977 3517 3045">
     <span class='ocr_line' id='line_1_91' title="bbox 1914 2977 3517 3045; baseline -0.007 -2"><span class='ocrx_word' id='word_1_723' title='bbox 1914 2990 2107 3045; x_wconf 88' lang='lat' dir='ltr'><strong>nclieio</strong></span> <span class='ocrx_word' id='word_1_724' title='bbox 2137 2985 2363 3040; x_wconf 71' lang='lat' dir='ltr'><strong>allectus</strong></span> <span class='ocrx_word' id='word_1_725' title='bbox 2384 2994 2437 3039; x_wconf 91' lang='lat' dir='ltr'><strong>et</strong></span> <span class='ocrx_word' id='word_1_726' title='bbox 2458 2997 2487 3036; x_wconf 88' lang='lat' dir='ltr'><strong>a</strong></span> <span class='ocrx_word' id='word_1_727' title='bbox 2529 2982 2685 3036; x_wconf 91' lang='lat' dir='ltr'><strong>malis</strong></span> <span class='ocrx_word' id='word_1_728' title='bbox 2715 2981 2971 3034; x_wconf 83' lang='lat' dir='ltr'><strong>liberatus</strong></span> <span class='ocrx_word' id='word_1_729' title='bbox 3005 2977 3100 3033; x_wconf 87' lang='lat' dir='ltr'><strong>fttit</strong></span> <span class='ocrx_word' id='word_1_730' title='bbox 3131 2977 3388 3032; x_wconf 73' lang='lat' dir='ltr'><strong>Ezechias</strong></span> <span class='ocrx_word' id='word_1_731' title='bbox 3415 3021 3428 3041; x_wconf 88' lang='lat'><strong>,</strong></span> <span class='ocrx_word' id='word_1_732' title='bbox 3465 2979 3517 3032; x_wconf 89' lang='lat' dir='ltr'><strong>in</strong></span> 
     </span>
    </p>
   </div>
   <div class='ocr_carea' id='block_1_92' title="bbox 1912 3070 3519 3142">
    <p class='ocr_par' dir='ltr' id='par_1_92' title="bbox 1912 3070 3519 3142">
     <span class='ocr_line' id='line_1_92' title="bbox 1912 3070 3519 3142; baseline -0.007 -9"><span class='ocrx_word' id='word_1_733' title='bbox 1912 3081 2077 3133; x_wconf 87' lang='lat' dir='ltr'><strong>altmu</strong></span> <span class='ocrx_word' id='word_1_734' title='bbox 2109 3079 2309 3133; x_wconf 87' lang='lat' dir='ltr'><strong>elatum</strong></span> <span class='ocrx_word' id='word_1_735' title='bbox 2362 3084 2444 3130; x_wconf 91' lang='lat' dir='ltr'><strong>est</strong></span> <span class='ocrx_word' id='word_1_736' title='bbox 2487 3090 2582 3129; x_wconf 90' lang='lat' dir='ltr'><strong>eor</strong></span> <span class='ocrx_word' id='word_1_737' title='bbox 2607 3072 2725 3142; x_wconf 89' lang='lat' dir='ltr'><strong>ejus</strong></span> <span class='ocrx_word' id='word_1_738' title='bbox 2765 3087 2779 3125; x_wconf 90' lang='lat'><strong>:</strong></span> <span class='ocrx_word' id='word_1_739' title='bbox 2823 3070 3039 3141; x_wconf 89' lang='lat' dir='ltr'><strong>quando</strong></span> <span class='ocrx_word' id='word_1_740' title='bbox 3082 3078 3261 3124; x_wconf 90' lang='lat' dir='ltr'><strong>autem</strong></span> <span class='ocrx_word' id='word_1_741' title='bbox 3290 3079 3519 3139; x_wconf 57' lang='lat' dir='ltr'><strong>a-grota.</strong></span> 
     </span>
    </p>
   </div>
   <div class='ocr_carea' id='block_1_93' title="bbox 1913 3164 3514 3237">
    <p class='ocr_par' dir='ltr' id='par_1_93' title="bbox 1913 3164 3514 3237">
     <span class='ocr_line' id='line_1_93' title="bbox 1913 3164 3514 3237; baseline -0.005 -10"><span class='ocrx_word' id='word_1_742' title='bbox 1913 3176 1983 3227; x_wconf 83' lang='lat' dir='ltr'><strong>vit</strong></span> <span class='ocrx_word' id='word_1_743' title='bbox 2012 3216 2026 3237; x_wconf 86' lang='lat'><strong>,</strong></span> <span class='ocrx_word' id='word_1_744' title='bbox 2060 3186 2185 3227; x_wconf 85' lang='lat' dir='ltr'><strong>tunc</strong></span> <span class='ocrx_word' id='word_1_745' title='bbox 2223 3183 2304 3227; x_wconf 87' lang='lat' dir='ltr'><strong>est</strong></span> <span class='ocrx_word' id='word_1_746' title='bbox 2328 3168 2641 3224; x_wconf 78' lang='lat' dir='ltr'><strong>humiliatus</strong></span> <span class='ocrx_word' id='word_1_747' title='bbox 2667 3207 2682 3232; x_wconf 92' lang='lat'><strong>,</strong></span> <span class='ocrx_word' id='word_1_748' title='bbox 2715 3175 2844 3220; x_wconf 92' lang='lat' dir='ltr'><strong>tunc</strong></span> <span class='ocrx_word' id='word_1_749' title='bbox 2869 3164 2968 3218; x_wconf 90' lang='lat' dir='ltr'><strong>fuit</strong></span> <span class='ocrx_word' id='word_1_750' title='bbox 3002 3164 3115 3219; x_wconf 91' lang='lat' dir='ltr'><strong>Deo</strong></span> <span class='ocrx_word' id='word_1_751' title='bbox 3157 3164 3514 3234; x_wconf 87' lang='lat' dir='ltr'><strong>propinquus.</strong></span> 
     </span>
    </p>
   </div>
   <div class='ocr_carea' id='block_1_94' title="bbox 1914 3261 3508 3335">
    <p class='ocr_par' dir='ltr' id='par_1_94' title="bbox 1914 3261 3508 3335">
     <span class='ocr_line' id='line_1_94' title="bbox 1914 3261 3508 3335; baseline -0.008 -15"><span class='ocrx_word' id='word_1_752' title='bbox 1914 3267 2133 3332; x_wconf 79' lang='lat' dir='ltr'><strong>Quando</strong></span> <span class='ocrx_word' id='word_1_753' title='bbox 2159 3308 2173 3331; x_wconf 91' lang='lat'><strong>,</strong></span> <span class='ocrx_word' id='word_1_754' title='bbox 2209 3266 2377 3335; x_wconf 82' lang='lat' dir='ltr'><strong>inquit</strong></span> <span class='ocrx_word' id='word_1_755' title='bbox 2406 3306 2421 3330; x_wconf 95' lang='lat'><strong>,</strong></span> <span class='ocrx_word' id='word_1_756' title='bbox 2450 3261 2708 3317; x_wconf 79' lang='lat' dir='ltr'><strong>occidebat</strong></span> <span class='ocrx_word' id='word_1_757' title='bbox 2735 3275 2819 3316; x_wconf 76' lang='lat' dir='ltr'><strong>eos</strong></span> <span class='ocrx_word' id='word_1_758' title='bbox 2843 3303 2859 3327; x_wconf 95' lang='lat'><strong>,</strong></span> <span class='ocrx_word' id='word_1_759' title='bbox 2890 3272 3013 3314; x_wconf 86' lang='lat' dir='ltr'><strong>tunc</strong></span> <span class='ocrx_word' id='word_1_760' title='bbox 3043 3264 3333 3329; x_wconf 73' lang='lat' dir='ltr'><strong>quant&#39;baut</strong></span> <span class='ocrx_word' id='word_1_761' title='bbox 3368 3273 3508 3317; x_wconf 71' lang='lat' dir='ltr'><strong>mu,</strong></span> 
     </span>
    </p>
   </div>
   <div class='ocr_carea' id='block_1_95' title="bbox 1904 3346 3509 3418">
    <p class='ocr_par' dir='ltr' id='par_1_95' title="bbox 1904 3346 3509 3418">
     <span class='ocr_line' id='line_1_95' title="bbox 1904 3346 3509 3418; baseline -0.006 -6"><span class='ocrx_word' id='word_1_762' title='bbox 1904 3368 1951 3412; x_wconf 88' lang='lat' dir='ltr'><strong>et</strong></span> <span class='ocrx_word' id='word_1_763' title='bbox 1997 3356 2416 3411; x_wconf 84' lang='lat' dir='ltr'><strong>convertebantur</strong></span> <span class='ocrx_word' id='word_1_764' title='bbox 2463 3366 2509 3407; x_wconf 87' lang='lat' dir='ltr'><strong>et</strong></span> <span class='ocrx_word' id='word_1_765' title='bbox 2558 3370 2708 3408; x_wconf 86' lang='lat' dir='ltr'><strong>mane</strong></span> <span class='ocrx_word' id='word_1_766' title='bbox 2751 3353 3019 3407; x_wconf 78' lang='lat' dir='ltr'><strong>veniebant</strong></span> <span class='ocrx_word' id='word_1_767' title='bbox 3062 3352 3131 3403; x_wconf 85' lang='lat' dir='ltr'><strong>ad</strong></span> <span class='ocrx_word' id='word_1_768' title='bbox 3162 3367 3279 3404; x_wconf 81' lang='lat' dir='ltr'><strong>t’ttm</strong></span> <span class='ocrx_word' id='word_1_769' title='bbox 3329 3346 3509 3418; x_wconf 69' lang='lat' dir='ltr'><strong>(I’sut.</strong></span> 
     </span>
    </p>
   </div>
   <div class='ocr_carea' id='block_1_96' title="bbox 1906 3444 3504 3517">
    <p class='ocr_par' dir='ltr' id='par_1_96' title="bbox 1906 3444 3504 3517">
     <span class='ocr_line' id='line_1_96' title="bbox 1906 3444 3504 3517; baseline -0.006 -12"><span class='ocrx_word' id='word_1_770' title='bbox 1906 3451 1992 3505; x_wconf 85' lang='lat'><strong>77.</strong></span> <span class='ocrx_word' id='word_1_771' title='bbox 2027 3450 2096 3505; x_wconf 71' lang='grc'><strong>54</strong></span> <span class='ocrx_word' id='word_1_772' title='bbox 2118 3451 2172 3517; x_wconf 87' lang='grc'>);</span> <span class='ocrx_word' id='word_1_773' title='bbox 2205 3458 2261 3503; x_wconf 76' lang='grc' dir='ltr'>ει</span> <span class='ocrx_word' id='word_1_774' title='bbox 2288 3462 2477 3502; x_wconf 83' lang='lat' dir='ltr'><strong>rursus</strong></span> <span class='ocrx_word' id='word_1_775' title='bbox 2500 3488 2516 3512; x_wconf 91' lang='lat'><strong>,</strong></span> <span class='ocrx_word' id='word_1_776' title='bbox 2551 3447 2772 3513; x_wconf 80' lang='lat' dir='ltr'><strong>Quando</strong></span> <span class='ocrx_word' id='word_1_777' title='bbox 2806 3456 2880 3500; x_wconf 79' lang='lat' dir='ltr'><strong>est</strong></span> <span class='ocrx_word' id='word_1_778' title='bbox 2901 3447 3068 3498; x_wconf 84' lang='lat' dir='ltr'><strong>incras</strong></span> <span class='ocrx_word' id='word_1_779' title='bbox 3080 3454 3213 3497; x_wconf 79' lang='lat' dir='ltr'><strong>tatus</strong></span> <span class='ocrx_word' id='word_1_780' title='bbox 3236 3451 3283 3497; x_wconf 86' lang='lat' dir='ltr'><strong>et</strong></span> <span class='ocrx_word' id='word_1_781' title='bbox 3310 3444 3504 3511; x_wconf 80' lang='lat' dir='ltr'><strong>impin-</strong></span> 
     </span>
    </p>
   </div>
   <div class='ocr_carea' id='block_1_97' title="bbox 1903 3532 3507 3615">
    <p class='ocr_par' dir='ltr' id='par_1_97' title="bbox 1903 3532 3507 3615">
     <span class='ocr_line' id='line_1_97' title="bbox 1903 3532 3507 3615; baseline -0.006 -19"><span class='ocrx_word' id='word_1_782' title='bbox 1903 3552 2105 3615; x_wconf 83' lang='lat' dir='ltr'><strong>gnatus,</strong></span> <span class='ocrx_word' id='word_1_783' title='bbox 2141 3540 2482 3595; x_wconf 73' lang='lat' dir='ltr'><strong>recalcitravit</strong></span> <span class='ocrx_word' id='word_1_784' title='bbox 2514 3539 2731 3592; x_wconf 85' lang='lat' dir='ltr'><strong>dilectus</strong></span> <span class='ocrx_word' id='word_1_785' title='bbox 2763 3538 2782 3608; x_wconf 91' lang='lat'><strong>(</strong></span> <span class='ocrx_word' id='word_1_786' title='bbox 2809 3535 2963 3590; x_wconf 82' lang='lat' dir='ltr'><strong>Deut.</strong></span> <span class='ocrx_word' id='word_1_787' title='bbox 3000 3536 3090 3591; x_wconf 68' lang='grc'><strong>52.</strong></span> <span class='ocrx_word' id='word_1_788' title='bbox 3131 3537 3197 3591; x_wconf 86' lang='grc'><strong>15</strong></span> <span class='ocrx_word' id='word_1_789' title='bbox 3228 3536 3269 3605; x_wconf 89' lang='grc'><strong>).</strong></span> <span class='ocrx_word' id='word_1_790' title='bbox 3301 3532 3507 3604; x_wconf 81' lang='lat' dir='ltr'><strong>Cogno-</strong></span> 
     </span>
    </p>
   </div>
   <div class='ocr_carea' id='block_1_98' title="bbox 1903 3628 3507 3701">
    <p class='ocr_par' dir='ltr' id='par_1_98' title="bbox 1903 3628 3507 3701">
     <span class='ocr_line' id='line_1_98' title="bbox 1903 3628 3507 3701; baseline -0.006 -12"><span class='ocrx_word' id='word_1_791' title='bbox 1903 3636 2061 3689; x_wconf 85' lang='lat' dir='ltr'><strong>scitur</strong></span> <span class='ocrx_word' id='word_1_792' title='bbox 2093 3634 2226 3688; x_wconf 82' lang='lat' dir='ltr'><strong>enitu</strong></span> <span class='ocrx_word' id='word_1_793' title='bbox 2255 3631 2507 3686; x_wconf 88' lang='lat' dir='ltr'><strong>Dominus</strong></span> <span class='ocrx_word' id='word_1_794' title='bbox 2529 3630 2731 3701; x_wconf 83' lang='lat' dir='ltr'><strong>judicia</strong></span> <span class='ocrx_word' id='word_1_795' title='bbox 2766 3630 2980 3699; x_wconf 74' lang='lat' dir='ltr'><strong>faciens.</strong></span> <span class='ocrx_word' id='word_1_796' title='bbox 3016 3628 3266 3697; x_wconf 74' lang='lat' dir='ltr'><strong>Magnum</strong></span> <span class='ocrx_word' id='word_1_797' title='bbox 3304 3628 3507 3682; x_wconf 81' lang='lat' dir='ltr'><strong>bonum</strong></span> 
     </span>
    </p>
   </div>
   <div class='ocr_carea' id='block_1_99' title="bbox 1903 3722 3514 3794">
    <p class='ocr_par' dir='ltr' id='par_1_99' title="bbox 1903 3722 3514 3794">
     <span class='ocr_line' id='line_1_99' title="bbox 1903 3722 3514 3794; baseline -0.006 -9"><span class='ocrx_word' id='word_1_798' title='bbox 1903 3739 1983 3785; x_wconf 90' lang='lat' dir='ltr'><strong>est</strong></span> <span class='ocrx_word' id='word_1_799' title='bbox 2014 3729 2250 3782; x_wconf 87' lang='lat' dir='ltr'><strong>alﬁictio.</strong></span> <span class='ocrx_word' id='word_1_800' title='bbox 2277 3728 2436 3781; x_wconf 86' lang='lat' dir='ltr'><strong>Arcta</strong></span> <span class='ocrx_word' id='word_1_801' title='bbox 2467 3726 2610 3780; x_wconf 89' lang='lat' dir='ltr'><strong>enim</strong></span> <span class='ocrx_word' id='word_1_802' title='bbox 2644 3733 2727 3779; x_wconf 91' lang='lat' dir='ltr'><strong>est</strong></span> <span class='ocrx_word' id='word_1_803' title='bbox 2756 3724 2841 3778; x_wconf 87' lang='lat' dir='ltr'><strong>via</strong></span> <span class='ocrx_word' id='word_1_804' title='bbox 2867 3741 2881 3779; x_wconf 92' lang='lat'><strong>:</strong></span> <span class='ocrx_word' id='word_1_805' title='bbox 2909 3725 3261 3794; x_wconf 86' lang='lat' dir='ltr'><strong>quamobrem</strong></span> <span class='ocrx_word' id='word_1_806' title='bbox 3286 3722 3514 3777; x_wconf 78' lang='lat' dir='ltr'><strong>afﬂictio</strong></span> 
     </span>
    </p>
   </div>
   <div class='ocr_carea' id='block_1_100' title="bbox 1906 3815 3515 3885">
    <p class='ocr_par' dir='ltr' id='par_1_100' title="bbox 1906 3815 3515 3885">
     <span class='ocr_line' id='line_1_100' title="bbox 1906 3815 3515 3885; baseline -0.002 -12"><span class='ocrx_word' id='word_1_807' title='bbox 1906 3834 2004 3873; x_wconf 89' lang='lat' dir='ltr'><strong>nos</strong></span> <span class='ocrx_word' id='word_1_808' title='bbox 2035 3818 2197 3873; x_wconf 90' lang='lat' dir='ltr'><strong>tradit</strong></span> <span class='ocrx_word' id='word_1_809' title='bbox 2229 3820 2280 3872; x_wconf 88' lang='lat' dir='ltr'><strong>itt</strong></span> <span class='ocrx_word' id='word_1_810' title='bbox 2329 3826 2556 3872; x_wconf 87' lang='lat' dir='ltr'><strong>arctam.</strong></span> <span class='ocrx_word' id='word_1_811' title='bbox 2591 3816 2690 3885; x_wconf 86' lang='lat' dir='ltr'><strong>Qui</strong></span> <span class='ocrx_word' id='word_1_812' title='bbox 2725 3830 2832 3869; x_wconf 88' lang='lat' dir='ltr'><strong>non</strong></span> <span class='ocrx_word' id='word_1_813' title='bbox 2881 3815 3156 3883; x_wconf 73' lang='lat' dir='ltr'><strong>afﬂigitur,</strong></span> <span class='ocrx_word' id='word_1_814' title='bbox 3194 3830 3300 3868; x_wconf 90' lang='lat' dir='ltr'><strong>non</strong></span> <span class='ocrx_word' id='word_1_815' title='bbox 3333 3824 3515 3885; x_wconf 71' lang='lat' dir='ltr'><strong>potest</strong></span> 
     </span>
    </p>
   </div>
   <div class='ocr_carea' id='block_1_101' title="bbox 1906 3907 3517 3979">
    <p class='ocr_par' dir='ltr' id='par_1_101' title="bbox 1906 3907 3517 3979">
     <span class='ocr_line' id='line_1_101' title="bbox 1906 3907 3517 3979; baseline -0.001 -14"><span class='ocrx_word' id='word_1_816' title='bbox 1906 3912 2125 3965; x_wconf 89' lang='lat' dir='ltr'><strong>intrare.</strong></span> <span class='ocrx_word' id='word_1_817' title='bbox 2146 3910 2243 3978; x_wconf 87' lang='lat' dir='ltr'><strong>Qui</strong></span> <span class='ocrx_word' id='word_1_818' title='bbox 2264 3911 2409 3965; x_wconf 84' lang='lat' dir='ltr'><strong>enim</strong></span> <span class='ocrx_word' id='word_1_819' title='bbox 2431 3910 2481 3963; x_wconf 87' lang='lat' dir='ltr'><strong>itt</strong></span> <span class='ocrx_word' id='word_1_820' title='bbox 2505 3918 2653 3963; x_wconf 88' lang='lat' dir='ltr'><strong>arcta</strong></span> <span class='ocrx_word' id='word_1_821' title='bbox 2683 3909 2920 3978; x_wconf 84' lang='lat' dir='ltr'><strong>seipsmn</strong></span> <span class='ocrx_word' id='word_1_822' title='bbox 2953 3907 3210 3978; x_wconf 79' lang='lat' dir='ltr'><strong>afﬁigttet</strong></span> <span class='ocrx_word' id='word_1_823' title='bbox 3234 3910 3448 3979; x_wconf 88' lang='lat' dir='ltr'><strong>premit,</strong></span> <span class='ocrx_word' id='word_1_824' title='bbox 3473 3910 3517 3965; x_wconf 84' lang='lat' dir='ltr'><strong>is</strong></span> 
     </span>
    </p>
   </div>
   <div class='ocr_carea' id='block_1_102' title="bbox 1906 4001 3513 4070">
    <p class='ocr_par' dir='ltr' id='par_1_102' title="bbox 1906 4001 3513 4070">
     <span class='ocr_line' id='line_1_102' title="bbox 1906 4001 3513 4070; baseline -0.001 -14"><span class='ocrx_word' id='word_1_825' title='bbox 1906 4014 1987 4057; x_wconf 85' lang='lat' dir='ltr'><strong>est</strong></span> <span class='ocrx_word' id='word_1_826' title='bbox 2007 4003 2169 4057; x_wconf 85' lang='lat' dir='ltr'><strong>etiam</strong></span> <span class='ocrx_word' id='word_1_827' title='bbox 2195 4002 2283 4069; x_wconf 89' lang='lat' dir='ltr'><strong>qui</strong></span> <span class='ocrx_word' id='word_1_828' title='bbox 2310 4001 2504 4054; x_wconf 86' lang='lat' dir='ltr'><strong>fruitur</strong></span> <span class='ocrx_word' id='word_1_829' title='bbox 2531 4001 2718 4070; x_wconf 86' lang='lat' dir='ltr'><strong>requie</strong></span> <span class='ocrx_word' id='word_1_830' title='bbox 2744 4016 2757 4052; x_wconf 89' lang='lat'><strong>:</strong></span> <span class='ocrx_word' id='word_1_831' title='bbox 2784 4001 2872 4070; x_wconf 86' lang='lat' dir='ltr'><strong>qui</strong></span> <span class='ocrx_word' id='word_1_832' title='bbox 2901 4010 3077 4055; x_wconf 85' lang='lat' dir='ltr'><strong>autem</strong></span> <span class='ocrx_word' id='word_1_833' title='bbox 3108 4002 3346 4068; x_wconf 84' lang='lat' dir='ltr'><strong>scipsum</strong></span> <span class='ocrx_word' id='word_1_834' title='bbox 3376 4001 3513 4055; x_wconf 83' lang='lat' dir='ltr'><strong>dila-</strong></span> 
     </span>
    </p>
   </div>
   <div class='ocr_carea' id='block_1_103' title="bbox 1908 4095 3515 4168">
    <p class='ocr_par' dir='ltr' id='par_1_103' title="bbox 1908 4095 3515 4168">
     <span class='ocr_line' id='line_1_103' title="bbox 1908 4095 3515 4168; baseline -0.002 -15"><span class='ocrx_word' id='word_1_835' title='bbox 1908 4108 2003 4163; x_wconf 85' lang='lat' dir='ltr'><strong>tat,</strong></span> <span class='ocrx_word' id='word_1_836' title='bbox 2027 4111 2198 4168; x_wconf 89' lang='lat' dir='ltr'><strong>ncquc</strong></span> <span class='ocrx_word' id='word_1_837' title='bbox 2228 4095 2544 4166; x_wconf 82' lang='lat' dir='ltr'><strong>ingreditur,</strong></span> <span class='ocrx_word' id='word_1_838' title='bbox 2562 4106 2615 4149; x_wconf 90' lang='lat' dir='ltr'><strong>et</strong></span> <span class='ocrx_word' id='word_1_839' title='bbox 2636 4098 2899 4163; x_wconf 89' lang='lat' dir='ltr'><strong>premitur</strong></span> <span class='ocrx_word' id='word_1_840' title='bbox 2921 4104 3189 4164; x_wconf 89' lang='lat' dir='ltr'><strong>tamquam</strong></span> <span class='ocrx_word' id='word_1_841' title='bbox 3211 4110 3434 4158; x_wconf 88' lang='lat' dir='ltr'><strong>cuneus,</strong></span> <span class='ocrx_word' id='word_1_842' title='bbox 3460 4108 3515 4149; x_wconf 91' lang='lat' dir='ltr'><strong>ut</strong></span> 
     </span>
    </p>
   </div>
   <div class='ocr_carea' id='block_1_104' title="bbox 1908 4188 3511 4259">
    <p class='ocr_par' dir='ltr' id='par_1_104' title="bbox 1908 4188 3511 4259">
     <span class='ocr_line' id='line_1_104' title="bbox 1908 4188 3511 4259; baseline -0.002 -14"><span class='ocrx_word' id='word_1_843' title='bbox 1908 4192 1980 4245; x_wconf 86' lang='lat' dir='ltr'><strong>ita</strong></span> <span class='ocrx_word' id='word_1_844' title='bbox 2008 4190 2204 4255; x_wconf 89' lang='lat' dir='ltr'><strong>dicam,</strong></span> <span class='ocrx_word' id='word_1_845' title='bbox 2234 4191 2440 4259; x_wconf 86' lang='lat' dir='ltr'><strong>pulsus.</strong></span> <span class='ocrx_word' id='word_1_846' title='bbox 2478 4189 2617 4242; x_wconf 80' lang='lat' dir='ltr'><strong>Audi</strong></span> <span class='ocrx_word' id='word_1_847' title='bbox 2652 4188 2927 4257; x_wconf 84' lang='lat' dir='ltr'><strong>quomodo</strong></span> <span class='ocrx_word' id='word_1_848' title='bbox 2962 4190 3101 4244; x_wconf 89' lang='lat' dir='ltr'><strong>hanc</strong></span> <span class='ocrx_word' id='word_1_849' title='bbox 3130 4200 3336 4242; x_wconf 88' lang='lat' dir='ltr'><strong>arctam</strong></span> <span class='ocrx_word' id='word_1_850' title='bbox 3372 4191 3511 4243; x_wconf 87' lang='lat' dir='ltr'><strong>viam</strong></span> 
     </span>
    </p>
   </div>
   <div class='ocr_carea' id='block_1_105' title="bbox 1908 4280 3515 4354">
    <p class='ocr_par' dir='ltr' id='par_1_105' title="bbox 1908 4280 3515 4354">
     <span class='ocr_line' id='line_1_105' title="bbox 1908 4280 3515 4354; baseline -0.001 -17"><span class='ocrx_word' id='word_1_851' title='bbox 1908 4282 2185 4354; x_wconf 81' lang='lat' dir='ltr'><strong>ingressus</strong></span> <span class='ocrx_word' id='word_1_852' title='bbox 2229 4290 2314 4335; x_wconf 88' lang='lat' dir='ltr'><strong>cst</strong></span> <span class='ocrx_word' id='word_1_853' title='bbox 2348 4280 2567 4335; x_wconf 82' lang='lat' dir='ltr'><strong>Paulus.</strong></span> <span class='ocrx_word' id='word_1_854' title='bbox 2617 4280 2823 4349; x_wconf 77' lang='lat' dir='ltr'><strong>Castigo</strong></span> <span class='ocrx_word' id='word_1_855' title='bbox 2856 4296 3043 4348; x_wconf 75' lang='lat' dir='ltr'><strong>corpus</strong></span> <span class='ocrx_word' id='word_1_856' title='bbox 3076 4298 3276 4344; x_wconf 87' lang='lat' dir='ltr'><strong>meum,</strong></span> <span class='ocrx_word' id='word_1_857' title='bbox 3304 4282 3474 4347; x_wconf 80' lang='lat' dir='ltr'><strong>inquit</strong></span> <span class='ocrx_word' id='word_1_858' title='bbox 3501 4325 3515 4348; x_wconf 95' lang='lat'><strong>,</strong></span> 
     </span>
    </p>
   </div>
   <div class='ocr_carea' id='block_1_106' title="bbox 1907 4371 3521 4443">
    <p class='ocr_par' dir='ltr' id='par_1_106' title="bbox 1907 4371 3521 4443">
     <span class='ocr_line' id='line_1_106' title="bbox 1907 4371 3521 4443; baseline -0.001 -13"><span class='ocrx_word' id='word_1_859' title='bbox 1907 4387 1953 4430; x_wconf 88' lang='lat' dir='ltr'><strong>ct</strong></span> <span class='ocrx_word' id='word_1_860' title='bbox 1995 4377 2047 4429; x_wconf 86' lang='lat' dir='ltr'><strong>in</strong></span> <span class='ocrx_word' id='word_1_861' title='bbox 2092 4374 2381 4428; x_wconf 83' lang='lat' dir='ltr'><strong>servitutem</strong></span> <span class='ocrx_word' id='word_1_862' title='bbox 2429 4373 2607 4443; x_wconf 84' lang='lat' dir='ltr'><strong>redigo</strong></span> <span class='ocrx_word' id='word_1_863' title='bbox 2636 4373 2653 4441; x_wconf 95' lang='lat'>(</span> <span class='ocrx_word' id='word_1_864' title='bbox 2682 4375 2731 4426; x_wconf 88' lang='grc'><strong>1.</strong></span> <span class='ocrx_word' id='word_1_865' title='bbox 2767 4371 2885 4425; x_wconf 78' lang='lat' dir='ltr'><strong>Cor.</strong></span> <span class='ocrx_word' id='word_1_866' title='bbox 2938 4374 2992 4427; x_wconf 85' lang='lat'><strong>9.</strong></span> <span class='ocrx_word' id='word_1_867' title='bbox 3036 4371 3105 4425; x_wconf 75' lang='grc'>27</span> <span class='ocrx_word' id='word_1_868' title='bbox 3130 4376 3173 4442; x_wconf 90' lang='grc'><strong>).</strong></span> <span class='ocrx_word' id='word_1_869' title='bbox 3210 4374 3521 4443; x_wconf 75' lang='lat' dir='ltr'><strong>Castigabat</strong></span> 
     </span>
    </p>
   </div>
   <div class='ocr_carea' id='block_1_107' title="bbox 1908 4466 3519 4539">
    <p class='ocr_par' dir='ltr' id='par_1_107' title="bbox 1908 4466 3519 4539">
     <span class='ocr_line' id='line_1_107' title="bbox 1908 4466 3519 4539; baseline -0.001 -16"><span class='ocrx_word' id='word_1_870' title='bbox 1908 4483 2141 4539; x_wconf 84' lang='lat' dir='ltr'><strong>corpus,</strong></span> <span class='ocrx_word' id='word_1_871' title='bbox 2195 4478 2251 4521; x_wconf 91' lang='lat' dir='ltr'><strong>ttt</strong></span> <span class='ocrx_word' id='word_1_872' title='bbox 2284 4477 2465 4537; x_wconf 82' lang='lat' dir='ltr'><strong>posset</strong></span> <span class='ocrx_word' id='word_1_873' title='bbox 2511 4466 2716 4520; x_wconf 84' lang='lat' dir='ltr'><strong>intrare</strong></span> <span class='ocrx_word' id='word_1_874' title='bbox 2771 4483 2783 4519; x_wconf 92' lang='lat'><strong>:</strong></span> <span class='ocrx_word' id='word_1_875' title='bbox 2840 4474 3122 4533; x_wconf 73' lang='lat' dir='ltr'><strong>prepterc-a</strong></span> <span class='ocrx_word' id='word_1_876' title='bbox 3166 4467 3216 4519; x_wconf 91' lang='lat' dir='ltr'><strong>in</strong></span> <span class='ocrx_word' id='word_1_877' title='bbox 3267 4466 3519 4522; x_wconf 83' lang='lat' dir='ltr'><strong>omnilnts</strong></span> 
     </span>
    </p>
   </div>
   <div class='ocr_carea' id='block_1_108' title="bbox 1908 4558 3518 4628">
    <p class='ocr_par' dir='ltr' id='par_1_108' title="bbox 1908 4558 3518 4628">
     <span class='ocr_line' id='line_1_108' title="bbox 1908 4558 3518 4628; baseline -0.002 -10"><span class='ocrx_word' id='word_1_878' title='bbox 1908 4562 2290 4618; x_wconf 80' lang='lat' dir='ltr'><strong>afﬂictionibus</strong></span> <span class='ocrx_word' id='word_1_879' title='bbox 2324 4560 2433 4613; x_wconf 82' lang='lat' dir='ltr'><strong>Deo</strong></span> <span class='ocrx_word' id='word_1_880' title='bbox 2466 4567 2731 4628; x_wconf 68' lang='lat' dir='ltr'><strong>perpetuo</strong></span> <span class='ocrx_word' id='word_1_881' title='bbox 2772 4558 2965 4627; x_wconf 70' lang='lat' dir='ltr'><strong>agebat</strong></span> <span class='ocrx_word' id='word_1_882' title='bbox 2996 4560 3216 4627; x_wconf 80' lang='lat' dir='ltr'><strong>gratias.</strong></span> <span class='ocrx_word' id='word_1_883' title='bbox 3267 4559 3518 4623; x_wconf 84' lang='lat' dir='ltr'><strong>Peeuniis</strong></span> 
     </span>
    </p>
   </div>
   <div class='ocr_carea' id='block_1_109' title="bbox 1909 4650 3515 4710">
    <p class='ocr_par' dir='ltr' id='par_1_109' title="bbox 1909 4650 3515 4710">
     <span class='ocr_line' id='line_1_109' title="bbox 1909 4650 3515 4710; baseline -0.001 0"><span class='ocrx_word' id='word_1_884' title='bbox 1909 4671 1968 4710; x_wconf 88' lang='lat' dir='ltr'><strong>es</strong></span> <span class='ocrx_word' id='word_1_885' title='bbox 2017 4653 2314 4710; x_wconf 86' lang='lat' dir='ltr'><strong>multatus?</strong></span> <span class='ocrx_word' id='word_1_886' title='bbox 2365 4651 2467 4705; x_wconf 91' lang='lat' dir='ltr'><strong>hoc</strong></span> <span class='ocrx_word' id='word_1_887' title='bbox 2501 4650 2803 4704; x_wconf 77' lang='lat' dir='ltr'><strong>latitudinis</strong></span> <span class='ocrx_word' id='word_1_888' title='bbox 2837 4650 3063 4703; x_wconf 86' lang='lat' dir='ltr'><strong>multum</strong></span> <span class='ocrx_word' id='word_1_889' title='bbox 3099 4651 3189 4703; x_wconf 83' lang='lat' dir='ltr'><strong>tibi</strong></span> <span class='ocrx_word' id='word_1_890' title='bbox 3232 4653 3430 4706; x_wconf 87' lang='lat' dir='ltr'><strong>attulit.</strong></span> <span class='ocrx_word' id='word_1_891' title='bbox 3475 4664 3515 4708; x_wconf 78' lang='grc' dir='ltr'>Α</span> 
     </span>
    </p>
   </div>
   <div class='ocr_carea' id='block_1_110' title="bbox 1907 4743 3519 4819">
    <p class='ocr_par' dir='ltr' id='par_1_110' title="bbox 1907 4743 3519 4819">
     <span class='ocr_line' id='line_1_110' title="bbox 1907 4743 3519 4819; baseline 0 -18"><span class='ocrx_word' id='word_1_892' title='bbox 1907 4747 2077 4819; x_wconf 80' lang='lat' dir='ltr'><strong>gloria</strong></span> <span class='ocrx_word' id='word_1_893' title='bbox 2108 4746 2399 4802; x_wconf 79' lang='lat' dir='ltr'><strong>excidisti?</strong></span> <span class='ocrx_word' id='word_1_894' title='bbox 2429 4745 2531 4798; x_wconf 87' lang='lat' dir='ltr'><strong>alia</strong></span> <span class='ocrx_word' id='word_1_895' title='bbox 2563 4746 2677 4799; x_wconf 64' lang='lat' dir='ltr'><strong>haec</strong></span> <span class='ocrx_word' id='word_1_896' title='bbox 2729 4744 2979 4799; x_wconf 85' lang='lat' dir='ltr'><strong>latitudo.</strong></span> <span class='ocrx_word' id='word_1_897' title='bbox 3005 4743 3305 4800; x_wconf 86' lang='lat' dir='ltr'><strong>Calutuniis</strong></span> <span class='ocrx_word' id='word_1_898' title='bbox 3336 4764 3394 4801; x_wconf 82' lang='lat' dir='ltr'><strong>es</strong></span> <span class='ocrx_word' id='word_1_899' title='bbox 3421 4763 3519 4818; x_wconf 84' lang='lat' dir='ltr'><strong>ap-</strong></span> 
     </span>
    </p>
   </div>
   <div class='ocr_carea' id='block_1_111' title="bbox 1912 4838 3519 4914">
    <p class='ocr_par' dir='ltr' id='par_1_111' title="bbox 1912 4838 3519 4914">
     <span class='ocr_line' id='line_1_111' title="bbox 1912 4838 3519 4914; baseline -0.001 -17"><span class='ocrx_word' id='word_1_900' title='bbox 1912 4840 2144 4914; x_wconf 87' lang='lat' dir='ltr'><strong>petitus?</strong></span> <span class='ocrx_word' id='word_1_901' title='bbox 2167 4841 2366 4895; x_wconf 83' lang='lat' dir='ltr'><strong>credita</strong></span> <span class='ocrx_word' id='word_1_902' title='bbox 2390 4838 2675 4910; x_wconf 80' lang='lat' dir='ltr'><strong>fuerequae</strong></span> <span class='ocrx_word' id='word_1_903' title='bbox 2700 4839 2959 4893; x_wconf 84' lang='lat' dir='ltr'><strong>adversus</strong></span> <span class='ocrx_word' id='word_1_904' title='bbox 2984 4847 3033 4893; x_wconf 90' lang='lat' dir='ltr'><strong>te</strong></span> <span class='ocrx_word' id='word_1_905' title='bbox 3059 4849 3182 4894; x_wconf 89' lang='lat' dir='ltr'><strong>sunt</strong></span> <span class='ocrx_word' id='word_1_906' title='bbox 3201 4840 3364 4907; x_wconf 82' lang='lat' dir='ltr'><strong>dicta,</strong></span> <span class='ocrx_word' id='word_1_907' title='bbox 3383 4858 3519 4910; x_wconf 85' lang='lat' dir='ltr'><strong>quo-</strong></span> 
     </span>
    </p>
   </div>
   <div class='ocr_carea' id='block_1_112' title="bbox 1911 4931 3521 4994">
    <p class='ocr_par' dir='ltr' id='par_1_112' title="bbox 1911 4931 3521 4994">
     <span class='ocr_line' id='line_1_112' title="bbox 1911 4931 3521 4994; baseline -0.002 -3"><span class='ocrx_word' id='word_1_908' title='bbox 1911 4953 2031 4991; x_wconf 80' lang='lat' dir='ltr'><strong>rum</strong></span> <span class='ocrx_word' id='word_1_909' title='bbox 2082 4950 2188 4989; x_wconf 91' lang='lat' dir='ltr'><strong>non</strong></span> <span class='ocrx_word' id='word_1_910' title='bbox 2220 4949 2338 4987; x_wconf 84' lang='lat' dir='ltr'><strong>eras</strong></span> <span class='ocrx_word' id='word_1_911' title='bbox 2379 4934 2471 4987; x_wconf 83' lang='lat' dir='ltr'><strong>tibi</strong></span> <span class='ocrx_word' id='word_1_912' title='bbox 2504 4931 2781 4986; x_wconf 82' lang='lat' dir='ltr'><strong>Conscius?</strong></span> <span class='ocrx_word' id='word_1_913' title='bbox 2814 4932 2995 4986; x_wconf 71' lang='lat' dir='ltr'><strong>laetare</strong></span> <span class='ocrx_word' id='word_1_914' title='bbox 3022 4944 3077 4987; x_wconf 82' lang='lat' dir='ltr'><strong>et</strong></span> <span class='ocrx_word' id='word_1_915' title='bbox 3107 4934 3339 4994; x_wconf 73' lang='lat' dir='ltr'><strong>CXSIIIIa.</strong></span> <span class='ocrx_word' id='word_1_916' title='bbox 3376 4934 3521 4987; x_wconf 80' lang='lat' dir='ltr'><strong>Beati</strong></span> 
     </span>
    </p>
   </div>
   <div class='ocr_carea' id='block_1_113' title="bbox 1910 5025 3525 5098">
    <p class='ocr_par' dir='ltr' id='par_1_113' title="bbox 1910 5025 3525 5098">
     <span class='ocr_line' id='line_1_113' title="bbox 1910 5025 3525 5098; baseline -0.002 -13"><span class='ocrx_word' id='word_1_917' title='bbox 1910 5032 2078 5093; x_wconf 87' lang='lat' dir='ltr'><strong>enim,</strong></span> <span class='ocrx_word' id='word_1_918' title='bbox 2109 5031 2158 5083; x_wconf 90' lang='lat' dir='ltr'><strong>in</strong></span> <span class='ocrx_word' id='word_1_919' title='bbox 2183 5029 2297 5098; x_wconf 84' lang='lat' dir='ltr'><strong>ptit,</strong></span> <span class='ocrx_word' id='word_1_920' title='bbox 2331 5027 2469 5088; x_wconf 84' lang='lat' dir='ltr'><strong>estis.</strong></span> <span class='ocrx_word' id='word_1_921' title='bbox 2503 5026 2708 5096; x_wconf 81' lang='lat' dir='ltr'><strong>quando</strong></span> <span class='ocrx_word' id='word_1_922' title='bbox 2730 5042 2817 5079; x_wconf 86' lang='lat' dir='ltr'><strong>vos</strong></span> <span class='ocrx_word' id='word_1_923' title='bbox 2850 5027 3049 5095; x_wconf 74' lang='lat' dir='ltr'><strong>probris</strong></span> <span class='ocrx_word' id='word_1_924' title='bbox 3067 5025 3329 5091; x_wconf 71' lang='lat' dir='ltr'><strong>affecerint</strong></span> <span class='ocrx_word' id='word_1_925' title='bbox 3356 5030 3525 5082; x_wconf 57' lang='lat' dir='ltr'><strong>hami-</strong></span> 
     </span>
    </p>
   </div>
   <div class='ocr_carea' id='block_1_114' title="bbox 1912 5119 3517 5191">
    <p class='ocr_par' dir='ltr' id='par_1_114' title="bbox 1912 5119 3517 5191">
     <span class='ocr_line' id='line_1_114' title="bbox 1912 5119 3517 5191; baseline -0.004 -16"><span class='ocrx_word' id='word_1_926' title='bbox 1912 5139 2019 5187; x_wconf 86' lang='lat' dir='ltr'><strong>nes,</strong></span> <span class='ocrx_word' id='word_1_927' title='bbox 2045 5131 2089 5173; x_wconf 76' lang='lat' dir='ltr'><strong>et</strong></span> <span class='ocrx_word' id='word_1_928' title='bbox 2112 5119 2329 5173; x_wconf 75' lang='lat' dir='ltr'><strong>dixerint</strong></span> <span class='ocrx_word' id='word_1_929' title='bbox 2354 5134 2500 5172; x_wconf 82' lang='lat' dir='ltr'><strong>omne</strong></span> <span class='ocrx_word' id='word_1_930' title='bbox 2520 5120 2712 5171; x_wconf 85' lang='lat' dir='ltr'><strong>malum</strong></span> <span class='ocrx_word' id='word_1_931' title='bbox 2734 5128 2913 5170; x_wconf 82' lang='lat' dir='ltr'><strong>contra</strong></span> <span class='ocrx_word' id='word_1_932' title='bbox 2940 5134 3049 5182; x_wconf 82' lang='lat' dir='ltr'><strong>vos,</strong></span> <span class='ocrx_word' id='word_1_933' title='bbox 3072 5120 3367 5172; x_wconf 65' lang='lat' dir='ltr'><strong>mentientes</strong></span> <span class='ocrx_word' id='word_1_934' title='bbox 3397 5139 3517 5191; x_wconf 66' lang='lat' dir='ltr'><strong>pro.</strong></span> 
     </span>
    </p>
   </div>
   <div class='ocr_carea' id='block_1_115' title="bbox 1914 5210 3524 5285">
    <p class='ocr_par' dir='ltr' id='par_1_115' title="bbox 1914 5210 3524 5285">
     <span class='ocr_line' id='line_1_115' title="bbox 1914 5210 3524 5285; baseline -0.001 -18"><span class='ocrx_word' id='word_1_935' title='bbox 1914 5225 2025 5285; x_wconf 83' lang='lat' dir='ltr'><strong>pter</strong></span> <span class='ocrx_word' id='word_1_936' title='bbox 2060 5230 2155 5266; x_wconf 84' lang='lat' dir='ltr'><strong>me.</strong></span> <span class='ocrx_word' id='word_1_937' title='bbox 2190 5210 2419 5266; x_wconf 78' lang='lat' dir='ltr'><strong>Gaudete</strong></span> <span class='ocrx_word' id='word_1_938' title='bbox 2443 5221 2489 5264; x_wconf 83' lang='lat' dir='ltr'><strong>et</strong></span> <span class='ocrx_word' id='word_1_939' title='bbox 2514 5211 2765 5263; x_wconf 69' lang='lat' dir='ltr'><strong>exsultant</strong></span> <span class='ocrx_word' id='word_1_940' title='bbox 2788 5252 2801 5275; x_wconf 94' lang='lat'><strong>,</strong></span> <span class='ocrx_word' id='word_1_941' title='bbox 2830 5210 3073 5278; x_wconf 83' lang='lat' dir='ltr'><strong>quoniam</strong></span> <span class='ocrx_word' id='word_1_942' title='bbox 3120 5228 3311 5265; x_wconf 75' lang='lat' dir='ltr'><strong>merces</strong></span> <span class='ocrx_word' id='word_1_943' title='bbox 3359 5225 3524 5266; x_wconf 70' lang='lat' dir='ltr'><strong>uestra</strong></span> 
     </span>
    </p>
   </div>
   <div class='ocr_carea' id='block_1_116' title="bbox 1913 5304 3525 5379">
    <p class='ocr_par' dir='ltr' id='par_1_116' title="bbox 1913 5304 3525 5379">
     <span class='ocr_line' id='line_1_116' title="bbox 1913 5304 3525 5379; baseline -0.001 -15"><span class='ocrx_word' id='word_1_944' title='bbox 1913 5310 2120 5379; x_wconf 77' lang='lat' dir='ltr'><strong>copiosa</strong></span> <span class='ocrx_word' id='word_1_945' title='bbox 2145 5320 2217 5362; x_wconf 85' lang='lat' dir='ltr'><strong>est</strong></span> <span class='ocrx_word' id='word_1_946' title='bbox 2248 5307 2299 5360; x_wconf 86' lang='lat' dir='ltr'><strong>in</strong></span> <span class='ocrx_word' id='word_1_947' title='bbox 2323 5307 2461 5361; x_wconf 73' lang='lat' dir='ltr'><strong>aclis</strong></span> <span class='ocrx_word' id='word_1_948' title='bbox 2488 5304 2703 5375; x_wconf 80' lang='lat' dir='ltr'><strong>(Matth.</strong></span> <span class='ocrx_word' id='word_1_949' title='bbox 2723 5304 2884 5359; x_wconf 84' lang='grc'><strong>5.11.</strong></span> <span class='ocrx_word' id='word_1_950' title='bbox 2918 5305 3031 5376; x_wconf 69' lang='grc'><strong>12).</strong></span> <span class='ocrx_word' id='word_1_951' title='bbox 3066 5304 3205 5372; x_wconf 86' lang='lat' dir='ltr'><strong>Quid</strong></span> <span class='ocrx_word' id='word_1_952' title='bbox 3236 5307 3450 5363; x_wconf 75' lang='lat' dir='ltr'><strong>miraris</strong></span> <span class='ocrx_word' id='word_1_953' title='bbox 3480 5310 3525 5363; x_wconf 85' lang='lat' dir='ltr'><strong>si</strong></span> 
     </span>
    </p>
   </div>
   <div class='ocr_carea' id='block_1_117' title="bbox 1919 5398 3528 5464">
    <p class='ocr_par' dir='ltr' id='par_1_117' title="bbox 1919 5398 3528 5464">
     <span class='ocr_line' id='line_1_117' title="bbox 1919 5398 3528 5464; baseline -0.002 -7"><span class='ocrx_word' id='word_1_954' title='bbox 1919 5404 2130 5457; x_wconf 86' lang='lat' dir='ltr'><strong>tristitia</strong></span> <span class='ocrx_word' id='word_1_955' title='bbox 2182 5399 2461 5464; x_wconf 84' lang='lat' dir='ltr'><strong>afﬁceris,</strong></span> <span class='ocrx_word' id='word_1_956' title='bbox 2512 5408 2567 5453; x_wconf 91' lang='lat' dir='ltr'><strong>ct</strong></span> <span class='ocrx_word' id='word_1_957' title='bbox 2611 5400 2693 5453; x_wconf 86' lang='lat' dir='ltr'><strong>vis</strong></span> <span class='ocrx_word' id='word_1_958' title='bbox 2742 5398 2956 5453; x_wconf 88' lang='lat' dir='ltr'><strong>liberari</strong></span> <span class='ocrx_word' id='word_1_959' title='bbox 3003 5416 3032 5454; x_wconf 90' lang='lat' dir='ltr'><strong>a</strong></span> <span class='ocrx_word' id='word_1_960' title='bbox 3095 5402 3528 5459; x_wconf 81' lang='lat' dir='ltr'><strong>tentationibus?</strong></span> 
     </span>
    </p>
   </div>
   <div class='ocr_carea' id='block_1_118' title="bbox 1918 5490 3523 5563">
    <p class='ocr_par' dir='ltr' id='par_1_118' title="bbox 1918 5490 3523 5563">
     <span class='ocr_line' id='line_1_118' title="bbox 1918 5490 3523 5563; baseline -0.001 -14"><span class='ocrx_word' id='word_1_961' title='bbox 1918 5494 2112 5549; x_wconf 86' lang='lat' dir='ltr'><strong>Paulus</strong></span> <span class='ocrx_word' id='word_1_962' title='bbox 2144 5492 2311 5547; x_wconf 86' lang='lat' dir='ltr'><strong>voluit</strong></span> <span class='ocrx_word' id='word_1_963' title='bbox 2340 5491 2592 5557; x_wconf 82' lang='lat' dir='ltr'><strong>liberari,</strong></span> <span class='ocrx_word' id='word_1_964' title='bbox 2644 5501 2700 5545; x_wconf 89' lang='lat' dir='ltr'><strong>et</strong></span> <span class='ocrx_word' id='word_1_965' title='bbox 2730 5506 2874 5562; x_wconf 65' lang='lat' dir='ltr'><strong>sazpe</strong></span> <span class='ocrx_word' id='word_1_966' title='bbox 2909 5490 3078 5546; x_wconf 80' lang='lat' dir='ltr'><strong>Deum</strong></span> <span class='ocrx_word' id='word_1_967' title='bbox 3123 5495 3335 5563; x_wconf 80' lang='lat' dir='ltr'><strong>rogavit</strong></span> <span class='ocrx_word' id='word_1_968' title='bbox 3360 5538 3374 5558; x_wconf 90' lang='lat'><strong>,</strong></span> <span class='ocrx_word' id='word_1_969' title='bbox 3422 5512 3523 5549; x_wconf 75' lang='lat' dir='ltr'><strong>nec</strong></span> 
     </span>
    </p>
   </div>
   <div class='ocr_carea' id='block_1_119' title="bbox 1919 5583 3531 5656">
    <p class='ocr_par' dir='ltr' id='par_1_119' title="bbox 1919 5583 3531 5656">
     <span class='ocr_line' id='line_1_119' title="bbox 1919 5583 3531 5656; baseline 0.001 -17"><span class='ocrx_word' id='word_1_970' title='bbox 1919 5585 2226 5656; x_wconf 83' lang='lat' dir='ltr'><strong>impetravit</strong></span> <span class='ocrx_word' id='word_1_971' title='bbox 2258 5603 2271 5638; x_wconf 90' lang='lat'><strong>:</strong></span> <span class='ocrx_word' id='word_1_972' title='bbox 2306 5583 2435 5638; x_wconf 89' lang='lat' dir='ltr'><strong>illud</strong></span> <span class='ocrx_word' id='word_1_973' title='bbox 2462 5583 2608 5638; x_wconf 89' lang='lat' dir='ltr'><strong>enim</strong></span> <span class='ocrx_word' id='word_1_974' title='bbox 2629 5624 2645 5650; x_wconf 92' lang='lat'><strong>,</strong></span> <span class='ocrx_word' id='word_1_975' title='bbox 2679 5592 2773 5645; x_wconf 89' lang='lat' dir='ltr'><strong>ter,</strong></span> <span class='ocrx_word' id='word_1_976' title='bbox 2806 5597 2952 5650; x_wconf 68' lang='lat' dir='ltr'><strong>saepe</strong></span> <span class='ocrx_word' id='word_1_977' title='bbox 2977 5583 3267 5654; x_wconf 80' lang='lat' dir='ltr'><strong>signiﬁcat.</strong></span> <span class='ocrx_word' id='word_1_978' title='bbox 3307 5587 3531 5652; x_wconf 72' lang='lat' dir='ltr'><strong>Pronior</strong></span> 
     </span>
    </p>
   </div>
   <div class='ocr_carea' id='block_1_120' title="bbox 1916 5677 3524 5754">
    <p class='ocr_par' dir='ltr' id='par_1_120' title="bbox 1916 5677 3524 5754">
     <span class='ocr_line' id='line_1_120' title="bbox 1916 5677 3524 5754; baseline 0.002 -21"><span class='ocrx_word' id='word_1_979' title='bbox 1916 5680 2053 5751; x_wconf 79' lang='lat' dir='ltr'><strong>quod</strong></span> <span class='ocrx_word' id='word_1_980' title='bbox 2080 5688 2155 5733; x_wconf 86' lang='lat' dir='ltr'><strong>ter</strong></span> <span class='ocrx_word' id='word_1_981' title='bbox 2180 5677 2483 5745; x_wconf 86' lang='lat' dir='ltr'><strong>Dominum,</strong></span> <span class='ocrx_word' id='word_1_982' title='bbox 2507 5677 2701 5747; x_wconf 88' lang='lat' dir='ltr'><strong>inquit,</strong></span> <span class='ocrx_word' id='word_1_983' title='bbox 2733 5679 2909 5749; x_wconf 79' lang='lat' dir='ltr'><strong>rogavi</strong></span> <span class='ocrx_word' id='word_1_984' title='bbox 2940 5692 2958 5732; x_wconf 90' lang='lat'><strong><em>:</em></strong></span> <span class='ocrx_word' id='word_1_985' title='bbox 2989 5689 3038 5732; x_wconf 85' lang='lat' dir='ltr'><strong>et</strong></span> <span class='ocrx_word' id='word_1_986' title='bbox 3060 5679 3191 5733; x_wconf 68' lang='lat' dir='ltr'><strong>dixit</strong></span> <span class='ocrx_word' id='word_1_987' title='bbox 3220 5682 3369 5746; x_wconf 80' lang='lat' dir='ltr'><strong>milii,</strong></span> <span class='ocrx_word' id='word_1_988' title='bbox 3397 5682 3524 5754; x_wconf 74' lang='lat' dir='ltr'><strong>Suf-</strong></span> 
     </span>
    </p>
   </div>
   <div class='ocr_carea' id='block_1_121' title="bbox 1919 5768 3527 5844">
    <p class='ocr_par' dir='ltr' id='par_1_121' title="bbox 1919 5768 3527 5844">
     <span class='ocr_line' id='line_1_121' title="bbox 1919 5768 3527 5844; baseline 0.001 -18"><span class='ocrx_word' id='word_1_989' title='bbox 1919 5774 2027 5843; x_wconf 83' lang='lat' dir='ltr'><strong>ﬁcit</strong></span> <span class='ocrx_word' id='word_1_990' title='bbox 2059 5771 2149 5826; x_wconf 88' lang='lat' dir='ltr'><strong>tibi</strong></span> <span class='ocrx_word' id='word_1_991' title='bbox 2180 5770 2349 5844; x_wconf 81' lang='lat' dir='ltr'><strong>gratia</strong></span> <span class='ocrx_word' id='word_1_992' title='bbox 2376 5786 2489 5825; x_wconf 83' lang='lat' dir='ltr'><strong>mea</strong></span> <span class='ocrx_word' id='word_1_993' title='bbox 2537 5784 2556 5824; x_wconf 91' lang='lat'><strong><em>:</em></strong></span> <span class='ocrx_word' id='word_1_994' title='bbox 2600 5768 2761 5824; x_wconf 71' lang='lat' dir='ltr'><strong>virtus</strong></span> <span class='ocrx_word' id='word_1_995' title='bbox 2805 5771 2940 5824; x_wconf 84' lang='lat' dir='ltr'><strong>enim</strong></span> <span class='ocrx_word' id='word_1_996' title='bbox 2988 5787 3099 5825; x_wconf 88' lang='lat' dir='ltr'><strong>mea</strong></span> <span class='ocrx_word' id='word_1_997' title='bbox 3136 5771 3189 5826; x_wconf 85' lang='lat' dir='ltr'><strong>in</strong></span> <span class='ocrx_word' id='word_1_998' title='bbox 3226 5772 3527 5842; x_wconf 67' lang='lat' dir='ltr'><strong>inﬁrmitate</strong></span> 
     </span>
    </p>
   </div>
   <div class='ocr_carea' id='block_1_122' title="bbox 1922 5866 3535 5943">
    <p class='ocr_par' dir='ltr' id='par_1_122' title="bbox 1922 5866 3535 5943">
     <span class='ocr_line' id='line_1_122' title="bbox 1922 5866 3535 5943; baseline 0 -17"><span class='ocrx_word' id='word_1_999' title='bbox 1922 5871 2183 5942; x_wconf 79' lang='lat' dir='ltr'><strong>perﬁcitur</strong></span> <span class='ocrx_word' id='word_1_1000' title='bbox 2213 5869 2311 5943; x_wconf 71' lang='grc'><strong>(2.</strong></span> <span class='ocrx_word' id='word_1_1001' title='bbox 2347 5867 2469 5924; x_wconf 89' lang='lat' dir='ltr'><strong>Cor.</strong></span> <span class='ocrx_word' id='word_1_1002' title='bbox 2504 5866 2590 5922; x_wconf 72' lang='grc' dir='ltr'><strong>η.</strong></span> <span class='ocrx_word' id='word_1_1003' title='bbox 2624 5866 2676 5922; x_wconf 83' lang='grc'><strong>8.</strong></span> <span class='ocrx_word' id='word_1_1004' title='bbox 2710 5866 2745 5921; x_wconf 82' lang='lat'><strong>9</strong></span> <span class='ocrx_word' id='word_1_1005' title='bbox 2768 5866 2805 5936; x_wconf 84' lang='lat'><strong>).</strong></span> <span class='ocrx_word' id='word_1_1006' title='bbox 2842 5866 3217 5925; x_wconf 85' lang='lat' dir='ltr'><strong>Inﬁrmitatem</strong></span> <span class='ocrx_word' id='word_1_1007' title='bbox 3266 5869 3356 5926; x_wconf 90' lang='lat' dir='ltr'><strong>hic</strong></span> <span class='ocrx_word' id='word_1_1008' title='bbox 3402 5870 3535 5927; x_wconf 77' lang='lat' dir='ltr'><strong>dicit</strong></span> 
     </span>
    </p>
   </div>
   <div class='ocr_carea' id='block_1_123' title="bbox 1922 5958 3528 6039">
    <p class='ocr_par' dir='ltr' id='par_1_123' title="bbox 1922 5958 3528 6039">
     <span class='ocr_line' id='line_1_123' title="bbox 1922 5958 3528 6039; baseline 0.014 -39"><span class='ocrx_word' id='word_1_1009' title='bbox 1922 5964 2261 6021; x_wconf 56' lang='grc' dir='ltr'><strong>θωλοιίοηθς,</strong></span> <span class='ocrx_word' id='word_1_1010' title='bbox 2290 5960 2428 6031; x_wconf 71' lang='lat' dir='ltr'><strong>Quid</strong></span> <span class='ocrx_word' id='word_1_1011' title='bbox 2462 5975 2527 6018; x_wconf 63' lang='lat' dir='ltr'><strong>vc</strong></span> <span class='ocrx_word' id='word_1_1012' title='bbox 2540 5959 2640 6017; x_wconf 83' lang='lat' dir='ltr'><strong>ro?</strong></span> <span class='ocrx_word' id='word_1_1013' title='bbox 2666 5958 2932 6028; x_wconf 79' lang='lat' dir='ltr'><strong>Quomam</strong></span> <span class='ocrx_word' id='word_1_1014' title='bbox 2966 5961 3084 6018; x_wconf 75' lang='lat' dir='ltr'><strong>lucc</strong></span> <span class='ocrx_word' id='word_1_1015' title='bbox 3111 5962 3339 6035; x_wconf 80' lang='lat' dir='ltr'><strong>audivit,</strong></span> <span class='ocrx_word' id='word_1_1016' title='bbox 3369 5976 3528 6039; x_wconf 70' lang='lat' dir='ltr'><strong>grato</strong></span> 
     </span>
    </p>
   </div>
   <div class='ocr_carea' id='block_1_124' title="bbox 3083 6056 3156 6119">
    <p class='ocr_par' dir='ltr' id='par_1_124' title="bbox 3083 6056 3156 6119">
     <span class='ocr_line' id='line_1_124' title="bbox 3083 6056 3156 6119; baseline 0.027 -2"><span class='ocrx_word' id='word_1_1017' title='bbox 3083 6056 3156 6119; x_wconf 79' lang='lat'><strong>15</strong></span> 
     </span>
    </p>
   </div>
  </div>
