4134 6342
687 400 775 456 liii
1408 397 1459 448 S.
1503 391 1775 447 J()\.\'NlS
1812 385 2278 445 CllRYSOSTOSll
2321 382 2628 441 ARCHIEP.
2672 382 3207 440 CONSTANTINOP.

688 496 866 551 animo
913 492 1025 546 lucc
1075 492 1193 546 tulit
1218 533 1233 553 ,
1275 498 1326 542 et
1367 488 1532 542 dicit:
1573 488 1845 559 PrOpterea
1889 489 2077 559 glonor
2106 489 2155 540 in
2180 488 2258 541 ἰη-

691 587 1015 658 ρτηιὲιαιὶὺας
1045 585 1165 637 meis
1196 581 1319 653 (Ib.
1352 598 1399 635 υ.
1454 582 1553 650 l0)
1580 599 1593 646 ;
1636 583 1735 637 hoc
1760 591 1837 635 est
1862 622 1875 641 .
1910 582 2038 634 mihi
2071 581 2256 650 placeo

686 692 741 733 et
768 680 982 748 quiesco
1010 680 1063 731 in
1089 675 1491 730 afﬂictionibus.
1544 674 1644 728 Pro
1687 674 1934 727 omnilnts
1959 687 2085 742 ergo
2125 686 2253 741 aga-

688 786 805 825 mus
830 770 1045 839 gratias,
1071 781 1166 834 pro
1191 764 1348 819 rebus
1370 763 1620 819 secundis
1645 774 1697 817 et
1723 778 1817 833 pro
1844 762 2215 817 afflictionibus
2238 777 2251 816 :

688 876 755 914 ne
786 872 1196 921 murmuremus,
1222 872 1288 910 ne
1312 856 1709 925 simusiugrati.
1744 855 1836 908 Dic
1856 863 1911 907 et
1941 862 1996 907 ιιι
2023 871 2037 907 :
2068 851 2253 907 Nudus

684 954 813 1005 exiri
843 953 903 1003 de
924 961 1090 1003 uentre
1132 950 1307 1002 matris
1337 964 1459 1002 mete
1482 989 1499 1013 ,
1538 960 1582 1003 et
1625 948 1791 1001 nudus
1830 946 2064 1001 excedam
2090 948 2107 1008 l
2131 945 2249 999 Job.

685 1042 872 1111 1.2l).
908 1040 1019 1095 Non
1049 1038 1338 1110 provenisti
1362 1039 1527 1107 gloria
1558 1038 1797 1107 insignis;
1830 1053 1897 1092 ne
1916 1052 2123 1106 qua-ras
2140 1036 2251 1106 glo-

681 1132 841 1187 riam.
891 1130 1072 1186 Nudus
1104 1147 1207 1185 non
1240 1132 1411 1185 Solum
1446 1130 1681 1199 pecuniis
1704 1170 1718 1192 ,
1768 1128 1860 1183 sed
1894 1128 2053 1184 etiam
2084 1127 2251 1194 gloria

690 1232 746 1279 et
780 1225 916 1278 bona
946 1223 1338 1278 existimatione
1365 1226 1633 1291 ingressus
1662 1235 1721 1275 es
1749 1220 1799 1273 in
1832 1219 1967 1274 hanc
1994 1220 2177 1273 vitam.

756 1315 959 1369 Divitiw
994 1315 1403 1383 impedimentum
1444 1312 1511 1365 ad
1550 1313 1783 1365 salutem.
1813 1341 1883 1353 —
1909 1312 2091 1381 Cogita
2123 1320 2253 1379 quot

686 1406 825 1460 mala
866 1420 1010 1475 Step0
1051 1413 1169 1460 orta
1210 1414 1335 1458 sunt
1376 1419 1438 1458 cx
1484 1405 1759 1473 pecuniis;
1792 1404 1897 1457 imo
1930 1405 2104 1472 potius
2130 1401 2251 1457 audi

686 1498 810 1568 quid
835 1498 977 1552 dicat
1002 1498 1242 1552 Christus
1265 1513 1277 1549 :
1303 1494 1533 1549 Facilius
1558 1506 1651 1563 est,
1685 1497 1874 1565 inquit,
1906 1497 2150 1550 cautelam
2176 1498 2254 1550 in-

687 1602 819 1645 trare
846 1607 930 1659 per
957 1593 1183 1661 foramen
1205 1604 1346 1653 acus,
1369 1604 1517 1656 quam
1541 1589 1739 1641 divitem
1760 1590 1952 1642 introre
1972 1590 2023 1641 in
2047 1605 2254 1657 regnum

682 1681 921 1736 cartorum
948 1680 1159 1751 (Matth.
1198 1680 1282 1734 l9.
1308 1679 1421 1747 24).
1450 1678 1611 1733 Vides
1642 1689 1769 1749 quot
1801 1681 2059 1734 bonorum
2088 1680 2254 1750 impe-

683 1774 977 1829 dimentum
1023 1782 1146 1827 sunt
1175 1773 1373 1827 divitiae
1393 1814 1406 1837 ,
1439 1783 1493 1826 et
1523 1781 1575 1827 tu
1607 1775 1801 1842 quaeris
1834 1773 2131 1828 ditescere:
2157 1789 2254 1828 nec

683 1869 737 1922 itt
768 1874 1084 1936 paupertate,
1104 1865 1330 1936 gaudes,
1365 1865 1502 1933 quod
1534 1866 1601 1918 sit
1629 1881 1870 1919 eversum
1903 1865 2253 1934 impedimento

682 1960 829 2014 tum?
861 1959 1010 2015 Adeo
1035 1969 1115 2013 est
1144 1967 1363 2027 angusta
1404 1958 1483 2011 via
1530 1974 1647 2027 qua:
1693 1956 1841 2011 ducit
1884 1958 1949 2012 ad
1991 1973 2247 2027 regnum:

680 2053 813 2104 adeo
852 2052 971 2105 latae
1012 2061 1136 2105 sunt
1165 2050 1361 2105 divitize
1386 2092 1402 2115 ,
1434 2050 1684 2120 moleque
1723 2050 1895 2119 plena:
1927 2065 1989 2106 ac
2023 2061 2250 2106 tumore.

3846 380 3958 437 ‘23!

2364 487 2647 557 Propterea
2675 486 2821 550 dicit,
2855 484 3023 540 Vende
3034 504 3146 555 quae
3162 488 3313 541 lmbea
3329 486 3530 555 (Matth.
3550 489 3630 545 19.
3644 487 3820 560 9.1),ut
3844 493 3936 548 illa

2361 580 2442 634 via
2481 588 2533 633 te
2559 579 2837 649 suscipiat.
2870 578 2978 633 Cur
3003 580 3155 648 cupis
3200 580 3496 650 pecunias?
3527 591 3805 650 propterea
3842 597 3938 639 eas

2362 671 2453 725 tibi
2479 670 2720 736 abstulit,
2747 682 2806 724 ut
2836 680 2885 724 te
2918 670 3105 725 liberet
3133 686 3159 721 a
3194 671 3469 725 servitute.
3499 670 3631 725 Nam
3661 660 3777 727 veri
3800 688 3935 741 quo-

2358 778 2463 833 que
2492 773 2703 833 patres,
2736 779 2857 817 cum
2910 764 3049 817 ﬁlius
3106 761 3266 817 fuerit
3314 774 3594 834 corruptus
3644 778 3935 821 consuetu-

2359 854 2483 908 dine
2526 853 2751 925 alicujus
2798 855 3113 917 meretrieis,
3146 866 3199 909 et
3246 856 3293 910 ei
3323 870 3465 925 stupe
3507 856 3783 913 admonito
3827 874 3935 913 non

2358 949 2686 1015 persuaserit
2728 956 2782 998 ut
2822 946 2890 999 ab
2932 962 2995 1000 ea
3044 947 3312 1010 discedat,
3374 947 3704 1004 meretricem
3753 952 3935 1018 procul

2356 1038 2665 1093 amandant.
2710 1038 2856 1092 Talis
2902 1048 2985 1092 est
3023 1038 3183 1092 etiam
3236 1038 3387 1107 copia
3442 1040 3705 1107 pecuniae.
3756 1040 3936 1095 Nostri

2358 1132 2535 1200 itaque
2587 1145 2768 1185 curam
2821 1144 3012 1199 gerens
3043 1130 3300 1183 Dominus
3320 1171 3333 1193 ,
3365 1138 3420 1184 et
3448 1145 3477 1184 a
3505 1146 3641 1186 noxa
3666 1147 3783 1201 qua-
3812 1133 3937 1186 inde

2356 1223 2614 1293 accipitur
2651 1237 2748 1277 nos
2793 1222 3024 1277 liberans
3050 1263 3064 1285 ,
3099 1220 3277 1276 aufert
3317 1229 3529 1277 nostras
3557 1225 3829 1292 pecunias.
3860 1223 3938 1277 Ne

2356 1316 2724 1369 existimemus
2749 1328 2876 1383 ergo
2904 1323 3269 1383 paupertatem
3308 1326 3428 1367 esse
3466 1314 3663 1367 malum
3694 1330 3708 1368 :
3740 1328 3935 1384 pecca—

2358 1414 2466 1459 tum
2491 1403 2660 1458 solum
2684 1412 2765 1459 est
2784 1405 3005 1461 malum.
3028 1402 3210 1472 Neque
3231 1402 3370 1457 enim
3392 1402 3590 1458 divitia:
3614 1420 3711 1473 per
3730 1415 3939 1459 se‘sunt

2358 1494 2554 1549 bonum
2582 1514 2594 1547 :
2618 1494 2789 1548 solum
2824 1494 2932 1548 Deo
2964 1493 3177 1563 placere
3204 1504 3286 1547 est
3314 1494 3532 1547 bonum.
3561 1492 3939 1562 Paupertatem

2357 1603 2485 1657 ergo
2506 1602 2831 1657 quaeramus,
2855 1586 2989 1640 hanc
3010 1596 3278 1640 sectemur
3301 1602 3313 1640 :
3337 1587 3405 1639 ita
3426 1586 3616 1640 caelum
3636 1586 3941 1656 apprehen-

2358 1681 2569 1746 demus,
2618 1680 2690 1734 ita
2732 1679 2964 1733 ctelcstia
3008 1679 3144 1733 bona
3186 1692 3757 1749 consequemurzqna:
3786 1677 3942 1734 detur

2359 1773 2512 1826 nobis
2539 1772 2789 1825 omnibus
2810 1770 3088 1840 consequi,
3113 1772 3279 1840 gratia
3304 1781 3357 1826 et
3380 1771 3704 1841 benignitate
3729 1771 3941 1825 Domini

2359 1865 2523 1918 uastri
2554 1862 2679 1917 Jesu
2720 1862 2914 1915 Christi
2943 1901 2958 1924 ,
2990 1876 3111 1915 cum
3152 1876 3258 1931 quo
3288 1861 3430 1916 Patri
3464 1877 3567 1916 una
3597 1876 3719 1917 cum
3751 1873 3942 1916 sancte

2358 1954 2559 2023 Spiritu
2590 1953 2658 2008 sit
2678 1953 2868 2023 gloria,
2904 1952 3207 2022 imperium,
3238 1952 3429 2019 honor,
3460 1966 3600 2007 nunc
3626 1963 3679 2008 et
3705 1966 3938 2022 semper,

2362 2056 2416 2102 et
2437 2047 2489 2101 in
2518 2046 2710 2102 sarcula
2739 2044 3078 2100 saeculorum.
3110 2045 3303 2099 Amen.

1975 2156 2316 2255 H—ObllLIA
2363 2195 2660 2255 xxxw.

676 2298 801 2353 CAP.
833 2298 918 2354 15.
948 2314 1004 2351 v.
1036 2298 1119 2352 ΓΙ.
1154 2296 1358 2351 Obedite
1389 2296 1669 2366 prapositia
1696 2296 1892 2360 uestris,
1926 2306 1969 2349 et
1995 2298 2243 2365 subjucete

749 2390 820 2443 eis
849 2390 983 2460 εἰρεὶ
1008 2388 1139 2442 enim
1168 2388 1464 2457 pervigilant
1486 2388 1630 2458 quasi
1657 2388 1901 2439 rationem
1930 2404 2020 2456 pro
2054 2387 2248 2439 aninm-

750 2484 840 2536 btta
875 2484 1048 2537 uestris
1075 2482 1427 2534 reddituri:ut
1453 2496 1566 2532 cum
1596 2478 1781 2549 gaudio
1823 2479 1917 2531 hoc
1956 2478 2175 2548 faciant,
2205 2488 2247 2532 et

746 2590 843 2627 non
871 2583 1118 2643 gementes
1141 2588 1159 2625 :
1180 2573 1274 2625 hoc
1299 2572 1430 2625 enim
1457 2587 1555 2624 non
1581 2572 1785 2639 expedit
1813 2570 1965 2624 vobis.

749 2668 801 2721 l.
829 2667 1192 2737 Magistratum
1220 2675 1274 2721 ct
1291 2679 1556 2723 rectorem
1587 2682 1689 2721 non
1712 2666 1909 2722 habere
1926 2666 2119 2720 malum
2146 2676 2246 2732 est,

672 2768 725 2812 et
745 2766 1110 2827 argumentum
1140 2759 1422 2812 multarunt
1452 2758 1833 2824 calamitatum,
1853 2773 1914 2812 ac
1934 2758 2245 2826 principium

672 2850 1085 2917 perturbationis
1128 2864 1188 2903 ac
1234 2849 1564 2903 confusionis
1596 2866 1609 2901 :
1640 2850 1871 2904 maxime
1903 2864 2027 2903 vero
2061 2849 2109 2902 in
2152 2852 2252 2902 Ec—

670 2938 829 2990 Clesia
860 2938 908 2990 id
942 2946 1086 2991 tanto
1126 2939 1475 3008 perniciosius
1527 2948 1643 3005 est,
1673 2950 1872 3011 quanto
1930 2940 2252 3009 principatus

671 3028 788 3097 ejus
816 3031 983 3097 major
1009 3037 1090 3082 est
1114 3038 1169 3083 et
1196 3029 1491 3083 sublimior.
1519 3029 1649 3084 Nam
1679 3032 1813 3085 sicut
1839 3031 1880 3084 si
1911 3030 2058 3084 chori
2091 3045 2247 3099 cory-

674 3128 883 3190 plueum
913 3134 963 3177 et
993 3126 1183 3177 ducent
1212 3123 1506 3187 sustuleris,
1538 3139 1640 3175 non
1668 3124 1767 3176 erit
1790 3124 2013 3192 amplius
2055 3123 2247 3177 chorus

674 3228 937 3283 congruus
952 3224 1001 3265 et
1025 3214 1323 3275 ordinatus;
1343 3224 1393 3266 et
1416 3214 1457 3265 si
1478 3233 1503 3264 ιι
1530 3212 1788 3282 phalange
1812 3214 2075 3267 exercitus
2099 3230 2242 3265 anto-

674 3307 813 3359 veris
831 3308 1221 3373 imperatorem,
1247 3322 1346 3359 non
1366 3308 1464 3359 erit
1488 3306 1712 3374 ampiius
1734 3306 1972 3358 ordinata
2001 3306 2141 3358 acies
2164 3322 2177 3369 ;
2199 3318 2243 3358 et

671 3400 712 3451 si
739 3400 944 3468 navigio
976 3399 1240 3451 ademeris
1260 3399 1691 3465 gubernatorem,
1715 3414 1900 3450 navem
1928 3398 2205 3467 demerges
2234 3418 2242 3450 :

680 3491 743 3542 ita
771 3490 949 3551 etiam,
972 3490 1013 3541 si
1038 3506 1063 3541 a
1090 3504 1245 3559 grege
1270 3500 1530 3556 pastorem
1558 3489 1861 3550 abstuleris,
1888 3489 2058 3541 omnia
2093 3505 2237 3542 cvi-r

678 3579 801 3631 tisti.
827 3580 993 3647 Atque
1024 3580 1217 3631 malum
1244 3578 1453 3646 quidem
1486 3588 1565 3631 cst
1589 3578 1929 3647 magistratus
1952 3586 2005 3629 et
2028 3579 2245 3631 rccuris

676 3670 943 3730 defeetus.
979 3681 1029 3721 et
1062 3670 1271 3722 occasio
1316 3670 1641 3731 eversionis;
1688 3683 1793 3721 non
1841 3670 2015 3722 minus
2064 3682 2241 3722 autem

676 3760 873 3814 malum
906 3769 986 3814 est
1032 3759 1189 3812 etiam
1237 3759 1596 3812 inobedientia
1641 3774 1823 3812 eorum
1865 3760 1953 3827 qui
2004 3762 2084 3813 eis
2126 3770 2247 3812 sunt

677 3849 899 3915 subjecti
927 3866 939 3900 :
966 3865 1084 3901 nam
1110 3848 1244 3902 idem
1276 3862 1459 3902 rursus
1480 3848 1690 3902 accidit.
1718 3846 1947 3916 Populus
1971 3849 2111 3903 enim
2143 3865 2245 3901 mu

681 3959 866 3998 aarcns
883 3946 1075 4000 rectori
1093 3960 1154 3999 ac
1172 3938 1517 4015 magistratui,
1538 3954 1619 3998 est
1637 3945 1822 3998 similis
1839 3945 1885 3997 ei
1913 3944 2001 4012 qui
2030 3958 2131 3995 non
2152 3943 2245 3995 lia-

680 4042 781 4100 ttet,
798 4047 849 4091 et
867 4035 1000 4092 forte
1015 4037 1172 4091 etiam
1195 4037 1457 4092 deterior:
1483 4051 1602 4090 nam
1622 4036 1729 4089 illic
1746 4034 1959 4101 qualem
1983 4034 2141 4087 etiam
2166 4033 2244 4086 eis

673 4132 827 4184 tiatur
857 4132 1027 4193 venia,
1048 4132 1090 4183 si
1115 4131 1245 4184 ordo
1268 4140 1317 4185 et
1338 4129 1631 4184 moderatio
1660 4142 1761 4181 non
1785 4126 2131 4184 observetur;
2157 4124 2241 4177 hic

674 4232 847 4276 autem
873 4238 973 4276 non
997 4225 1091 4286 ita,
1120 4222 1210 4275 sed
1240 4224 1396 4275 etiam
1427 4227 1732 4290 puniuntur.
1758 4218 1825 4272 At
1851 4218 1990 4271 dicet
2020 4224 2241 4270 fortasse

671 4314 953 4383 quispiam,
991 4314 1202 4367 tertium
1236 4326 1355 4365 esse
1386 4312 1602 4375 malum,
1624 4325 1742 4364 cum
1775 4310 1945 4362 malus
1962 4311 2237 4362 sitrector.

674 4406 781 4473 Ego
808 4420 1018 4473 quoque
1051 4404 1098 4456 id
1128 4404 1259 4464 scio,
1293 4413 1347 4457 et
1377 4418 1479 4456 non
1509 4417 1726 4471 parvum
1761 4402 1862 4454 hoc
1889 4401 2082 4453 malum
2103 4441 2117 4464 ,
2148 4400 2239 4452 sed

672 4497 831 4549 etiam
851 4496 1003 4564 longe
1021 4496 1168 4564 pejus
1189 4492 1397 4548 delectu
1418 4494 1639 4547 rectoris
1661 4508 1721 4545 ac
1741 4493 2077 4561 magistratus
2098 4509 2110 4543 :
2133 4506 2243 4544 me-

676 4590 774 4639 lius
796 4599 874 4641 est
892 4588 1032 4642 enim
1064 4604 1090 4638 a
1122 4587 1265 4639 nullo
1283 4587 1596 4655 duci,quatn
1617 4585 1737 4639 duci
1768 4602 1795 4637 a
1825 4586 1984 4638 malo.
2004 4585 2132 4638 Nam
2155 4584 2241 4637 ille

670 4678 881 4745 quidem
912 4694 1051 4747 sa-pe
1080 4680 1245 4730 evasit
1272 4678 1467 4742 salvus,
1488 4692 1629 4745 szrpe
1650 4678 1807 4730 etiam
1843 4677 1985 4729 venit
2018 4677 2065 4729 in
2103 4677 2240 4745 peri-

667 4768 843 4823 eulum
866 4787 877 4829 ;
902 4769 982 4821 hic
1014 4778 1188 4821 autem
1218 4770 1435 4822 omnino
1465 4768 1638 4821 veniet
1659 4768 1706 4820 itt
1733 4767 2041 4835 periculum,
2065 4781 2129 4819 ne
2150 4766 2243 4819 ab-

668 4862 891 4915 ducatur
914 4862 962 4915 in
981 4860 1285 4914 barathrum
1305 4859 1797 4930 agetnrQuomodo
1813 4875 1940 4929 ergo
1958 4860 2083 4913 dicit
2106 4860 2240 4913 Pau-

671 4954 781 5007 lus:
806 4954 1014 5007 Ubedite
1035 4954 1313 5023 praepositis
1331 4954 1520 5015 vestris,
1543 4963 1588 5005 et
1606 4953 1851 5023 subjacete
1868 4960 1936 5005 eis
1952 4952 1975 5004 .’
1989 4952 2119 5005 Cum
2150 4968 2239 5004 su-

670 5045 847 5111 peritis
862 5044 1082 5097 dixerit:
1106 5043 1329 5109 Quorum
1357 5044 1600 5095 intuentes
1626 5044 2234 5108 exitumconversationis,

667 5136 931 5188 imitamini
956 5135 1142 5203 fidem;
1174 5134 1463 5196 tuucdixit,
1494 5134 1697 5186 Ubedite
1728 5136 2010 5205 prwpositis
2042 5141 2235 5200 vestris,

671 5236 719 5279 ct
741 5229 1005 5293 subjocete.
1035 5226 1169 5290 Quid
1198 5240 1343 5293 ergo,
1362 5224 1777 5295 inquit,quando
1797 5225 1953 5279 fuerit
1980 5226 2240 5288 malus,et

668 5335 774 5371 non
804 5318 1111 5373 obediemus
1134 5318 1222 5372 ei?
1244 5318 1429 5380 Malus,
1461 5317 1729 5387 quomodo
1754 5317 1927 5371 dicis?
1950 5319 1992 5370 si
2024 5328 2238 5385 propter

669 5409 824 5463 fidem
858 5408 1105 5479 quidem,
1151 5408 1272 5478 fuge
1302 5426 1422 5463 cum
1449 5418 1503 5464 et
1530 5409 1665 5463 evita
1690 5450 1703 5472 ,
1744 5425 1846 5462 non
1894 5410 2063 5463 solum
2094 5412 2135 5463 si
2169 5413 2238 5463 sit

668 5500 827 5554 bmuo
853 5542 865 5565 ,
900 5500 993 5555 sed
1039 5502 1195 5553 etiam
1225 5501 1269 5553 si
1300 5501 1519 5570 angelus
1550 5501 1881 5555 descendens
1904 5518 1933 5555 e
1959 5503 2089 5555 carlo
2115 5521 2126 5554 :
2151 5518 2235 5557 sm

666 5602 839 5645 autem
871 5602 1086 5660 propter
1116 5591 1297 5655 vitam,
1330 5606 1395 5645 ne
1422 5591 1493 5644 sis
1522 5592 1680 5646 nimis
1712 5592 1973 5645 curiosus.
2004 5591 2109 5645 Nec
2139 5593 2236 5648 hoc

667 5685 961 5753 exemplum
986 5700 1049 5739 cx
1071 5700 1151 5740 me
1168 5687 1383 5739 allatum
1414 5686 1659 5749 dico,sed
1688 5704 1715 5740 a
1748 5688 1921 5741 divina
1940 5686 2231 5757 Scriptura.

667 5777 797 5829 Audi
821 5773 1236 5829 cnimCltristnm
1261 5778 1523 5831 dicentem
1547 5796 1559 5831 :
1586 5778 1752 5847 Super
1773 5779 2059 5832 cathedram
2090 5780 2237 5849 illog-

666 5868 726 5916 si.
754 5866 984 5917 sederunt
1012 5866 1183 5919 scribit:
1209 5878 1254 5918 et
1289 5867 1533 5920 l’lmrhwi
1559 5868 1769 5939 (.llutt/t.
1798 5870 1885 5923 ‘25.
1917 5869 1969 5922 Ξ.
2000 5870 2075 5937 5).
2100 5870 2229 5924 Cum

2347 2295 2412 2348 de
2443 2295 2505 2348 iis
2530 2298 2674 2364 prius
2702 2294 2861 2347 multa
2894 2295 3115 2348 dixiSsct
3145 2298 3345 2364 gravia,
3390 2304 3512 2349 tunc
3552 2297 3681 2349 dicit
3712 2313 3723 2348 :
3756 2297 3929 2365 Super

2349 2388 2637 2441 cathedram
2663 2386 2855 2458 Moysis
2882 2389 3136 2441 sederunt.
3158 2387 3495 2457 Qua’cumquc
3524 2387 3660 2441 vobis
3680 2388 3925 2452 dixerint.

2346 2480 2534 2549 facite:
2554 2494 2875 2549 quietumque
2891 2489 3056 2533 autem
3077 2480 3305 2550 fecerint,
3325 2480 3478 2534 nolite
3493 2483 3679 2552 facere.
3695 2481 3898 2538 Habent
3910 2526 3926 2550 ,

2350 2569 2554 2638 inquit,
2588 2569 2895 2639 dignitatem
2921 2613 2935 2635 ,
2964 2570 3056 2625 sed
3089 2572 3209 2625 vita:
3232 2580 3355 2625 sunt
3384 2572 3690 2629 immundae.
3719 2576 3789 2629 At
3820 2592 3927 2632 non

2350 2662 2533 2726 vitam,
2565 2662 2660 2716 sed
2690 2663 2850 2716 verba
2882 2663 3139 2718 attendite
3166 2682 3177 2717 :
3205 2680 3323 2717 nam
3356 2674 3575 2736 propter
3604 2681 3784 2723 mores
3810 2670 3929 2739 qui-

2346 2751 2466 2807 dem
2494 2754 2670 2808 nullus
2690 2754 2941 2808 dantnum
2974 2758 3259 2825 acceperit.
3278 2756 3493 2821 Quare?
3516 2757 3777 2823 Quoniam
3806 2770 3860 2815 et
3892 2763 3927 2817 ii

2345 2854 2469 2898 sunt
2495 2844 2745 2900 omnibus
2777 2845 3041 2901 manifesti
3065 2863 3080 2910 ;
3102 2857 3157 2901 et
3187 2864 3284 2901 nec
3316 2848 3428 2918 ipse
3450 2889 3465 2914 ,
3490 2850 3699 2905 etiamsi
3733 2852 3928 2907 millies

2344 2937 2411 2991 sit
2439 2938 2607 2991 malus
2629 2978 2641 3001 ,
2676 2940 2813 2991 mala
2839 2954 3087 3008 umquam
3119 2939 3351 2993 docebit.
3382 2940 3485 2995 Sed
3506 2951 3721 3012 pr0pter
3744 2945 3927 2999 Iidem.

2347 3028 2529 3096 Neque
2560 3030 2700 3084 enim
2728 3039 2807 3083 est
2841 3029 2889 3082 id
2914 3030 3158 3085 omnibus
3205 3032 3572 3097 manifestum;
3604 3049 3777 3105 neque
3808 3051 3929 3090 tua-

2347 3113 2430 3168 lus
2460 3116 2729 3172 recusabit
2746 3118 3043 3172 doctrinam
3068 3120 3261 3175 docere
3285 3137 3614 3190 perversam.
3640 3124 3770 3178 Nam
3793 3127 3919 3179 illud

2342 3221 2573 3275 quoque,
2598 3206 3037 3279 Nolitejudicare,
3056 3222 3109 3263 ut
3131 3228 3227 3264 non
3242 3214 3923 3287 Ῑιιιιὶεειιιὶιιὶ(ΜαιιΙι.7.Ι),

2341 3296 2411 3349 de
2435 3297 2537 3351 vita
2561 3298 2757 3352 dicuun
2784 3310 2884 3365 est,
2906 3318 3007 3354 non
3041 3303 3106 3356 de
3130 3302 3263 3357 lide:
3291 3303 3342 3359 ld
3366 3305 3577 3374 quidem
3599 3318 3748 3362 certe
3774 3312 3923 3378 quod

2343 3389 2698 3457 subjungitur,
2735 3392 2831 3444 hoc
2856 3393 3106 3447 ostendit.
3137 3394 3271 3461 Quid
3293 3397 3424 3448 enim
3454 3397 3608 3464 vides,
3634 3400 3825 3470 inquit,
3848 3406 3929 3472 fc-

2341 3491 2529 3532 slucam
2548 3484 2597 3533 in
2619 3484 2763 3536 oculo
2794 3486 2967 3551 fratris
2981 3488 3070 3549 tui,
3089 3487 3451 3542 trabemautem
3476 3492 3525 3544 in
3539 3494 3684 3547 oculo
3706 3506 3791 3547 tuo
3817 3514 3923 3551 non

2340 3572 2697 3625 animadvertis
2719 3573 2763 3643 (Ι
2774 3575 2876 3627 bid.
2892 3595 2936 3629 υ.
2955 3579 3033 3640 '5)?
3046 3579 3524 3654 Qua’cumqueergo
3534 3584 3753 3639 dixerint
3783 3592 3924 3643 vobis

2344 3674 2394 3713 ιιι
2421 3665 2642 3731 faciatis,
2670 3666 3034 3735 fui-iteUacere
3054 3677 3230 3724 autem
3250 3685 3324 3725 est
3347 3674 3559 3741 operis,
3586 3692 3691 3730 non
3727 3678 3874 3745 lidci)
3905 3698 3921 3743 ;

2340 3754 2612 3807 secundum
2633 3765 2798 3808 autem
2821 3774 2973 3826 opera
2998 3775 3168 3814 eorum
3194 3763 3349 3816 nolite
3374 3764 3561 3832 facere.
3590 3765 3753 3823 Vides
3775 3774 3920 3838 quod

2342 3858 2443 3895 non
2474 3854 2594 3913 agat
2618 3847 2683 3900 de
2710 3847 3066 3917 dogmatibus,
3093 3852 3185 3906 sed
3212 3853 3278 3908 de
3302 3855 3404 3909 vita
3429 3866 3480 3909 et
3502 3858 3791 3927 operibus?
3814 3864 3920 3917 Sed

2344 3934 2532 3988 Paulus
2563 3952 2656 3991 cos
2684 3940 2907 4007 primum
2931 3943 3344 4008 commendavit,
3371 3960 3423 3999 et
3448 3956 3571 4002 tunc
3592 3950 3720 4004 dicit
3746 3969 3758 4003 :
3788 3952 3923 4006 Ohe

2340 4028 2441 4081 dite
2466 4031 2750 4099 praepositis
2782 4034 2975 4099 vestris,
3010 4044 3057 4087 et
3090 4036 3300 4105 subjecti
3330 4047 3483 4092 estote
3508 4055 3526 4093 :
3553 4041 3652 4110 ipsi
3678 4044 3807 4096 enim
3845 4047 3925 4097 ri-

2337 4121 2498 4189 gilant
2520 4139 2611 4189 pro
2633 4124 2893 4176 animabus
2918 4127 3366 4199 resttistamqnam
3384 4132 3629 4184 rationem
3648 4136 3925 4189 reddituri.

2339 4211 2572 4265 Audiant
2592 4213 2751 4265 etiam
2786 4216 2871 4282 qui
2895 4197 3105 4285 regunt:
3130 4197 3238 4270 non
3258 4220 3427 4273 Solum
3461 4222 3495 4275 ii
3521 4224 3606 4292 qui
3639 4237 3922 4293 reguntur,

2338 4303 2479 4367 quod
2511 4306 2958 4373 qucmmltnodunt
2992 4309 3145 4363 decet
3174 4311 3415 4365 subditos
3436 4328 3559 4368 esse
3579 4315 3922 4383 obedientes,

2340 4393 2409 4446 ita
2435 4407 2644 4464 oportet
2679 4400 2971 4466 principes,
3005 4416 3122 4454 che
3150 4403 3427 4472 vigilantes
3452 4416 3503 4459 et
3526 4407 3753 4462 sobrios.
3781 4412 3924 4477 Quid

2337 4486 2507 4540 dicis?
2534 4487 2733 4557 vigilat,
2758 4490 2995 4545 iunninet
3022 4495 3315 4561 periculum
3347 4496 3461 4562 ejus
3489 4498 3669 4567 capiti,
3701 4501 3923 4569 subjici-

2340 4585 2424 4631 tur
2464 4578 2639 4646 pmnis
2693 4591 3034 4649 peccatorum
3093 4592 3330 4649 tuorum,
3376 4598 3430 4639 et
3474 4600 3691 4657 propter
3740 4603 3790 4645 te
3840 4606 3922 4648 cst

2340 4679 2485 4722 tanto
2516 4670 2777 4725 obnoxius
2806 4672 3017 4739 timori,
3049 4684 3102 4727 et
3136 4684 3188 4726 tu
3213 4688 3271 4727 es
3298 4676 3443 4745 piger
3472 4687 3525 4730 et
3549 4679 3785 4748 ignavus.
3813 4696 3923 4736 tor-

2337 4776 2537 4829 pesque
2566 4772 2616 4815 ct
2642 4777 2697 4815 es
2725 4763 2993 4827 sordidus,
3022 4781 3118 4819 nec
3146 4768 3225 4818 vis
3250 4768 3516 4837 obsequi?
3546 4770 3668 4825 ltleo
3695 4777 3922 4844 sobjun-

2336 4856 2410 4924 git
2430 4856 2611 4909 dicens
2630 4875 2641 4908 :
2663 4854 2726 4909 Ut
2747 4873 2857 4908 cum
2877 4858 3065 4926 gaudio
3093 4858 3185 4910 lwc
3209 4860 3421 4929 faciant,
3443 4874 3487 4915 et
3510 4880 3610 4916 non
3631 4878 3882 4934 gementes
3904 4885 3922 4924 .-

2337 4949 2430 5001 ItOC
2466 4949 2596 5000 enim
2637 4966 2735 5001 non
2776 4949 2973 5019 expedit
3018 4950 3175 5003 vobis.
3210 4951 3374 5008 Vides
3405 4955 3545 5023 quod
3597 4958 3843 5028 princeps
3873 4962 3920 5016 si

2335 5048 2741 5105 contemnatur,
2772 5057 2875 5094 non
2918 5052 3163 5111 oporteat
3208 5059 3266 5098 se
3310 5046 3530 5112 uicisti;
3560 5050 3653 5103 sed
3686 5067 3917 5109 maxima

2337 5131 2466 5184 ultio
2487 5132 2553 5184 sit
2583 5132 2707 5185 llere
2736 5142 2787 5185 et
2821 5133 3207 5203 ingemiscere?
3234 5147 3287 5189 et
3316 5140 3527 5191 merito.
3558 5139 3688 5194 Nam
3720 5154 3771 5196 et
3798 5162 3916 5199 nte-

2334 5223 2476 5285 dieo,
2507 5225 2547 5276 si
2579 5234 2951 5278 contemnatur
2982 5226 3048 5280 ab
3080 5238 3303 5296 a-groto,
3328 5246 3432 5283 ttott
3466 5232 3591 5287 licet
3620 5250 3678 5287 se
3708 5236 3913 5301 ulcisci,

2337 5315 2428 5369 sed
2461 5318 2587 5369 lli-re
2614 5325 2669 5369 et
2696 5317 3064 5385 ingemiscere.
3096 5318 3188 5373 Sin
3238 5332 3417 5375 autem
3449 5323 3536 5378 ille
3580 5327 3913 5397 ingemiscat,

2334 5418 2385 5462 te
2430 5409 2714 5462 ulciscetur
2746 5408 2905 5463 Deus.
2941 5412 2993 5465 Si
3028 5412 3169 5465 enim
3210 5428 3306 5483 pro
3336 5418 3568 5484 peccatis
3600 5430 3794 5477 llllSU‘lS
3826 5425 3913 5476 in-

2334 5502 2685 5570 gemiscentes
2740 5503 2904 5557 ilctlltt
2955 5505 3310 5573 alti-abimus,
3360 5524 3454 5577 pro
3496 5510 3722 5565 aliorum
3758 5529 3913 5567 arro-

2331 5594 2506 5661 gantia
2540 5604 2592 5645 et
2622 5602 2929 5662 contemptu
2972 5596 3016 5648 si
3064 5596 3501 5667 ingemiscitnus,
3534 5617 3713 5657 annon
3744 5607 3915 5662 multo

2333 5686 2534 5757 magis?
2556 5685 2713 5742 Vides
2736 5688 2874 5758 quod
2902 5706 3004 5742 non
3027 5690 3149 5744 sinit
3174 5707 3294 5747 eum
3322 5709 3606 5765 erumpere
3628 5697 3692 5751 ad
3719 5701 3913 5769 probra

2334 5792 2385 5835 et
2408 5782 2791 5835 contumelias?
2819 5782 2967 5836 vides
2988 5796 3184 5853 quanta
3204 5788 3271 5841 sit
3296 5788 3471 5857 philos
3510 5790 3667 5859 pbia?
3690 5793 3915 5863 Oportet

2335 5890 2454 5926 cum
2491 5875 2836 5943 ingemiscere
2864 5878 2949 5945 qui
2978 5876 3288 5948 deIpicitur,
3314 5882 3402 5950 qui
3432 5884 3797 5952 conculcatur,
3824 5888 3913 5953 qui
