4134 6342
169 412 281 471 255

159 504 501 574 conspuitur.
537 497 613 554 Ne
642 494 883 551 contldas
912 492 1052 560 quod
1088 502 1137 545 te
1168 505 1275 544 non
1307 489 1621 544 ulciscitur:
1646 499 1743 557 ge-

162 614 334 655 mitus
362 596 505 650 enim
534 601 615 647 est
643 588 831 665 quavis
864 587 1067 638 ultione
1094 584 1351 638 deterior.
1386 580 1520 635 Nam
1546 576 1761 649 quando

164 693 289 760 ipse
319 688 448 743 nihil
482 680 689 754 proficit
718 691 960 749 gemens,
992 686 1148 729 vocat
1183 674 1469 727 Dominum
1496 688 1509 724 :
1534 681 1590 727 et
1620 670 1761 724 sicut

158 784 385 855 quando
411 784 797 849 praeoptarent
823 784 957 838 puer
982 784 1086 821 non
1114 766 1401 829 audiverit,
1431 770 1652 819 vocatur
1669 760 1759 833 qui

159 876 213 929 in
243 887 371 929 eum
399 884 457 924 se
483 874 635 937 gerat
661 860 928 915 austerius
954 874 966 910 :
993 858 1067 911 ita
1093 857 1179 911 hic
1208 870 1443 927 quoque.

235 964 346 1032 Qui
372 970 547 1030 regunt
581 953 880 1016 Ecclesium,
912 959 1099 1020 quanto
1138 949 1191 1001 in
1234 947 1456 1018 periculo
1480 953 1761 1000 versentur.

164 1057 453 1135 ltignitates
484 1046 758 1122 fugiendar,
783 1060 881 1097 non
898 1042 1289 1135 qua'rendtz.—
1306 1038 1483 1135 Papa),
1503 1049 1760 1135 quantum

159 1131 251 1207 esi
281 1146 576 1218 periculum
596 1143 608 1190 !
632 1138 757 1210 quid
792 1136 1000 1191 miseris
1026 1135 1130 1189 illis
1167 1132 1366 1189 dixeris
1391 1131 1483 1202 qui
1512 1145 1570 1186 se
1595 1132 1764 1200 conji-

160 1244 319 1296 ciunt
346 1240 397 1292 in
422 1245 618 1291 tantam
651 1232 900 1303 abyssum
919 1223 1338 1295 suppliciorum?
1362 1223 1610 1277 Omnium
1628 1237 1762 1291 quos

163 1332 339 1403 regis,
386 1326 668 1381 mulierum
713 1330 769 1376 et
812 1320 1052 1374 virorum
1085 1325 1139 1370 et
1168 1329 1478 1385 puerorum,
1501 1328 1531 1366 a
1559 1325 1610 1368 te
1639 1312 1761 1366 red-

162 1402 347 1479 denda
377 1431 457 1475 est
489 1416 658 1472 ratio:
681 1419 829 1467 tanto
853 1410 959 1479 igni
980 1416 1143 1476 caput
1164 1416 1310 1458 tuum
1334 1402 1573 1472 subjicis.
1599 1402 1762 1457 Miror

161 1536 233 1571 an
256 1516 371 1571 ﬁeri
401 1512 567 1583 possit
594 1520 648 1562 ιιι
678 1506 871 1574 aliquis
891 1518 957 1558 ex
992 1488 1290 1557 rectoribus
1314 1500 1385 1553 sit
1412 1499 1614 1563 salvus,
1638 1511 1759 1551 cum

164 1609 382 1661 videam
426 1610 550 1675 post
576 1600 746 1653 minas
776 1607 829 1652 et
859 1603 1177 1665 prmseutem
1219 1590 1518 1645 socordiam
1551 1590 1760 1659 aliquos

165 1700 353 1754 adhuc
380 1701 748 1755 accurrentes,
772 1698 827 1743 et
853 1703 912 1741 se
942 1685 1294 1753 tonjicieutes
1326 1682 1378 1736 in
1412 1690 1612 1736 tantam
1644 1696 1761 1735 tuo-

162 1794 276 1847 lem
304 1783 805 1844 administrationis.
840 1779 971 1834 Nam
994 1779 1036 1831 si
1068 1777 1125 1840 ii,
1158 1777 1244 1845 qui
1295 1774 1617 1829 necessitate
1646 1782 1759 1827 tra-

164 1886 394 1941 huntur.
425 1896 529 1934 non
560 1877 756 1931 habent
786 1872 1185 1929 excusationem
1214 1879 1304 1922 aut
1323 1868 1555 1931 veniam,
1582 1866 1625 1919 si
1645 1880 1758 1919 rem

167 1979 316 2031 male
341 1972 716 2028 administrent
746 1976 802 2022 et
822 1964 1317 2033 siutncgligeutcs;
1345 1974 1465 2013 nam
1496 1968 1551 2013 et
1578 1958 1759 2011 Aaron

164 2080 305 2121 tract
318 2081 378 2119 us
405 2072 489 2119 est
516 2060 833 2116 necessitate
852 2068 903 2112 et
931 2056 1075 2110 venit
1103 2054 1155 2107 in
1181 2051 1477 2121 periculum
1500 2066 1513 2114 ;
1537 2060 1591 2109 et
1615 2048 1761 2121 Moy-

165 2176 260 2214 ses
287 2158 607 2217 etiam,cum
635 2164 780 2220 sa-pe
810 2155 1141 2208 recusasset;
1163 2144 1477 2205 etSat'tl,cui
1495 2141 1758 2198 creditum

162 2250 314 2306 aliud
355 2247 529 2302 fuerat
578 2242 883 2312 imperium,
916 2248 1196 2309 postquam
1227 2236 1511 2297 recusavit,
1540 2243 1760 2289 vocatus

164 2355 249 2400 est
280 2344 334 2396 in
361 2339 675 2411 periculum,
694 2334 949 2405 quoniam
973 2334 1143 2402 ipsum
1164 2330 1302 2384 male
1322 2328 1755 2383 administrarat:

165 2444 373 2507 quamn
395 2424 902 2498 magisiiquiinhoc
920 2425 1152 2478 studiqu
1183 2432 1418 2491 ponunt,
1461 2430 1514 2476 et
1543 2421 1593 2474 iu
1625 2419 1674 2475 id
1701 2434 1761 2475 se

164 2522 553 2594 mujcrcrmtt?
580 2519 668 2591 qui
696 2526 781 2573 cst
803 2523 944 2573 enim
976 2515 1119 2583 talis,
1150 2515 1307 2585 longe
1336 2514 1505 2583 magis
1531 2528 1591 2568 se
1612 2514 1759 2568 oumi

166 2616 402 2688 privahit
435 2613 611 2668 venia.
645 2612 860 2666 Timere
887 2609 1030 2665 enim
1062 2618 1277 2678 oportet
1297 2618 1350 2662 et
1376 2608 1761 2663 contremisce-

166 2728 251 2777 re,
280 2720 336 2765 et
364 2719 586 2781 prapter
614 2704 1001 2763 conatrientiam
1020 2713 1076 2758 et
1114 2711 1330 2771 propter
1360 2701 1556 2757 molem
1586 2701 1756 2771 impe-

161 2805 261 2866 rii;
294 2812 350 2857 ct
392 2815 567 2870 neque
594 2799 640 2853 si
671 2797 838 2852 semel
871 2795 1152 2850 trahantur
1195 2808 1465 2859 recusare,
1501 2807 1676 2862 neque
1711 2791 1759 2849 si

164 2908 273 2949 non
299 2890 585 2946 trahantur
611 2898 801 2957 sponte
824 2887 876 2941 in
904 2887 955 2941 id
980 2887 1290 2949 incurrere;
1316 2885 1425 2939 imo
1452 2898 1580 2938 vero
1596 2884 1756 2938 etiam

165 2985 377 3056 fugere,
408 2981 763 3053 prawidcntes
791 2978 1211 3050 magnitudinem
1242 2978 1533 3047 dignitatis.
1557 2977 1757 3033 Rursus

166 3087 349 3131 autem
375 3090 469 3129 eos
485 3074 574 3144 qui
599 3073 793 3127 fuerint
815 3070 1191 3142 comprehensi
1233 3078 1447 3139 Oportet
1469 3086 1589 3125 esse
1625 3084 1759 3124 can-

168 3180 253 3223 tos
281 3179 335 3224 et
360 3170 499 3237 pios.
534 3166 673 3221 Nihil
706 3164 1117 3221 immoderatum
1146 3166 1235 3228 sit,
1260 3164 1437 3217 omnia
1474 3179 1539 3217 ex
1570 3162 1761 3218 ordine

168 3262 323 3315 ﬂant.
350 3258 408 3314 Si
456 3260 762 3329 prituquam
803 3256 1169 3327 promovearis
1208 3256 1257 3308 id
1305 3255 1641 3325 prmscntias,
1669 3270 1759 3308 re-

168 3352 326 3418 Ccde,
377 3367 666 3422 persuasus
717 3360 769 3406 te
820 3366 881 3406 ea
913 3367 971 3405 re
1012 3363 1131 3405 esse
1159 3346 1540 3418 indignumzsi
1573 3361 1763 3402 rursus

171 3445 341 3500 lucris
387 3442 831 3512 comprehensus,
872 3442 1119 3496 similiter
1155 3441 1456 3495 cautionem
1484 3439 1679 3494 adhibe
1708 3449 1764 3495 et

172 3539 556 3599 reverentiam,
575 3535 770 3603 ubique
790 3532 1081 3588 ostendens
1102 3533 1358 3587 animum.
1379 3532 1464 3587 18.
1490 3530 1666 3598 Orate,
1684 3531 1765 3585 iu-

172 3630 311 3697 quit,
334 3628 483 3681 etiam
505 3644 597 3699 pro
615 3626 754 3681 nobis
773 3642 790 3680 ε
811 3625 1116 3693 conﬁdimus
1135 3625 1265 3679 enim
1280 3625 1417 3694 quod
1434 3626 1616 3678 bonam
1636 3639 1762 3678 con-

172 3720 433 3774 scientiam
449 3720 711 3783 habemus,
730 3718 781 3770 in
809 3715 1041 3771 omnibus
1067 3716 1189 3771 bene
1209 3715 1430 3770 volentes
1452 3715 1764 3771 conversari.

245 3811 303 3865 2.
348 3810 512 3865 Vides
540 3808 684 3880 quod
714 3810 766 3863 in
798 3809 881 3863 bis
906 3822 965 3863 se
990 3819 1179 3878 purget
1220 3817 1275 3863 et
1324 3817 1568 3875 excuset,
1592 3816 1652 3862 ut
1678 3806 1767 3877 qui

175 3903 377 3959 sci-ibat
413 3900 479 3956 ad
519 3915 615 3957 eos
652 3910 919 3970 tamquam
961 3899 1027 3953 ad
1077 3900 1321 3953 molestia
1346 3897 1593 3964 affectos,
1630 3908 1769 3952 tam-

174 4010 337 4066 quam
381 3994 448 4048 ad
486 4002 820 4060 aversantes,
860 4003 1130 4062 tamquam
1177 3992 1244 4046 ad
1284 4006 1379 4047 eos
1422 3992 1512 4062 qui
1541 3993 1593 4047 in
1644 4006 1767 4046 eum

175 4095 334 4143 erant
352 4084 525 4139 allecti
549 4094 607 4138 ut
632 4084 1209 4154 transgressorem,qui
1232 4100 1299 4139 ne
1326 4099 1524 4139 nomen
1549 4084 1767 4155 quidem

176 4178 296 4247 ejus
323 4175 509 4231 audire
535 4174 801 4232 terebant.
819 4174 1083 4241 QuOuiam
1104 4190 1234 4243 ergo
1256 4192 1316 4229 ea
1340 4176 1589 4245 exigebat
1616 4174 1683 4231 ab
1704 4174 1772 4232 iis

177 4269 269 4338 qui
301 4269 470 4337 ipsum
498 4267 746 4332 oderant,
778 4281 899 4335 quze
928 4265 1107 4321 ceteri
1140 4280 1328 4321 omnes
1358 4266 1427 4320 ab
1455 4266 1520 4320 iis
1540 4266 1627 4336 qui
1653 4265 1774 4321 dili-

178 4370 337 4434 gunt,
368 4379 430 4415 ea
456 4361 524 4417 de
547 4375 709 4415 causa
742 4364 890 4430 ponit
916 4359 1023 4423 hic,
1054 4358 1275 4415 dicens:
1300 4357 1620 4429 Conﬁdimus
1636 4359 1774 4428 quod

180 4457 366 4510 bonam
395 4455 757 4509 conscientiam
785 4453 1046 4508 habemus.
1078 4451 1155 4509 Nc
1201 4452 1332 4508 mihi
1376 4452 1543 4520 enim,
1578 4454 1771 4525 inquit,

180 4548 385 4604 dixeris
428 4547 799 4603 accusationes
830 4563 845 4599 :
881 4555 1081 4611 nostra,
1114 4544 1308 4617 inquit,
1352 4546 1482 4600 nihil
1517 4561 1614 4601 uos
1670 4546 1772 4599 im-

181 4644 375 4714 prohat
402 4641 751 4705 conscientia,
782 4655 953 4709 neque
982 4639 1139 4695 nobis
1178 4639 1377 4695 conscii
1406 4655 1594 4695 sumus
1632 4638 1773 4709 quod

179 4734 338 4789 vobis
369 4733 625 4787 fuerimus
645 4731 901 4787 insidiati.
923 4729 1240 4800 Con/idimus
1256 4732 1406 4796 enim,
1432 4731 1621 4800 inquit,
1640 4730 1777 4802 quod

177 4826 368 4880 bonam
389 4824 747 4878 conscientiam
778 4822 1039 4876 habemus.
1079 4820 1143 4875 In
1172 4822 1403 4876 omnibus
1430 4821 1773 4876 benevolentes

180 4915 489 4968 coniversari.
521 4913 666 4985 Ergo
696 4930 802 4969 non
834 4915 1008 4969 solum
1040 4913 1181 4970 inter
1204 4915 1471 4979 ethnicos,
1491 4914 1585 4970 sed
1610 4914 1771 4970 etiam

181 5005 327 5059 inter
355 5020 471 5071 vos.
501 4998 644 5062 Nihil
672 5022 795 5061 cum
828 5006 1016 5062 fraude
1045 5007 1289 5072 fecimus,
1316 5023 1415 5063 uec
1438 5023 1561 5064 cum
1594 5007 1771 5080 hypo-

178 5095 309 5150 crisi
330 5114 347 5149 z
369 5105 452 5149 est
472 5101 616 5151 enim
650 5098 941 5154 verisimile
967 5099 1065 5152 has
1092 5098 1141 5152 in
1162 5113 1283 5153 cum
1301 5099 1597 5154 calumnias
1616 5100 1778 5155 fuisse

181 5188 497 5243 intentatas.
524 5187 655 5242 Nam
684 5189 825 5258 quod
853 5190 986 5244 falso
1017 5202 1299 5246 accusatus
1331 5190 1511 5257 fuerit,
1540 5191 1663 5245 audi
1689 5191 1780 5246 Ja-

181 5277 379 5333 cobtun
403 5276 670 5334 dicentem
694 5297 706 5333 :
736 5283 1022 5335 Audierant
1049 5282 1214 5347 enim,
1241 5283 1432 5351 inquit,
1459 5283 1521 5336 de
1547 5293 1612 5350 te,
1645 5283 1780 5353 quod

182 5373 543 5429 discessionem
568 5377 750 5430 doceas
777 5394 809 5429 a
846 5376 952 5447 lege
982 5377 1121 5445 (Act.
1163 5377 1254 5432 21.
1284 5377 1400 5449 21).
1445 5377 1559 5432 Non
1591 5386 1648 5431 ut
1676 5378 1779 5434 itii-

184 5465 381 5532 niicus,
407 5466 599 5537 inquit,
631 5483 732 5524 nec
759 5480 817 5523 ut
847 5469 1019 5524 hostis
1047 5469 1161 5525 hmc
1201 5471 1401 5536 scribo,
1430 5472 1525 5525 sed
1555 5480 1613 5525 ut
1640 5471 1779 5525 ami-

183 5569 305 5611 cus.
339 5556 407 5612 Et
436 5557 540 5615 hoc
577 5558 816 5615 ostendit
859 5576 925 5616 ex
967 5574 1034 5617 eo
1060 5560 1203 5632 quod
1233 5562 1489 5632 deinceps
1516 5563 1777 5633 sequitur.

186 5647 279 5703 l9.
312 5647 545 5719 Amplius
569 5662 737 5705 autem
765 5651 1010 5723 deprecor
1038 5667 1124 5706 vos
1169 5653 1263 5708 hoc
1294 5656 1482 5725 facere,
1513 5670 1614 5725 quo
1646 5655 1782 5709 cele-

188 5737 294 5795 rius
319 5742 552 5795 restituat
577 5741 739 5797 vobis.
766 5741 879 5798 Hoc
904 5753 1022 5799 erat
1048 5744 1166 5816 ejus
1189 5746 1281 5816 qui
1311 5747 1659 5803 vehementer
1686 5762 1782 5804 eos

188 5832 422 5898 amabat,
458 5835 530 5888 ita
561 5834 787 5903 precari.
827 5835 893 5890 Et
945 5852 1054 5893 non
1086 5838 1285 5904 solum,
1323 5840 1514 5911 inquit,
1551 5841 1780 5910 precari,

187 5923 283 5981 sed
332 5940 458 5983 cum
502 5926 652 5983 omni
693 5926 872 5985 Studia
913 5945 925 5987 :
962 5939 1019 5987 ut
1048 5943 1145 6003 ego
1177 5932 1284 5989 cito
1328 5932 1538 5991 veniam
1566 5932 1635 5989 ad
1666 5949 1777 5992 vos.

916 392 979 450 IN
1021 386 1237 447 EPIST.
1282 383 1371 438 AD
1412 373 1770 436 llEBliA'IOS.
1811 370 1965 426 CAP.
2012 369 2147 426 Xlll.
2192 368 2428 427 llOivllL.
2474 365 2720 423 XXXIV.

3360 360 3461 420 25!

1863 477 1972 532 lloc
2000 486 2081 531 est
2111 474 2229 544 ejus
2257 475 2345 543 qui
2376 472 2474 528 sibi
2510 471 2639 525 nihil
2670 482 2749 526 est
2789 470 3062 533 conscius,
3094 467 3331 523 studiuui
3363 483 3461 537 po-

1860 586 1990 625 nere
2022 578 2079 622 ut
2102 569 2169 621 ad
2194 583 2288 623 eos
2319 568 2618 636 perveniat,
2664 575 2717 617 ct
2746 578 2935 634 rogare
2976 562 3122 633 ipsos
3149 571 3205 615 ut
3257 575 3354 630 pro
3404 576 3464 614 se

1859 674 2037 720 orent.
2090 662 2163 717 Ea
2194 661 2262 716 de
2290 674 2449 716 causa
2480 674 2602 715 cum
2633 658 2782 728 prius
2809 657 2878 710 ab
2909 656 3039 726 ipsis
3070 655 3314 725 petiissct
3343 670 3467 709 ora-

1864 758 2057 823 tiones,
2075 766 2201 809 tunc
2227 753 2307 808 eis
2331 765 2548 823 quoque
2569 761 2817 819 precatur
2834 748 3013 804 omnia
3041 747 3199 801 bona.
3214 745 3306 802 20.
3326 744 3465 799 Deus

1860 857 2049 913 autem,
2083 845 2272 915 inquit,
2303 845 2461 913 pacis.
2490 843 2602 897 lloc
2634 840 2766 896 dicit
2794 855 2861 896 eo
2887 838 3029 911 quod
3060 839 3201 893 inter
3224 852 3323 893 eos
3349 836 3464 890 dis-

1859 941 2143 994 sensiones
2171 938 2463 991 orirentur.
2492 935 2547 989 Si
2575 949 2725 1005 ergo,
2755 933 2949 1000 inquit,
2985 932 3126 986 Deus
3151 931 3296 998 pacis
3326 931 3468 983 Ucus

1861 1041 2050 1097 cst,ne
2090 1032 2162 1087 sit
2191 1031 2341 1086 vobis
2387 1028 2669 1083 nobiscum
2710 1026 3014 1082 dissidium.
3043 1025 3144 1093 Qui
3183 1025 3359 1080 eduxit
3400 1025 3467 1078 de

1863 1134 1999 1176 terra
2032 1120 2299 1176 Pastorem
2328 1120 2520 1174 ovium.
2546 1119 2661 1174 Hoc
2685 1119 2887 1175 dictum
2912 1128 2994 1173 est
3016 1118 3083 1172 de
3113 1119 3468 1172 resurrectio—

1866 1232 1953 1270 ne.
1990 1215 2260 1287 Magnum.
2288 1214 2446 1268 Alitnl
2479 1214 2923 1267 additamentum.
2951 1210 3049 1265 ilic
3079 1226 3264 1265 rursus
3294 1228 3465 1281 usque

1864 1309 1930 1361 ad
1956 1308 2114 1362 linem
2139 1307 2218 1361 eis
2240 1304 2524 1361 confirmat
2551 1304 2693 1375 quod
2722 1304 2917 1358 dicitur
2942 1302 3011 1359 de
3041 1308 3460 1359 resurrectione.

1865 1401 1892 1456 1
1902 1420 1932 1456 n
1948 1403 2196 1473 sanguine
2225 1401 2504 1456 testamenti
2527 1398 2725 1461 a’terni,
2749 1396 3022 1451 Dominum
3041 1408 3267 1451 nostrum
3284 1397 3467 1451 Jesum

1866 1496 2145 1562 Christum,
2173 1494 2264 1548 21.
2289 1503 2426 1562 aptet
2456 1509 2542 1547 vos
2568 1494 2621 1544 in
2661 1493 2795 1545 eunti
2815 1492 2955 1551 ibono
2976 1507 3148 1561 opere,
3178 1503 3231 1544 nt
3262 1492 3467 1560 faciatis

1864 1590 1975 1660 ejus
1996 1588 2300 1642 voluntatem
2321 1606 2339 1641 .·
2368 1588 2560 1657 faciens
2583 1586 2792 1639 intrabis
2814 1584 2951 1655 quod
2969 1586 3168 1653 placeat
3191 1602 3364 1641 coram
3391 1604 3463 1640 se.

1865 1682 2073 1737 Rursus
2116 1681 2197 1735 eis
2248 1695 2436 1749 magna
2465 1693 2565 1733 suo
2605 1678 2792 1731 tribuit
2820 1676 3162 1732 testimonio:
3195 1677 3469 1748 lntrgruiu

1865 1774 2007 1829 enim
2053 1770 2205 1827 reddi
2237 1772 2433 1825 dicitur
2463 1772 2513 1825 id
2539 1769 2682 1840 quod
2736 1769 2898 1824 habet
2922 1770 3154 1833 initium,
3188 1779 3243 1825 et
3272 1769 3470 1825 deinde

1867 1865 2141 1935 impletur.
2176 1864 2241 1919 Et
2270 1865 2349 1919 eis
2380 1872 2667 1933 precatur:
2699 1862 2843 1930 quod
2876 1872 2959 1917 est
2986 1862 3371 1918 desiderantis.
3405 1863 3473 1917 lit

1870 1957 2025 2015 vide:
2062 1958 2116 2012 in
2139 1956 2258 2012 aliis
2283 1955 2499 2026 quidem
2525 1954 2770 2025 epistolis
2801 1963 3051 2025 precatur
3083 1956 3136 2010 iu
3168 1956 3345 2023 initio,
3386 1955 3473 2009 hic

1861 2059 2041 2104 autem
2070 2049 2122 2103 in
2152 2052 2278 2105 line.
2323 2048 2565 2114 Faciem,
2597 2050 2790 2120 inquit,
2823 2051 2877 2104 in
2906 2050 3046 2104 vobis
3090 2050 3229 2118 quod
3267 2049 3468 2117 placeat

1862 2156 2036 2195 coram
2061 2158 2115 2197 se
2143 2159 2231 2213 per
2249 2142 2281 2196 .I
2290 2160 2433 2197 esum
2457 2142 2717 2198 Christum
2735 2159 2754 2196 :
2783 2142 2866 2195 cui
2891 2152 2965 2197 est
2994 2142 3161 2214 gloria
3188 2142 3241 2195 in
3274 2141 3458 2195 smnia

1862 2236 2185 2289 surculorum.
2206 2216 2382 2290 Aiucn.
2401 2234 2493 2291 22.
2523 2234 2667 2308 Rogo
2696 2247 2865 2289 autem
2894 2251 3003 2301 ros,
3032 2239 3237 2307 fratres,
3268 2246 3320 2289 ut
3349 2232 3460 2301 suf-

1865 2324 2041 2395 feratis
2087 2326 2289 2380 vcrbuin
2316 2327 2525 2383 solatii:
2550 2328 2735 2381 etenim
2766 2328 3037 2399 perpaucis
3079 2327 3264 2396 scripsi
3306 2326 3461 2381 vobis.

1866 2418 2027 2475 Vides
2055 2421 2308 2488 quoniam
2334 2421 2476 2492 quod
2503 2421 2568 2476 ad
2596 2421 2866 2477 nemiuem
2893 2420 3127 2491 scripsit,
3148 2420 3253 2476 hoc
3277 2420 3345 2475 ad
3370 2436 3464 2475 eos

1864 2512 2087 2566 scribit?
2115 2510 2325 2567 Etenim
2371 2516 2665 2587 perpaucis,
2700 2514 2894 2585 inquit,
2926 2514 3111 2585 scripsi
3142 2512 3316 2577 vobis;
3363 2513 3467 2567 hoc

1863 2612 1966 2668 est,
1998 2602 2107 2659 Nec
2137 2620 2257 2658 sum
2290 2605 2551 2660 molestas
2594 2606 2746 2660 vobis
2790 2607 3084 2659 verborqu
3134 2604 3464 2675 prolixitate.

1864 2693 2130 2751 Existimo
2148 2712 2242 2752 eos
2267 2712 2372 2753 n0n
2394 2695 2420 2751 ι’
2419 2697 2561 2752 uisse
2578 2696 2867 2752 admodum
2898 2696 3141 2753 infensos
3156 2695 3464 2753 Timotheo;

1866 2787 2009 2842 unde
2034 2788 2197 2844 etiam
2226 2804 2349 2843 cum
2385 2788 2699 2859 praeposuit.
2732 2789 2823 2843 25.
2857 2790 3158 2861 Cognoscite
3187 2789 3355 2853 enim,
3385 2788 3465 2843 in-

1864 2880 1998 2950 quit,
2026 2885 2241 2951 fratrem
2270 2880 2590 2936 Timotheum
2614 2882 2881 2935 dimisaum
2906 2899 2925 2937 :
2955 2898 3071 2935 cum
3097 2898 3217 2953 quo,
3246 2882 3290 2934 si
3317 2882 3468 2936 citius

1865 2974 2074 3036 venerit,
2104 2972 2280 3026 videbo
2302 2988 2406 3026 cos.
2438 2971 2739 3038 Dimissmn,
2770 2971 2859 3043 iuq
2885 2974 2944 3025 iit
2971 2987 2985 3023 :
3012 2972 3185 3027 unde?
3204 2971 3467 3027 Existimo

1864 3078 1990 3117 eum
2038 3063 2204 3119 fuisse
2242 3064 2549 3135 conjectum
2582 3065 2633 3117 in
2665 3079 2976 3119 carcerem:
3009 3073 3122 3127 aut,
3155 3064 3199 3119 si
3243 3080 3350 3119 non
3396 3064 3465 3118 ita

1866 3157 1956 3220 sit,
1986 3156 2267 3211 dimissum
2299 3155 2555 3233 Athenis;
2587 3171 2709 3211 nam
2744 3157 2845 3212 hoc
2871 3171 3088 3227 quoque
3118 3156 3279 3211 situm
3307 3172 3385 3212 est
3411 3159 3465 3210 in

1868 3248 2113 3304 Actibus.
2144 3248 2236 3304 24.
2270 3248 2508 3305 Salutate
2546 3266 2715 3304 :ntnes
2745 3252 3043 3319 pra-positos
3071 3259 3259 3305 vestras
3282 3261 3327 3304 et
3354 3268 3462 3305 om-

1868 3356 1957 3395 nes
1975 3350 2199 3395 sanctos.
2236 3341 2481 3397 Salutant
2518 3355 2607 3396 eos
2634 3341 2697 3396 de
2726 3341 2885 3395 Italia
2911 3341 3117 3412 fratres.
3159 3343 3252 3399 25.
3286 3342 3470 3399 Gratia

1868 3450 1985 3487 cum
2028 3434 2260 3489 omnibus
2298 3435 2458 3489 vobis.
2491 3434 2671 3489 Amen.
2719 3434 2881 3491 Vides
2918 3437 3189 3506 quomodo
3220 3437 3473 3493 ostendat

1869 3529 2119 3585 virtutem
2144 3545 2316 3600 neque
2344 3546 2410 3585 ex
2438 3530 2546 3585 Deo
2564 3530 2805 3593 onmiuo,
2833 3546 3004 3599 neque
3021 3546 3085 3586 ex
3113 3533 3268 3587 nobis
3294 3533 3469 3589 solum

1868 3636 1992 3677 esse
2016 3631 2187 3676 ortam
2203 3620 2227 3676 τ
2246 3622 2478 3677 dicendo
2498 3622 2666 3689 enim,
2691 3621 2930 3693 integros
2961 3639 3044 3678 vos
3076 3626 3233 3696 faciat
3260 3626 3313 3679 in
3335 3628 3473 3680 omni

1869 3712 2001 3767 bono
2032 3729 2204 3785 apere,
2236 3722 2291 3768 et
2317 3720 2537 3780 caztcra,
2568 3712 2672 3769 hoc
2711 3714 2997 3786 signiﬁcat,
3031 3732 3094 3771 ac
3138 3717 3183 3772 si
3229 3718 3473 3774 diceret:

1872 3804 2093 3861 Habetis
2122 3803 2342 3875 quidem
2386 3806 2673 3872 virtutem;
2706 3823 2842 3877 opus
2873 3818 3053 3864 autem
3087 3808 3296 3866 habetis
3322 3827 3471 3865 Cttlll-

1870 3899 2166 3971 plemcuto.
2194 3896 2329 3954 Cum
2360 3897 2494 3953 dicit
2535 3909 2714 3953 autem
2750 3916 2763 3953 :
2794 3902 2970 3970 Opere
3012 3910 3065 3955 ct
3112 3901 3277 3956 verlm
3310 3903 3472 3967 bono,

1870 3991 2192 4063 signiﬁcavit
2216 4001 2271 4048 et
2300 3992 2465 4047 vitam
2496 4002 2551 4049 ct
2591 3993 2843 4065 dogmata
2889 4003 3035 4049 recta
3082 4010 3205 4051 esse
3249 3995 3471 4053 debere.

1872 4083 2042 4140 Recte
2066 4084 2229 4140 etiam
2262 4082 2363 4139 hoc
2377 4084 2587 4140 addidit
2608 4103 2621 4140 :
2642 4084 2863 4140 Facieus
2886 4088 2937 4141 in
2959 4087 3095 4141 vobis
3116 4091 3255 4159 quod
3274 4090 3478 4162 placeat

1873 4193 2045 4232 coram
2068 4193 2141 4232 se.
2172 4174 2359 4233 Coram
2385 4193 2441 4232 sc
2462 4193 2480 4231 :
2502 4177 2619 4232 luce
2647 4178 2793 4234 enim
2816 4188 2899 4234 est
2926 4181 3096 4236 virtus
3128 4185 3367 4238 maxima
3393 4186 3477 4241 fa-

1874 4284 2002 4326 cere
2026 4268 2171 4341 quod
2205 4268 2416 4340 placeat
2441 4284 2626 4325 coram
2653 4269 2797 4325 Deo:
2824 4272 2966 4327 sicut
2988 4272 3152 4329 etiam
3189 4276 3318 4331 dicit
3340 4276 3478 4332 1³η)-

1875 4363 2037 4434 pheta
2062 4379 2077 4417 :
2110 4361 2405 4420 Samnium
2432 4364 2703 4433 puritatem
2746 4381 2991 4419 manuum
3018 4382 3245 4422 mearum
3268 4369 3320 4423 in
3349 4386 3477 4425 con-

1876 4468 2050 4528 spectu
2098 4455 2365 4511 oculorum
2409 4457 2521 4526 eius
2568 4456 2745 4529 (l’sal.
2797 4460 2885 4513 l7.
2914 4458 3017 4514 21.
3052 4460 3174 4534 25).
3203 4461 3336 4518 Cum
3371 4474 3479 4522 tam

1879 4552 2044 4607 multa
2070 4560 2251 4606 autem
2283 4550 2613 4625 scripsisset,
2640 4568 2805 4623 pauca
2833 4568 2893 4607 ea
2920 4568 3045 4611 esse
3073 4555 3227 4621 dixit,
3260 4558 3305 4612 si
3332 4558 3483 4616 vidc-

1882 4646 2007 4701 licet
2053 4642 2403 4699 conferantur
2443 4660 2567 4699 cum
2602 4646 2666 4699 iis
2713 4662 2833 4715 qua:
2873 4657 2990 4701 erat
3036 4648 3312 4705 dicturus:
3347 4652 3486 4708 sicut

1884 4737 2047 4793 etiam
2079 4736 2206 4791 alibi
2234 4734 2397 4791 dicit:
2423 4735 2571 4791 Sicut
2595 4736 2779 4805 scripsi
2800 4738 2938 4794 vobis
2959 4739 3010 4794 in
3028 4739 3167 4795 breui
3185 4755 3204 4794 :
3219 4752 3370 4811 prout
3389 4760 3485 4813 po—

1885 4830 2022 4884 testis
2049 4828 2267 4899 lcgentes
2296 4827 2581 4898 intelligere
2604 4828 2933 4898 prudentiam
2962 4848 3126 4887 meam
3154 4835 3208 4887 in
3239 4837 3482 4906 mysteria

1885 4922 2074 4975 Christi
2101 4919 2318 4993 (Ephes.
2352 4922 2409 4976 5.
2436 4922 2491 4977 5.
2515 4917 2594 4991 4).
2615 4920 2751 4978 Vide
2778 4931 2959 4979 autem
2987 4924 3103 4995 ejus
3136 4927 3481 4996 sapientiam.

1884 5014 1997 5070 Non
2026 5014 2181 5077 dixit,
2215 5011 2357 5083 Rogo
2381 5026 2467 5067 vos
2490 5010 2819 5079 utsnﬁ'eratis
2844 5015 3049 5070 verbum
3074 5017 3481 5083 admonitionis,

1883 5105 2002 5170 sed,
2019 5104 2229 5169 Solatii,
2249 5104 2353 5159 hoc
2373 5114 2475 5169 est,
2500 5106 2909 5171 consolationis,
2931 5108 3349 5167 adhortationis.
3366 5112 3482 5167 Non

1886 5206 2083 5269 potest,
2110 5196 2302 5267 inquit,
2324 5196 2603 5267 quisquam
2622 5196 2900 5268 delatigari
2920 5200 2989 5253 oh
3011 5202 3373 5269 prolixitatem
3401 5223 3487 5258 eo.

1884 5304 2002 5343 rum
2024 5304 2142 5359 qua:
2165 5287 2305 5343 dicta
2327 5298 2475 5344 sunt.
2504 5290 2641 5355 Quid
2672 5292 2838 5361 ergo?
2868 5293 3093 5350 hoccine
3118 5305 3235 5350 crat
3257 5297 3399 5367 quod
3432 5311 3487 5351 ut

1883 5390 2265 5437 aversarentur
2312 5380 2579 5438 faciebat?
2603 5384 2862 5440 Minime:
2897 5402 3004 5441 non
3040 5399 3215 5444 tamen
3261 5393 3342 5447 eis
3374 5395 3486 5447 vult

1881 5474 2169 5531 ostendere
2188 5489 2288 5530 nec
2313 5474 2516 5540 dicere,
2535 5475 2734 5532 Pusillo
2754 5478 2887 5534 estis
2902 5481 3083 5537 animo
3106 5498 3119 5534 :
3145 5498 3267 5537 nam
3291 5499 3482 5539 eorum

1880 5568 1969 5638 qui
1989 5578 2115 5621 sunt
2135 5566 2400 5637 ejusmodi
2420 5578 2503 5623 cst
2519 5569 2795 5639 proprium
2827 5588 2935 5627 non
2956 5575 3095 5630 ferre
3119 5575 3332 5647 longam
3360 5593 3483 5632 ora-

1880 5661 2107 5715 tionem.
2140 5658 2441 5732 Cognoscite
2465 5664 2679 5732 fratrem
2707 5661 3025 5720 Timotheum
3054 5667 3346 5735 dimissum,
3364 5688 3481 5724 cum

1877 5770 1997 5822 (μω,
2025 5752 2069 5806 si
2094 5753 2307 5807 celerius
2336 5754 2544 5820 venerit,
2576 5754 2745 5810 videbo
2776 5772 2882 5811 vos.
2916 5759 3026 5811 lloc
3046 5762 3178 5814 satis
3201 5774 3285 5815 est
3308 5762 3371 5815 ad
3401 5765 3481 5817 eis

1878 5845 2307 5913 persuadendum
2333 5859 2391 5901 ut
2418 5861 2477 5901 se
2510 5847 2815 5915 demittant,
2845 5852 2887 5905 si
2934 5860 3150 5921 paratus
3180 5861 3263 5908 est
3293 5869 3479 5911 ventre

1877 5954 1997 5995 tum
2045 5938 2329 6013 discipulo.
2368 5940 2609 5998 Salutate
2650 5957 2823 6000 euntes
2868 5944 3168 6015 propositos
3198 5957 3388 6005 uestras
3433 5961 3481 6004 et
