4134 6342
644 458 817 497 clunes
835 449 1050 495 sanctos.
1063 439 1193 496 Vide
1212 438 1477 509 quomodo
1500 440 1639 505 ipSos
1667 436 2005 492 honoraverit
2018 480 2031 500 ,
2050 438 2212 506 siqui-

643 535 764 589 tlcm
784 534 848 586 ad
874 534 991 586 illos
1009 535 1103 601 pro
1121 532 1232 584 istis
1249 529 1479 598 scripsit.
1496 528 1734 584 Salutant
1756 545 1839 582 vos
1855 529 1919 583 de
1937 527 2090 581 Italia
2110 532 2213 597 fra-

642 638 761 679 tres.
797 624 972 679 Gratia
1000 640 1113 677 cum
1132 620 1360 675 omnibus
1387 620 1541 675 vobis.
1560 622 1739 675 Amen.
1764 622 1912 688 Quod
1930 632 2209 677 eratcom~

640 733 801 771 nume
830 715 1084 778 omnium,
1117 712 1215 766 hoc
1245 713 1487 765 ultimum
1512 713 1705 782 posuit.
1732 711 2009 777 Quomodo
2030 721 2206 767 autem

641 816 723 862 est
752 808 915 875 gratia
947 802 1261 859 nobiscum?
1307 803 1363 857 Si
1406 817 1511 857 non
1546 802 1742 873 probro
1787 811 1841 857 et
1882 803 2206 857 contumelia

639 898 934 951 alliciatttus
964 896 1312 950 beneﬁcium:
1346 894 1393 948 si
1421 909 1522 947 non
1552 893 1719 947 simus
1746 894 2001 950 socordes
2019 894 2210 949 adver-

638 1006 727 1043 sus
757 990 976 1043 donum.
1009 986 1143 1055 Quid
1175 999 1257 1039 eat
1302 986 1505 1055 gratia?
1536 983 1804 1038 Remissio
1842 994 2202 1054 peccatorum,

638 1082 915 1151 purgatio:
953 1079 1064 1133 ba-c
1090 1078 1234 1133 enim
1279 1077 1551 1130 nobiscum
1582 1086 1683 1130 est.
1726 1076 1855 1143 Quis
1897 1077 2061 1140 enim,
2111 1080 2200 1147 qui

637 1174 829 1242 probro
855 1170 1033 1225 ali'ecit
1059 1179 1111 1225 et
1140 1170 1482 1233 Contumelia,
1543 1177 1714 1236 potest
1766 1169 2034 1223 custodire
2079 1186 2199 1239 gra-

636 1266 783 1328 tiam,
832 1272 884 1317 et
931 1277 1048 1315 eam
1098 1277 1203 1315 non
1251 1260 1457 1329 perdit?
1508 1259 1701 1329 Utputa
1747 1261 2065 1316 condonavit
2109 1263 2203 1318 tibi

636 1366 883 1424 peccem:
914 1353 1175 1424 quomodo
1201 1352 1295 1406 erit
1328 1361 1498 1406 tecum
1525 1352 1713 1421 gratia,
1746 1363 1833 1406 aut
1862 1354 1997 1407 bona
2022 1353 2205 1408 existi-

636 1450 816 1512 matio,
849 1457 938 1501 aut
959 1447 1188 1518 Spiritus
1212 1446 1473 1514 Operatio,
1509 1446 1606 1498 Ilial
1640 1460 1734 1513 per
1768 1446 1933 1499 bonas
1961 1448 2201 1503 actiones

633 1539 1087 1597 cantattraxeris?
1130 1539 1239 1591 lloc
1265 1536 1407 1591 enim
1448 1549 1527 1592 est
1569 1552 1727 1590 causa
1767 1538 2002 1591 omnium
2028 1538 2200 1594 bono-

633 1648 772 1697 rum,
806 1630 948 1700 quod
980 1632 1033 1684 in
1065 1629 1217 1683 nobis
1258 1644 1471 1698 semper
1500 1637 1708 1683 maneat
1733 1628 1904 1698 gratia
1930 1630 2156 1698 Spiritus
2182 1649 2197 1687 :

632 1741 694 1781 ca
725 1726 868 1781 enim
897 1732 979 1779 est
1008 1722 1161 1777 nobis
1189 1722 1292 1777 dux
1345 1722 1410 1776 ad
1458 1721 1633 1775 omnia
1656 1763 1669 1787 ,
1702 1722 1838 1776 sicut
1879 1722 2091 1793 quando
2136 1740 2199 1780 ea

632 1834 665 1873 a
712 1820 865 1872 nobis
910 1817 1217 1880 avolavcrit,
1251 1831 1347 1871 nos
1399 1816 1569 1883 perdit
1613 1824 1667 1870 et
1718 1817 1957 1870 desertos
2010 1811 2199 1867 reddit.

705 1912 758 1965 5.
804 1911 881 1965 Ne
922 1926 1038 1965 eam
1070 1925 1198 1978 ergo
1240 1909 1557 1976 repellamus
1582 1925 1596 1971 ;
1626 1916 1709 1963 est
1749 1909 1890 1962 enim
1927 1906 1980 1960 in
2020 1912 2202 1960 nostra

637 2009 901 2070 potestate
930 2010 985 2054 ut
1014 2015 1075 2054 ea
1099 2009 1153 2054 et
1185 2008 1415 2066 maneat,
1446 2008 1500 2054 et
1527 1998 1763 2053 recedat.
1789 1996 1918 2052 illud
1946 1996 2089 2051 enim
2119 1994 2200 2060 lit,

634 2092 846 2159 quando
872 2093 1167 2160 cogitamus
1190 2089 1422 2145 caelestia
1441 2107 1455 2155 ;
1475 2092 1577 2145 hoc
1600 2105 1744 2152 vero,
1771 2087 1980 2157 quando
2005 2102 2066 2141 ea
2085 2099 2203 2156 qua

634 2180 702 2235 ad
736 2181 871 2237 hanc
900 2181 1060 2234 vitam
1090 2182 1371 2250 pertinent.
1407 2180 1565 2248 Quem
1595 2180 1812 2235 muitdus
1835 2220 1849 2243 ,
1884 2178 2072 2249 inquit,
2100 2193 2203 2231 non

637 2282 796 2341 potest
822 2275 1065 2339 accipere.
1085 2273 1202 2341 quia
1222 2288 1322 2325 non
1346 2272 1473 2324 videt
1503 2288 1635 2335 eum,
1658 2286 1746 2325 nec
1767 2270 1860 2324 scit
1886 2285 1998 2324 eum
2022 2267 2203 2341 (Joan.

639 2364 722 2418 14.
738 2363 848 2434 17).
871 2362 1124 2417 biundum
1142 2372 1291 2417 vocat
1308 2362 1465 2416 vitam
1490 2362 1783 2430 improbam
1801 2372 1853 2416 et
1876 2358 2203 2430 turpem.“-

636 2454 733 2510 des
752 2468 855 2508 non
873 2468 991 2508 esse
1011 2453 1289 2507 inumlana:
1307 2454 1497 2506 anima:
1515 2462 1571 2506 ut
1592 2452 1643 2506 id
1670 2452 1884 2507 habeat?
1901 2451 2064 2505 Multo
2079 2462 2208 2520 ergo

640 2544 797 2599 tmltls
813 2544 985 2598 studio
1005 2558 1138 2615 Opus
1158 2554 1260 2607 est,
1280 2553 1336 2598 ut
1357 2543 1405 2597 id
1434 2560 1462 2598 a
1487 2543 1637 2597 nobis
1664 2543 1976 2611 retineatur,
1994 2551 2205 2596 nostra-

636 2651 740 2704 que
784 2636 961 2690 omnia
1004 2634 1273 2705 dispenset
1317 2648 1372 2690 et
1418 2634 1750 2689 administret
1781 2648 1949 2703 eaque
1986 2633 2039 2688 in
2071 2643 2204 2695 tuto,

638 2736 691 2780 et
713 2728 874 2781 inulta
907 2741 1036 2796 pace
1055 2728 1300 2780 collocct.
1327 2725 1475 2781 Sicut
1503 2726 1642 2779 enim
1672 2724 1792 2781 ﬁeri
1821 2742 1923 2779 non
1950 2732 2127 2795 potest
2151 2732 2210 2780 ut

640 2817 807 2881 navis,
841 2833 957 2883 quae
988 2826 1144 2870 vrnto
1175 2817 1409 2870 secundo
1437 2814 1626 2881 fertur,
1661 2815 1999 2886 impediatur,
2033 2829 2208 2885 neque

640 2919 697 2963 ut
727 2909 1082 2977 demergatur,
1106 2909 1277 2961 donec
1319 2921 1473 2962 vento
1503 2908 1695 2962 fruitur
1719 2922 1976 2977 prospero
2004 2915 2057 2960 et
2082 2920 2207 2976 per-

642 3014 830 3069 petuo;
853 3001 943 3053 sed
971 3011 1023 3052 et
1052 3008 1328 3069 postquam
1353 2999 1586 3062 redierit,
1623 3014 1866 3069 magnam
1890 2999 1973 3053 sui
1994 3013 2208 3053 succes-

639 3109 732 3149 sus
751 3094 949 3163 przebet
966 3093 1189 3163 gloriam
1203 3103 1254 3147 et
1273 3094 1446 3147 nautis
1467 3101 1519 3147 et
1534 3094 1854 3148 vectoribus:
1879 3093 1982 3148 illis
1998 3091 2209 3162 quidem

640 3186 772 3238 dans
799 3185 1052 3253 quiezem,
1073 3192 1128 3238 ct
1154 3199 1259 3237 non
1283 3184 1463 3239 sinens
1492 3193 1545 3239 ut
1571 3187 1730 3239 remis
1749 3183 2092 3249 adlaborent;
2114 3184 2212 3239 hos

639 3287 812 3329 autem
840 3275 909 3329 ab
928 3276 1071 3329 oumi
1104 3283 1251 3330 metu
1283 3273 1537 3340 liberans,
1554 3285 1606 3330 et
1618 3275 2065 3344 jucundissimnm
2085 3289 2209 3345 spe-

637 3368 900 3423 ctaculum
929 3367 1009 3423 eis
1031 3383 1182 3421 suum
1214 3367 1455 3438 praebens
1476 3383 1689 3423 cursum
1716 3385 1729 3422 ε
1760 3368 1829 3422 ita
1852 3368 2011 3423 etiam
2034 3367 2211 3423 anima

636 3462 819 3516 divino
849 3459 1050 3516 munita
1079 3458 1279 3530 Spiritu
1312 3470 1394 3516 est
1421 3460 1667 3531 superior
1706 3461 1919 3532 quidem
1960 3460 2213 3516 omnibus

638 3552 882 3607 ﬂuctibus
912 3551 1068 3622 hujus
1099 3552 1254 3618 vitae;
1279 3550 1415 3605 viam
1442 3561 1642 3619 autem,
1662 3566 1780 3621 qua:
1801 3549 1908 3607 fert
1927 3550 2209 3618 incautum,

639 3656 785 3702 secat
812 3645 1179 3701 vehementius
1204 3660 1362 3714 quam
1388 3645 1476 3699 illa
1503 3646 1674 3709 navis,
1695 3654 1751 3698 ut
1777 3659 1897 3715 qua:
1924 3660 2029 3699 non
2057 3644 2215 3715 pella-

642 3750 726 3793 tur
752 3756 781 3793 a
814 3749 973 3794 vento
996 3781 1009 3803 ,
1042 3737 1135 3793 sed
1179 3738 1292 3793 vela
1321 3737 1532 3803 habeat,
1565 3752 1734 3807 eaque
1764 3735 1960 3791 munda
2000 3736 2215 3806 impleta

638 3838 707 3885 ab
743 3832 859 3900 ipso
909 3830 1182 3885 Paracleto
1211 3848 1224 3886 :
1254 3838 1305 3884 et
1333 3843 1361 3882 a
1413 3837 1595 3884 nostra
1622 3828 1943 3899 cogitatione
1996 3828 2216 3898 expellit

638 3920 891 3993 quidquid
933 3930 1017 3976 est
1065 3922 1248 3985 molle,
1298 3929 1608 3976 enervatum
1665 3929 1720 3975 et
1774 3920 2112 3975 dissolutum.
2146 3919 2216 3975 Ut

641 4016 787 4070 enim
815 4022 1003 4068 ventus
1032 4012 1271 4068 incidens
1300 4012 1351 4065 in
1384 4012 1561 4067 velum
1590 4012 1766 4066 laxum
1792 4020 1847 4067 et
1872 4012 2049 4077 molle,
2082 4012 2213 4067 nihil

640 4104 840 4174 egerit:
866 4103 934 4157 ita
963 4103 1121 4158 etiam
1158 4112 1366 4157 sanctus
1396 4100 1622 4170 Spiritus
1650 4100 1701 4156 in
1729 4103 1960 4157 animam
2002 4102 2215 4159 mollem

645 4194 750 4262 μςιιί
769 4210 872 4249 non
901 4204 1074 4263 potest
1101 4203 1157 4247 ut
1180 4202 1409 4260 maneat,
1431 4192 1526 4249 sed
1551 4207 1740 4264 magna
1758 4193 2062 4250 intensione
2081 4208 2216 4265 opus

642 4302 722 4343 est
750 4298 800 4343 et
830 4287 1188 4343 vehementia.

717 4384 926 4435 Animus
948 4379 1223 4437 Christiani
1246 4378 1427 4435 ardens
1441 4380 1505 4436 sit
1520 4379 1989 4453 oportet—itaque
2005 4388 2217 4450 oportet

659 4474 715 4518 ut
755 4464 907 4520 nobis
933 4465 1003 4520 sit
1031 4466 1227 4521 ardens
1258 4468 1468 4522 animus
1497 4508 1513 4533 ,
1551 4477 1606 4522 et
1647 4482 1859 4539 semper
1885 4469 1994 4524 sint
2028 4478 2212 4524 nostra

655 4570 818 4626 cpera
842 4557 1069 4625 intensa,
1101 4557 1254 4613 fortia
1279 4568 1333 4614 et
1355 4561 1652 4615 constantia
1679 4576 1694 4617 :
1723 4572 1777 4615 ut
1801 4602 1816 4626 ,
1848 4561 2063 4632 quando
2091 4576 2220 4618 ora-

656 4662 799 4709 mus.
827 4647 929 4704 hoc
975 4665 1005 4704 a
1056 4650 1207 4705 nobis
1234 4666 1354 4706 cum
1377 4667 1563 4721 magna
1592 4652 1889 4709 faciendum
1929 4664 2013 4710 est
2042 4655 2223 4712 inten-

656 4741 832 4806 sione,
866 4741 1091 4796 animam
1116 4742 1169 4797 in
1196 4742 1385 4798 czclum
1415 4742 1827 4811 intendentibus,
1851 4760 1957 4801 non
1982 4744 2218 4813 (utribus,

656 4833 750 4887 sed
780 4847 968 4902 magna
990 4833 1152 4888 animi
1185 4834 1477 4890 alacritate.
1517 4834 1743 4902 Quando
1778 4852 1963 4893 rursus
2004 4838 2227 4894 misere-

657 4940 795 4989 mur,
818 4924 970 4980 nobis
996 4940 1129 4995 opus
1157 4935 1238 4982 est
1261 4927 1578 4994 iutcnsione,
1595 4943 1660 4982 ne
1682 4943 1810 4983 cura
1833 4927 2023 4984 domus
2048 4938 2103 4985 et
2127 4929 2230 4985 sol-

657 5014 876 5071 licitudo
895 5014 964 5073 de
996 5016 1178 5072 liberis
1203 5025 1259 5073 et
1298 5033 1484 5083 uxore,
1512 5028 1566 5072 ct
1605 5028 1775 5073 metus
1806 5019 2131 5089 paupertatis
2158 5020 2230 5075 ir-

657 5120 841 5171 ruens,
858 5108 1248 5164 velumlaxctet
1265 5109 1518 5164 remittat.
1533 5106 1663 5163 Nam
1685 5109 1729 5163 si
1761 5110 1809 5164 id
1832 5111 2067 5181 undique
2082 5120 2229 5167 recte

657 5196 1044 5253 intenderimus
1074 5213 1167 5268 spe
1192 5198 1507 5265 futurorum,
1532 5211 1675 5256 recte
1697 5204 1932 5273 suscepit
1953 5206 2226 5273 operatio—

657 5305 778 5343 nem
806 5289 1032 5359 Spiritus
1064 5306 1076 5342 :
1106 5305 1171 5345 ex
1198 5290 1300 5346 illis
1327 5302 1504 5346 autem
1526 5292 1685 5348 rebus
1700 5293 1914 5348 caducis
1939 5306 1993 5351 et
2018 5296 2225 5352 miseris

658 5382 789 5437 nihil
818 5382 868 5437 in
898 5398 1016 5438 eam
1038 5383 1261 5449 incidet;
1285 5385 1378 5439 sed
1397 5386 1496 5441 etsi
1529 5387 1790 5453 inciderit,
1819 5389 1985 5460 ipsam
2009 5390 2223 5460 quidem

660 5473 791 5531 nihil
812 5475 975 5544 laadit,
996 5478 1089 5533 sed
1108 5476 1286 5533 statim
1309 5475 1556 5536 ﬁrmitate
1582 5495 1643 5536 ac
1658 5479 1850 5537 duritie
1876 5482 2153 5555 repellitur
2169 5495 2225 5542 et

1370 349 1426 403 8.
1461 346 1731 403 JUANNIS
1758 343 2223 399 CllltYSOSTOMl
2263 343 2571 398 AliClllEl’.
2617 338 3143 397 CONSTANTINOP.

3784 338 3897 398 236

2310 427 2509 484 excidit
2538 443 2839 483 excussura.
2871 428 3156 494 Propterea
3185 440 3310 496 ergo
3340 426 3493 481 nobis
3529 442 3717 499 magna
3744 444 3890 498 Opus

2308 533 2390 575 est
2418 520 2717 573 intensione
2751 538 2762 569 :
2799 521 2992 572 etenim
3031 533 3129 573 nos
3157 532 3369 589 quoque
3397 532 3645 588 magnum
3673 528 3729 572 et
3754 534 3890 589 Spa-

2310 615 2501 667 tiosum
2546 626 2693 666 mare
2736 613 3076 680 navigamus,
3107 611 3323 681 plenum
3370 612 3553 666 multis
3595 611 3792 667 belluis
3833 621 3891 667 et

2309 704 2576 774 scopulis,
2602 713 2656 760 et
2676 706 2871 758 multas
2903 704 3056 758 nobis
3084 704 3298 773 pariens
3326 713 3667 774 tempestates
3688 746 3703 769 ,
3736 715 3792 761 et
3820 720 3889 761 ex

2309 810 2495 865 magna
2561 796 2849 850 serenitate
2911 796 3231 850 saevissimas
3298 798 3558 865 procellas
3617 798 3886 853 excitans.

2309 889 2531 958 Oportet
2562 903 2706 959 ergo,
2735 888 2779 942 si
2810 890 3037 943 velimus
3068 888 3223 943 facile
3250 890 3499 960 navigare
3526 899 3579 946 et
3604 891 3721 946 sine
3746 891 3891 960 peri-

2307 982 2448 1046 culo,
2475 981 2590 1036 vela
2623 980 2864 1046 tendere,
2892 980 2993 1035 hoc
3022 989 3124 1046 est,
3151 981 3380 1036 liberum
3404 983 3568 1037 animi
3599 984 3765 1038 nostri
3798 998 3891 1040 ar-

2308 1074 2568 1129 bitrium:
2612 1074 2715 1129 hoc
2763 1076 2904 1130 enim
2960 1075 3115 1129 nobis
3158 1074 3375 1130 sufﬁcit.
3424 1075 3557 1130 Nam
3615 1077 3890 1133 Abraham

2313 1180 2521 1235 quoque
2547 1177 2821 1237 postquam
2844 1181 2997 1221 suum
3021 1166 3085 1221 ad
3110 1166 3274 1221 Deum
3298 1167 3523 1223 intendit
3543 1167 3889 1235 desiderium,

2316 1257 2712 1329 perfectamque
2737 1269 2790 1314 et
2819 1259 3076 1329 integram
3109 1258 3354 1314 exhibuit
3379 1260 3725 1325 votuntatem,
3757 1279 3895 1332 qua-

2311 1365 2431 1403 nam
2460 1364 2518 1404 re
2543 1350 2646 1403 alia
2676 1365 2808 1419 opus
2835 1349 3068 1404 habuit?
3100 1350 3241 1403 nulla
3268 1393 3281 1417 ,
3310 1351 3403 1406 sed
3428 1350 3653 1406 Credidit
3685 1352 3808 1415 Deo,
3844 1363 3894 1407 et

2309 1448 2593 1509 reputatum
2619 1449 2693 1495 est
2719 1441 2763 1494 ei
2783 1440 2852 1494 ad
2866 1441 3117 1511 justitiam
3140 1440 3289 1509 (Gen.
3326 1442 3411 1496 15.
3432 1442 3510 1512 6).
3531 1442 3683 1497 Fides
3711 1454 3892 1498 autem

2310 1541 2392 1585 est
2415 1546 2558 1601 pura:
2580 1540 2635 1586 et
2649 1531 2874 1587 sincera:
2889 1532 3195 1586 voluntatis.
3212 1532 3414 1587 Obtulit
3435 1533 3621 1597 ﬁlimu,
3644 1547 3695 1589 et
3710 1552 3897 1605 quam-

2311 1622 2391 1675 vis
2421 1636 2526 1676 non
2555 1622 2829 1688 occiderit,
2849 1624 3053 1695 acoepit
3083 1634 3259 1680 tamen
3284 1624 3582 1680 mercedem
3605 1641 3663 1682 ac
3694 1627 3897 1682 εἶρα-ἰ-

2312 1713 2507 1783 disset;
2529 1727 2584 1773 et
2606 1718 2848 1787 quamvis
2871 1716 3063 1773 factum
3097 1733 3207 1774 non
3238 1729 3379 1773 esset
3400 1718 3673 1787 Opus,data
3698 1731 3779 1776 est
3808 1732 3893 1773 ta-

2308 1822 2430 1863 men
2447 1822 2673 1865 merces.
2694 1809 2814 1865 Sint
2832 1826 2958 1882 ergo
2979 1812 3137 1869 nobis
3163 1814 3279 1868 vela
3308 1813 3526 1880 munda,
3555 1829 3689 1868 nova
3712 1825 3764 1869 et
3786 1830 3895 1870 non

2309 1898 2649 1956 inveterata:
2693 1899 2830 1956 Nam
2854 1903 3097 1972 quidquid
3121 1906 3432 1960 inveterascit
3460 1915 3508 1959 et
3550 1908 3895 1974 consenescit,

2311 2005 2468 2059 prope
2490 1990 2743 2048 interitum
2772 2004 2846 2048 est
2872 1994 3072 2063 (Hebr.
3104 1996 3155 2051 8.
3187 1997 3253 2051 13
3275 1998 3327 2067 );
3362 2012 3465 2051 non
3495 1998 3760 2069 perforata
3792 2042 3806 2063 ,
3836 2010 3897 2056 ut

2309 2082 2616 2138 contineant
2642 2087 3248 2157 OperationcmSpiritus
3278 2104 3293 2145 :
3326 2090 3574 2145 Animalis
3594 2092 3736 2146 enim
3764 2130 3781 2157 ,
3813 2090 3900 2145 in-

2312 2175 2444 2239 quit,
2459 2175 2607 2229 homo
2624 2193 2722 2231 non
2739 2180 2873 2244 capit
2898 2194 2957 2231 ea
2979 2194 3091 2248 qua
3108 2190 3224 2234 sunt
3251 2179 3473 2251 Spiritus
3490 2182 3566 2254 (Ι.
3582 2181 3698 2237 Cor.
3712 2182 3797 2237 ΞΛ
3811 2185 3892 2250 4).

2311 2263 2458 2320 Sicut
2472 2267 2615 2322 enim
2637 2269 2755 2323 telae
2770 2284 3085 2325 aranearum
3104 2270 3209 2325 vim
3229 2272 3370 2327 venti
3397 2287 3502 2327 non
3518 2276 3848 2344 susceperint
3879 2294 3893 2329 :

2314 2356 2383 2411 ita
2410 2371 2508 2412 nec
2535 2358 2711 2413 anima
2738 2358 2894 2430 hujus
2921 2361 3044 2415 vitae
3067 2361 3211 2417 curis
3236 2362 3435 2429 dedita,
3464 2379 3562 2421 uec
3589 2364 3748 2419 homo
3778 2368 3897 2420 ani-

2313 2448 2465 2503 malis
2493 2449 2686 2520 poterit
2711 2466 2960 2521 umquam
2986 2452 3258 2523 suscipere
3283 2454 3508 2523 gratiam
3537 2454 3786 2524 Spiritus.
3813 2457 3899 2513 Ab

2314 2541 2421 2597 illis
2450 2542 2593 2597 enim
2625 2541 2754 2596 nihil
2781 2541 2983 2598 distant
3005 2543 3201 2598 nostra:
3230 2544 3607 2615 cogitationes,
3631 2548 3746 2602 visu
3777 2550 3895 2616 qui-

2312 2631 2433 2687 dein
2472 2635 2642 2688 solum
2672 2646 2951 2690 servantes
2978 2636 3414 2705 consequentiam
3441 2679 3456 2700 ,
3488 2639 3707 2706 privata:
3745 2639 3897 2694 omni

2314 2724 2527 2779 virtute.
2555 2724 2659 2781 Sed
2686 2734 2867 2780 nostra
2900 2740 3003 2781 non
3026 2736 3149 2782 sunt
3171 2725 3495 2797 bujusmodi,
3522 2729 3566 2782 si
3588 2728 3893 2798 sapiamus;

2312 2814 2404 2869 sed
2427 2814 2680 2885 quidquid
2711 2815 2975 2881 inciderit,
2992 2826 3175 2871 tenent
3202 2819 3401 2884 omnia,
3426 2828 3480 2874 et
3500 2829 3625 2873 sunt
3645 2819 3899 2876 omnibus

2312 2908 2608 2978 superiora,
2636 2917 2689 2963 et
2713 2909 2902 2978 quovis
2934 2905 3123 2978 laqueo
3149 2909 3391 2966 fortiora.

2384 3001 2682 3072 Spiritualis
2704 3004 2875 3057 omnia
2898 3010 2993 3075 fert
3014 3003 3403 3060 libentem—Sit
3428 3004 3569 3060 enim
3599 3006 3680 3061 vir
3699 3006 3900 3077 aliquis

2313 3094 2621 3161 spiritualis,
2652 3094 2774 3148 etei
2802 3097 3109 3165 Contingunt
3136 3096 3545 3152 innumerabilia
3574 3098 3709 3151 mala
3730 3109 3783 3153 et
3815 3101 3899 3153 in-

2313 3184 2614 3251 commoda,
2639 3200 2667 3236 a
2693 3186 2834 3239 nullo
2861 3200 3044 3240 eorum
3074 3187 3298 3256 capitur.
3327 3188 3392 3242 Et
3421 3190 3548 3260 quid
3574 3190 3730 3245 dico?
3753 3191 3894 3247 infe-

2314 3288 2460 3332 ratur
2489 3278 2562 3332 illi
2592 3288 2896 3349 paupertas,
2929 3279 3169 3344 morbus,
3196 3283 3555 3345 contumeliat.
3587 3284 3894 3353 maledicta,

2314 3368 2564 3435 ludibria,
2587 3372 2773 3440 plagw,
2794 3386 2951 3427 omne
2967 3387 3133 3442 genus
3150 3374 3414 3443 supplicii,
3441 3389 3600 3429 omne
3626 3392 3796 3443 genus
3820 3378 3893 3433 ir-

2314 3462 2529 3517 risionis
2542 3470 2598 3517 et
2617 3462 2919 3532 opprobrii;
2940 3474 2995 3517 at
3025 3473 3290 3535 tamquam
3319 3468 3405 3537 qui
3434 3468 3504 3522 sit
3523 3478 3670 3524 extra
3700 3470 3891 3527 orbem

2316 3561 2473 3609 teme
2497 3562 2553 3607 et
2577 3552 2713 3608 liber
2736 3553 2806 3608 ab
2845 3555 3092 3611 omnibus
3114 3558 3356 3627 corporis
3383 3559 3755 3618 all‘ectiouibus
3775 3605 3787 3627 ,
3823 3564 3896 3618 ita

2314 3645 2927 3713 omniairridebit.Quod
2944 3658 3120 3703 autem
3149 3648 3263 3705 huic
3280 3652 3438 3706 verba
3464 3669 3565 3706 non
3596 3663 3794 3709 temere
3806 3656 3897 3725 ja-

2307 3744 2545 3802 ctentur,
2562 3735 2753 3791 multos
2771 3738 3017 3792 existimo
3033 3754 3174 3795 nunc
3195 3754 3405 3811 quoque
3420 3758 3540 3798 esse
3562 3743 3891 3813 hujusmodi,

2318 3835 2374 3881 ut
2393 3842 2456 3881 ex
2486 3826 2551 3880 iis
2568 3829 2655 3895 qui
2679 3842 2737 3881 se
2753 3837 3070 3896 receperunt
3094 3829 3146 3883 in
3168 3830 3507 3887 solitudines.
3529 3834 3631 3889 Sed
3658 3851 3762 3888 non
3784 3844 3893 3900 est,

2318 3919 2486 3987 inquit
2510 3958 2525 3982 ,
2557 3917 2771 3973 mirum.
2815 3918 2924 3989 Ego
2950 3930 3129 3976 autem
3157 3921 3278 3978 dico
3306 3924 3438 3980 tales
3461 3927 3628 3981 etiam
3671 3942 3793 3984 esse
3841 3930 3898 3985 in

2318 4011 2624 4067 civitatibus
2645 4053 2659 4075 ,
2706 4026 2840 4077 quos
2881 4010 3103 4069 minime
3132 4014 3428 4072 existimes.
3461 4016 3517 4072 Si
3548 4017 3627 4073 vis
3670 4030 3850 4074 autem
3878 4061 3897 4086 ,

2320 4118 2536 4173 possum
2559 4102 2844 4158 ostendere
2868 4104 3075 4175 aliquos
3101 4121 3165 4161 ex
3197 4107 3264 4162 iis
3291 4107 3380 4176 qui
3411 4108 3625 4165 fuerunt
3650 4112 3798 4167 olim.
3827 4112 3897 4169 Et

2318 4205 2376 4250 ut
2417 4196 2718 4265 intelligas,
2764 4198 2943 4251 veniat
2989 4199 3082 4253 tibi
3116 4200 3167 4255 in
3208 4209 3442 4256 mentem
3494 4202 3729 4258 Paulus:
3761 4206 3895 4276 quid

2322 4306 2429 4347 non
2454 4304 2615 4362 grave
2633 4301 2715 4345 est
2738 4307 2926 4362 passus
2950 4294 2974 4349 ι
3002 4294 3129 4366 quid
3150 4310 3255 4349 non
3278 4296 3568 4351 sustinuit?
3588 4296 3683 4353 sed
3711 4297 3897 4352 omnia

2326 4382 2531 4438 terebat
2556 4381 2782 4440 fortiter.
2818 4386 2971 4443 llunc
2996 4387 3265 4443 imitemur
3298 4405 3313 4443 :
3345 4388 3417 4443 ita
3436 4388 3579 4444 enim
3603 4390 3905 4459 poterimus

2324 4473 2516 4529 deduci
2568 4475 2636 4530 ad
2677 4488 2862 4546 portus
2889 4479 3207 4551 tranquillos
3233 4494 3352 4537 cum
3400 4481 3579 4535 multis
3606 4479 3902 4541 mercibus.

2326 4563 2552 4620 Mentem
2574 4580 2701 4637 ergo
2730 4579 2964 4625 n05tram
2993 4571 3046 4625 in
3073 4573 3261 4626 caelum
3286 4569 3637 4627 extendamus
3656 4613 3673 4639 ,
3707 4582 3903 4629 tenea-

2326 4671 2443 4710 mur
2470 4655 2558 4710 illo
2582 4657 2867 4721 desiderio,
2887 4675 2985 4716 nos
2999 4662 3346 4729 conjiciamus
3367 4663 3420 4717 in
3447 4664 3621 4734 ignem
3648 4665 3903 4734 spiritua-

2322 4746 2443 4809 lem.
2466 4746 2681 4805 ﬂanuna
2701 4766 2801 4807 nos
2826 4766 3229 4809 conservemus.
3247 4754 3415 4812 Nemo
3433 4755 3699 4810 ﬂammam
3717 4770 3904 4814 secum

2320 4837 2521 4907 ferens,
2554 4839 2709 4897 timet
2755 4855 2849 4898 eos
2887 4844 2975 4916 qui
3006 4854 3331 4902 occurrunt:
3360 4846 3475 4903 sive
3511 4848 3583 4902 sit
3628 4848 3757 4916 tera,
3784 4848 3903 4905 sive

2314 4931 2491 4999 homo,
2517 4934 2628 4989 sive
2654 4936 2827 5006 laquei
2848 4936 3279 5006 innumerabiles,
3296 4941 3549 5011 quamdiu
3577 4942 3737 5001 fueris
3754 4946 3896 5016 igni-

2316 5033 2427 5091 tus,
2454 5025 2630 5079 omnia
2660 5026 2890 5090 cedunt,
2922 5030 3100 5083 omnia
3128 5029 3257 5085 dant
3294 5029 3491 5088 locum.
3516 5032 3751 5090 Flamma
3783 5052 3895 5093 non

2314 5123 2487 5183 potest
2518 5113 2665 5179 ferri,
2696 5131 2859 5187 rogus
2885 5133 2990 5173 non
3021 5129 3196 5187 potest
3226 5120 3465 5188 tolerari,
3497 5127 3676 5180 omnia
3698 5142 3895 5183 consu-

2311 5206 2430 5259 mit.
2469 5204 2582 5262 lloc
2608 5207 2728 5277 igne
2760 5223 2858 5263 nos
2887 5209 3189 5277 induamus,
3213 5212 3441 5282 gloriam
3471 5217 3761 5273 reteramus
3780 5219 3893 5274 Do-

2311 5298 2457 5354 mino
2486 5310 2670 5354 nostro
2694 5299 2821 5355 .lesu
2863 5300 3100 5369 Christo,
3133 5318 3385 5375 cumquo
3416 5306 3560 5363 Patri
3588 5309 3746 5364 simul
3767 5326 3891 5367 cum

2311 5398 2496 5445 sancto
2538 5390 2737 5460 Spiritu
2774 5392 2939 5462 gloria
2970 5435 2985 5458 ,
3012 5396 3244 5464 potentia
3292 5406 3345 5452 et
3399 5398 3606 5469 honor,
3648 5417 3789 5460 nunc
3840 5413 3897 5459 et

2311 5498 2552 5554 semper,
2578 5493 2631 5541 et
2654 5484 2703 5540 in
2734 5486 2926 5542 stecula
2951 5487 3290 5545 smeulorum.
3324 5491 3516 5549 Amen.
