4134 6342
591 340 690 394 ΞΗ
1310 336 1367 394 S.
1406 336 1455 393 J.
1490 334 1979 392 CHRYSOSTOMI
2038 333 2345 390 ΠΟΜΙῌᾹΞ
2391 334 2455 390 ιΝ
2511 334 2727 393 El’lST.
2768 338 2858 391 AD
2902 336 3106 393 llEBR.
3707 338 3822 392 at:

583 453 729 512 facit
761 449 935 510 fratri
961 495 976 522 ,
1008 450 1140 508 Deo
1164 444 1518 507 convicium
1544 443 1730 515 facit;
1758 448 1819 503 et
1844 443 1954 519 qui
1984 441 2257 502 honorat
2279 441 2559 522 fratrem,
2590 439 2783 522 Deum
2818 439 3548 522 honoraredeclaratur.

659 528 719 588 τι.
755 516 1210 589 Assuescamus
1242 523 1741 603 igiturilinguam
1775 516 2054 603 nostram
2083 522 2162 580 ad
2202 522 2362 603 bene
2396 519 2729 603 dicendum
2774 537 2921 603 esse
2962 520 3315 603 proclivem
3350 516 3670 603 {Abstine
3702 517 3815 603 inf

581 610 744 684 quit,
779 608 1053 685 linguam
1082 596 1313 685 tuam};
1339 601 1522 662 malo.
1556 596 1692 661 Non
1740 601 1909 685 enim
1956 604 2216 685 propter
2258 599 2376 685 hoc
2405 599 2577 659 illam
2610 600 2782 685 Deus
2822 596 3066 685 tribuit,
3096 597 3672 685 utmaledicamus,
3707 596 3818 655 vel

583 676 963 747 conviciavin
996 681 1627 769 invicenijactemus,
1659 680 1757 740 vel
1789 679 2130 769 accusandi
2160 677 3044 769 mutuo‘geramusl‘studi‘um;
3078 677 3183 738 sed
3210 683 3279 769 ut
3304 695 3415 769 per
3440 694 3582 769 eam
3606 676 3815 769 Deuni

585 767 940 837 laudemus,
990 766 1074 824 ut-
1114 762 1219 821 illa
1270 752 1612 836 loquamur
1655 776 1796 837 qua:
1848 760 2118 835 gratiam
2149 752 2554 837 audientibus
2586 754 2939 837 conferant,
2968 756 3231 837 quanad
3264 752 3613 837 profectum
3637 761 3699 837 et
3732 752 3817 813 ad

586 834 1061 905 ardiﬁcationem
1090 834 1427 918 proﬁciunt
1449 834 1909 918 proximorum.
1948 839 2117 918 Pone
2145 836 2297 918 quia
2319 836 2700 918 maledixisti
2735 836 2904 918 hunc
2925 842 3085 918 ,_aut
3116 836 3328 918 illum;
3352 834 3504 918 quid
3534 851 3615 894 ex
3650 834 3813 918 hoc,

588 940 765 1000 rogo,
793 923 1076 982 lucratus
1092 912 1241 1000 'est?
1273 912 1481 1000 nonne
1514 918 1620 977 tibi
1647 916 1765 1000 ipsi
1797 916 2083 1000 maxime
2106 912 2421 1000 nocuisti?
2446 914 2755 1000 siquidem
2788 914 3153 1000 opinionem
3194 914 3649 1000 maledicorum
3679 912 3819 971 ho—

586 992 827 1061 minum
855 998 1178 1060 incurristi
1210 1014 1323 1075 pro
1352 996 1527 1056 nullo
1559 992 2073 1075 esl.Nullumie_st
2101 994 2272 1075 enim
2304 996 2597 1075 protinus
2625 993 2863 1075 malum
2884 1037 2899 1064 ,
2928 992 3098 1075 quod
3128 1010 3335 1075 usque
3377 992 3453 1053 ad
3478 1010 3622 1075 eum
3650 1008 3820 1075 con-

586 1079 892 1156 sistatqui
920 1079 1179 1155 patitur.
1206 1070 1266 1138 et
1294 1093 1419 1135 non
1452 1075 1639 1156 etiam
1655 1074 1839 1156 illurn
1864 1074 1983 1156 qui“
2001 1073 2148 1156 facit
2170 1071 2815 1156 unacomprehendat
2843 1092 2858 1130 :
2893 1072 3076 1156 sicut,
3100 1071 3277 1132 verbi
3308 1088 3526 1156 causa,
3549 1070 3817 1156 invidia.

587 1148 844 1219 invidus
871 1148 1041 1217 enim
1074 1161 1334 1232 putatur
1365 1153 1617 1229 quidem
1652 1148 1935 1232 insidiari
1970 1151 2133 1232 aliis,
2167 1150 2274 1232 sed
2301 1151 2435 1232 ipse
2469 1148 2711 1232 primus
2744 1151 2852 1210 illo
2874 1150 3481 1232 maloconsumitur,
3515 1156 3577 1232 et
3599 1148 3820 1232 tabido

586 1237 775 1297 corde
807 1228 1167 1297 maceratur
1197 1254 1211 1293 :
1246 1233 1319 1293 ad
1344 1228 1475 1292 hch
1502 1231 1690 1291 etiam
1724 1231 1869 1291 odio
1899 1231 2140 1291 cunctis
2168 1230 2525 1290 habebitur.
2558 1230 2716 1307 Item
2745 1230 3011 1307 cupidus
3039 1230 3135 1289 vel
3156 1245 3391 1289 avarus
3415 1228 3627 1289 aufert
3654 1230 3820 1304 qui-

587 1316 727 1375 dem
752 1315 1055 1392 pecunias
1087 1314 1381 1392 aliorum,
1414 1309 1519 1371 sed
1551 1310 1738 1392 etiam
1758 1309 1877 1370 sibi
1907 1307 2123 1392 aufert
2142 1308 2435 1387 gratiam,
2464 1306 2678 1392 aufert
2688 1306 3047 1392 caritatem,
3076 1308 3224 1392 facit
3241 1313 3320 1392 ut
3345 1308 3425 1392 a_b
3444 1307 3820 1392 hominibus

585 1384 943 1455 accusetur.
960 1392 1229 1452 Multum
1255 1390 1490 1467 quippe
1511 1389 1734 1449 melior
1753 1394 1849 1448 est
1869 1388 2085 1467 opinio
2108 1384 2276 1467 bona
2295 1387 2580 1467 pecuniis
2606 1387 2748 1447 :illa
2770 1388 2938 1447 enim
2966 1388 3017 1446 si
3048 1388 3214 1467 mala
3236 1386 3446 1457 fuerit.
3476 1384 3823 1467 non_facile

588 1473 913 1547 abluitur;
949 1472 1252 1556 pecunias
1273 1465 1488 1529 autem
1514 1484 1640 1556 non
1665 1472 1759 1556 est
1782 1466 2021 1556 laberis
2054 1466 2411 1556 acquirere.
2447 1466 2650 1556 Magis
2695 1473 2906 1556 autem
2935 1466 3222 1556 pecunia:
3264 1465 3822 1556 et_cu_m“adsun‘t,

590 1569 716 1612 non
744 1543 1243 1628 satis'a'djuvant,
1276 1553 1338 1607 et
1365 1565 1508 1607 cum
1538 1546 1785 1628 desunt,
1814 1544 1973 1628 nihil
2001 1543 2292 1621 protinus
2319 1543 2585 1628 obsunt;
2609 1546 2827 1628 opinio
2866 1552 3079 1628 autem
3106 1546 3276 1628 bona
3308 1544 3359 1605 si
3388 1543 3819 1628 adsit,‘pr_od-

586 1636 679 1690 est
724 1622 1069 1707 plurimum
1096 1648 1110 1699 ;
1164 1628 1216 1687 si
1247 1643 1400 1687 vero
1435 1625 1631 1695 absit,
1665 1624 1810 1707 facit
1840 1625 2221 1707 probrosum
2250 1629 2450 1707 totum
2480 1624 2827 1707 hominem,
2853 1623 3008 1707 facit
3031 1622 3353 1707 infamem,
3385 1629 3447 1684 et
3476 1623 3818 1707 ridiculum

587 1702 929 1768 constituet
981 1707 1280 1767 omnibus
1324 1707 1385 1763 et
1412 1721 1700 1780 exosum.
1735 1703 2034 1763 Similiter
2068 1702 2413 1763 iracundus
2457 1703 2741 1780 seipsum
2770 1703 3047 1780 primum
3086 1702 3403 1763 dilanians
3448 1702 3704 1780 puniet,
3759 1707 3826 1761 et

591 1793 742 1848 tunc
766 1787 944 1846 illum
981 1790 1203 1846 contra
1232 1801 1421 1861 quem
1464 1784 1897 1861 indignatione
1945 1786 2259 1861 raptatur.
2290 1780 2388 1843 Sic
2430 1786 2491 1840 et
2526 1781 2868 1843 maledicus
2896 1782 3119 1861 primo
3154 1782 3432 1859 seipsum
3458 1780 3817 1849 confundit,

585 1873 645 1923 et
670 1873 818 1925 tunc
844 1865 1021 1924 illum
1050 1864 1151 1924 cui
1184 1860 1427 1922 videtur
1458 1860 1915 1922 maledictionis
1941 1860 2286 1937 importare
2308 1860 2665 1921 convicium
2696 1883 2710 1918 :
2740 1860 2909 1937 quod
2933 1861 3203 1923 fortasse
3232 1861 3489 1938 quidem
3529 1878 3647 1921 nec
3687 1877 3816 1938 ροοο

590 1945 765 2011 terit,
792 1943 911 2003 hoc
935 1948 1059 2014 est,
1087 1946 1156 2000 ut
1190 1942 1295 2001 ille
1324 1940 1587 2001 laedatur
1619 1959 1637 2019 ς
1669 1940 1721 1999 si
1766 1939 2047 2019 tolerans
2070 1941 2424 2019 patienter.
2448 1939 2781 2019 abscedat;
2814 1941 2947 2017 ipse
2980 1957 3129 2001 vero
3177 1939 3414 2001 recedit
3447 1958 3591 2019 cum
3635 1939 3816 2001 stulti

586 2022 913 2098 cujusdam
936 2021 1214 2089 nomine,
1246 2024 1307 2081 et
1338 2017 1664 2095 dispuendi
1697 2018 1949 2098 penitus
1980 2024 2042 2077 et
2068 2017 2367 2098 horrendi
2387 2062 2402 2083 ,
2435 2018 2615 2077 illum
2636 2016 2893 2098 quidem
2915 2026 3191 2080 econtra
3211 2020 3511 2080 ambilem
3546 2016 3812 2081 faciens.

584 2096 852 2168 ()uando
877 2100 1043 2159 enim
1072 2098 1247 2158 audit
1278 2098 1631 2177 maledicta,
1651 2104 1724 2177 et
1758 2097 2019 2177 minime
2038 2114 2105 2177 se
2125 2096 2438 2177 similibus
2465 2098 2638 2177 cupit
2672 2097 2889 2177 ulcisci
2918 2098 3225 2159 conviciis
3246 2141 3263 2167 ,
3294 2098 3405 2159 sed
3442 2098 3655 2177 laudat
3688 2115 3822 2177 ρο·-

588 2185 711 2239 tius
741 2184 801 2238 et
823 2179 1113 2247 miratur,
1136 2195 1263 2236 non
1295 2177 1475 2236 illum
1514 2176 1793 2255 quidem,
1820 2176 1938 2255 sed
1969 2176 2249 2255 seipsum
2282 2175 2531 2255 laudat.
2574 2175 2748 2236 Sicut
2790 2176 2960 2236 enim
2993 2176 3125 2255 jam
3174 2177 3305 2236 dixi
3340 2175 3821 2238 maledictiones

585 2275 728 2333 quae
758 2257 1121 2335 diriguntur
1151 2257 1214 2335 in
1243 2252 1592 2334 proximos,
1634 2252 2401 2335 maledicentesprimitus
2444 2259 2723 2335 vexant:
2770 2256 2862 2315 sic
2887 2259 2954 2335 et
2984 2252 3149 2317 bona
3177 2272 3332 2335 qua:
3373 2256 3541 2316 circa
3581 2256 3820 2334 proxi-

590 2332 725 2395 mos
756 2332 1090 2411 geruntur,
1124 2333 1215 2395 eis
1244 2332 1519 2411 primum
1553 2332 1661 2410 qui
1699 2338 2050 2410 aperantur
2078 2332 2494 2411 jucunditatis
2534 2334 2765 2394 uberes
2805 2332 3142 2411 proferunt
3169 2332 3436 2395 fructus.
3473 2332 3821 2395 Enimvero

587 2414 698 2489 qui
730 2410 1002 2492 alicujus
1027 2458 1043 2483 ,
1069 2413 1201 2473 sive
1221 2410 1393 2481 boni,
1428 2412 1559 2492 sive
1593 2412 1766 2492 mali,
1797 2410 2167 2492 procreatur
2196 2410 2474 2492 exsistit,
2504 2411 2639 2492 ipse
2670 2410 2912 2489 primus
2944 2420 3054 2474 aut
3077 2414 3185 2473 illo
3226 2413 3394 2474 bono
3419 2412 3674 2484 fruitur,
3704 2418 3821 2474 aut

592 2492 702 2552 illo
734 2489 916 2552 malo
937 2492 1202 2569 punitur
1235 2510 1249 2546 :
1280 2498 1339 2550 et
1377 2491 1622 2569 merito.
1654 2489 1827 2549 Sicut
1852 2491 2020 2549 enim
2060 2506 2253 2566 aqua,
2305 2491 2438 2550 sive
2482 2491 2651 2551 salsa
2678 2492 2782 2561 sit,
2811 2492 2942 2552 sive
2976 2492 3057 2552 sit
3080 2491 3190 2553 illa
3219 2492 3539 2569 potabilis,
3571 2500 3634 2554 et
3662 2508 3822 2554 vasa

582 2572 777 2642 replet
805 2567 1257 2639 haurientium,
1282 2575 1342 2629 et
1367 2585 1553 2627 suum
1588 2567 1819 2626 fontem
1851 2586 1930 2629 ex
1946 2585 2074 2645 quo
2108 2576 2324 2630 manat
2346 2586 2753 2646 nequaquam
2784 2586 3055 2631 vacuum
3084 2567 3417 2630 remanere
3445 2572 3755 2645 permittit
3803 2592 3817 2626 :

568 2652 661 2711 sic
690 2655 752 2709 et
782 2650 1093 2727 nequitia,
1128 2651 1219 2711 sic
1249 2657 1311 2711 et
1339 2651 1567 2720 virtus,
1600 2648 1768 2709 unde
1797 2655 2184 2727 processerit
2214 2652 2401 2727 illum,
2434 2652 2915 2727 procreatorem
2955 2648 3250 2724 primitus
3280 2648 3389 2709 illa
3428 2646 3727 2727 ltetiﬁcat,
3771 2655 3837 2711 et

567 2729 677 2789 illa
703 2725 1043 2789 consumit.
1074 2729 1151 2788 Et
1181 2729 1314 2790 haec
1341 2728 1597 2806 quidem
1622 2728 1687 2788 in
1720 2725 1839 2789 hac
1871 2728 2001 2789 vita
2027 2748 2041 2786 :
2069 2736 2368 2789 caeterum
2390 2726 2454 2785 in
2488 2725 2702 2785 futuro
2732 2726 2968 2806 saaCulo
2992 2729 3138 2806 quis
3164 2743 3378 2788 sermo
3405 2726 3615 2806 valeat
3641 2744 3835 2789 enar-

568 2824 715 2868 rare
744 2825 887 2885 qua:
919 2808 1110 2877 bona,
1138 2809 1236 2869 vel
1266 2801 1409 2886 quae
1436 2808 1605 2869 mala
1637 2809 2096 2870 reservantur?
2120 2808 2253 2867 Non
2281 2809 2378 2867 est
2399 2820 2620 2886 sermo
2651 2804 2917 2886 quiilioc
2943 2801 3221 2886 explicet
3254 2825 3269 2864 :
3313 2805 3629 2886 siquidem
3659 2809 3834 2871 bona

571 2887 680 2947 illa
714 2884 838 2946 nun
865 2891 1113 2948 tantum
1153 2884 1539 2952 sermonem,
1574 2886 1681 2946 sed
1719 2886 1909 2949 etiam
1959 2904 2215 2947 onmem
2246 2885 2548 2945 intuitum
2597 2884 2828 2944 mentis
2867 2884 3183 2945 excedunt
3217 2904 3232 2943 :
3265 2885 3591 2946 contraria
3642 2904 3829 2957 vero,

574 2966 693 3025 hoc
714 2970 810 3026 est
840 2965 1039 3037 mala,
1074 2966 1394 3043 appellata
1442 2965 1697 3042 quidem
1752 2972 1901 3027 sunt
1927 2966 2299 3027 nominibus
2347 2963 2644 3035 usitatis;
2679 2963 2855 3023 verbi
2878 2964 3077 3043 gratia
3106 2982 3128 3043 :_
3169 2966 3324 3040 quia
3356 2964 3549 3043 ignis,
3579 2964 3832 3042 inquit,

574 3045 660 3104 ibi
697 3051 823 3118 est,
855 3050 915 3105 et
946 3038 1246 3116 tenebras,
1282 3051 1344 3105 et
1374 3038 1654 3113 vincula,
1679 3050 1742 3105 et
1779 3046 2008 3107 vermis
2033 3046 2171 3106 sine
2202 3044 2327 3106 (ine
2358 3060 2743 3104 consumens
2774 3064 2787 3102 :
2813 3038 2921 3104 sed
2951 3059 3079 3103 non
3115 3038 3242 3102 huic
3264 3038 3411 3106 sola
3432 3044 3571 3105 istis
3607 3038 3835 3105 nomi-

579 3125 788 3197 nibus,
824 3142 940 3185 nec
956 3124 1113 3203 talia
1152 3124 1697 3195 demonstrantur,
1742 3125 1849 3185 sed
1892 3125 2020 3187 alia
2052 3126 2254 3185 multo
2278 3123 2499 3203 pejora
2529 3126 2591 3203 et
2618 3123 2818 3182 multo
2839 3122 3117 3199 amplius
3155 3124 3505 3203 severiora.
3553 3122 3735 3199 Quod
3764 3130 3838 3184 ut

575 3220 911 3285 agnoscas,
949 3202 1070 3285 hoc
1100 3204 1375 3280 primum
1407 3204 1763 3285 considera.
1802 3204 1862 3264 Si
1886 3206 2054 3285 enim
2083 3202 2623 3285 ignis,’qu_omo_do
2652 3204 2929 3285 tenebrm
2952 3204 3145 3285 sunt?
3172 3202 3363 3285 Vides
3387 3203 3695 3280 quoniam
3725 3203 3836 3265 ille

576 3282 740 3357 ignis
765 3282 991 3342 saevior
1013 3282 1135 3341 isto
1167 3285 1303 3343 est?
1330 3302 1455 3345 non
1482 3283 1650 3344 enim
1675 3283 1867 3344 habet
1901 3281 2144 3352 lumen‘,
2176 3285 2289 3345 aut
2314 3283 2513 3361 ullam
2536 3282 2796 3341 luminis
2819 3281 3198 3343 claritatem.
3223 3282 3284 3342 Si
3312 3283 3479 3361 ignis
3510 3287 3628 3355 est,
3652 3301 3837 3361 quo—

577 3361 763 3421 modo
791 3379 1040 3438 semper
1070 3362 1218 3432 urit,
1257 3368 1318 3422 et
1358 3363 1789 3439 corruptionis
1841 3380 1971 3424 non
2008 3370 2319 3441 operatur
2345 3360 2685 3423 effectum?
2708 3360 2899 3422 Vides
2936 3362 3245 3438 quoniam
3271 3360 3423 3423 etin
3455 3362 3579 3425 hoc
3600 3360 3838 3425 saevior

577 3443 717 3499 est?
742 3456 868 3500 non
910 3441 1081 3501 enim
1111 3442 1566 3523 exstinguitur.
1601 3442 1866 3523 Propter
1905 3443 2027 3503 hoc
2061 3447 2251 3523 etiam
2298 3441 2843 3523 inexstinguibilis
2880 3441 3266 3519 appellatur.
3299 3441 3591 3523 Intellige
3628 3442 3836 3523 igitur

577 3524 889 3595 quantum
916 3523 1012 3599 est
1037 3519 1297 3590 malum,
1329 3538 1445 3597 per
1471 3521 1685 3581 omnia
1717 3522 1949 3583 saecula
1978 3523 2103 3593 uri,
2138 3527 2201 3582 et
2235 3522 2300 3581 in
2331 3519 2613 3581 tenebris
2645 3537 3025 3599 permanere
3055 3522 3407 3599 perpetuis.
3439 3526 3501 3581 et
3522 3519 3833 3583 infinitos

577 3599 851 3677 gemitus
879 3597 1199 3680 ed_ere,4e_t
1216 3599 1483 3661 stridere
1507 3598 1827 3680 dentibus,
1861 3606 1922 3661 et
1946 3618 2356 3679 nequaquam
2378 3601 2629 3677 penitus
2655 3599 2863 3659 exuri.
2898 3598 2959 3659 Si
2993 3597 3254 3660 enimin
3275 3600 3396 3661 hac
3421 3600 3552 3662 vita
3586 3602 3829 3680 aliquis

580 3694 828 3748 eorum,
861 3677 972 3754 qui
1008 3678 1203 3757 nobili
1230 3695 1461 3757 genere
1491 3679 1622 3738 nati
1654 3682 1825 3747 sunt,
1853 3681 1919 3740 in
1952 3677 2303 3742 custodiam
2340 3680 2731 3750 retrudatur,
2770 3685 3062 3756 putorem
3098 3681 3309 3757 ipsum
3346 3685 3595 3742 tantum
3627 3677 3839 3743 et'te-

580 3756 1265 3852 nebraru‘mnealigines
1320 3775 1449 3852 non
1482 3758 2018 3852 valet'sustinere,
2054 3766 2128 3852 et
2165 3778 2308 3820 cum
2343 3758 2841 3852 homicidisnuna
2873 3758 3083 3852 ligari,
3122 3765 3327 3852 mo_rte
3362 3760 3545 3852 pejus
3593 3762 3834 3822 existi-

581 3841 712 3917 mat
738 3835 1071 3917 :intellige
1106 3836 1298 3912 quale
1322 3837 1425 3909 sit,
1459 3836 1718 3917 quando
1746 3856 1891 3898 cum
1932 3839 2231 3899 omnibus
2267 3839 2461 3898 totius
2489 3838 2703 3917 saeculi
2733 3835 3177 3899 comburimur
3221 3835 3578 3913 homicidis,
3618 3859 3833 3917 neque

585 3914 701 3990 ipsi
728 3915 893 3977 alios
917 3914 1224 3988 videntes,
1260 3914 1774 3995 nequegaliorum
1806 3917 2051 3977 visibus
2087 3923 2493 3995 apparentes,
2524 3916 2634 3977 sed
2684 3918 2748 3977 in
2795 3923 2974 3979 tanta
3037 3918 3449 3980 multitudine
3503 3914 3832 3982 solitarius

583 4012 696 4055 nos
723 4012 864 4056 esse
904 3998 1223 4075 putantes.
1273 3993 1596 4075 Siquidem
1654 3996 1931 4057 tenebras
1958 4003 2019 4056 et
2046 3993 2340 4058 absentia
2377 3996 2638 4057 luminis
2668 4013 2799 4056 non
2840 4013 2957 4057 nos
2995 3996 3163 4058 sinet
3210 3999 3541 4075 proximos
3570 4005 3830 4061 nostros

586 4090 961 4157 agnoscere;
989 4072 1098 4135 sed
1130 4073 1325 4157 veiuti
1351 4076 1405 4135 si
1436 4074 1763 4157 solitarius
1788 4075 2242 4157 unusquisque
2268 4080 2559 4137 nostrum
2584 4075 2887 4157 patiatur,
2921 4076 3012 4137 sic
3031 4072 3310 4139 afﬁcitur
3328 4094 3678 4157 oppressus
3708 4097 3834 4141 ca-

581 4152 775 4251 ligine
799 4152 1498 4251 tenebrosa._Sijautem
1525 4155 1806 4251 tenebras
1826 4159 2076 4251 tantum
2102 4154 2393 4251 affligunt
2422 4160 2677 4251 nostras
2702 4156 2994 4251 animas,
3012 4152 3393 4251 tantumque
3417 4152 3830 4251 periunbant,

629 4230 733 4289 uid
762 4231 881 4292 erit
905 4230 1327 4311 jamquando
1353 4236 1585 4292 etcum
1616 4234 1897 4311 tenebris
1931 4234 2183 4295 dolores
2225 4230 2287 4295 et
2320 4240 2640 4296 tormenta
2680 4235 3145 4297 combustionis
3189 4230 3556 4299 adfuerint?
3584 4237 3834 4300 Idcirco

578 4309 921 4394 deprecor,
943 4314 1015 4394 ut
1038 4309 1174 4394 haec
1193 4328 1445 4394 semper
1466 4309 1647 4394 apud
1660 4328 1770 4373 vos
1797 4313 2093 4394 versetis,
2120 4316 2183 4374 et
2203 4313 2863 4394 patientertristitiam
2887 4332 3031 4394 quae
3057 4332 3139 4376 ex
3170 4317 3380 4378 verbis
3410 4318 3700 4380 nascitur
3725 4324 3836 4379 to-

577 4389 818 4460 leretis,
846 4407 926 4451 ne
956 4388 1111 4467 ipsis
1163 4388 1355 4468 rebus
1379 4388 1694 4468 supplicia
1722 4391 2032 4453 sentiatis.
2056 4388 2371 4453 Omnibus
2403 4391 2606 4454 modis
2620 4393 2793 4454 enim
2820 4388 3125 4457 universa
3146 4396 3273 4458 ista
3290 4395 3509 4460 futura
3540 4402 3730 4468 sunt;
3768 4404 3837 4461 et

580 4484 687 4528 eos
719 4469 833 4551 qui
862 4466 1195 4551 suppliciis
1222 4466 1425 4551 digna
1442 4466 1824 4551 gesserunt,
1848 4470 2066 4551 nullus
2095 4472 2328 4551 poterit
2368 4471 2671 4551 liberare,
2706 4489 2838 4533 non
2870 4478 3079 4551 pater,
3101 4492 3233 4536 non
3257 4485 3484 4549 mater,
3526 4493 3655 4537 non
3704 4466 3836 4540 fra-

579 4553 721 4648 ter}.
749 4548 984 4648 Ιξταιςν
1009 4548 1171 4648 enim
1197 4546 1862 4648 noiiibfrfiijnquit,
1898 4546 2187 4648 Haerebit
2216 4550 2391 4645 homo
2418 4550 2624 4648 {iicet
2655 4546 2937 4648 multum
2969 4551 3268 4648 fiduciam
3310 4546 3591 4635 quisque
3612 4558 3834 4648 possif

577 4626 756 4699 deat,
786 4626 934 4715 licet
956 4628 1229 4715 multum
1253 4628 1463 4715 valeat
1496 4627 1666 4707 apud
1696 4626 1923 4690 Deum.
1971 4630 2565 4715 lpse_enim_red_det
2592 4631 2944 4715 unicuique
2974 4626 3554 4715 secundum-opera
3575 4626 3741 4715 eius,
3769 4643 3836 4698 et

578 4722 664 4791 ex
682 4704 985 4791 operibus
1015 4713 1149 4791 iam
1178 4706 1379 4791 salus,
1404 4704 1599 4783 quam
1628 4724 1813 4791 poena
1836 4704 2276 4788 consequitur.
2309 4704 2867 4791 Faciamnsigitur
2905 4712 3091 4773 nobis
3116 4715 3358 4777 amicos
3398 4704 3482 4775 ex
3530 4704 3833 4779 mamona

576 4784 980 4882 iniquitatis:
1014 4784 1669 4882 hoevestnoperemur
1694 4784 2169 4882 eleemosynas,
2214 4806 2603 4882 evacuemus
2642 4784 2888 4882 in'istos
2919 4793 3228 4882 pecunias
3249 4797 3641 4882 nostras,_u_t_
3681 4812 3831 4859 eva-

575 4881 842 4946 cuemus
865 4864 1222 4946 etiamillic
1249 4870 1321 4926 et
1348 4865 1834 4946 exstinguamus
1857 4864 2021 4946 ignis
2052 4869 2380 4944 ardorem,
2417 4874 2489 4930 ut
2524 4868 2820 4933 fiduciam
2857 4864 3087 4933 mentis
3123 4864 3686 4937 habeamus.'lllic
3728 4882 3833 4937 et-

579 4944 751 5031 enim
778 4960 907 5031 non
938 4943 1041 5031 vei
1065 4943 1193 5031 ipsi
1219 4948 1377 5031 sunt
1397 4943 1655 5031 quinos
1676 4943 2036 5031 excipiunt!
2057 4948 2165 5031 sed
2217 4943 2381 5026 opus
2413 4953 2702 5031 nostrum
2732 4970 2749 5031 _:
2775 4951 3090 5031 quianon
3124 4968 3202 5012 eo
3238 4952 3414 5031 ipso,
3461 4955 3635 5031 quod
3672 4956 3830 5017 istos

578 5024 827 5108 amicos
850 5022 1252 5108 habebimus,
1285 5022 1536 5108 salvari
1556 5022 1967 5108 merebimur.
1996 5022 2287 5108 Denique
2318 5028 2573 5091 attende
2595 5029 2751 5108 quid
2775 5022 3012 5091 addidit
3044 5050 3059 5089 :
3092 5050 3221 5092 non
3252 5022 3426 5093 enim
3453 5022 3659 5107 dixit,
3693 5033 3833 5096 Fa-

574 5103 697 5181 cite
727 5103 906 5165 vobis
949 5102 1213 5175 amicos,
1250 5106 1324 5162 ut
1368 5102 1725 5181 suscipiant
1761 5121 1877 5165 vos
1927 5105 1995 5165 in
2037 5102 2409 5169 habitacula
2451 5124 2572 5170 sua
2616 5102 2857 5171 interna
2882 5129 2898 5181 ;
2928 5108 3039 5170 sed
3084 5116 3335 5172 tantum
3362 5114 3429 5174 in
3455 5102 3830 5177 habitacula

568 5180 736 5243 dixit
760 5187 1025 5261 uerna,
1048 5186 1111 5243 et
1134 5181 1392 5244 modum
1425 5180 1636 5254 ipsum
1683 5184 2004 5259 exposuit.
2042 5184 2324 5246 Dicendo
2373 5186 2569 5251 enim.
2600 5187 2716 5248 Ex
2761 5180 3049 5249 mamona
3100 5190 3497 5261 iniquitatis.
3552 5193 3835 5256 ostendit

570 5259 988 5356 quoniam‘de
1014 5263 1306 5339 pecuniis
1337 5262 1767 5356 oportetis‘tos
1802 5264 2043 5356 amicos
2077 5280 2465 5343 praeparare.
2496 5266 2790 5356 _Apparet
2822 5265 3021 5356 igitur
3049 5259 3360 5356 quoniam
3390 5275 3687 5356 nonipsa
3721 5296 3838 5339 no-

569 5340 665 5432 bis
694 5339 1227 5432 amicitiaeorum
1251 5339 1785 5432 patrocinabitur,
1814 5344 1873 5432 si
1899 5339 2295 5432 bonaiopera
2336 5361 2465 5432 non
2496 5339 2887 5432 habeamus;
2912 5348 2964 5408 si
3002 5339 3132 5410 non
3164 5368 3312 5432 cum
3334 5339 3594 5432 justitia‘
3617 5339 3839 5420 refun-

568 5418 798 5516 dalmus
825 5417 1105 5516 divitias,
1137 5417 1300 5516 quas
1332 5423 1554 5501 inique
1584 5417 2209 5516 congessimusis—te
2269 5424 2447 5516 vobis
2478 5441 2700 5516 sermo
2729 5425 2805 5516 de
2830 5426 3260 5516 eieeniosynis
3307 5417 3437 5493 lion
3493 5434 3574 5495 ad
3602 5417 3834 5502 divit—es

569 5498 805 5570 solum,
835 5498 945 5588 sed
972 5498 1279 5588 etiamad
1320 5498 1637 5588 pauperes
1687 5498 1876 5588 simul
1908 5503 2497 5588 aptatur_:_sciiicet
2524 5504 2633 5588 ilie
2667 5505 2778 5588 qui
2825 5507 2908 5568 ab
2955 5506 3100 5570 aliis
3116 5498 3359 5588 'petens
3407 5498 3835 5579 sustentatio;

572 5594 717 5671 uin-Am
745 5578 1136 5671 a‘ceipiatnet
1164 5579 1243 5671 ad
1266 5578 1476 5671 ips-uni
1512 5582 1886 5671 Iizecogitio
1924 5578 2286 5671 pertinebit:
2320 5582 2460 5643 Non
2486 5583 2658 5671 enim
2687 5578 2763 5644 in
2793 5590 3041 5671 tantum
3071 5578 3350 5669 quisque
3370 5609 3621 5671 pauper
3641 5578 3829 5658 exsi-

569 5656 1226 5755 sltit,‘utfluo.miiiuta
1257 5656 1387 5755 non
1445 5662 1699 5754 habeat.
1733 5656 1945 5724 Potest
1969 5680 2123 5754 ergo
2153 5662 2327 5755 et_de
2358 5662 2585 5755 paucis
2614 5680 2825 5755 pauca
2854 5656 3260 5755 t_ribuefe,_et'
3298 5656 3837 5755 plurimapossi—

569 5680 697 5727 διιι,
729 5680 941 5718 utuuo
982 5680 1226 5721 minuta
1257 5680 1387 5721 non
1445 5680 1699 5723 naneat.
1733 5680 1945 5724 rowst
1969 5680 2123 5743 ergo
2153 5680 2215 5723 et
2252 5680 2327 5725 ue
2358 5680 2585 5739 pauens
2613 5680 2825 5803 ganea
2854 5680 3162 5743 tribuere,
3195 5680 3258 5730 et
3298 5680 3581 5749 plurima
3617 5680 3830 5755 possi-

569 5734 787 5828 dentes
811 5737 1286 5828 largientesque
1316 5740 1593 5828 plurima
1622 5759 1939 5828 superare
1959 5786 1974 5814 ,
2008 5742 2316 5828 s_icut_illa
2354 5742 2565 5828 vidua.
2621 5822 2633 5828 Δ
2666 5761 2748 5805 on
2779 5746 2949 5828 enim
2980 5747 3341 5828 quantitate
3368 5751 3691 5827 datorum,
3719 5760 3830 5819 sed

575 5818 807 5877 virtute
840 5818 1188 5897 Superavit,
1221 5820 1376 5898 quia
1422 5818 1794 5901 magnitudo
1831 5821 2283 5886 misericordias
2323 5822 2670 5888 voluntatis
2707 5818 3150 5907 magnitudine
3178 5827 3529 5908 iudicatur.
3583 5818 3833 5919 Ubique
