4134 6342
655 323 760 382 969
1371 325 1428 380 S.
1467 327 1519 381 .I.
1557 325 2038 383 CHRYSOSTOMI
2079 325 2386 382 NOMINA-3
2434 327 2498 383 IN
2533 326 2754 383 EPIST.
2794 327 2886 380 AD
2927 325 3131 383 llEBﬂ.
3755 323 3868 381 270

648 436 834 482 vocas
864 423 925 480 et
954 419 1340 499 pSallentes?
1369 436 1584 481 nonne
1603 424 1674 479 ut
1693 417 2194 499 consolationem
2216 418 2531 496 recipias?
2553 436 2766 480 nonne
2788 425 2858 478 ut
2886 420 3167 483 honores
3187 420 3606 483 discedentem
3623 423 3654 483 1
3677 422 3894 498 Quare

645 497 1054 577 igiturillum
1086 499 1352 578 injurias
1375 501 1404 558 τ
1430 515 1636 576 quare
1661 516 1809 560 cum
1836 497 2164 578 exemplas
2183 499 2212 557 τ
2235 515 2438 576 quare
2468 499 2632 559 ludis
2660 499 2825 558 sicut
2850 499 2914 558 in
2957 502 3199 563 scena?
3228 501 3351 562 Nos
3386 503 3554 562 enim
3598 497 3896 565 venimus

642 576 720 640 de
744 576 1787 664 resurrectionephilosopnantes,
1815 577 2029 664 omnia
2055 576 2375 664 docentes,
2405 582 2608 664 eteos
2635 578 3054 664 qui_necdum
3085 580 3383 664 percussi
3417 585 3592 655 sunt,
3623 599 3744 664 per
3768 582 3898 664 ho-

644 675 866 720 norem
895 659 1004 736 qui
1036 659 1126 718 illi
1159 656 1498 728 tribuitur,
1531 658 1580 718 si
1621 657 1878 735 quando
1908 656 2148 734 aliquid
2190 658 2315 718 tale
2343 657 2715 737 contigerit,
2752 657 2916 718 ferre
2953 656 3199 720 fortiter
3227 680 3241 718 :
3273 666 3337 721 tu
3371 667 3585 722 autem
3627 656 3896 724 adducis

643 754 778 826 eos,
805 739 1165 826 qui_nostra
1185 737 1660 826 condemnant,
1691 741 2018 826 quantum
2039 737 2295 826 interim
2322 736 2404 826 ad
2425 736 2598 814 ipsos
2627 739 2950 826 pertinet?

722 816 885 893 Quid
925 817 1046 878 hac
1088 817 1386 879 irrisione
1417 823 1479 878 et
1506 816 1873 877 inductione
1923 816 2150 894 pejus?
2178 816 2338 893 'quid
2388 817 2508 877 hac
2537 817 2918 892 .mqualitate
2967 816 3278 895 gravius?
3314 817 3790 880 Confundimini
3833 826 3897 880 ct

644 897 998 957 erubescite
1025 915 1040 954 :
1075 897 1126 957 si
1161 902 1376 958 autem
1397 913 1523 956 non
1555 895 1770 966 vultis,
1801 893 1934 956 nos
1953 893 2083 955 non
2110 895 2390 973 patimur
2418 896 2693 973 amplius
2723 895 2874 956 talia
2900 893 3230 958 mortifera
3259 897 3322 958 in
3342 898 3684 961 Ecclesiam
3708 898 3898 958 indu-

643 974 705 1056 ci
733 993 753 1056 ς
781 974 1131 1056 Peccantes.
1167 975 1410 1056 inquit,
1441 977 1508 1036 in
1534 984 1864 1053 conspectu
1892 969 2164 1056 omnium
2191 991 2402 1056 argue.
2436 969 2916 1056 Et’mulieribus
2951 974 3075 1036 illis
3111 975 3361 1038 miseris
3391 996 3506 1055 per
3533 995 3641 1039 vos
3677 977 3898 1056 prohi-

650 1053 948 1116 bitionem
985 1055 1150 1116 banc
1177 1048 1351 1127 dico,
1393 1059 1477 1128 ut,
1500 1048 1854 1130 numquam
1881 1055 1952 1114 in
1983 1048 2291 1135 mortibus
2324 1053 2640 1135 fidelium,
2669 1057 2785 1114 aut
2818 1048 3894 1135 exportationibusingrediantur,

646 1150 741 1212 ne,
767 1150 997 1196 revera
1042 1134 1301 1212 prepria
1338 1135 1507 1195 maia
1537 1151 1646 1194 cas
1675 1149 1978 1212 cogamus
2012 1134 2269 1211 lugere,
2307 1139 2369 1194 et
2406 1132 2747 1195 doceamus
2789 1137 2862 1206 ut
2909 1150 3039 1194 non
3087 1133 3411 1198 inalienis
3441 1132 3576 1198 haec
3613 1135 3894 1211 faciant,

642 1211 747 1272 sed
771 1214 1063 1351 prorrias
1101 1211 1722 1304 magiscalamitates
1754 1211 2205 1274 lamententur.
2233 1213 2484 1302 Etenim
2514 1223 2697 1285 pater
2721 1213 3107 1287 misericors,
3137 1214 3397 1292 quando
3424 1215 3624 1276 {ilium
3655 1215 3881 1275 inordi-

645 1298 859 1351 natum
914 1294 1112 1351 labet.
1147 1309 1272 1351 non
1312 1292 1489 1351 Illum
1520 1292 1726 1351 solum
1753 1297 2004 1351 monet.
2045 1295 2114 1351 ut
2155 1310 2281 1351 non
2311 1295 2746 1351 wnmnuatur
2771 1292 3094 1351 malignis.
3131 1294 3238 1351 sed
3273 1296 3462 1351 etiam
3499 1295 3644 1351 illos
3673 1301 3881 1351 terret.

645 1298 859 1351 natum
893 1291 1112 1360 habet,
1147 1309 1272 1352 non
1312 1292 1489 1352 illum
1520 1292 1726 1352 solum
1753 1297 2004 1362 monet,
2045 1295 2114 1352 ut
2155 1310 2281 1353 non
2311 1291 2746 1368 conjungatur
2771 1292 3094 1370 malignis,
3131 1291 3238 1354 sed
3273 1296 3462 1354 etiam
3499 1295 3644 1354 illos
3673 1301 3890 1356 terret.

631 1381 789 1444 Ecce
816 1381 1011 1461 igitur
1035 1387 1099 1444 et
1120 1379 1298 1442 vdbis
1331 1384 1394 1441 et
1413 1380 1545 1461 illis
1570 1379 1948 1461 mulieribus
1965 1395 2095 1461 per
2115 1396 2227 1461 vos
2251 1377 2604 1461 admonens
2626 1377 2888 1461 dico_,_ut
2916 1392 3125 1454 neque
3159 1390 3268 1461 vos
3298 1376 3664 1461 convocetis
3703 1379 3896 1450 tales,

633 1454 990 1546 neque'illte
1016 1461 1384 1546 adveniant.
1412 1459 1490 1546 Et
1515 1460 1840 1546 contingat
1869 1454 2125 1536 quidem
2165 1458 2287 1518 hoc
2315 1459 2580 1546 verbum
2613 1454 3175 1546 amplius-operari
3200 1497 3216 1526 ,
3249 1454 3457 1546 ct_b_as
3487 1456 3707 1546 minas
3733 1477 3900 1535 pra:-

631 1533 837 1602 valere
873 1560 888 1598 :
925 1541 976 1602 si
1012 1557 1186 1607 vero,
1217 1539 1389 1618 quod
1419 1539 1625 1610 absit,
1668 1533 2185 1614 contemnamur,
2233 1537 2702 1618 compellimur
2720 1533 2864 1618 jam_
2895 1535 3217 1618 in__actum
3266 1533 3584 1618 adducere
3624 1533 3836 1600 minas
3874 1559 3892 1598 :

625 1636 736 1680 vos
766 1620 1021 1697 quidem
1053 1613 1300 1698 legibus
1335 1618 1777 1681 ecclesiasticis
1809 1613 2199 1698 coercentes,
2237 1613 2397 1677 illas
2412 1624 2627 1678 autem
2655 1613 2821 1698 sicut
2849 1615 3097 1698 legibus
3130 1613 3549 1698 competit._Si
3580 1633 3736 1677 vero
3763 1619 3897 1679 ali-

624 1699 768 1776 quis
787 1693 1102 1778 pervicax
1119 1693 1426 1778 inventus
1449 1696 2090 1778 contemnat,audiat
2111 1696 2436 1778 Christum
2471 1713 2645 1756 nunc
2673 1695 3206 1778 etiamcicentem
3231 1714 3244 1752 :
3270 1693 3343 1756 Si
3365 1695 3502 1774 quis
3527 1700 3893 1774 peccaverit

623 1772 690 1840 in
720 1772 1011 1846 tefvade,
1045 1796 1236 1857 argue
1266 1777 1444 1840 illum
1471 1778 1636 1839 inter
1663 1787 1718 1836 te
1754 1786 1812 1837 et
1841 1777 2044 1857 ipsum
2069 1776 2271 1857 solum
2301 1796 2320 1836 :
2347 1775 2402 1836 si
2430 1782 2634 1836 autem
2657 1772 3138 1857 nonpbaudiat,
3176 1772 3412 1834 assume
3442 1772 3639 1857 tecum
3666 1794 3884 1850 unum,

620 1866 728 1918 aut
772 1857 928 1920 duos
967 1878 987 1917 :
1026 1859 1082 1919 si
1121 1853 1308 1919 ctiam
1344 1857 1435 1918 sic
1469 1857 1804 1925 restiterit,
1851 1853 1953 1918 dic
1992 1855 2291 1917 Ecclesiae
2317 1881 2337 1915 :
2372 1858 2428 1918 si
2457 1863 2657 1916 autem
2685 1863 2742 1915 ct
2787 1853 3137 1915 Ecclesiam
3162 1855 3626 1934 contempserit,
3653 1857 3737 1917 sit
3769 1858 3891 1920 tibi

617 1939 781 1998 sicut
809 1938 1098 2002 ethnicus,
1124 1945 1176 1997 et
1196 1935 1595 2015 publicanus.
1634 1936 1696 1997 Si
1742 1953 1896 2015 ergo
1927 1954 2075 1997 eum
2120 1937 2230 2013 qui
2271 1938 2334 1995 in
2381 1954 2481 1996 me
2511 1935 2910 2015 peccaverit,
2960 1951 3106 1993 cum
3161 1951 3290 2015 non
3341 1934 3736 2015 obaudierit,
3790 1941 3889 1999 sic

618 2017 901 2078 aversari
928 2016 1110 2096 jubet
1138 2036 1151 2074 :
1182 2013 1292 2094 qui
1324 2017 1390 2076 in
1421 2017 1705 2095 seipsum
1734 2013 2090 2094 peccaverit
2118 2016 2268 2077 etin
2297 2017 2525 2096 Deum,
2550 2013 2873 2096 quomodo
2900 2014 3138 2096 habere
3165 2014 3390 2096 debeo,
3421 2013 3840 2096 vosjudicate
3866 2039 3881 2077 :

619 2113 727 2156 vos
757 2093 943 2158 enim'
970 2113 1084 2156 nos
1117 2093 1391 2176 culpatis
1435 2093 1537 2176 sici
1559 2112 1687 2159 non
1725 2093 2002 2156 molliter
2030 2103 2292 2176 agentes
2328 2095 2676 2176 vobiscum.
2711 2093 2773 2153 Si
2805 2098 3018 2176 autem
3051 2094 3286 2176 aliquis
3317 2095 3667 2176 contempnit
3704 2096 3888 2176 liga—

616 2177 820 2238 tiones
847 2193 989 2254 quae
1013 2192 1053 2236 ει
1083 2172 1266 2236 nobis
1299 2175 1492 2248 fiunt,
1526 2175 1759 2255 iterum
1797 2181 1859 2237 et
1889 2172 2101 2254 ipsum
2134 2175 2424 2236 Christus
2461 2175 2743 2255 docebit,
2787 2173 3002 2234 dicens
3034 2192 3048 2231 :
3086 2172 3494 2255 Quaecumque
3528 2172 3885 2255 ligaccr'itis

615 2257 683 2315 in
709 2253 895 2323 terra,
921 2262 1101 2315 erunt
1127 2254 1327 2333 ligula
1347 2256 1493 2316 etin
1521 2254 1664 2314 ca'lo
1697 2275 1715 2312 :
1746 2263 1800 2313 et
1840 2253 2227 2335 quacumque
2247 2254 2566 2335 solveritis
2582 2270 2768 2335 super
2797 2261 3045 2335 terram,
3075 2260 3256 2335 erunt
3285 2253 3492 2314 soluta
3519 2264 3576 2335 ct
3607 2254 3673 2315 in
3703 2258 3880 2318 cwlo.

615 2335 744 2396 Etsi
767 2335 960 2397 etiam
990 2352 1106 2396 nos
1136 2332 1352 2395 miseri
1389 2340 1451 2396 et
1491 2335 1648 2395 nulli
1694 2332 1916 2395 sumus
1963 2340 2026 2396 ct
2051 2332 2373 2396 contemni
2400 2333 2574 2413 digni
2601 2379 2616 2406 ,
2646 2334 2813 2394 sicut
2841 2338 2903 2393 et
2935 2333 3110 2412 digni
3157 2350 3418 2413 sumus,
3449 2332 3556 2394 sed
3590 2352 3720 2396 non
3760 2354 3881 2399 nos

608 2417 785 2492 ipsos
831 2415 1265 2496 vindicamus,
1292 2430 1516 2496 kneque
1548 2414 1708 2496 iram
1738 2414 2090 2496 reddimus,
2123 2415 2234 2476 sed
2263 2415 2339 2476 de
2369 2411 2583 2496 vestra
2613 2413 2819 2496 salute
2850 2411 3222 2492 cogitamus.
3261 2411 3500 2473 Pudeat
3531 2429 3640 2475 vos
3672 2433 3836 2496 rogo
3861 2463 3877 2489 ,

611 2501 674 2556 et
706 2493 1264 2573 verecundamini.
1284 2493 1344 2554 Si
1376 2493 1547 2554 enim
1570 2493 1846 2555 amicum
1879 2494 2025 2571 quis
2057 2498 2301 2571 portat,
2328 2494 2768 2573 vehementius
2801 2508 2998 2573 quam
3023 2497 3274 2573 oportet
3295 2509 3511 2573 secum
3549 2493 3876 2573 agentem,

613 2572 1203 2666 intentionem‘ejus
1235 2572 1616 2646 discutiens,
1650 2578 1713 2633 et
1739 2574 1895 2666 quia
1923 2575 2239 2666 benigne,
2289 2585 2418 2666 non
2472 2591 2554 2634 ex
2601 2572 2911 2664 jactantia
2934 2571 3080 2666 ’ᾕρει
3123 2571 3271 2666 fa‘cit
3299 2590 3323 2664 σε
3360 2571 3879 2666 multoamplius

610 2653 965 2724 doctorem,
998 2657 1060 2713 et
1091 2649 1301 2731 ipsum
1333 2670 1462 2712 non
1494 2670 1576 2712 ex
1604 2668 1724 2714 sua
1747 2649 2126 2714 auctoritate
2149 2652 2487 2721 dicentem,
2518 2649 2649 2712 non
2680 2652 2816 2712 vice
2840 2649 3097 2732 judicis,
3122 2649 3231 2711 sed
3257 2651 3390 2713 vice
3413 2653 3612 2732 patris
3646 2649 3878 2716 curam

608 2733 910 2811 gerentis.
942 2733 1082 2792 Non
1113 2730 1285 2811 enim
1311 2736 1686 2811 potestatem
1716 2736 2004 2793 nostram
2025 2732 2467 2793 demonstrare
2488 2732 2801 2803 volentes,
2835 2730 2966 2792 haec
2992 2730 3261 2794 dicimus
3293 2731 3661 2811 :quomodo
3691 2750 3880 2795 nam-

608 2810 735 2890 que
765 2812 877 2891 qui
907 2830 1119 2890 neque
1153 2810 1232 2876 ad
1261 2810 1775 2890 eiperimentum
1799 2829 2056 2882 eorum,
2091 2829 2236 2889 qua:
2259 2811 2550 2883 dicimus,
2583 2821 2880 2889 optamus
2918 2811 3138 2891 venire
3160 2812 3188 2870 τ
3234 2810 3341 2871 sed
3373 2829 3490 2888 pro
3525 2813 3708 2874 vobis
3741 2814 3877 2873 do—

608 2889 810 2983 lentes
851 2895 922 2983 et
964 2889 1279 2983 lugentes.
1329 2889 1646 2983 Ignoscite
1689 2895 1904 2983 autem
1930 2936 1945 2963 ,
1997 2897 2286 2983 et.n_emo
2329 2895 2695 2983 contemnat
2732 2889 2985 2983 vincula
3004 2889 3448 2983 ecclesiastica
3483 2909 3665 2983 {non
3694 2893 3878 2983 enim

606 2971 800 3031 homo
829 2975 924 3032 est
951 2969 1061 3048 qui
1088 2971 1274 3049 ligat,
1299 2969 1405 3031 sed
1432 2970 1723 3049 Christus
1744 3013 1760 3041 ,
1789 2971 1898 3049 qui
1929 2971 2112 3032 nobis
2136 2970 2302 3032 hanc
2322 2975 2702 3048 potestatem
2728 2969 2926 3040 dedit,
2962 2975 3024 3029 et
3054 2969 3362 3032 Dominus
3394 2969 3539 3032 fecit
3573 2971 3876 3035 homines

609 3051 770 3113 tanti
800 3051 1086 3111 honoris.
1119 3048 1197 3110 Et
1231 3067 1346 3110 nos
1373 3048 1631 3130 quidem
1661 3049 1737 3110 ad
1769 3048 2143 3112 selvendum
2171 3050 2470 3110 volumus
2501 3051 2591 3130 uti
2623 3049 2743 3111 hac
2770 3052 3134 3130 potestate;
3171 3050 3374 3130 magis
3405 3056 3620 3112 autem
3654 3069 3874 3130 neque

611 3130 800 3209 hujus
828 3130 918 3191 rei
951 3130 1394 3210 necessitatem
1437 3129 1676 3190 habere
1717 3130 2015 3210 volumus
2058 3131 2440 3210 :_neminem
2480 3129 2718 3208 quippe
2749 3127 3183 3210 desideramus
3217 3127 3486 3210 ligatum
3523 3148 3665 3192 esse
3695 3127 3872 3210 apud

609 3208 722 3270 nos
757 3229 772 3268 :
805 3225 933 3269 non
957 3209 1128 3270 enim
1153 3214 1403 3270 tantum
1431 3227 1654 3269 sumus
1684 3209 1900 3271 miseri
1929 3215 1992 3270 et
2013 3208 2318 3279 infelices,
2350 3225 2427 3270 ac
2456 3210 2511 3269 si
2541 3209 2722 3270 valde
2751 3208 2908 3269 nulli
2935 3225 3179 3269 sumus.
3209 3208 3286 3269 Si
3309 3226 3461 3270 vero
3494 3211 3694 3274 coacti
3730 3208 3874 3273 fue-

609 3289 808 3368 rimus
831 3333 847 3362 ,
877 3287 1189 3368 ignoscite
1224 3308 1239 3347 :
1273 3305 1403 3368 non
1439 3289 1610 3349 enim
1637 3288 1841 3359 ultro,
1877 3307 2088 3366 neque
2123 3289 2438 3360 volentes,
2482 3288 2586 3350 sed
2621 3289 2764 3366 plus
2807 3288 2984 3349 vobis
3032 3290 3144 3366 qui
3192 3288 3483 3368 ligamini
3531 3290 3818 3353 dolentes
3848 3335 3868 3362 ,

608 3365 941 3447 ligationes
973 3365 1328 3447 inferimus.
1361 3367 1422 3447 Si
1454 3371 1670 3428 autem
1697 3368 1931 3446 aliquis
1963 3365 2308 3432 contemnit
2338 3368 2517 3441 istas,
2551 3365 2815 3430 instabit
2856 3365 3105 3445 tempus
3145 3365 3398 3447 jud'icii,
3432 3370 3542 3430 ubi
3572 3369 3866 3433 docetur.

604 3446 843 3510 Cietera
886 3451 1101 3510 autem
1137 3446 1332 3526 modo
1372 3446 1581 3508 dicere
1627 3449 1809 3518 nolo,
1854 3466 1932 3508 ne
1977 3448 2329 3526 percutiam
2364 3453 2606 3509 mentes
2640 3454 2908 3509 vestras.
2942 3448 3068 3508 Nos
3100 3446 3271 3509 enim
3300 3449 3578 3526 primum
3603 3449 3870 3526 quidem

604 3541 887 3595 oramus,
917 3544 1046 3586 non
1074 3525 1152 3588 ad
1177 3527 1344 3606 hanc
1372 3527 1810 3606 necessitatem
1836 3525 2051 3591 venire
2082 3547 2096 3586 :
2126 3528 2180 3588 si
2211 3533 2425 3589 autem
2451 3530 2833 3600 venerimus,
2863 3527 3030 3606 quod
3057 3525 3349 3588 nostrum
3373 3535 3469 3588 est
3497 3525 3865 3606 implemus,

604 3606 1108 3687 circum_l'erimus
1145 3605 1418 3687 vincula.
1457 3605 1520 3665 Si
1551 3612 1766 3687 autem
1796 3607 2115 3684 quispiam
2141 3608 2271 3668 haec
2302 3608 2569 3685 ruperit,
2594 3626 2713 3687 ego
2735 3605 2906 3686 quod
2928 3625 3138 3668 meum
3163 3612 3260 3667 est
3291 3607 3443 3678 feci,
3470 3615 3532 3668 et
3553 3605 3866 3671 innoxius

605 3704 746 3747 sum
774 3706 788 3744 :
823 3685 899 3745 de
930 3690 1161 3766 caetero
1187 3685 1310 3746 erit
1335 3688 1549 3766 autem
1583 3685 1691 3745 tibi
1716 3688 1879 3745 ratio
1909 3687 2075 3763 apud
2106 3687 2342 3758 Deum,
2377 3689 2487 3764 qui
2521 3685 2672 3746 mihi
2701 3685 2894 3765 jussit
2921 3687 3144 3766 ligare.
3180 3688 3399 3766 Neque
3435 3687 3603 3748 enim
3638 3688 3689 3748 si
3736 3689 3870 3748 im-—

649 3769 899 3826 eratore
937 3763 1315 3845 praesidente
1364 3764 1829 3845 armigerorum
1873 3767 2192 3844 quispiam
2222 3763 2611 3827 adstantium
2641 3763 2946 3845 jubcatur
2974 3763 3257 3844 aliquem
3284 3763 3366 3828 ex
3407 3768 3631 3827 ordine
3667 3768 3865 3829 officii

649 3784 899 3826 eratore
937 3784 1315 3842 praesmente
1364 3784 1829 3842 armigerorum
1873 3784 2192 3844 quispiam
2222 3784 2611 3827 ausmnuum
2641 3784 2946 3845 juncatur
2974 3784 3257 3844 auquem
3284 3785 3366 3828 ex
3407 3784 3631 3827 ordine
3667 3784 3865 3829 omen

601 3784 825 3924 iigare,
858 3849 920 3906 et
943 3843 1201 3924 vincula
1232 3841 1661 3924 circumferre,
1696 3844 1802 3904 ille
1833 3853 2044 3924 autem
2075 3862 2203 3904 non
2234 3847 2442 3906 solum
2473 3848 2740 3923 repellat
2771 3846 2880 3907 illa
2900 3846 3183 3916 vincula,
3213 3846 3318 3907 sed
3352 3846 3541 3907 etiam
3574 3847 3866 3908 confrin-

600 3922 708 4003 gat
738 3945 752 3983 :
790 3922 1098 4004 numquid
1146 3924 1422 4004 armiger
1453 3922 1558 4004 ille
1590 3929 1686 3983 est
1712 3968 1726 3991 ,
1760 3923 1876 4004 qui
1901 3924 2204 4001 injuriam
2235 3942 2464 4002 passus
2496 3922 2622 3999 ρει,
2671 3943 2799 3987 non
2832 3931 3047 3986 autem
3079 3926 3430 4004 imperator
3477 3927 3678 3987 multo
3711 3945 3868 3988 am-

600 4001 768 4084 plius
799 4002 1173 4083 quijussit?
1205 4003 1266 4062 Si
1300 4003 1395 4074 ei,
1425 4001 1535 4079 qui
1567 4021 1710 4084 quin
1753 4004 1831 4078 [Ι.
1860 4003 1918 4062 Si
1959 4006 2134 4084 enim
2165 4001 2344 4081 quin]
2390 4005 2558 4066 circa
2613 4006 2940 4066 credentes
2993 4001 3188 4074 fiunt,
3239 4006 3375 4083 ipse
3429 4024 3546 4067 sua
3601 4008 3861 4084 propria

598 4083 810 4143 ducit:
841 4088 1085 4160 quanto
1116 4085 1354 4162 magis,
1389 4083 1646 4158 quando
1687 4084 1822 4150 ille,
1857 4083 1967 4160 qui
1998 4085 2226 4145 docere
2256 4085 2638 4146 constitutus
2677 4090 2794 4154 cst,
2825 4085 3196 4162 injuriatur,
3229 4085 3424 4145 veluti
3457 4087 3509 4147 si
3542 4083 3612 4146 in,
3643 4083 3866 4148 sein—

594 4162 1214 4242 jurieturaccipiat?
1244 4161 1358 4242 Sed
1394 4179 1521 4219 non
1550 4163 1876 4240 contingat
1902 4181 2291 4240 quemquam
2326 4181 2549 4224 eorum
2575 4209 2590 4236 ,
2622 4164 2732 4242 qui
2768 4165 2832 4224 in
2864 4161 2984 4226 hac
3015 4165 3286 4226 ecclesia
3317 4171 3499 4236 sunt,
3534 4165 3612 4226 ad
3640 4184 3868 4228 ncces-

598 4240 850 4303 Sitatem
879 4241 1108 4300 horum
1137 4240 1541 4300 vinculorum
1571 4242 1826 4301 venire:
1861 4242 2023 4303 sicut
2051 4244 2220 4302 enim
2262 4261 2390 4304 non
2440 4240 2701 4319 peccare
2748 4245 2989 4304 bonum
3023 4250 3151 4313 est,
3185 4245 3278 4305 sic
3321 4247 3600 4306 tolerare
3639 4263 3868 4307 corre-

597 4321 882 4399 ptionem
912 4320 1090 4402 utile.
1124 4319 1496 4402 :I‘oleremus
1524 4320 1742 4402 itaque
1766 4321 2293 4402 increpationem,
2320 4339 2380 4382 Ct
2407 4323 2774 4383 festinemus
2800 4324 3056 4401 quidem
3079 4341 3208 4383 non
3235 4342 3499 4402 peccare
3527 4345 3541 4383 :
3567 4326 3865 4386 siautem

596 4398 1397 4484 peccaverimus,-feramus
1415 4400 1905 4484 correptionem.
1925 4401 2283 4484 Sicutenim
2305 4403 2540 4484 bonum
2565 4398 3176 4484 estnongvulnerari,
3199 4398 3252 4464 si
3273 4411 3487 4466 autem
3505 4406 3863 4484 contingat,

597 4477 1126 4564 inmedicamentum
1156 4477 1766 4564 imponerevulneri
1797 4482 2235 4564 necessarium
2273 4488 2367 4564 est
2399 4504 2413 4541 :
2445 4483 2535 4564 sic
2565 4489 2626 4543 et
2655 4483 2777 4564 hic.
2805 4482 2922 4543 Sed
2947 4485 3439 4564 non‘contingat
3465 4477 3866 4562 quemquam

597 4559 836 4642 talibus
875 4578 1062 4642 egere
1094 4558 1587 4642 medicamentis.
1632 4559 2016 4642 Con/idiotas
2052 4561 2227 4642 enim,
2256 4561 2327 4620 de
2376 4561 2548 4622 vobis
2581 4562 2867 4629 meliora,
2915 4570 2970 4622 et
3020 4562 3100 4622 ad
3138 4558 3397 4623 salutent
3429 4558 3864 4642 pertinentia,

597 4639 836 4698 tametsi
883 4635 972 4697 sic
1019 4638 1343 4716 loquimur.
1415 4635 1851 4698 Vehementius
1901 4640 2167 4700 fortasse
2217 4641 2462 4714 loquuti
2512 4659 2736 4700 sumus
2784 4659 2901 4716 pro
2946 4643 3259 4717 ampliore
3309 4635 3579 4704 cautela.
3634 4644 3866 4706 Melius

593 4720 837 4808 quippe
860 4724 955 4778 est
983 4735 1283 4808 asperum
1316 4735 1706 4808 quemquam
1730 4725 1841 4808 ,‘et
1880 4719 2113 4808 durum
2157 4724 2218 4780 et
2253 4719 2557 4808 audacem
2594 4724 2807 4808 putari
2842 4741 2889 4808 a_
2912 4727 3127 4808 vobis,
3161 4747 3357 4805 quam
3404 4748 3516 4791 vos
3549 4750 3695 4808 quae
3725 4735 3862 4796 Deo

595 4796 845 4888 placent
875 4816 1004 4888 non
1039 4799 1276 4888 iacere.
1311 4796 1637 4888 credimus
1670 4803 1878 4888 autem
1911 4800 2043 4858 Deo
2067 4801 2423 4888 ,‘quoniam
2457 4796 2754 4888 nou—erit
2788 4805 2969 4866 vobis
3004 4796 3248 4888 inutilis
3282 4809 3417 4871 hinc
3458 4796 3817 4888 increpatio
3841 4861 3857 4882 .

595 4879 700 4938 sed
733 4880 820 4963 sic
857 4877 1283 4963 mutabimini,
1318 4882 1388 4936 ut
1424 4895 1750 4938 sermones
1784 4879 2239 4963 ist.es_nostr_o_s
2269 4879 2331 4936 in
2382 4879 2600 4963 laudes
2643 4889 2886 4943 vestras
2933 4887 3373 4963 expendamus
3410 4910 3423 4948 :
3461 4897 3525 4948 nt
3562 4877 3858 4955 obtinere

591 4960 798 5017 cuncti
833 4974 1194 5038 mereamur
1224 4957 1414 5023 bona,
1449 4974 1591 5033 qua:
1622 4958 1912 5038 promisit
1941 4958 2107 5038 Deus
2133 4957 2540 5038 diligentibus
2565 4979 2732 5030 cum,
2762 4965 2825 5021 in
2849 4957 3101 5025 Christo
3128 4968 3281 5028 Jesu
3304 4969 3578 5028 Domino
3603 4980 3854 5038 nostro.

595 5054 734 5126 cum
770 5054 899 5112 quo
931 5037 1096 5126 Patri
1126 5052 1255 5126 una
1291 5054 1433 5095 cum
1467 5045 1686 5096 sancto
1717 5036 1953 5113 Spiritu
1985 5036 2189 5115 gloria
2211 5083 2227 5113 ,
2263 5038 2625 5114 imperium,
2664 5041 2894 5107 honor.
2929 5045 3102 5106 nunc
3127 5053 3190 5106 et
3224 5066 3504 5126 semper,
3534 5057 3596 5110 et
3641 5050 3703 5110 in
3732 5036 3856 5112 sae?

594 5116 736 5175 cuia
764 5115 1168 5175 smculorum.
1202 5118 1424 5174 Amen.

1397 5223 1519 5231 ..α’-ο
1530 5221 1675 5230 -.ια-..-
1685 5225 1764 5233 —.—.
1775 5224 1943 5235 και-..ιο-

2875 5219 3272 5230 -α--ι--ω-

1953 5220 2351 5231 W

2361 5222 2381 5229 a-
2395 5223 2404 5228 -
2423 5222 2474 5229 ο-
2513 5225 2522 5228 -
2535 5224 2606 5231 -~~_
2621 5222 2865 5231 ‘.--—-—'-—».——

1975 5322 2178 5381 ΗΟΜΙ
2197 5321 2319 5381 LlA
2369 5322 2441 5381 ν.

666 5444 813 5507 Νοη
862 5441 1023 5502 enizn
1058 5458 1416 5520 quamquam
1454 5435 1820 5520 angelorum
1852 5434 2281 5520 apprehendit,
2322 5434 2422 5520 seti
2462 5451 2659 5520 semen
2699 5432 3011 5520 Abraham
3037 5433 3465 5520 apprehendit.
3525 5438 3702 5520 Unde
3743 5440 3857 5502 de-

592 5525 722 5588 buit
753 5514 1087 5583 semina-uni
1129 5514 1332 5580 omnia
1361 5517 1666 5597 fratribus
1696 5516 2055 5597 ass-imitari,
2090 5523 2158 5597 ut
2197 5515 2550 5597 misericors
2597 5517 2764 5592 fieret
2792 5560 2806 5579 ,
2841 5522 2894 5572 ct
2926 5514 3124 5597 ﬁdelis
3164 5517 3457 5596 pontifex
3487 5518 3568 5576 ad
3621 5520 3851 5589 Deum.

593 5612 712 5668 etc.
745 5603 1008 5662 Multam
1036 5600 1148 5660 Dei
1186 5593 1696 5679 misericordiam
1736 5596 1955 5679 volens
1985 5596 2220 5679 Paulus
2250 5594 2716 5679 demonstrare,
2750 5600 2810 5653 et
2841 5593 3172 5679 caritatem
3213 5593 3412 5679 quam
3445 5597 3613 5660 circa
3647 5619 3852 5679 genus

594 5687 945 5751 humanum
972 5679 1196 5739 habuit
1228 5698 1241 5733 :
1270 5684 1611 5755 postquam
1641 5675 1844 5757 dixit,
1869 5675 2178 5748 Quoniam
2209 5691 2350 5757 ergo
2381 5674 2572 5757 pueri
2587 5672 3216 5757 _com_municaverami
3235 5676 3412 5735 car-ni
3444 5687 3494 5736 et
3527 5672 3852 5757 sanguini.

595 5775 650 5827 ,ολ
682 5765 808 5843 ipse
836 5761 1121 5824 similiter
1149 5752 1569 5837 participotus
1601 5764 1686 5813 est
1717 5754 2380 5843 eisdem.,_exscq_uitur
2407 5753 2682 5830 amplius
2715 5752 2884 5813 hunc
2907 5753 3140 5843 locum.
3168 5755 3304 5813 Non
3338 5752 3713 5834 simpliciti‘r
3736 5779 3857 5821 an-

600 5833 730 5914 ιιίειὶ
761 5840 928 5927 quod
957 5833 1194 5904 dictum
1225 5844 1356 5912 cst,
1385 5833 1593 5915 neque
1629 5833 1869 5895 nudum
1906 5835 2147 5913 aliquid
2195 5835 2312 5896 hoc
2343 5853 2482 5896 esse
2531 5839 2748 5913 putes,
2790 5835 3099 5912 quoniam
3135 5853 3394 5897 carnem
3427 5833 3501 5897 ev
3543 5840 3723 5902 nobis
3748 5859 3857 5904 as-

615 5225 906 5237 —-—_—

1020 5223 1394 5243 ,_._...._.._...
