4134 6342
337 358 446 414 875
992 364 1307 425 MUTIANO
1358 367 1605 426 SCHOL.
1664 367 2128 426 lNTl-lllPRE'l‘E.
2161 399 2232 410 —
2270 366 2422 425 CAP.
2470 367 2558 426 ΙΙΙ.
2599 366 2838 424 ΙΙυΜιίι.
2881 365 2948 422 ν.
3494 365 3604 428 275

329 462 422 524 uti
450 464 678 547 gustus
704 461 1344 547 quidam_judieii,_ut
1369 467 1485 547 qui
1515 469 1974 535 resnrrectioni
2009 486 2139 531 non
2171 469 2470 543 credunt,
2505 469 2744 531 talibus
2789 468 3170 547 doceantur.
3196 463 3470 547 Quando
3494 465 3609 547 ita-

326 558 456 620 que
496 542 786 629 videmus
829 542 1186 629 malignum
1223 542 1571 629 ditescere,
1606 550 2171 629 nonasubruamur
2203 570 2218 610 :
2251 556 2315 611 et
2353 542 2618 629 quando
2648 547 2940 612 videmus
2971 546 3214 608 bonum
3251 542 3586 629 mala_pati
3609 589 3628 619 ,

327 637 458 682 non
486 623 827 708 iurbemur
859 644 874 682 :
910 623 1042 686 illic
1070 641 1364 708 corontn,
1409 626 1540 688 illic
1576 627 1919 706 supplicia.
1950 628 2062 690 Est
2106 636 2168 692 et
2197 629 2327 693 alia
2356 623 2525 691 ratio
2547 673 2563 702 ,
2595 630 2754 708 quia
2787 645 2918 689 non
2948 632 3159 706 potest
3187 623 3289 686 vel
3319 623 3531 685 malus
3566 623 3632 708 in

322 701 632 788 unguibus
678 703 888 765 malus
933 701 1267 788 esse,_sed
1299 705 1494 788 habet
1522 700 1746 787 aliqua
1787 709 1956 770 bona
2004 729 2019 768 :
2070 727 2283 788 neque
2318 700 2645 772 bonus'in
2693 700 3006 788 omnibus
3050 707 3262 788 bonus
3296 711 3488 788 esse,
3522 700 3632 764 sed

322 778 519 866 habet
547 781 780 866 aliqua
801 790 1085 866 peccata.
1117 785 1391 866 Quando
1412 803 1568 866 ergo
1597 778 2093 866 p'rosperitalem
2114 778 2310 852 habet
2330 789 2540 850 malus
2562 831 2578 862 ,
2611 788 2785 850 malo
2815 786 3046 866 capitis
3077 781 3179 866 sui
3207 783 3405 846 habet
3435 801 3452 843 :
3485 799 3629 845 cum

319 861 495 921 enim
531 879 651 940 pro
689 861 817 925 illis
852 864 1075 942 paucis
1122 864 1306 927 bonis
1339 861 1836 929 retributionem
1866 867 1972 930 hic
2015 869 2288 946 accipit,
2336 868 2469 930 illic
2492 861 2636 943 jam
2683 861 2942 942 plenius
2972 865 3281 944 punietur
3313 881 3331 921 :
3363 867 3635 940 propter

325 958 450 1022 hoc
473 963 690 1023 autem
721 957 825 1020 hic
861 957 1108 1036 recipit.
1141 956 1219 1016 Et
1246 955 1484 1016 iterum
1519 955 1748 1036 beatus
1777 956 1876 1016 est
1906 953 2012 1015 ille
2059 956 2380 1036 maxime,
2410 955 2527 1036 qui
2572 954 2681 1036 hic
2707 953 3016 1036 punitur,
3052 958 3127 1020 ut
3171 955 3395 1036 omnia
3421 974 3639 1036 expo-

327 1057 491 1102 nens
517 1037 749 1100 delicta
770 1080 786 1110 ,
821 1033 1131 1114 probatus
1157 1041 1220 1097 et
1245 1038 1560 1114 purgatus
1590 1034 1963 1114 hineerxeat
1983 1077 2000 1104 ,
2021 1039 2097 1114 et
2125 1033 2410 1114 innullo
2438 1033 2794 1114 obnoxius.
2825 1033 2905 1094 Et
2937 1033 3060 1114 hoc
3079 1051 3209 1114 nos
3243 1034 3487 1098 Paulus
3509 1033 3636 1098 do-

325 1137 513 1190 cens,
551 1117 713 1177 dixit
745 1137 760 1176 :
799 1111 1076 1194 Propter
1100 1115 1215 1177 hoc
1247 1111 1324 1177 in
1353 1111 1529 1176 nobis
1571 1112 1758 1194 inulti
1770 1113 2031 1194 inﬁrmi
2069 1121 2128 1194 at
2152 1113 2410 1194 (egroti,
2447 1120 2506 1194 et
2532 1111 2857 1194 dormiunt
2900 1112 3221 1194 plurimi;
3259 1120 3322 1176 et
3352 1120 3588 1179 iterum
3614 1162 3632 1191 ,

327 1197 599 1260 Tradidi
625 1192 986 1278 hujusmodi
1010 1203 1282 1257 satana!“
1309 1197 1389 1256 Et
1416 1193 1734 1287 propheta
1763 1192 1978 1272 inquit
2007 1212 2024 1253 :
2057 1192 2227 1288 Quia
2261 1193 2636 1288 suscepit_dc
2663 1211 2856 1287 manu
2889 1192 3149 1256 Domini
3183 1193 3475 1336 duplicia
3511 1215 3633 1290 pro

327 1276 633 1336 neccatis:
677 1282 740 1336 et
787 1276 1020 1336 iterum
1048 1274 1252 1336 David
1272 1321 1288 1336 .
1332 1273 1487 1336 Vide
1533 1291 1824 1336 inimicos
1850 1291 2061 1336 meos.
2088 1292 2242 1336 auia
2267 1272 2683 1336 multiplicati
2712 1281 2863 1336 sunt
2892 1291 3083 1336 super
3103 1273 3273 1336 caml
3304 1293 3373 1336 os
3403 1278 3633 1336 canitis

322 1276 633 1359 peccatis;
667 1272 740 1359 et
787 1276 1020 1359 iterum
1048 1274 1252 1359 David
1272 1321 1288 1348 ,
1332 1273 1487 1338 Vide
1533 1273 1824 1359 inimicos
1850 1291 2061 1359 meos,
2088 1275 2242 1354 quia
2267 1272 2685 1359 multiplicati
2712 1272 3373 1359 sunt_supcr_capillo§
3403 1272 3637 1359 capitis

325 1351 446 1418 inci
462 1365 566 1448 ,_et
601 1355 1448 1448 odio‘iniguoodcrunime.
1478 1351 2320 1448 et.dimitte‘omnia‘peccata
2347 1351 2515 1448 mea;
2538 1359 2604 1415 et
2630 1354 2802 1448 item.
2813 1351 2986 1448 alius
3006 1399 3022 1422 .
3055 1351 3282 1416 Pacem
3301 1351 3633 1448 donabis.

327 1437 539 1499 omnia
553 1433 1116 1498 reddidistinobis.
1139 1435 1260 1496 Sed
1291 1435 1425 1497 haec
1439 1433 1702 1513 quidem
1726 1433 2129 1514 ostendentis
2161 1439 2349 1508 sunt,
2382 1436 2589 1497 bonos
2613 1434 2937 1514 supplicia
2961 1451 3080 1513 pro
3096 1436 3378 1514 peccatis
3399 1436 3508 1500 hic
3527 1456 3640 1500 re-

327 1517 544 1596 cipere
574 1537 587 1573 :
621 1515 733 1578 ubi
762 1520 981 1578 autem
1008 1514 1370 1577 ostenditur
1401 1516 1571 1576 bona
1615 1513 1823 1575 malos
1864 1513 1968 1577 hic
1994 1515 2318 1594 recipere,
2351 1515 2487 1576 illic
2517 1513 2773 1594 plenius
2804 1513 3072 1594 puniri?
3100 1513 3269 1576 Audi
3307 1517 3640 1580 Abraham

327 1596 645 1660 dicentem
677 1595 754 1658 ad
804 1595 1061 1657 divitem
1091 1615 1107 1655 :
1139 1595 1454 1672 Recepisti
1485 1592 1648 1656 bona
1676 1594 1746 1656 in
1779 1593 1914 1654 vita
1942 1602 2088 1664 tua,
2123 1603 2180 1656 et
2210 1592 2496 1656 Lazarus
2520 1593 2819 1657 similiter
2843 1595 3033 1656 mala.
3065 1594 3302 1672 Qualia
3329 1597 3502 1660 bona
3533 1596 3640 1660 hic

329 1677 397 1738 in
427 1695 506 1738 eo
530 1676 702 1755 quod
730 1675 928 1748 dixit,
965 1673 1324 1755 Recepisti?
1366 1673 1662 1756 Ostendit
1689 1673 2046 1756 secundum
2077 1673 2366 1737 debitum
2384 1679 2715 1756 utrosque
2746 1687 2976 1756 passos
2998 1720 3015 1749 ,
3065 1680 3129 1738 et
3157 1675 3345 1756 ilium
3374 1676 3640 1756 quidem

328 1758 399 1818 in
429 1753 892 1836 prosperitate,
925 1753 1344 1836 illum—autem
1375 1755 1443 1816 in
1466 1753 1856 1836 adversitate
1889 1757 2218 1836 versatum
2239 1761 2351 1836 ,ct
2377 1754 2542 1836 digit
2575 1753 2902 1836 {Propter
2921 1754 3040 1817 hoc
3064 1756 3183 1836 iste
3203 1755 3308 1818 hic
3337 1753 3639 1819 consola-

332 1833 449 1898 tur
470 1857 489 1897 :
512 1833 688 1898 vides
714 1835 887 1898 enim
915 1835 1099 1897 illum
1127 1839 1474 1916 purgatum
1513 1852 1554 1898 a
1594 1833 1910 1916 peccatis;
1941 1842 2000 1896 et
2031 1843 2103 1916 iu
2136 1835 2205 1898 in
2233 1834 2586 1916 doloribus.
2614 1833 2768 1897 Non
2790 1835 2987 1916 igitur
3011 1835 3348 1899 doleamus
3376 1837 3643 1916 quando

332 1917 522 1979 bonis
555 1917 872 1994 potientes
908 1913 1210 1996 avidem’us
1244 1913 1648 1994 peccatores,
1695 1913 1804 1976 sed
1835 1914 2101 1996 quando
2146 1916 2316 1978 male
2359 1913 3169 1996 patimur,igaudeamus;
3220 1913 3639 1994 peccatorum

331 1997 574 2089 quippe
627 1995 1271 2089 est.ex_piaiio.nNon
1315 1995 2463 2089 ergo‘qhuzei'amus“relaxationem;
2513 1995 3004 2089 tribulationem
3053 1996 3310 2089 quippe.
3345 1997 3644 2089 promisit

331 2014 574 2138 ἓυιρρρ
627 2014 726 2057 est
767 2014 1079 2072 explano.
1132 2014 1271 2057 non
1315 2014 1474 2074 ergo
1518 2014 1889 2074 quaeramus
1949 2014 2463 2088 retaxauonem;
2513 2014 3004 2088 tribulationem
3053 2014 3310 2089 quippe.
3345 2014 3644 2076 promisit

387 2076 628 2158 hristus
659 2076 796 2138 suis
829 2075 1163 2158 discipulis
1199 2092 1398 2158 gnam
1439 2079 1510 2158 _et
1538 2075 1777 2158 Paulus
1806 2075 1962 2158 dicit
1995 2094 2011 2134 :
2045 2075 2273 2158 omnes
2299 2093 2409 2156 qui
2439 2074 2665 2138 volunt
2689 2093 2798 2158 pie
2822 2093 3034 2138 vicere
3061 2095 3132 2138 ιη
3161 2076 3410 2140 Christo
3433 2124 3449 2147 ,
3473 2095 3646 2158 per-

333 2155 761 2237 sequutionem
781 2156 1152 2235 patiuntur.
1198 2155 1400 2217 Nemo
1430 2155 1612 2237 fortis
1643 2154 1890 2237 athleta
1920 2154 1987 2237 in
2019 2154 2227 2237 stadio
2256 2154 2524 2237 lavacra
2553 2154 2868 2235 requirit,
2901 2161 2968 2218 et
2991 2174 3291 2220 mensam
3320 2154 3643 2237 repletam

333 2233 493 2317 cibis
524 2239 588 2297 et
630 2233 803 2296 vino'
834 2254 874 2317 :_A
897 2237 1181 2317 hocnon
1211 2239 1311 2296 est
1356 2234 1648 2317 athletaa,
1680 2234 1793 2297 sed
1840 2233 2146 2317 delicati:
2179 2236 2428 2317 athleta
2457 2233 2947 2317 enim'pugnat
2973 2254 3122 2299 cum
3152 2233 3459 2316 pulvere,
3494 2255 3644 2299 cum

335 2315 482 2377 oleo
503 2360 519 2390 ,
554 2332 701 2398 cum
741 2314 923 2376 radio
953 2315 1145 2388 solis,
1170 2332 1330 2398 _cu_m
1366 2314 1749 2398 sudoribus,
1784 2314 2566 2398 multistribulationibus
2600 2320 2664 2398 et
2686 2314 3391 2398 'anguatia._Agon'hic
3413 2321 3544 2392 est,
3576 2323 3646 2398 et

334 2394 954 2476 pugnandi‘tempus
993 2415 1010 2456 :
1042 2393 1525 2476 proindeetiam
1550 2395 1824 2476 vulnera
1849 2395 2287 2476 suscipiendi,
2320 2400 2385 2459 et
2408 2393 3201 2476 sanguinem'iel'funden'di
3220 2442 3237 2472 ,
3269 2400 3334 2461 et
3359 2396 3643 2459 dolendi.

334 2473 501 2535 Audi
544 2473 882 2557 quiddicit
911 2476 1137 2537 beatus
1169 2473 1408 2537 Paulus
1441 2494 1456 2532 :
1488 2475 1597 2536 Sic
1620 2491 1840 2554 pugno
1863 2521 1877 2541 .
1909 2473 2049 2536 non
2069 2475 2240 2538 velut
2271 2494 2473 2537 aerem
2502 2473 2762 2540 ciedens.
2795 2475 3070 2538 Omnem
3102 2477 3302 2539 vitam
3334 2477 3401 2538 in
3432 2493 3646 2557 agone

333 2571 480 2615 esse
511 2555 925 2636 constitutam
963 2559 1262 2633 putemus
1277 2599 1299 2636 ί,
1350 2559 1414 2614 et
1435 2572 1822 2636 numquam
1866 2557 2163 2633 requiem
2191 2572 2562 2636 quaeramus
2585 2601 2602 2631 ,
2650 2557 3012 2634 numquam
3042 2557 3335 2620 tribulati
3365 2555 3650 2620 mre—rea-

332 2652 480 2695 mus
514 2654 529 2693 :
563 2635 618 2695 si
649 2633 909 2712 quidem
937 2632 1150 2713 neque
1180 2635 1292 2712 qui
1324 2632 1604 2696 caedibus
1637 2638 1886 2714 pugnat
1913 2632 2171 2706 luceret,
2205 2632 2353 2698 cum
2384 2655 2454 2699 se
2485 2637 2553 2697 in
2583 2652 2794 2714 agone
2822 2632 3060 2699 viderit
3093 2657 3108 2697 :
3141 2637 3318 2700 aliud
3344 2642 3444 2699 est
3470 2637 3668 2704 enim.

334 2714 740 2801 remissionis
790 2719 1066 2801 tempus.
1113 2713 1381 2801 Oportet
1424 2718 1643 2801 autem
1685 2713 1804 2801 nos
1836 2733 1952 2792 per
2001 2715 2456 2801 tribulationes
2506 2713 2761 2801 perlici,
2803 2733 3219 2801 quamquam
3253 2735 3651 2801 nec_perse7

331 2793 568 2878 qnu_tio_
601 2794 836 2878 ’aiiqua
883 2794 966 2854 sit
1010 2811 1224 2878 neque
1257 2794 1626 2878 tribulatio;
1679 2795 1788 2854 sed
1822 2801 2038 2856 tamen
2073 2801 2238 2878 sunt
2279 2796 2425 2859 alite
2455 2793 2973 2878 tribulationes.
2999 2793 3118 2876 per
3161 2797 3300 2860 dies
3351 2793 3648 2878 singulos

334 2874 524 2934 nobis
550 2873 906 2956 incidentes
941 2894 970 2956 :_
986 2875 1039 2956 si
1071 2879 1289 2956 autem
1313 2873 1466 2956 istas
1501 2892 1629 2934 non
1664 2878 1998 2956 portamus
2020 2920 2035 2940 .
2069 2875 2215 2938 illas
2242 2877 2673 2955 portabimus.
2718 2873 3048 2946 Tentatio,
3084 2878 3341 2956 inquit,
3373 2873 3490 2939 vos
3513 2896 3646 2939 non

335 2952 846 3034 comprehendat,
899 2953 1031 3014 nisi
1077 2952 1370 3034 humana.
1412 2953 1691 3034 Oramus
1722 2954 1983 3034 quidem
2029 2952 2269 3028 Deum,
2303 2973 2434 3016 non
2469 2958 2712 3017 intrare
2752 2957 2818 3016 in
2853 2952 3308 3031 tentationem;
3343 2958 3395 3020 si
3427 2963 3648 3021 autem

334 3034 794 3117 intravarimus
819 3079 834 3105 ,
862 3039 1191 3117 poriemus
1224 3033 1474 3117 fortiter
1501 3052 1516 3092 :
1542 3033 1699 3117 illud
1732 3033 1992 3117 quidem
2023 3037 2525 3117 temperantium
2559 3037 2900 3097 hominum
2928 3043 3066 3111 est,
3101 3043 3173 3098 ut
3201 3057 3272 3100 se
3304 3038 3544 3117 aliquis
3577 3039 3645 3099 in

333 3113 625 3190 pericula
655 3130 784 3198 non
816 3113 1199 3198 principitet;
1253 3113 1396 3198 hoc_
1419 3119 1637 3198 autem
1667 3113 1928 3174 fortium
1958 3117 2022 3175 et
2072 3115 2634 3198 philosophorum.
2668 3117 2810 3198 Non
2858 3117 3081 3195 itaque
3115 3135 3234 3180 nos
3284 3113 3651 3198 praecipite-

335 3210 480 3253 inus
507 3191 1021 3270 quomodolibet;
1056 3193 1434 3254 temeritatis
1469 3192 1714 3333 quipa‘e
1745 3200 1842 3254 est
1875 3214 1889 3252 :
1926 3191 2140 3271 neque
2173 3191 2410 3256 iterum
2451 3214 2598 3257 cum
2632 3191 3063 3268 adducemur,
3096 3204 3159 3258 et
3188 3191 3384 3259 rebus
3416 3191 3508 3260 sic
3535 3216 3647 3260 vo-

335 3273 632 3332 cantibus
664 3272 1000 3333 cedamus:
1045 3272 1294 3333 timoris
1326 3289 1609 3333 namuuc
1687 3291 1764 3333 oc
1795 3277 1892 3333 est
1924 3291 1939 3332 :
1973 3273 2084 3333 sed
2121 3274 2173 3333 si
2207 3275 2469 3333 cuidem
2503 3276 2877 3333 praedicatio
2905 3278 3085 3333 verbi
3121 3295 3240 3333 nos
3269 3281 3643 3333 vocaverit-

333 3273 632 3332 cantibus
664 3272 1000 3342 cedamus;
1045 3272 1300 3353 timoris
1326 3289 1609 3353 namque
1642 3272 1764 3334 hoc
1795 3277 1892 3334 est
1924 3291 1939 3332 :
1973 3273 2084 3334 sed
2121 3274 2173 3335 si
2207 3275 2469 3352 quidem
2503 3276 2877 3353 praedicatio
2905 3278 3085 3339 verbi
3121 3295 3240 3339 nos
3269 3281 3643 3352 vocaverit,

333 3369 464 3411 non
498 3368 875 3437 renuamus.
912 3353 988 3411 Et
1030 3352 1408 3437 simpliciter
1435 3352 1578 3413 dico
1629 3373 1642 3411 :
1691 3354 1831 3413 Non
1881 3358 2182 3437 exstante
2216 3373 2434 3433 neque
2467 3352 2748 3416 utilitate
2791 3356 3049 3437 aliqua,
3101 3376 3318 3437 neque
3350 3364 3644 3420 necessi-

334 3437 474 3514 tate
494 3448 640 3509 quas
669 3431 1080 3514 ad_pietatem
1131 3433 1407 3514 pertinet
1438 3438 1744 3514 vocante,
1777 3450 1907 3493 non
1939 3433 2303 3514 irruamus;
2332 3431 2690 3496 ostentatio
2721 3431 2962 3514 quippe
3003 3443 3102 3498 est
3128 3446 3193 3500 et
3210 3431 3488 3500 ambitio
3520 3440 3644 3502 ho—

333 3511 512 3594 noris
544 3509 851 3588 superﬂui
889 3531 902 3569 :
934 3513 986 3570 si
1018 3517 1233 3571 autem
1258 3511 1509 3594 aliquid
1540 3529 1798 3594 eorum,
1832 3529 1980 3590 qua)
2005 3512 2245 3574 laedunt
2267 3516 2573 3592 pietatem
2598 3509 2934 3594 contingat
2955 3527 2984 3587 ,‘
3003 3534 3080 3580 ac
3110 3519 3162 3579 si
3195 3517 3368 3580 mille
3401 3526 3644 3581 mortes

334 3593 671 3676 sustinere-
694 3608 808 3651 nos
841 3597 1171 3676 oporteat,
1207 3591 1367 3650 nihil
1400 3609 1675 3652 renuere
1705 3593 2038 3676 debemus.
2075 3594 2214 3676 Non
2249 3591 2565 3672 provoces
2607 3591 3038 3669 tentationes,
3072 3597 3338 3676 quando
3371 3599 3484 3661 tibi
3516 3615 3596 3661 ea
3626 3644 3643 3673 ,

333 3687 478 3756 qua:
504 3670 582 3731 ad
609 3670 915 3756 pietatem
936 3671 1294 3756 pertiuent,
1330 3688 1446 3756 pro
1474 3679 1621 3756 γοιο
1652 3673 2020 3756 procedunt
2053 3694 2070 3734 :
2104 3675 2158 3735 si
2195 3670 2352 3737 vero
2388 3676 2858 3738 desideraveris
2881 3721 2897 3749 ,
2927 3670 3263 3756 superﬂua
3291 3680 3403 3740 tibi
3438 3670 3645 3741 assu-é

335 3749 453 3810 mis
488 3750 809 3826 pericula,
839 3749 1091 3810 nullum
1119 3750 1374 3810 lucrum
1407 3749 1734 3813 habentia.

411 3840 561 3900 Haec
589 3837 731 3898 dico
754 3881 768 3904 ,
804 3837 1024 3896 volens
1052 3852 1166 3895 vos
1194 3833 1519 3895 custodire
1545 3834 1720 3911 leges
1745 3830 1984 3892 Christi
2010 3829 2299 3909 jubentis
2342 3845 2578 3911 orare_1
2605 3845 2686 3889 ne
2712 3828 3030 3911 intremus
3062 3829 3128 3890 in
3165 3829 3593 3892 tentationem
3621 3880 3639 3906 ,

328 3925 391 3979 et
415 3918 700 3998 jubentis
731 3920 804 3998 ut
849 3932 1106 3975 crucem
1139 3930 1324 3998 suam
1378 3913 1560 3998 tullat
1589 3908 1736 3998 quis
1759 3955 1776 3983 ,
1811 3916 1873 3998 et
1902 3908 2220 3998 sequatur
2249 3913 2488 3998 ipsum.
2521 3908 2675 3998 Hinc
2702 3910 2952 3998 quippe
2995 3926 3129 3998 no_n
3161 3916 3315 3998 sunt
3363 3917 3641 3998 contra-

329 3988 464 4071 ria',
498 3996 608 4058 sed
659 3995 842 4056 valde
882 3993 1359 4055 convenientia.
1393 3993 1489 4050 Tu
1523 3988 1787 4069 quidem
1821 3991 1911 4051 ita
1941 3996 2082 4052 esto
2133 3993 2572 4071 praeparatus,
2625 3989 2794 4071 sicut
2844 3989 3031 4050 miles
3067 3988 3250 4050 fortis
3284 3989 3348 4049 in
3385 3993 3586 4054 armis
3619 4015 3636 4052 :

326 4068 466 4140 esto
499 4083 806 4155 perpetne
850 4075 1143 4141 sobrius,
1181 4072 1480 4155 vigilans,
1514 4068 1769 4155 semper
1796 4071 2497 4155 hosterm‘exspectans;
2552 4068 2718 4130 bella
2738 4072 2974 4155 autem
2993 4086 3148 4155 _non
3193 4071 3479 4155 excites;
3515 4072 3640 4134 hoc

325 4148 570 4235 quippe
619 4148 835 4215 militis
871 4170 999 4213 non
1032 4158 1160 4235 est,
1208 4148 1666 4235 sedseditiosi.
1695 4151 1756 4211 Si
1793 4149 2419 4235 vero_tubapietatis
2450 4149 2815 4220 vocaverit,
2859 4148 3198 4235 confestim
3233 4151 3541 4235 procede,
3577 4160 3640 4213 et

326 4229 667 4298 conti-mne
696 4235 979 4296 animam
1001 4279 1016 4305 ,
1045 4237 1107 4293 et
1128 4230 1462 4310 ingredere
1499 4249 1644 4291 cum
1683 4231 1887 4291 multa
1916 4229 2254 4310 alacritate
2275 4231 2339 4289 in
2361 4245 2674 4310 agonem,
2704 4247 2942 4310 rumpe
2972 4229 3178 4290 aciem
3212 4229 3639 4292 adversario—-

329 4335 474 4376 rum
499 4362 514 4382 .
549 4315 811 4377 concide
844 4313 1070 4374 faciem
1096 4305 1359 4382 diaboli,
1391 4317 1601 4372 statue
1634 4317 1971 4390 tropaeum.
2003 4309 2064 4370 Si
2092 4315 2315 4371 autem
2344 4305 2550 4388 pietas
2583 4308 2743 4390 nihil
2769 4305 3047 4381 laeditur,
3081 4327 3299 4386 neque
3330 4310 3638 4390 depOpu-

328 4398 418 4457 let
447 4396 682 4473 aliquis
715 4411 860 4473 quae
889 4394 966 4473 ad
1001 4410 1118 4453 nos
1141 4393 1468 4473 pertinent
1496 4391 1798 4473 dogmata
1831 4411 1844 4449 :
1878 4389 2021 4452 dico
2058 4395 2279 4473 autem
2306 4407 2382 4450 ea
2414 4389 2668 4473 quaead
2693 4390 2979 4473 animam
3014 4391 3340 4473 pertinent
3373 4411 3386 4449 :
3419 4389 3636 4469 neque

329 4482 518 4556 cogat
550 4467 607 4536 te
638 4467 878 4556 aliquis
928 4467 1158 4556 facere
1185 4471 1356 4548 quod
1405 4472 1534 4556 Deo
1568 4467 1696 4556 non
1730 4472 1975 4556 placei,
2025 4469 2159 4532 noli
2191 4488 2336 4531 esse
2368 4467 2778 4556 superfluus;
2810 4469 3158 4556 Sauguinis
3191 4474 3446 4556 oportet
3492 4467 3637 4556 esse

330 4547 588 4634 plénam
626 4547 1250 4634 Christianivitam,
1286 4553 1624 4634 sanguinis
1653 4557 1874 4634 autem
1906 4551 2084 4634 dico,
2120 4568 2250 4634 non
2284 4557 2352 4610 ut
2379 4550 2658 4634 aliorum
2690 4547 3134 4634 effundamus,
3171 4549 3277 4634 scil
3312 4556 3393 4634 ut
3421 4555 3631 4629 parati

328 4628 532 4697 simus
573 4641 866 4696 nostrum
915 4631 1267 4693 effundere.
1319 4628 1479 4691 Cum
1513 4637 1689 4693 tanta
1738 4632 1936 4711 igitur
1978 4631 2318 4711 alacritate
2360 4629 2699 4711 proprium
2748 4629 3135 4708 sanguinem
3179 4628 3586 4692 eﬂundamus
3616 4679 3632 4702 ,

329 4715 594 4793 quando
643 4733 762 4794 pro
806 4713 1062 4794 Christo
1106 4711 1227 4772 hoc
1263 4712 1418 4777 erit,
1453 4729 1598 4772 cum
1626 4709 1890 4794 quanta
1922 4727 2163 4789 aquam
2212 4710 2360 4794 quis
2394 4709 2662 4794 effundit
2697 4731 2710 4768 :
2746 4711 2987 4771 etenim
3020 4727 3196 4788 aqua
3237 4717 3335 4771 est
3365 4712 3633 4790 sanguis

329 4790 762 4856 circumfusus
795 4793 1050 4871 corpori
1087 4811 1101 4850 :
1136 4796 1199 4851 et
1229 4810 1374 4852 cum
1407 4796 1582 4852 tanta
1619 4791 1923 4853 facilitate
1951 4809 2148 4852 carne
2194 4791 2461 4868 spoliari
2493 4790 2840 4871 debemus,
2875 4809 3023 4850 cum
3056 4797 3300 4868 quanta
3335 4797 3398 4871 et
3425 4795 3635 4852 vesti—

330 4883 546 4936 mento
586 4895 600 4934 :
641 4875 762 4936 hoc
788 4870 1006 4935 autem
1052 4871 1171 4931 erit
1195 4915 1211 4945 ,
1247 4871 1298 4933 si
1349 4889 1478 4931 non
1510 4871 1753 4932 erimus
1783 4872 2075 4950 pecuniis
2108 4871 2336 4943 dediti,
2374 4872 2425 4930 si
2459 4887 2588 4930 non
2629 4870 2962 4942 domibus,
3008 4871 3059 4932 si
3094 4888 3226 4931 non
3262 4870 3585 4932 affectioni
3615 4919 3633 4944 ,

328 4955 382 5016 si
415 4957 496 5016 ab
527 4957 828 5015 omnibus
857 4952 1101 5014 erimus
1148 4953 1455 5030 separati.
1489 4950 1548 5011 Si
1583 4954 1759 5013 enim
1791 4953 1904 5030 qui
1954 4951 2300 5012 militarem
2350 4952 2543 5012 vitam
2576 4951 2836 5022 vivunt,
2869 4952 3172 5012 omnibus
3208 4953 3586 5014 renuntiant
3615 4999 3631 5025 ,

327 5041 390 5096 et
416 5036 812 5113 ubicumque
838 5033 1473 5113 bellumivocaverit,
1523 5032 1608 5113 ibi
1657 5032 1934 5093 aderunt
1959 5038 2022 5093 et
2055 5033 2189 5093 vias
2219 5031 2562 5103 incedunt,
2597 5036 2662 5091 et
2684 5032 2903 5091 omnia
2932 5050 3079 5092 cum
3113 5032 3451 5113 alacritate
3490 5052 3636 5094 sus-

331 5116 539 5178 tinent
591 5135 604 5173 :
658 5111 859 5174 multo
909 5111 1188 5190 amplius
1237 5129 1356 5172 nos
1388 5112 1619 5173 Christi
1674 5113 1908 5174 milites
1955 5113 2048 5173 sic
2088 5117 2490 5191 praeparatos
2534 5130 2679 5172 esse
2730 5116 3023 5189 Oportet,
3058 5118 3120 5174 et
3167 5111 3516 5190 dispositos
3551 5116 3631 5176 ad

333 5196 574 5257 bellum
625 5187 1038 5273 passionum.
1077 5193 1260 5253 Nunc
1303 5210 1435 5252 non
1484 5198 1581 5255 est
1633 5187 2344 5272 persequutiofneq'uc
2392 5192 2659 5271 contigit
2691 5187 2830 5273 fieri
2865 5187 3414 5270 aliquandofsed
3457 5195 3632 5269 aliud

333 5276 572 5336 bellum
617 5272 722 5337 est
742 5273 1143 5352 cupiditatis,
1177 5273 1601 5352 pecuniarum
1626 5319 1639 5343 ,
1674 5274 1965 5345 invidiae,
2000 5278 2515 5350 cmterarumquc
2558 5272 2959 5349 passionum.
2995 5273 3169 5333 Istud
3205 5275 3449 5335 bellum
3484 5294 3636 5336 nar-

333 5373 483 5418 rans
520 5357 754 5417 Paulus
781 5351 946 5415 dixit
977 5373 992 5412 :
1023 5352 1176 5415 Non
1206 5361 1292 5412 est
1330 5351 1510 5413 nobis
1552 5352 1917 5415 colluctatio
1950 5353 2247 5414 adversus
2280 5370 2525 5413 carnem
2553 5363 2607 5413 ct
2639 5352 3029 5429 sanguinem.
3060 5353 3236 5414 lstud
3270 5355 3509 5415 bellum
3539 5357 3635 5417 in-

331 5441 491 5509 stat,
530 5441 798 5515 prOpter
822 5434 951 5494 hoc
986 5450 1244 5515 semper
1271 5450 1388 5515 nos
1433 5439 1718 5495 armatos
1749 5442 1932 5515 stare
1970 5435 2105 5495 vult
2150 5455 2164 5493 z
2212 5434 2368 5515 quia
2398 5433 2568 5494 enim
2616 5451 2874 5510 semper
2905 5441 3192 5495 armatos
3240 5443 3414 5495 stare
3450 5437 3588 5497 vult
3617 5483 3632 5506 ,

329 5512 815 5594 Statu—inquit,
846 5514 1155 5574 succincti
1185 5512 1422 5574 lumbos
1451 5522 1724 5574 vestros:
1769 5514 1941 5590 quod
1983 5515 2175 5576 etiam
2217 5514 2430 5592 ipsum
2463 5515 2798 5595 praesentis
2826 5519 2924 5574 est
2957 5516 3266 5592 temporis
3301 5535 3314 5572 :
3347 5523 3408 5574 et
3435 5518 3636 5595 signi-

331 5596 579 5661 ficavit.
627 5593 785 5674 quia
825 5612 1081 5672 semper
1121 5599 1374 5672 Oportet
1403 5595 1666 5655 armari.
1711 5595 1988 5655 Multum
2044 5595 2284 5656 bellum
2334 5612 2448 5673 per
2488 5593 2826 5674 linguam,
2882 5596 3156 5654 multum
3207 5612 3322 5672 per
3353 5593 3579 5658 oculos
3614 5618 3628 5656 :

333 5677 503 5738 istud
535 5673 774 5738 bellum
806 5676 1144 5736 vincamus
1175 5695 1189 5732 :
1222 5675 1494 5734 multum
1541 5676 1782 5735 bellum
1810 5682 1910 5737 est
1945 5676 2393 5754 cupiditatum.
2436 5673 2682 5734 ldcirco
2713 5673 2862 5735 inde
2906 5675 3134 5753 incipit
3163 5692 3423 5736 armare
3468 5679 3635 5738 mili-

334 5764 461 5818 tem
489 5757 724 5819 Christi
757 5775 771 5815 :
801 5757 1009 5821 State,
1044 5755 1288 5833 inquit,
1320 5755 1628 5815 succincti
1661 5754 1899 5816 luznbos
1946 5771 2212 5825 t'estros;
2242 5762 2306 5818 et
2336 5755 2555 5815 intulit
2577 5799 2591 5821 ,
2625 5756 2705 5815 In
2733 5755 3020 5814 ccrilatc.
3068 5756 3283 5830 Quare
3305 5802 3319 5822 ,
3355 5758 3434 5816 In
3469 5760 3636 5818 reri—

334 5841 514 5900 tutc?
571 5838 797 5900 lllusio
841 5852 1084 5914 quippe
1152 5840 1248 5897 est
1308 5839 1374 5897 et
1417 5835 1661 5898 falsitas
1729 5837 2043 5915 cupiditas
2083 5859 2096 5898 :
2133 5841 2476 5917 propterea
2537 5834 2697 5896 dixit
2742 5835 3058 5913 prOpheta
3094 5857 3106 5894 :
3148 5837 3336 5896 Renes
3370 5839 3484 5899 mci
3528 5858 3634 5900 rc-
