4134 6342
584 333 688 387 285'
1326 332 1382 388 S.
1423 330 1467 387 Ι.
1514 328 2002 388 CllRYSOSTOMl
2047 331 2214 387 llOMl

2200 330 2359 386 ηλᾸί
2403 329 2467 384 IN
2510 328 2725 386 EPIST.
2767 328 2858 382 AD
2896 327 3099 383 llEBR.
3721 326 3827 380 25:6

587 427 836 489 terruit.
870 427 958 487 Ne
992 426 1150 488 forte
1180 424 1387 485 adhuc
1414 426 1477 484 in
1514 423 1633 485 ﬁde
1664 432 1905 488 stantes
1936 442 2063 486 non
2098 445 2242 486 cum
2280 426 2529 505 integra
2561 421 3337 505 satisfactione_conﬁ_ditis
3359 465 3377 493 .
3413 419 3726 505 ipseque:
3771 427 3837 484 in

584 506 774 568 corde
806 510 958 567 sunt
993 506 1304 566 discernet
1335 524 1349 562 :
1380 505 1668 574 ibi,enim
1696 505 1992 566 ascendet
2022 511 2083 565 et
2116 507 2385 583 puniens
2408 502 2519 572 ,Vct
2548 502 2950 583 examinans.
2983 503 3061 583 Et
3089 502 3241 580 quid
3271 502 3411 563 dico
3440 502 3517 562 de
3545 502 3842 583 homini-

585 588 755 647 bus?
785 590 850 647 at
878 588 929 646 si
973 584 1231 663 angelos
1270 584 1442 644 dicas
1466 628 1481 655 ,
1516 590 1581 644 at
1610 585 1662 645 si
1699 582 2129 663 archangelos
2154 630 2169 657 ,
2203 590 2267 645 at
2306 585 2357 643 si
2403 582 2785 663 Cherubim,
2816 587 2880 642 at
2922 583 2975 641 si
3024 582 3358 663 Seraphin;
3382 628 3398 656 ,
3436 587 3503 643 at
3542 582 3839 663 siialiam

586 666 936 741 quamlibet
969 661 1358 735 creaturam,
1392 663 1607 723 omnia
1642 666 1921 725 revelata
1950 661 2099 725 sunt
2130 664 2318 726 oculo
2348 662 2485 741 ejus
2508 707 2523 732 ,
2552 662 2767 741 omnia
2798 668 3021 741 aperta
3051 666 3114 721 et
3147 661 3515 741 manifesta,
3551 661 3713 721 nihil
3744 670 3844 723 est

586 739 756 821 quod
789 761 932 803 eum
960 743 1153 820 possit
1179 743 1378 805 latere
1404 764 1419 801 :
1446 742 1668 803 Omnia
1697 744 1866 803 nuda
1895 753 1949 803 et
1978 752 2195 823 aperta
2220 739 2591 823 sunt-oculis
2612 739 2771 823 ejus,
2801 740 2880 823 ad
2903 758 3076 823 quem
3103 740 3283 801 nobis
3297 758 3503 823 sermo
3532 749 3641 823 est.
3672 741 3840 814 Quid

588 819 800 883 autem
829 819 1213 900 est,Aperta
1236 823 1265 880 ?
1294 823 1389 882 Ex
1420 822 1791 898 metaphora
1824 819 2118 901 pellium,
2150 840 2294 900 quae
2324 822 2399 882 de
2425 820 2775 899 pecudibus
2807 819 3255 901 detrahuntur.
3288 820 3461 881 Sicut
3490 821 3659 881 enim
3691 839 3842 881 cum

587 901 859 980 pecudes
908 899 1207 961 occiderit
1250 905 1393 979 quis
1421 947 1435 973 ,
1468 907 1529 961 et
1566 920 1646 960 ex
1684 899 1986 963 carnibus
2028 899 2379 963 detraxerit
2413 901 2694 980 pellem,
2720 899 2939 960 omnia
2978 900 3289 961 interiora
3331 901 3705 980 revelantur
3730 944 3745 969 ,
3778 908 3844 959 et

587 977 808 1059 aperta
842 986 995 1073 sunt
1023 983 1223 1042 oculis
1253 977 1485 1073 nostris
1513 981 1641 1073 :_sic
1668 988 1730 1040 et
1755 983 1884 1042 Deo
1915 988 2137 1073 aperta
2163 982 2497 1073 subiacent
2526 978 2763 1073 omnia.
2798 979 3143 1073 ’i‘uﬂautem‘
3168 977 3422 1073 attende
3453 981 3645 1073 etiam
3673 978 3796 1073 hoc
3822 1024 3839 1051 ,

586 1056 909 1137 quomodo
954 1078 1203 1138 semper
1239 1076 1399 1136 Opus
1443 1059 1634 1119 habet
1666 1056 1991 1138 corporeis
2028 1056 2337 1137 exemplis
2369 1079 2382 1117 :
2412 1058 2582 1136 quod
2610 1057 2679 1117 ﬁt
2707 1076 2786 1138 ex
2819 1056 3188 1118 inﬁrmitate
3219 1057 3639 1119 audientium.
3673 1059 3843 1132 Quia

588 1136 757 1198 enim
790 1139 1021 1199 inﬁrmi
1052 1136 1845 1208 erantdeclar,avit,dicens
1874 1140 2086 1202 tardos
2116 1136 2235 1200 eos,
2256 1158 2419 1206 esse.
2451 1143 2513 1199 et
2544 1154 2707 1213 opus
2736 1136 3042 1197 habentes
3068 1138 3256 1207 lacte,
3282 1154 3410 1196 non
3437 1138 3641 1199 solido
3671 1140 3840 1199 cibo.

588 1217 814 1278 Omnia
841 1217 1009 1277 nuda
1035 1227 1202 1297 sunt,
1238 1218 1467 1293 inquit,
1501 1227 1555 1277 et
1584 1228 1800 1294 aperta
1830 1220 2029 1279 oculis
2056 1220 2207 1297 ejus,
2241 1218 2320 1277 ad
2346 1236 2520 1297 quem
2545 1215 2724 1297 nobis
2748 1232 2943 1297 sermo
2976 1223 3084 1275 est.
3109 1216 3273 1290 Quid
3304 1221 3421 1282 est,
3446 1218 3529 1277 In
3562 1217 3845 1296 idipsum

587 1298 930 1375 exemplum
951 1296 1386 1374 inﬁdelitatis?
1408 1298 1764 1373 Tamquam
1794 1298 1844 1358 si
1871 1294 2133 1369 diceret,
2153 1294 2515 1375 quare'non
2546 1294 2845 1375 rviderunt
2874 1295 3049 1355 illam
3076 1301 3314 1357 terram
3348 1294 3794 1373 promissionis
3815 1302 3846 1355 ?

586 1374 1163 1452 Quiaaccipientes
1196 1376 1424 1454 pignus
1458 1377 1713 1437 virtutis
1737 1377 1876 1449 Dei,
1904 1374 2242 1455 oportebat
2276 1394 2385 1437 eos
2416 1374 2673 1436 credere
2700 1374 2927 1434 timore
2957 1376 3158 1455 magis
3190 1375 3556 1437 obedientes
3576 1421 3590 1444 ,
3620 1382 3683 1435 et
3710 1395 3844 1437 non

588 1471 820 1531 magna
850 1455 1212 1533 imaginari;
1250 1453 1314 1515 at
1344 1461 1513 1515 certe
1544 1453 2071 1531 pusillanimitate
2102 1456 2452 1533 perierunt.
2482 1456 2693 1514 Potest
2722 1459 2936 1513 autem
2965 1453 3139 1514 alitid
3176 1454 3323 1533 dici,
3356 1456 3509 1531 quia
3542 1462 3602 1516 et
3633 1458 3847 1517 maxi-

587 1550 755 1594 mam
787 1532 1030 1611 partem
1072 1535 1318 1596 itineris
1353 1536 1752 1597 ambulantes
1778 1580 1794 1607 ,
1828 1554 1972 1597 cum
2003 1536 2079 1597 ad
2106 1532 2250 1612 ipsa
2284 1534 2505 1594 limina
2527 1533 2952 1612 pervenirent
2979 1578 2994 1603 ,
3028 1551 3174 1596 cum
3214 1532 3293 1594 ad
3324 1535 3533 1611 ipsum
3580 1543 3841 1612 partum

588 1613 942 1679 intrarent,
976 1613 1245 1674 demersi
1276 1618 1445 1674 sunt.
1477 1613 1612 1674 Hoc
1638 1616 1829 1675 etiam
1872 1616 1936 1675 in
1968 1611 2191 1685 vobis,
2223 1613 2467 1690 inquit,
2493 1611 2705 1673 timeo.
2739 1613 2875 1671 Hoc
2904 1618 3036 1680 est,
3071 1614 3154 1673 In
3181 1612 3454 1691 idipsum
3498 1611 3845 1692 exemplum

588 1692 976 1771 inﬁdelitatis
998 1713 1017 1751 :
1044 1694 1196 1768 quia
1227 1698 1288 1752 et
1317 1693 1417 1753 isti
1451 1695 1646 1753 multa
1678 1695 1847 1769 passi
1876 1700 2048 1764 sunt,
2070 1695 2233 1753 sicut
2260 1694 2349 1753 eis
2381 1697 2521 1771 post
2554 1692 2888 1769 paululum
2914 1692 3313 1763 testiﬁcatur,
3340 1694 3589 1754 dicens:
3610 1696 3847 1755 Recor-

587 1770 825 1851 damini
852 1772 1137 1850 priorum
1167 1772 1435 1837 dierum.
1460 1772 1530 1831 in
1557 1771 1779 1851 quibus
1809 1773 2152 1833 illum-inuti
2180 1772 2354 1838 estis,
2379 1781 2677 1851 quantum
2699 1779 3007 1831 certamen
3023 1773 3391 1851 passionum
3417 1774 3841 1835 sustinuistis.

588 1850 784 1931 Nemo
814 1851 984 1931 enim
1011 1851 1433 1931 pusillanimis
1456 1850 1793 1931 sit,’neque
1831 1853 1893 1912 in
1922 1852 2050 1913 ﬁne
2080 1850 2455 1912 renuntians
2478 1850 2683 1912 cadat.
2717 1851 2878 1931 Sunt
2906 1850 3075 1911 enim
3111 1852 3223 1929 qui
3254 1852 3316 1910 in
3352 1853 3665 1931 principio
3695 1873 3842 1915 cum

586 1929 826 2007 ingenti
859 1928 1170 2010 desiderio
1200 1929 1812 2010 arripiuntialiquid,
1845 1937 2067 2009 postea
2094 1948 2249 1991 vero
2280 1932 2615 2007 paululum
2646 1929 2947 2010 quiddam
2975 1928 3280 1993 universo
3307 1928 3581 2010 adjicere
3611 1934 3847 1994 volen—

587 2011 679 2067 tes
704 2051 722 2077 ,
760 2008 1134 2090 universum
1166 2008 1484 2069 amittunt.
1518 2008 1917 2071 Sufﬁcienter
1945 2030 2023 2071 ex
2058 2012 2428 2090 parentibus
2470 2009 2708 2090 nostris
2740 2010 3045 2090 docemur
3069 2055 3085 2085 ,
3118 2028 3199 2071 ne
3230 2011 3295 2070 in
3327 2008 3845 2090 sim_ilia_incida—

586 2104 759 2170 mus,
793 2105 872 2147 ne
901 2087 1135 2170 eadem
1182 2090 1530 2170 patiamur,
1558 2106 1702 2170 quae
1746 2090 1837 2170 illi
1886 2085 2078 2168 passi'
2104 2094 2275 2170 sunt.
2307 2090 2442 2170 Hoc
2472 2094 2603 2170 est,
2637 2088 2721 2170 In
2758 2089 3031 2170 idipsum
3068 2090 3412 2170 exemplum
3429 2085 3853 2170 inﬁdelitatis.

591 2165 1164 2233 Nunresolvaiuur,
1208 2166 1415 2245 inquit
1447 2186 1462 2225 :
1495 2167 1665 2244 quod
1693 2165 2082 2229 etiam'circa
2112 2169 2302 2228 ﬁnem
2334 2168 2483 2228 dicit
2517 2189 2530 2227 :
2572 2165 2923 2228 Dissolulas
2964 2186 3184 2228 manus
3215 2165 3269 2228 e't
3300 2166 3610 2230 dissoluta
3639 2188 3845 2244 genua

577 2256 818 2331 erigite.
853 2255 947 2315 Ne
971 2255 1040 2313 in
1065 2254 1334 2333 idipsum
1362 2254 1700 2332 exemptum
1727 2256 1867 2333 quis
1898 2254 2164 2319 incidat;
2187 2256 2306 2333 hoc
2341 2252 2511 2312 enim
2542 2254 2638 2309 est
2670 2264 2901 2333 revera.
2923 2248 3173 2311 cadere.
3198 2248 3287 2310 Ne
3318 2250 3840 2333 deinde_audiens

576 2326 920 2411 quisquam
948 2334 1014 2392 in
1053 2326 1325 2410 idipsum
1351 2326 1712 2410 exemplum
1737 2326 2025 2393 incidere
2050 2377 2065 2405 ,
2100 2331 2386 2411 eamdem
2419 2336 2685 2390 mortem
2726 2326 3172 2411 suspicaretur
3194 2347 3391 2411 quam
3434 2335 3495 2390 et
3527 2330 3618 2390 illi
3661 2334 3838 2409 passi

576 2407 1027 2502 suntiattende
1067 2407 1217 2502 quid
1246 2412 1407 2502 dixit
1435 2432 1451 2502 ξ
1497 2407 1685 2502 Vivus
1725 2413 1903 2502 enim.
1932 2418 2016 2471 est
2048 2429 2243 2502 sermo
2271 2410 2475 2502 Iieiet
2506 2411 2729 2488 efﬁcax
2749 2453 2764 2473 ,
2796 2416 2851 2466 et
2886 2407 3349 2501 penetrabilior
3370 2427 3560 2502 super
3599 2407 3839 2471 omnem

575 2492 853 2570 gladium
880 2491 1231 2570 ancipitem.
1263 2489 1451 2551 Omni
1477 2491 1713 2569 quippe
1740 2490 1949 2570 gladio
1976 2491 2207 2551 saevior
2237 2493 2366 2570 est:
2394 2489 2457 2570 in
2488 2504 2712 2570 eorum
2741 2503 3019 2570 namque
3049 2490 3298 2570 animas
3334 2489 3568 2551 incidet
3589 2506 3833 2570 sermo,

575 2566 796 2649 plagas
824 2566 1131 2648 quasdam
1157 2586 1430 2647 operans
1460 2566 1683 2639 saevas,
1718 2566 1777 2631 et
1804 2571 2199 2648 perniciosas
2235 2568 2576 2649 incisiones
2604 2566 2926 2649 importat.
2958 2566 3035 2625 Et
3063 2566 3294 2649 harum
3318 2586 3538 2629 rerum
3568 2569 3834 2630 demon-

576 2646 948 2711 strationem
974 2646 1275 2711 adhibere
1309 2664 1435 2708 non
1462 2665 1621 2726 Opus
1653 2646 1868 2721 habet,
1903 2667 2111 2726 neque
2141 2646 2454 2709 conﬁcere
2490 2646 2925 2726 necessarium
2957 2650 3161 2722 putat,
3197 2647 3440 2708 habens
3470 2654 3601 2709 tam
3632 2652 3837 2711 mani-

576 2730 799 2790 festam
842 2728 1298 2789 narrationem.
1331 2723 1532 2800 Quale
1583 2745 1860 2806 namque
1909 2723 2184 2800 bellum,
2218 2727 2469 2803 inquit,
2498 2726 2642 2806 illos
2689 2723 3010 2806 perdidit?
3036 2726 3247 2803 qualis
3286 2726 3536 2805 gladius
3560 2729 3588 2787 τ
3613 2745 3832 2790 nonne

580 2809 745 2868 ultro
786 2808 1217 2868 corruebant?
1242 2807 1381 2866 Non
1422 2807 1589 2866 enim
1621 2802 1777 2885 quia
1816 2807 1971 2869 talia
2009 2824 2138 2869 non
2192 2802 2412 2886 sumus
2444 2805 2658 2883 passi,
2690 2802 2898 2886 securi
2936 2802 3076 2886 esse
3103 2802 3406 2867 debemus
3440 2826 3455 2866 :
3489 2825 3833 2886 usquequo

576 2888 745 2946 enim
778 2886 963 2946 hodie
989 2887 1251 2955 dicitur,
1284 2886 1429 2946 licet
1463 2882 1657 2946 nobis
1673 2886 1973 2947 recreari.
2005 2887 2081 2945 Et
2111 2902 2191 2945 ne
2215 2930 2231 2958 ,
2264 2882 2596 2944 audientes
2626 2901 2771 2961 qua:
2802 2882 2879 2942 ad
2910 2884 3189 2945 animam
3224 2882 3627 2961 pertinebant
3655 2932 3671 2959 ,
3706 2882 3833 2948 ile—

575 2967 886 3057 gligentes
913 2962 1350 3054 efﬁcerentur,
1378 2964 1614 3025 addidit
1642 2982 1717 3026 ea
1736 2982 1893 3057 quae
1923 2965 2000 3055 ad
2032 2980 2264 3042 corpus
2294 2963 2682 3057 attinerent:
2709 2964 3065 3057 tuneenim
3096 2964 3285 3057 sicnﬁt
3310 2984 3323 3022 :
3352 2966 3517 3057 sicut
3546 2984 3663 3057 re_x
3693 2968 3830 3057 ali—

622 3042 719 3103 uis
746 3044 987 3123 judices
1024 3061 1176 3105 suos
1212 3043 1455 3120 majora
1493 3050 1824 3121 peccantes
1852 3088 1867 3113 ,
1903 3044 2181 3123 primum,
2206 3042 2463 3123 quidem
2495 3042 2729 3120 spoliat
2765 3043 2992 3104 militia
3018 3087 3033 3112 ,
3068 3048 3129 3103 et
3156 3044 3483 3122 cingulum
3515 3045 3725 3106 aufert
3753 3065 3829 3108 ac

622 3062 719 3103 uis
746 3062 987 3123 judices
1024 3062 1176 3105 suos
1212 3062 1455 3120 majora
1493 3062 1824 3121 peccantes
1852 3088 1867 3113 ,
1903 3062 2176 3121 primum
2206 3062 2463 3120 quidem
2495 3062 2729 3120 sponai
2765 3062 2992 3104 minua
3018 3087 3033 3112 ,
3068 3062 3129 3103 ei
3156 3062 3483 3122 Cingulum
3515 3062 3725 3106 aulert
3753 3065 3829 3108 ac

574 3062 970 3202 dignitatem,
1002 3128 1064 3184 et
1092 3126 1243 3183 tunc
1270 3122 1634 3202 ulciscitur:
1660 3123 1751 3183 sic
1780 3124 1971 3184 etiam
2001 3123 2102 3183 hic
2132 3122 2379 3201 gladius
2411 3121 2683 3202 Spiritus
2716 3128 3043 3202 operatur.
3076 3124 3221 3183 Post
3251 3123 3373 3184 hoc
3398 3123 3532 3202 jam
3564 3126 3638 3186 de
3665 3126 3831 3185 Filio

572 3200 893 3283 disputat:
919 3202 1014 3283 ᾼᾴ
1038 3220 1211 3283 quem
1232 3200 1433 3273 nobis,
1463 3202 1691 3283 inquit,
1720 3220 1915 3262 sermo
1947 3210 2053 3261 est.
2085 3200 2248 3276 Quid
2285 3206 2402 3273 est,
2435 3200 2530 3261 Ad
2552 3219 2724 3279 quem
2752 3200 3149 3283 nobisiscrnto
3185 3210 3271 3283 est
3296 3204 3325 3262 ?
3354 3200 3491 3264 Hoc
3518 3210 3637 3271 est,
3672 3206 3828 3283 ipsi,

574 3281 805 3357 inquit,
845 3280 1148 3341 reddituri
1182 3298 1402 3341 sumus
1430 3282 1742 3341 rationem
1770 3288 2027 3341 actuum
2060 3288 2450 3341 nostrorum.
2480 3283 2556 3340 Et
2581 3282 2902 3357 quomodo
2933 3281 3053 3341 hoc
3085 3280 3201 3339 ﬁt?
3232 3282 3305 3343 Ut
3341 3300 3469 3342 non
3496 3280 3827 3351 cadamus.

572 3360 803 3439 inquit,
830 3377 1038 3436 neque
1067 3359 1506 3439 pusillanimes
1529 3358 1879 3421 efﬁciamur
1903 3381 1917 3419 :
1940 3359 2330 3421 sufﬁcienter
2350 3358 2606 3437 quidem
2638 3361 2828 3439 etiam
2853 3360 2963 3420 illa
2990 3377 3132 3434 nos,
3162 3362 3393 3439 inquit,
3419 3363 3668 3424 docent.
3693 3365 3831 3425 lla-

572 3436 773 3498 bemus
808 3446 1009 3498 autem
1044 3446 1099 3497 et
1128 3438 1501 3497 sacerdotem
1529 3456 1817 3516 magnum
1845 3441 2179 3501 intrantem
2207 3436 2403 3506 cwlos,
2436 3439 2651 3498 Jesum
2679 3438 2923 3499 Filium
2953 3440 3089 3499 Dei.

648 3517 811 3590 Quia
860 3518 1030 3577 enim
1091 3524 1429 3594 propterea
1477 3517 1751 3589 addidit,
1806 3519 1952 3580 Non
2006 3518 2166 3578 enim
2211 3517 2521 3585 habemus,
2585 3519 2836 3595 inquit,
2887 3518 3301 3589 sacerdotem,
3352 3538 3484 3581 non
3528 3522 3830 3582 valentem

572 3596 839 3673 compati
885 3595 1353 3678 inﬁrmitatibus
1399 3598 1638 3678 nostris
1659 3618 1684 3678 7:
1723 3596 1955 3678 idcirco
2006 3598 2302 3675 superius
2349 3597 2745 3678 dicebat,71n
2781 3614 2901 3678 quo
2922 3615 3147 3676 passus
3173 3608 3261 3657 est
3280 3599 3409 3678 ipse
3439 3610 3494 3660 et
3522 3606 3830 3669 tentatus,

567 3683 789 3755 potens
821 3682 905 3755 est
936 3692 1036 3755 eos
1070 3676 1179 3753 qui
1208 3682 1530 3755 tentantur
1559 3676 1876 3755 adjuvare.
1911 3677 2168 3737 Intuere
2196 3693 2348 3755 ergo
2377 3677 2704 3754 quomodo
2738 3684 2801 3736 et
2828 3677 2933 3737 hic
2966 3678 3239 3754 idipsum
3280 3676 3451 3740 facit.
3485 3680 3665 3755 Quod
3697 3698 3829 3742 au—

571 3760 698 3839 tem
728 3754 914 3839 dicit,
947 3754 1072 3839 tale
1103 3757 1197 3839 est
1226 3772 1240 3810 :
1271 3753 1497 3839 Venit,
1544 3753 1782 3839 inquit,
1818 3772 1930 3833 per
1964 3757 2131 3815 viam
2159 3753 2294 3839 qua
2327 3760 2389 3815 et
2423 3773 2567 3839 nos,
2600 3756 2801 3834 magis
2843 3753 3067 3839 autem
3089 3757 3484 3839 adpriorem
3512 3753 3594 3839 [Ῑ.
3629 3778 3833 3839 aspe-

571 3832 878 3917 riorem},
912 3836 974 3892 et
999 3833 1284 3891 omnium
1320 3832 1646 3917 hominum
1674 3832 2761 3917 [humanorum?jexperimentum
2796 3836 3065 3917 accepit.
3100 3832 3237 3897 Illic
3263 3832 3788 3917 quippe'diceb'at
3810 3884 3827 3911 ,

568 3910 719 3972 Non
770 3919 857 3997 est
906 3919 1191 3997 creatura
1240 3911 1597 3997 occultajn
1626 3921 1957 3997 conspectu
2004 3913 2180 3997 ejus_,_
2201 3910 2605 3997 divinitatem
2644 3910 3013 3997 signiﬁcans
3048 3935 3062 3973 :
3104 3910 3528 3997 nunc—autem
3566 3920 3720 3997 quia
3748 3910 3827 3981 de

568 4005 761 4074 carne
779 3990 1099 4074 loquitur,
1130 3990 1796 4074 humilitendisputat,
1828 3990 2082 4074 dicens:
2110 3991 2427 4074 Habentes
2453 3994 2650 4072 igitur
2666 3990 3022 4074 pontificem
3036 4013 3327 4073 magnum
3348 3990 3689 4058 intrant-em
3718 4017 3829 4059 ca:-

568 4068 660 4129 los
684 4088 703 4127 :
731 4068 1091 4151 et_osten_d_it
1124 4068 1431 4151 majorem
1458 4068 1550 4151 illi
1580 4089 1720 4151 esse
1753 4088 1971 4131 curam
2021 4071 2097 4131 de
2130 4073 2339 4143 nobis,
2375 4078 2437 4133 et
2471 4068 2625 4149 quia
2652 4068 2816 4133 sicut
2853 4068 3162 4151 'propriis'
3187 4074 3399 4145 adest,
3434 4082 3496 4136 et
3526 4095 3659 4138 non
3692 4078 3829 4139 vult

568 4164 675 4235 eos
712 4146 961 4208 cadere.
998 4148 1204 4209 Moses
1232 4146 1444 4235 enim,
1475 4149 1717 4227 inquit,
1751 4166 1877 4235 n‘on
1912 4151 2191 4235 intravit
2216 4151 2281 4210 in
2309 4146 2633 4235 requiem,
2666 4153 2800 4235 ipse
2830 4146 3042 4235 autem
3080 4154 3364 4216 intravit.
3398 4156 3475 4216 Et
3504 4157 3827 4235 quomodo

567 4224 691 4314 hoc
720 4226 1315 4314 nusq_uam_posuit,
1349 4224 1584 4314 mirum
1616 4236 1733 4314 est.
1767 4228 1871 4314 _Ne
1915 4224 2431 4314 viderentursibi
2463 4224 2948 4314 excusationem
2986 4232 3314 4314 invenire,
3345 4224 3831 4314 comprehendit

566 4310 778 4389 autem
816 4307 1005 4389 etiam
1049 4308 1258 4389 ipsum
1294 4326 1309 4364 :
1348 4311 1409 4365 et
1450 4324 1529 4366 ne
1564 4307 1864 4389 videatur
1905 4324 2212 4389 accusare
2244 4309 2424 4389 illum
2469 4310 2675 4370 virum
2699 4356 2713 4378 ,
2748 4316 2969 4389 aperte
3001 4312 3161 4371 illud
3197 4329 3326 4373 non
3357 4307 3530 4375 dicii.
3562 4316 3625 4376 Si
3657 4318 3827 4377 enim

570 4382 724 4440 nihil
763 4382 1125 4459 hujusmodi
1154 4384 1463 4445 dicentem
1497 4386 1649 4447 talia
1680 4386 1984 4447 adversus
2014 4387 2195 4447 illum
2224 4388 2665 4465 proferebant,
2697 4382 2978 4451 dicentes
3015 4412 3029 4449 :
3061 4390 3299 4453 Contra
3328 4392 3555 4455 Mosen
3586 4400 3649 4455 et
3677 4413 3825 4456 con-

565 4467 892 4548 traiegem
927 4470 1047 4525 iste
1079 4468 1365 4548 loquitur
1396 4483 1409 4520 :
1443 4468 1643 4548 multo
1673 4468 1989 4548 amplius,
2018 4466 2403 4548 sidixisset.
2438 4467 2580 4528 Non
2616 4474 2711 4528 est
2736 4468 3077 4530 Palaestina
3102 4513 3117 4541 ,
3152 4469 3259 4529 sed
3295 4469 3521 4530 caelum
3542 4513 3558 4541 ,
3588 4471 3829 4548 majora

562 4546 639 4624 de
670 4542 781 4603 illo
811 4543 1116 4624 dicerent.
1164 4542 1282 4603 Sed
1312 4559 1439 4624 non
1468 4546 1669 4624 totum
1700 4543 1981 4620 pontiﬁci
2011 4546 2274 4618 tribuit,
2306 4547 2415 4609 sed
2447 4548 2637 4609 etiam
2670 4566 2708 4610 a
2738 4548 2921 4609 nobis
2962 4548 3193 4624 quierit
3215 4592 3231 4617 ,
3264 4548 3406 4609 dico
3438 4554 3653 4609 autem
3684 4542 3831 4610 cono

566 4623 929 4704 fessionem.
961 4621 1304 4704 Habentes,
1338 4622 1581 4704 inquit,
1605 4624 1965 4704 pontificem
1997 4644 2316 4704 magnum.
2345 4628 2684 4687 intrantem
2718 4628 2919 4693 cwlos,
2946 4621 3159 4688 Iesum
3192 4628 3430 4688 Filium
3459 4629 3602 4695 Dei.
3638 4637 3832 4689 tenea-

562 4703 1165 4793 mus_con[essionem
1196 4701 1657 4793 ejus..gualem
1689 4701 2157 4793 coniessionein
2188 4706 2379 4793 dicit?
2405 4707 2723 4793 Quoniam
2768 4712 2865 4793 est
2906 4708 3331 4793 resurrectio,
3380 4708 3690 4793 quoniam
3742 4716 3833 4769 est

566 4780 1271 4863 retributiotquoniam
1303 4780 1475 4863 mille
1506 4781 1698 4855 bona,
1732 4782 1884 4857 quia
1919 4782 2210 4847 Christus
2248 4788 2419 4847 Deus
2438 4780 2577 4857 est,
2608 4787 2917 4863 quoniam
2956 4787 3109 4847 ﬁdes
3144 4793 3315 4847 recta
3349 4780 3477 4857 est,
3508 4788 3641 4849 hinc
3671 4805 3833 4851 con-

567 4862 883 4923 ﬁteamur.
918 4861 1078 4944 Quia
1114 4877 1279 4944 vero
1306 4860 1442 4921 hinc
1468 4878 1623 4922 vera
1649 4865 1822 4944 sunt,
1846 4864 2256 4926 manifestum
2293 4885 2374 4927 ex
2405 4883 2481 4927 eo
2512 4860 2681 4943 quod
2713 4865 3001 4944 pontifex
3046 4867 3106 4926 in
3137 4868 3555 4927 interioribus
3588 4869 3835 4929 consti-

570 4946 744 5025 tutus
777 4947 894 5025 est.
922 4939 1061 5025 Non
1092 4940 1496 5025 excidemus,
1530 4940 1973 5025 confiteamur.
2020 4945 2285 5025 Sienim
2316 4946 2505 5005 modo
2534 4939 3096 5025 adessent,‘falsus
3128 4954 3297 5007 esset
3330 4948 3440 5025 qui
3490 4948 3786 5025 promisit
3816 4969 3831 5006 :

569 5020 846 5105 proinde
869 5020 1059 5105 etiam
1090 5019 1213 5079 hoc
1248 5036 1469 5105 verum
1502 5026 1619 5091 est,
1652 5019 1986 5105 Quomodo
2016 5022 2440 5105 differuntur?
2482 5024 2733 5085 Etenim
2780 5026 3070 5105 pontifex
3112 5034 3331 5087 noster
3351 5019 3643 5105 'mag'nus
3689 5034 3780 5088 est
3818 5048 3832 5085 :

568 5097 717 5185 Non
748 5099 908 5158 enim
936 5097 1219 5160 habemus
1244 5098 1628 5185 pontiﬁcem,
1672 5100 1960 5185 qui_n_on
1995 5104 2197 5185 possit
2237 5106 2505 5185 compati
2551 5097 3023 5184 infirmitatibus
3066 5106 3327 5167 nostris.
3363 5097 3541 5175 Non,
3590 5107 3833 5185 inquit.

570 5181 824 5264 ignorat
851 5196 994 5256 quas
1024 5184 1244 5264 nostra
1277 5184 1459 5250 sunt,
1493 5179 1657 5264 sicut
1688 5181 1867 5264 inuiti
1897 5179 2253 5264 pontiﬁces,
2278 5179 2385 5261 qui
2414 5179 2714 5263 ignorant
2741 5202 2852 5246 eos
2882 5185 2995 5264 qui
3036 5186 3098 5245 in
3130 5186 3655 5247 tribulationibus
3682 5179 3830 5248 con-

570 5258 786 5343 stituti‘
806 5264 978 5329 sunt,
1011 5263 1311 5343 e_t__neque
1340 5275 1485 5343 quia
1516 5259 1597 5319 sit
1618 5258 1952 5343 tribulatio
1988 5263 2053 5322 in
2088 5258 2496 5343 hominibus,
2536 5264 2772 5325 sciunt.
2811 5258 3210 5342 Impossibile
3256 5266 3494 5343 quippe
3537 5273 3634 5327 est
3675 5268 3836 5328 scire

572 5336 950 5399 afllictiones
982 5336 1361 5398 afﬂictorum
1388 5338 1443 5399 ei
1471 5382 1487 5409 ,
1521 5339 1631 5415 qui
1668 5341 2179 5416 experimentum
2219 5342 2580 5405 afﬁictionis
2616 5361 2743 5404 non
2794 5336 3057 5414 habuit,
3103 5350 3165 5405 et
3205 5336 3597 5406 sensi'b'iliter
3622 5348 3836 5408 omnia

572 5434 701 5478 non
723 5416 1030 5500 sustinuit
1059 5436 1073 5474 :
1108 5418 1394 5500 pontifex
1422 5423 1637 5500 autem
1669 5424 1889 5500 noster
1916 5428 2350 5499 competenter
2369 5424 2644 5500 primum
2672 5426 2887 5485 omnia
2911 5426 3320 5497 sustinuit,et
3349 5430 3501 5487 tunc
3529 5426 3832 5495 ascendit,

572 5502 643 5558 ut
675 5497 876 5585 possit
904 5497 1201 5585 compati.
1230 5498 1579 5585 Tentatum,
1613 5497 1845 5585 inqqit,
1872 5518 1988 5585 per
2016 5497 2225 5562 omnia
2251 5497 2583 5585 secundum
2607 5503 3082 5585 similitudinem
3111 5506 3244 5585 sine
3268 5513 3556 5584 peccato.
3586 5505 3833 5585 Inspice

573 5576 893 5659 quomodo
924 5576 1118 5637 etiam
1149 5594 1345 5659 supra
1375 5576 1649 5655 idipsum
1678 5622 1693 5650 ,
1726 5576 2035 5639 Similiter
2060 5625 2075 5651 ,
2121 5583 2369 5659 posuit,
2404 5588 2465 5643 et
2509 5583 2613 5643 hic
2656 5583 2888 5643 iterum
2916 5630 2931 5655 ,
2964 5576 3313 5645 Secundum
3343 5576 3836 5651 similitudinem.

576 5657 710 5740 iloc
736 5662 861 5740 est,
896 5656 1463 5733 persequutionem
1491 5674 1745 5740 passus,
1777 5656 2310 5740 sputa_suséepit.
2336 5668 2677 5724 accusatus
2712 5669 2839 5736 est,
2872 5664 3331 5727 detractionem
3361 5666 3702 5739 sustinuit,
3732 5683 3838 5727 ca-

574 5736 851 5797 lumnias
881 5753 1120 5820 passus
1162 5738 1639 5820 est,‘repulsus
1664 5743 1809 5820 est,
1852 5740 1914 5799 in
1954 5738 2080 5800 ﬁne
2108 5736 2455 5803 cruciﬁxus
2486 5749 2602 5803 est.
2636 5744 2843 5805 Juxta
2882 5742 3389 5815 similitudinem,
3432 5736 3839 5820 inquit,siae

571 5824 848 5896 peccato.
881 5815 995 5876 llic
1026 5815 1213 5875 etiam
1240 5815 1481 5894 aliquid
1512 5816 1849 5896 signiﬁcat.
1879 5820 2189 5883 Possibile
2224 5827 2316 5884 cst
2349 5824 2487 5883 sine
2515 5828 2775 5901 peccato
2804 5824 2993 5886 etiam
3030 5825 3095 5885 in
3126 5815 3835 5886 triliulatimiilius’rnn-
