  <div class='ocr_page' id='page_1' title='image "/cluster/home/n/w/nwhite01/storage/ocr_20150623/63/pst.000004899563/346.png"; bbox 0 0 4118 6328; ppageno 0'>
   <div class='ocr_carea' id='block_1_1' title="bbox 238 434 1864 509">
    <p class='ocr_par' dir='ltr' id='par_1_1' title="bbox 238 434 1864 506">
     <span class='ocr_line' id='line_1_1' title="bbox 238 434 1864 506; baseline 0.001 -7"><span class='ocrx_word' id='word_1_1' title='bbox 238 434 325 491; x_wconf 75' lang='grc'><strong>411</strong></span> <span class='ocrx_word' id='word_1_2' title='bbox 821 447 1134 506; x_wconf 73' lang='lat' dir='ltr'><strong>uUTtANn</strong></span> <span class='ocrx_word' id='word_1_3' title='bbox 1180 448 1427 505; x_wconf 82' lang='lat' dir='ltr'><strong>scunL.</strong></span> <span class='ocrx_word' id='word_1_4' title='bbox 1466 446 1864 503; x_wconf 71' lang='lat' dir='ltr'><strong>l.\TF.ttl‘tll~1T</strong></span> 
     </span>
    </p>
   </div>
   <div class='ocr_carea' id='block_1_2' title="bbox 1914 434 3540 509">
    <p class='ocr_par' dir='ltr' id='par_1_2' title="bbox 1914 446 3540 509">
     <span class='ocr_line' id='line_1_2' title="bbox 1914 446 3540 509; baseline 0.006 -9"><span class='ocrx_word' id='word_1_5' title='bbox 1914 486 1935 501; x_wconf 54' lang='grc' dir='ltr'><strong>η.</strong></span> <span class='ocrx_word' id='word_1_6' title='bbox 1975 477 2039 487; x_wconf 91' lang='grc'><strong>-</strong></span> <span class='ocrx_word' id='word_1_7' title='bbox 2083 446 2242 502; x_wconf 66' lang='lat' dir='ltr'><strong>CAP.</strong></span> <span class='ocrx_word' id='word_1_8' title='bbox 2295 447 2411 502; x_wconf 75' lang='grc' dir='ltr'><strong>ΧΗ.</strong></span> <span class='ocrx_word' id='word_1_9' title='bbox 2473 447 2708 503; x_wconf 59' lang='grc' dir='ltr'><strong>ιιολιημ</strong></span> <span class='ocrx_word' id='word_1_10' title='bbox 2755 448 2993 505; x_wconf 69' lang='lat' dir='ltr'><strong>XXVI&quot;.</strong></span> <span class='ocrx_word' id='word_1_11' title='bbox 3436 451 3540 509; x_wconf 56' lang='grc' dir='ltr'><strong>με</strong></span> 
     </span>
    </p>
   </div>
   <div class='ocr_carea' id='block_1_3' title="bbox 244 542 3553 637">
    <p class='ocr_par' dir='ltr' id='par_1_3' title="bbox 244 542 3553 637">
     <span class='ocr_line' id='line_1_3' title="bbox 244 542 3553 637; baseline 0.002 -26"><span class='ocrx_word' id='word_1_12' title='bbox 244 552 333 637; x_wconf 85' lang='lat' dir='ltr'><strong>bis</strong></span> <span class='ocrx_word' id='word_1_13' title='bbox 366 550 716 627; x_wconf 88' lang='lat' dir='ltr'><strong>imposuit,</strong></span> <span class='ocrx_word' id='word_1_14' title='bbox 758 549 1113 637; x_wconf 54' lang='lat' dir='ltr'><strong>ipsgetiam</strong></span> <span class='ocrx_word' id='word_1_15' title='bbox 1144 549 1334 637; x_wconf 83' lang='lat' dir='ltr'><strong>tinem</strong></span> <span class='ocrx_word' id='word_1_16' title='bbox 1362 552 1577 637; x_wconf 58' lang='lat' dir='ltr'><strong>punct.</strong></span> <span class='ocrx_word' id='word_1_17' title='bbox 1610 548 1740 637; x_wconf 46' lang='lat' dir='ltr'><strong>“Qui</strong></span> <span class='ocrx_word' id='word_1_18' title='bbox 1764 548 2306 637; x_wconf 11' lang='lat' dir='ltr'><strong>praegaudiosibi</strong></span> <span class='ocrx_word' id='word_1_19' title='bbox 2327 542 2661 637; x_wconf 69' lang='lat' dir='ltr'><strong>proposito</strong></span> <span class='ocrx_word' id='word_1_20' title='bbox 2691 549 2997 637; x_wconf 70' lang='lat' dir='ltr'><strong>sustinuit</strong></span> <span class='ocrx_word' id='word_1_21' title='bbox 3027 569 3293 637; x_wconf 76' lang='lat' dir='ltr'><strong>crucem,</strong></span> <span class='ocrx_word' id='word_1_22' title='bbox 3328 558 3553 637; x_wconf 81' lang='lat' dir='ltr'><strong>confa-</strong></span> 
     </span>
    </p>
   </div>
   <div class='ocr_carea' id='block_1_4' title="bbox 243 629 3555 713">
    <p class='ocr_par' dir='ltr' id='par_1_4' title="bbox 243 629 3555 713">
     <span class='ocr_line' id='line_1_4' title="bbox 243 629 3555 713; baseline 0.003 -26"><span class='ocrx_word' id='word_1_23' title='bbox 243 632 413 713; x_wconf 72' lang='lat' dir='ltr'><strong>sione</strong></span> <span class='ocrx_word' id='word_1_24' title='bbox 444 638 825 713; x_wconf 76' lang='lat' dir='ltr'><strong>contempta.</strong></span> <span class='ocrx_word' id='word_1_25' title='bbox 856 630 990 713; x_wconf 82' lang='lat' dir='ltr'><strong>Hoc</strong></span> <span class='ocrx_word' id='word_1_26' title='bbox 1020 630 1403 713; x_wconf 77' lang='lat' dir='ltr'><strong>est,_licebat</strong></span> <span class='ocrx_word' id='word_1_27' title='bbox 1436 630 1526 713; x_wconf 82' lang='lat' dir='ltr'><strong>illi</strong></span> <span class='ocrx_word' id='word_1_28' title='bbox 1561 629 1718 713; x_wconf 83' lang='lat' dir='ltr'><strong>nihil</strong></span> <span class='ocrx_word' id='word_1_29' title='bbox 1763 630 1925 713; x_wconf 75' lang='lat' dir='ltr'><strong>pati,</strong></span> <span class='ocrx_word' id='word_1_30' title='bbox 1960 631 2012 713; x_wconf 81' lang='lat' dir='ltr'><strong>si</strong></span> <span class='ocrx_word' id='word_1_31' title='bbox 2047 632 2238 713; x_wconf 51' lang='lat' dir='ltr'><strong>vehet</strong></span> <span class='ocrx_word' id='word_1_32' title='bbox 2271 650 2285 689; x_wconf 92' lang='lat'><strong>:</strong></span> <span class='ocrx_word' id='word_1_33' title='bbox 2323 648 2449 713; x_wconf 83' lang='lat' dir='ltr'><strong>non</strong></span> <span class='ocrx_word' id='word_1_34' title='bbox 2496 630 2668 713; x_wconf 81' lang='lat' dir='ltr'><strong>enim</strong></span> <span class='ocrx_word' id='word_1_35' title='bbox 2697 636 3055 713; x_wconf 81' lang='lat' dir='ltr'><strong>peccatum</strong></span> <span class='ocrx_word' id='word_1_36' title='bbox 3106 633 3250 713; x_wconf 84' lang='lat' dir='ltr'><strong>fecit</strong></span> <span class='ocrx_word' id='word_1_37' title='bbox 3273 679 3289 705; x_wconf 96' lang='lat'><strong>,</strong></span> <span class='ocrx_word' id='word_1_38' title='bbox 3338 629 3555 713; x_wconf 85' lang='lat' dir='ltr'><strong>neque</strong></span> 
     </span>
    </p>
   </div>
   <div class='ocr_carea' id='block_1_5' title="bbox 243 708 3549 793">
    <p class='ocr_par' dir='ltr' id='par_1_5' title="bbox 243 708 3549 793">
     <span class='ocr_line' id='line_1_5' title="bbox 243 708 3549 793; baseline 0.003 -25"><span class='ocrx_word' id='word_1_39' title='bbox 243 711 423 793; x_wconf 80' lang='lat' dir='ltr'><strong>dolus</strong></span> <span class='ocrx_word' id='word_1_40' title='bbox 456 708 759 793; x_wconf 78' lang='lat' dir='ltr'><strong>inventus</strong></span> <span class='ocrx_word' id='word_1_41' title='bbox 790 715 882 793; x_wconf 79' lang='lat' dir='ltr'><strong>est</strong></span> <span class='ocrx_word' id='word_1_42' title='bbox 918 709 981 768; x_wconf 93' lang='lat' dir='ltr'><strong>in</strong></span> <span class='ocrx_word' id='word_1_43' title='bbox 1009 726 1120 793; x_wconf 73' lang='lat' dir='ltr'><strong>ore</strong></span> <span class='ocrx_word' id='word_1_44' title='bbox 1150 708 1351 793; x_wconf 86' lang='lat' dir='ltr'><strong>ipsius</strong></span> <span class='ocrx_word' id='word_1_45' title='bbox 1376 709 1583 793; x_wconf 83' lang='lat' dir='ltr'><strong>:__sicu_t</strong></span> <span class='ocrx_word' id='word_1_46' title='bbox 1608 710 1830 793; x_wconf 80' lang='lat' dir='ltr'><strong>etipsc</strong></span> <span class='ocrx_word' id='word_1_47' title='bbox 1852 709 2013 793; x_wconf 61' lang='lat' dir='ltr'><strong>dixit</strong></span> <span class='ocrx_word' id='word_1_48' title='bbox 2041 710 2514 793; x_wconf 76' lang='lat' dir='ltr'><strong>inEvangelio:</strong></span> <span class='ocrx_word' id='word_1_49' title='bbox 2554 710 2733 793; x_wconf 77' lang='lat' dir='ltr'><strong>Venit</strong></span> <span class='ocrx_word' id='word_1_50' title='bbox 2767 711 3069 793; x_wconf 83' lang='lat' dir='ltr'><strong>princeps</strong></span> <span class='ocrx_word' id='word_1_51' title='bbox 3093 712 3281 793; x_wconf 81' lang='lat' dir='ltr'><strong><em>hujus</em></strong></span> <span class='ocrx_word' id='word_1_52' title='bbox 3302 708 3549 785; x_wconf 49' lang='lat' dir='ltr'><strong>man—di,</strong></span> 
     </span>
    </p>
   </div>
   <div class='ocr_carea' id='block_1_6' title="bbox 246 788 3555 868">
    <p class='ocr_par' dir='ltr' id='par_1_6' title="bbox 246 788 3555 868">
     <span class='ocr_line' id='line_1_6' title="bbox 246 788 3555 868; baseline 0.003 -20"><span class='ocrx_word' id='word_1_53' title='bbox 246 800 296 850; x_wconf 77' lang='lat' dir='ltr'><strong>et</strong></span> <span class='ocrx_word' id='word_1_54' title='bbox 326 790 509 849; x_wconf 89' lang='lat' dir='ltr'><strong>inme</strong></span> <span class='ocrx_word' id='word_1_55' title='bbox 537 808 670 849; x_wconf 85' lang='lat' dir='ltr'><strong>non</strong></span> <span class='ocrx_word' id='word_1_56' title='bbox 702 788 878 849; x_wconf 87' lang='lat' dir='ltr'><strong>habet</strong></span> <span class='ocrx_word' id='word_1_57' title='bbox 908 788 1268 868; x_wconf 80' lang='lat' dir='ltr'><strong>quidquam.</strong></span> <span class='ocrx_word' id='word_1_58' title='bbox 1303 789 1652 867; x_wconf 83' lang='lat' dir='ltr'><strong>Adjacebat</strong></span> <span class='ocrx_word' id='word_1_59' title='bbox 1681 789 1878 867; x_wconf 83' lang='lat' dir='ltr'><strong>igitur</strong></span> <span class='ocrx_word' id='word_1_60' title='bbox 1909 791 2025 863; x_wconf 84' lang='lat' dir='ltr'><strong>illi,</strong></span> <span class='ocrx_word' id='word_1_61' title='bbox 2060 792 2112 851; x_wconf 91' lang='lat' dir='ltr'><strong>si</strong></span> <span class='ocrx_word' id='word_1_62' title='bbox 2150 788 2361 862; x_wconf 87' lang='lat' dir='ltr'><strong>vellet,</strong></span> <span class='ocrx_word' id='word_1_63' title='bbox 2394 807 2523 850; x_wconf 91' lang='lat' dir='ltr'><strong>non</strong></span> <span class='ocrx_word' id='word_1_64' title='bbox 2552 790 2777 851; x_wconf 90' lang='lat' dir='ltr'><strong>venire</strong></span> <span class='ocrx_word' id='word_1_65' title='bbox 2810 790 2887 851; x_wconf 90' lang='lat' dir='ltr'><strong>ad</strong></span> <span class='ocrx_word' id='word_1_66' title='bbox 2918 788 3224 854; x_wconf 45' lang='lat' dir='ltr'><strong>crucem&#39;:</strong></span> <span class='ocrx_word' id='word_1_67' title='bbox 3264 794 3555 857; x_wconf 77' lang='lat' dir='ltr'><strong>Potesta—</strong></span> 
     </span>
    </p>
   </div>
   <div class='ocr_carea' id='block_1_7' title="bbox 246 868 3551 951">
    <p class='ocr_par' dir='ltr' id='par_1_7' title="bbox 246 868 3551 951">
     <span class='ocr_line' id='line_1_7' title="bbox 246 868 3551 951; baseline 0.002 -22"><span class='ocrx_word' id='word_1_68' title='bbox 246 880 358 929; x_wconf 86' lang='lat' dir='ltr'><strong>tem</strong></span> <span class='ocrx_word' id='word_1_69' title='bbox 386 870 621 951; x_wconf 84' lang='lat' dir='ltr'><strong>quippe</strong></span> <span class='ocrx_word' id='word_1_70' title='bbox 646 868 857 951; x_wconf 83' lang='lat' dir='ltr'><strong>habeo,</strong></span> <span class='ocrx_word' id='word_1_71' title='bbox 892 869 1136 951; x_wconf 86' lang='lat' dir='ltr'><strong>inquit,</strong></span> <span class='ocrx_word' id='word_1_72' title='bbox 1174 887 1410 951; x_wconf 82' lang='lat' dir='ltr'><strong>ponere</strong></span> <span class='ocrx_word' id='word_1_73' title='bbox 1437 868 1707 929; x_wconf 87' lang='lat' dir='ltr'><strong>animam</strong></span> <span class='ocrx_word' id='word_1_74' title='bbox 1738 888 1959 951; x_wconf 31' lang='lat' dir='ltr'><strong>meam:</strong></span> <span class='ocrx_word' id='word_1_75' title='bbox 1992 879 2048 931; x_wconf 88' lang='lat' dir='ltr'><strong>et</strong></span> <span class='ocrx_word' id='word_1_76' title='bbox 2083 878 2453 951; x_wconf 86' lang='lat' dir='ltr'><strong>potestatem</strong></span> <span class='ocrx_word' id='word_1_77' title='bbox 2488 868 2678 951; x_wconf 85' lang='lat' dir='ltr'><strong>habeo</strong></span> <span class='ocrx_word' id='word_1_78' title='bbox 2713 870 2941 931; x_wconf 77' lang='lat' dir='ltr'><strong>iterum</strong></span> <span class='ocrx_word' id='word_1_79' title='bbox 2980 874 3267 935; x_wconf 70' lang='lat' dir='ltr'><strong>Sumendi</strong></span> <span class='ocrx_word' id='word_1_80' title='bbox 3301 895 3451 935; x_wconf 87' lang='lat' dir='ltr'><strong>eam.</strong></span> <span class='ocrx_word' id='word_1_81' title='bbox 3488 878 3551 938; x_wconf 89' lang='lat' dir='ltr'><strong>Si</strong></span> 
     </span>
    </p>
   </div>
   <div class='ocr_carea' id='block_1_8' title="bbox 246 949 3554 1033">
    <p class='ocr_par' dir='ltr' id='par_1_8' title="bbox 246 949 3554 1033">
     <span class='ocr_line' id='line_1_8' title="bbox 246 949 3554 1033; baseline 0.002 -23"><span class='ocrx_word' id='word_1_82' title='bbox 246 952 444 1033; x_wconf 73' lang='lat' dir='ltr'><strong>igitur</strong></span> <span class='ocrx_word' id='word_1_83' title='bbox 473 950 586 1027; x_wconf 89' lang='lat' dir='ltr'><strong>qui</strong></span> <span class='ocrx_word' id='word_1_84' title='bbox 620 950 865 1033; x_wconf 84' lang='lat' dir='ltr'><strong>nullam</strong></span> <span class='ocrx_word' id='word_1_85' title='bbox 899 949 1126 1009; x_wconf 81' lang='lat' dir='ltr'><strong>habuit</strong></span> <span class='ocrx_word' id='word_1_86' title='bbox 1158 950 1604 1033; x_wconf 75' lang='lat' dir='ltr'><strong>necessitatem</strong></span> <span class='ocrx_word' id='word_1_87' title='bbox 1632 954 1705 1033; x_wconf 16' lang='lat' dir='ltr'><strong>Aut</strong></span> <span class='ocrx_word' id='word_1_88' title='bbox 1748 949 2259 1033; x_wconf 73' lang='lat' dir='ltr'><strong>crucifigeretur,</strong></span> <span class='ocrx_word' id='word_1_89' title='bbox 2291 950 2643 1033; x_wconf 65' lang='lat' dir='ltr'><strong>crucifixus</strong></span> <span class='ocrx_word' id='word_1_90' title='bbox 2675 955 2774 1011; x_wconf 90' lang='lat' dir='ltr'><strong>est</strong></span> <span class='ocrx_word' id='word_1_91' title='bbox 2807 957 3074 1029; x_wconf 81' lang='lat' dir='ltr'><strong>prepter</strong></span> <span class='ocrx_word' id='word_1_92' title='bbox 3102 972 3218 1013; x_wconf 89' lang='lat' dir='ltr'><strong>nos</strong></span> <span class='ocrx_word' id='word_1_93' title='bbox 3251 974 3266 1012; x_wconf 89' lang='lat'><strong>:</strong></span> <span class='ocrx_word' id='word_1_94' title='bbox 3302 964 3554 1033; x_wconf 89' lang='lat' dir='ltr'><strong>quanto</strong></span> 
     </span>
    </p>
   </div>
   <div class='ocr_carea' id='block_1_9' title="bbox 246 1028 3556 1111">
    <p class='ocr_par' dir='ltr' id='par_1_9' title="bbox 246 1028 3556 1111">
     <span class='ocr_line' id='line_1_9' title="bbox 246 1028 3556 1111; baseline 0.002 -21"><span class='ocrx_word' id='word_1_95' title='bbox 246 1028 451 1108; x_wconf 88' lang='lat' dir='ltr'><strong>magis</strong></span> <span class='ocrx_word' id='word_1_96' title='bbox 486 1029 874 1111; x_wconf 80' lang='lat' dir='ltr'><strong>nosjustum</strong></span> <span class='ocrx_word' id='word_1_97' title='bbox 905 1035 1003 1111; x_wconf 81' lang='lat' dir='ltr'><strong>est</strong></span> <span class='ocrx_word' id='word_1_98' title='bbox 1030 1030 1247 1089; x_wconf 92' lang='lat' dir='ltr'><strong>omnia</strong></span> <span class='ocrx_word' id='word_1_99' title='bbox 1278 1028 1527 1111; x_wconf 76' lang='lat' dir='ltr'><strong>fortiter</strong></span> <span class='ocrx_word' id='word_1_100' title='bbox 1559 1031 1882 1111; x_wconf 71' lang='lat' dir='ltr'><strong>tolerare?</strong></span> <span class='ocrx_word' id='word_1_101' title='bbox 1912 1032 2038 1105; x_wconf 80' lang='lat' dir='ltr'><strong>Qui</strong></span> <span class='ocrx_word' id='word_1_102' title='bbox 2072 1049 2189 1107; x_wconf 82' lang='lat' dir='ltr'><strong>pro</strong></span> <span class='ocrx_word' id='word_1_103' title='bbox 2222 1031 2455 1110; x_wconf 83' lang='lat' dir='ltr'><strong>gaudio</strong></span> <span class='ocrx_word' id='word_1_104' title='bbox 2498 1030 2616 1091; x_wconf 90' lang='lat' dir='ltr'><strong>sibi</strong></span> <span class='ocrx_word' id='word_1_105' title='bbox 2657 1028 3026 1111; x_wconf 83' lang='lat' dir='ltr'><strong>proposito,</strong></span> <span class='ocrx_word' id='word_1_106' title='bbox 3068 1028 3556 1111; x_wconf 44' lang='lat' dir='ltr'><strong>inquitfsusti—</strong></span> 
     </span>
    </p>
   </div>
   <div class='ocr_carea' id='block_1_10' title="bbox 246 1109 3556 1193">
    <p class='ocr_par' dir='ltr' id='par_1_10' title="bbox 246 1109 3556 1193">
     <span class='ocr_line' id='line_1_10' title="bbox 246 1109 3556 1193; baseline 0.002 -23"><span class='ocrx_word' id='word_1_107' title='bbox 246 1111 391 1193; x_wconf 82' lang='lat' dir='ltr'><strong>nuit</strong></span> <span class='ocrx_word' id='word_1_108' title='bbox 409 1127 675 1177; x_wconf 86' lang='lat' dir='ltr'><strong>crucem,</strong></span> <span class='ocrx_word' id='word_1_109' title='bbox 702 1109 1069 1193; x_wconf 57' lang='lat' dir='ltr'><strong>copfusione</strong></span> <span class='ocrx_word' id='word_1_110' title='bbox 1093 1118 1468 1193; x_wconf 80' lang='lat' dir='ltr'><strong>contempta.</strong></span> <span class='ocrx_word' id='word_1_111' title='bbox 1492 1109 1656 1183; x_wconf 84' lang='lat' dir='ltr'><strong>Quid</strong></span> <span class='ocrx_word' id='word_1_112' title='bbox 1679 1111 2208 1193; x_wconf 64' lang='lat' dir='ltr'><strong>est,_t.&#39;onfusione</strong></span> <span class='ocrx_word' id='word_1_113' title='bbox 2232 1109 2579 1190; x_wconf 77' lang='lat' dir='ltr'><strong>contempta</strong></span> <span class='ocrx_word' id='word_1_114' title='bbox 2600 1112 2629 1170; x_wconf 80' lang='grc'><em>7</em></span> <span class='ocrx_word' id='word_1_115' title='bbox 2652 1109 3062 1179; x_wconf 85' lang='lat' dir='ltr'><strong>Probrosam.</strong></span> <span class='ocrx_word' id='word_1_116' title='bbox 3095 1109 3330 1193; x_wconf 79' lang='lat' dir='ltr'><strong>inquit,</strong></span> <span class='ocrx_word' id='word_1_117' title='bbox 3362 1120 3556 1179; x_wconf 85' lang='lat' dir='ltr'><strong>susti-</strong></span> 
     </span>
    </p>
   </div>
   <div class='ocr_carea' id='block_1_11' title="bbox 249 1188 3555 1269">
    <p class='ocr_par' dir='ltr' id='par_1_11' title="bbox 249 1188 3555 1269">
     <span class='ocr_line' id='line_1_11' title="bbox 249 1188 3555 1269; baseline 0.003 -20"><span class='ocrx_word' id='word_1_118' title='bbox 249 1190 391 1249; x_wconf 89' lang='lat' dir='ltr'><strong>nuit</strong></span> <span class='ocrx_word' id='word_1_119' title='bbox 421 1196 717 1251; x_wconf 89' lang='lat' dir='ltr'><strong>mortem.</strong></span> <span class='ocrx_word' id='word_1_120' title='bbox 770 1188 925 1251; x_wconf 82' lang='lat' dir='ltr'><strong>Esto</strong></span> <span class='ocrx_word' id='word_1_121' title='bbox 962 1189 1190 1268; x_wconf 79' lang='lat' dir='ltr'><strong>igitur,</strong></span> <span class='ocrx_word' id='word_1_122' title='bbox 1223 1188 1625 1251; x_wconf 85' lang='lat' dir='ltr'><strong>moriebatur</strong></span> <span class='ocrx_word' id='word_1_123' title='bbox 1655 1208 1668 1247; x_wconf 92' lang='lat'><strong>:</strong></span> <span class='ocrx_word' id='word_1_124' title='bbox 1699 1190 1854 1267; x_wconf 89' lang='lat' dir='ltr'><strong>quid</strong></span> <span class='ocrx_word' id='word_1_125' title='bbox 1882 1191 2099 1258; x_wconf 88' lang='lat' dir='ltr'><strong>etiam,</strong></span> <span class='ocrx_word' id='word_1_126' title='bbox 2130 1198 2203 1251; x_wconf 89' lang='lat' dir='ltr'><strong>ut</strong></span> <span class='ocrx_word' id='word_1_127' title='bbox 2239 1188 2548 1269; x_wconf 81' lang='lat' dir='ltr'><strong>probrose</strong></span> <span class='ocrx_word' id='word_1_128' title='bbox 2592 1195 3003 1251; x_wconf 85' lang='lat' dir='ltr'><strong>moreretur?</strong></span> <span class='ocrx_word' id='word_1_129' title='bbox 3048 1196 3168 1254; x_wconf 84' lang='lat' dir='ltr'><strong>Pro</strong></span> <span class='ocrx_word' id='word_1_130' title='bbox 3188 1188 3390 1257; x_wconf 53' lang='lat' dir='ltr'><strong>&#39;nulla</strong></span> <span class='ocrx_word' id='word_1_131' title='bbox 3421 1199 3555 1261; x_wconf 86' lang='lat' dir='ltr'><strong>alia</strong></span> 
     </span>
    </p>
   </div>
   <div class='ocr_carea' id='block_1_12' title="bbox 249 1268 3555 1349">
    <p class='ocr_par' dir='ltr' id='par_1_12' title="bbox 249 1268 3555 1349">
     <span class='ocr_line' id='line_1_12' title="bbox 249 1268 3555 1349; baseline 0.003 -18"><span class='ocrx_word' id='word_1_132' title='bbox 249 1286 475 1341; x_wconf 89' lang='lat' dir='ltr'><strong>causa,</strong></span> <span class='ocrx_word' id='word_1_133' title='bbox 504 1269 629 1329; x_wconf 88' lang='lat' dir='ltr'><strong>nisi</strong></span> <span class='ocrx_word' id='word_1_134' title='bbox 661 1274 735 1328; x_wconf 90' lang='lat' dir='ltr'><strong>ut</strong></span> <span class='ocrx_word' id='word_1_135' title='bbox 764 1287 879 1330; x_wconf 89' lang='lat' dir='ltr'><strong>nos</strong></span> <span class='ocrx_word' id='word_1_136' title='bbox 908 1269 1188 1341; x_wconf 82' lang='lat' dir='ltr'><strong>doceret,</strong></span> <span class='ocrx_word' id='word_1_137' title='bbox 1220 1268 1381 1328; x_wconf 86' lang='lat' dir='ltr'><strong>nihil</strong></span> <span class='ocrx_word' id='word_1_138' title='bbox 1430 1270 1805 1331; x_wconf 81' lang='lat' dir='ltr'><strong>existimare</strong></span> <span class='ocrx_word' id='word_1_139' title='bbox 1852 1271 2163 1349; x_wconf 90' lang='lat' dir='ltr'><strong>gloriam,</strong></span> <span class='ocrx_word' id='word_1_140' title='bbox 2210 1268 2354 1349; x_wconf 69' lang='lat' dir='ltr'><strong>qua:</strong></span> <span class='ocrx_word' id='word_1_141' title='bbox 2400 1274 2482 1331; x_wconf 89' lang='lat' dir='ltr'><strong>ab</strong></span> <span class='ocrx_word' id='word_1_142' title='bbox 2530 1270 2899 1332; x_wconf 86' lang='lat' dir='ltr'><strong>hominibus</strong></span> <span class='ocrx_word' id='word_1_143' title='bbox 2948 1273 3254 1334; x_wconf 81' lang='lat' dir='ltr'><strong>defertur.</strong></span> <span class='ocrx_word' id='word_1_144' title='bbox 3308 1278 3555 1341; x_wconf 89' lang='lat' dir='ltr'><strong>Idcirco</strong></span> 
     </span>
    </p>
   </div>
   <div class='ocr_carea' id='block_1_13' title="bbox 251 1349 3557 1429">
    <p class='ocr_par' dir='ltr' id='par_1_13' title="bbox 251 1349 3557 1429">
     <span class='ocr_line' id='line_1_13' title="bbox 251 1349 3557 1429; baseline 0.002 -20"><span class='ocrx_word' id='word_1_145' title='bbox 251 1367 378 1410; x_wconf 86' lang='lat' dir='ltr'><strong>non</strong></span> <span class='ocrx_word' id='word_1_146' title='bbox 418 1349 749 1427; x_wconf 88' lang='lat' dir='ltr'><strong>subjectus</strong></span> <span class='ocrx_word' id='word_1_147' title='bbox 784 1350 973 1409; x_wconf 91' lang='lat' dir='ltr'><strong>morti</strong></span> <span class='ocrx_word' id='word_1_148' title='bbox 1005 1350 1286 1429; x_wconf 84' lang='lat' dir='ltr'><strong>suscepit</strong></span> <span class='ocrx_word' id='word_1_149' title='bbox 1319 1354 1621 1420; x_wconf 88' lang='lat' dir='ltr'><strong>mortem,</strong></span> <span class='ocrx_word' id='word_1_150' title='bbox 1661 1349 1896 1411; x_wconf 85' lang='lat' dir='ltr'><strong>docens</strong></span> <span class='ocrx_word' id='word_1_151' title='bbox 1930 1369 2046 1411; x_wconf 92' lang='lat' dir='ltr'><strong>nos</strong></span> <span class='ocrx_word' id='word_1_152' title='bbox 2078 1369 2469 1429; x_wconf 63' lang='lat' dir='ltr'><strong>praesumere</strong></span> <span class='ocrx_word' id='word_1_153' title='bbox 2507 1355 2733 1411; x_wconf 88' lang='lat' dir='ltr'><strong>contra</strong></span> <span class='ocrx_word' id='word_1_154' title='bbox 2776 1357 3081 1422; x_wconf 90' lang='lat' dir='ltr'><strong>mortem,</strong></span> <span class='ocrx_word' id='word_1_155' title='bbox 3127 1363 3191 1415; x_wconf 90' lang='lat' dir='ltr'><strong>et</strong></span> <span class='ocrx_word' id='word_1_156' title='bbox 3220 1371 3362 1416; x_wconf 89' lang='lat' dir='ltr'><strong>eam</strong></span> <span class='ocrx_word' id='word_1_157' title='bbox 3392 1360 3557 1419; x_wconf 90' lang='lat' dir='ltr'><strong>nul—</strong></span> 
     </span>
    </p>
   </div>
   <div class='ocr_carea' id='block_1_14' title="bbox 247 1428 3557 1516">
    <p class='ocr_par' dir='ltr' id='par_1_14' title="bbox 247 1428 3557 1516">
     <span class='ocr_line' id='line_1_14' title="bbox 247 1428 3557 1516; baseline 0.003 -27"><span class='ocrx_word' id='word_1_158' title='bbox 247 1429 373 1516; x_wconf 79' lang='lat' dir='ltr'><strong>lius</strong></span> <span class='ocrx_word' id='word_1_159' title='bbox 403 1430 807 1516; x_wconf 47' lang='lat' dir='ltr'><strong>egistimare,</strong></span> <span class='ocrx_word' id='word_1_160' title='bbox 843 1429 1171 1516; x_wconf 74' lang='lat' dir='ltr'><strong>momenti.</strong></span> <span class='ocrx_word' id='word_1_161' title='bbox 1210 1428 1426 1503; x_wconf 89' lang='lat' dir='ltr'><strong>Quare</strong></span> <span class='ocrx_word' id='word_1_162' title='bbox 1459 1447 1589 1490; x_wconf 90' lang='lat' dir='ltr'><strong>non</strong></span> <span class='ocrx_word' id='word_1_163' title='bbox 1620 1429 1810 1516; x_wconf 73' lang='lat' dir='ltr'><strong>dixit,</strong></span> <span class='ocrx_word' id='word_1_164' title='bbox 1844 1428 2147 1516; x_wconf 71' lang='lat' dir='ltr'><strong>Tristitia</strong></span> <span class='ocrx_word' id='word_1_165' title='bbox 2162 1435 2553 1508; x_wconf 85' lang='lat' dir='ltr'><strong>contempta,</strong></span> <span class='ocrx_word' id='word_1_166' title='bbox 2587 1431 2695 1516; x_wconf 80' lang='lat' dir='ltr'><strong>sed</strong></span> <span class='ocrx_word' id='word_1_167' title='bbox 2724 1431 3113 1516; x_wconf 62' lang='lat' dir='ltr'><strong>Can/‘usione</strong></span> <span class='ocrx_word' id='word_1_168' title='bbox 3145 1444 3501 1516; x_wconf 86' lang='lat' dir='ltr'><strong>contempta</strong></span> <span class='ocrx_word' id='word_1_169' title='bbox 3524 1439 3557 1499; x_wconf 73' lang='grc' dir='ltr'><strong><em>Ῡ</em></strong></span> 
     </span>
    </p>
   </div>
   <div class='ocr_carea' id='block_1_15' title="bbox 249 1509 3554 1590">
    <p class='ocr_par' dir='ltr' id='par_1_15' title="bbox 249 1509 3554 1590">
     <span class='ocr_line' id='line_1_15' title="bbox 249 1509 3554 1590; baseline 0.003 -21"><span class='ocrx_word' id='word_1_170' title='bbox 249 1510 573 1584; x_wconf 82' lang='lat' dir='ltr'><strong>Quoniam</strong></span> <span class='ocrx_word' id='word_1_171' title='bbox 603 1527 732 1590; x_wconf 86' lang='lat' dir='ltr'><strong>non</strong></span> <span class='ocrx_word' id='word_1_172' title='bbox 768 1528 913 1569; x_wconf 91' lang='lat' dir='ltr'><strong>cum</strong></span> <span class='ocrx_word' id='word_1_173' title='bbox 947 1509 1205 1590; x_wconf 86' lang='lat' dir='ltr'><strong>tristitia</strong></span> <span class='ocrx_word' id='word_1_174' title='bbox 1232 1515 1502 1570; x_wconf 89' lang='lat' dir='ltr'><strong>mortem</strong></span> <span class='ocrx_word' id='word_1_175' title='bbox 1534 1510 1843 1571; x_wconf 89' lang='lat' dir='ltr'><strong>sustinuit</strong></span> <span class='ocrx_word' id='word_1_176' title='bbox 1866 1555 1878 1568; x_wconf 95' lang='lat'><strong>.</strong></span> <span class='ocrx_word' id='word_1_177' title='bbox 1900 1511 2257 1573; x_wconf 85' lang='lat' dir='ltr'><strong>Novissime</strong></span> <span class='ocrx_word' id='word_1_178' title='bbox 2283 1518 2497 1573; x_wconf 89' lang='lat' dir='ltr'><strong>autem</strong></span> <span class='ocrx_word' id='word_1_179' title='bbox 2525 1511 2679 1590; x_wconf 90' lang='lat' dir='ltr'><strong>quid</strong></span> <span class='ocrx_word' id='word_1_180' title='bbox 2717 1509 2954 1572; x_wconf 85' lang='lat' dir='ltr'><strong>factum</strong></span> <span class='ocrx_word' id='word_1_181' title='bbox 2984 1516 3120 1574; x_wconf 88' lang='lat' dir='ltr'><strong>est?</strong></span> <span class='ocrx_word' id='word_1_182' title='bbox 3153 1515 3237 1575; x_wconf 88' lang='lat' dir='ltr'><strong>In</strong></span> <span class='ocrx_word' id='word_1_183' title='bbox 3265 1509 3554 1587; x_wconf 72' lang='lat' dir='ltr'><strong>dextera.</strong></span> 
     </span>
    </p>
   </div>
   <div class='ocr_carea' id='block_1_16' title="bbox 252 1588 3557 1678">
    <p class='ocr_par' dir='ltr' id='par_1_16' title="bbox 252 1588 3557 1678">
     <span class='ocr_line' id='line_1_16' title="bbox 252 1588 3557 1678; baseline 0.004 -31"><span class='ocrx_word' id='word_1_184' title='bbox 252 1590 489 1678; x_wconf 63' lang='lat' dir='ltr'><strong>inqpit,</strong></span> <span class='ocrx_word' id='word_1_185' title='bbox 527 1588 691 1678; x_wconf 77' lang='lat' dir='ltr'><strong>sedis</strong></span> <span class='ocrx_word' id='word_1_186' title='bbox 724 1590 842 1652; x_wconf 85' lang='lat' dir='ltr'><strong>Dei</strong></span> <span class='ocrx_word' id='word_1_187' title='bbox 868 1589 1172 1678; x_wconf 78' lang='lat' dir='ltr'><strong>considet.</strong></span> <span class='ocrx_word' id='word_1_188' title='bbox 1201 1590 1812 1678; x_wconf 38' lang='lat' dir='ltr'><strong>Yides‘prtemiu&#39;m?</strong></span> <span class='ocrx_word' id='word_1_189' title='bbox 1839 1590 2022 1665; x_wconf 87' lang='lat' dir='ltr'><strong>Quod</strong></span> <span class='ocrx_word' id='word_1_190' title='bbox 2065 1593 2257 1678; x_wconf 80' lang='lat' dir='ltr'><strong>etiam</strong></span> <span class='ocrx_word' id='word_1_191' title='bbox 2297 1588 2812 1662; x_wconf 14' lang='lat' dir='ltr'><strong>Paulusfsciens,</strong></span> <span class='ocrx_word' id='word_1_192' title='bbox 2858 1592 3047 1655; x_wconf 85' lang='lat' dir='ltr'><strong>dicit:</strong></span> <span class='ocrx_word' id='word_1_193' title='bbox 3082 1594 3361 1678; x_wconf 81' lang='lat' dir='ltr'><strong>Propter</strong></span> <span class='ocrx_word' id='word_1_194' title='bbox 3385 1599 3557 1678; x_wconf 86' lang='lat' dir='ltr'><strong>quod</strong></span> 
     </span>
    </p>
   </div>
   <div class='ocr_carea' id='block_1_17' title="bbox 252 1666 3557 1750">
    <p class='ocr_par' dir='ltr' id='par_1_17' title="bbox 252 1666 3557 1750">
     <span class='ocr_line' id='line_1_17' title="bbox 252 1666 3557 1750; baseline 0.002 -21"><span class='ocrx_word' id='word_1_195' title='bbox 252 1677 307 1750; x_wconf 68' lang='lat' dir='ltr'><strong>et</strong></span> <span class='ocrx_word' id='word_1_196' title='bbox 338 1670 508 1729; x_wconf 89' lang='lat' dir='ltr'><strong>Deus</strong></span> <span class='ocrx_word' id='word_1_197' title='bbox 539 1668 718 1729; x_wconf 84' lang='lat' dir='ltr'><strong>illum</strong></span> <span class='ocrx_word' id='word_1_198' title='bbox 746 1668 1239 1747; x_wconf 73' lang='lat' dir='ltr'><strong>superexaltavit</strong></span> <span class='ocrx_word' id='word_1_199' title='bbox 1260 1717 1273 1737; x_wconf 89' lang='lat'><strong>,</strong></span> <span class='ocrx_word' id='word_1_200' title='bbox 1303 1676 1359 1729; x_wconf 92' lang='lat' dir='ltr'><strong>et</strong></span> <span class='ocrx_word' id='word_1_201' title='bbox 1390 1666 1649 1750; x_wconf 73' lang='lat' dir='ltr'><strong>donavit</strong></span> <span class='ocrx_word' id='word_1_202' title='bbox 1680 1666 1779 1731; x_wconf 84' lang='lat' dir='ltr'><strong>illi</strong></span> <span class='ocrx_word' id='word_1_203' title='bbox 1805 1687 2047 1737; x_wconf 87' lang='lat' dir='ltr'><strong>nomen,</strong></span> <span class='ocrx_word' id='word_1_204' title='bbox 2082 1671 2252 1750; x_wconf 86' lang='lat' dir='ltr'><strong>quod</strong></span> <span class='ocrx_word' id='word_1_205' title='bbox 2280 1680 2365 1731; x_wconf 85' lang='lat' dir='ltr'><strong>est</strong></span> <span class='ocrx_word' id='word_1_206' title='bbox 2396 1689 2587 1749; x_wconf 80' lang='lat' dir='ltr'><strong>super</strong></span> <span class='ocrx_word' id='word_1_207' title='bbox 2615 1689 2788 1731; x_wconf 89' lang='lat' dir='ltr'><strong>omne</strong></span> <span class='ocrx_word' id='word_1_208' title='bbox 2818 1690 3064 1743; x_wconf 84' lang='lat' dir='ltr'><strong>nomen,</strong></span> <span class='ocrx_word' id='word_1_209' title='bbox 3111 1682 3184 1734; x_wconf 85' lang='lat' dir='ltr'><strong>ut</strong></span> <span class='ocrx_word' id='word_1_210' title='bbox 3212 1666 3281 1736; x_wconf 80' lang='lat' dir='ltr'><strong>in</strong></span> <span class='ocrx_word' id='word_1_211' title='bbox 3305 1666 3557 1740; x_wconf 69' lang='lat' dir='ltr'><strong>nomine</strong></span> 
     </span>
    </p>
   </div>
   <div class='ocr_carea' id='block_1_18' title="bbox 251 1749 3554 1831">
    <p class='ocr_par' dir='ltr' id='par_1_18' title="bbox 251 1749 3554 1831">
     <span class='ocr_line' id='line_1_18' title="bbox 251 1749 3554 1831; baseline 0.003 -22"><span class='ocrx_word' id='word_1_212' title='bbox 251 1749 408 1831; x_wconf 76' lang='lat' dir='ltr'><strong>Iesu</strong></span> <span class='ocrx_word' id='word_1_213' title='bbox 444 1766 622 1809; x_wconf 87' lang='lat' dir='ltr'><strong>omne</strong></span> <span class='ocrx_word' id='word_1_214' title='bbox 649 1766 812 1827; x_wconf 86' lang='lat' dir='ltr'><strong>genu</strong></span> <span class='ocrx_word' id='word_1_215' title='bbox 837 1750 1151 1831; x_wconf 77' lang='lat' dir='ltr'><strong>ﬂectatur.</strong></span> <span class='ocrx_word' id='word_1_216' title='bbox 1192 1750 1352 1810; x_wconf 82' lang='lat' dir='ltr'><strong>Eum</strong></span> <span class='ocrx_word' id='word_1_217' title='bbox 1384 1749 1496 1831; x_wconf 84' lang='lat' dir='ltr'><strong>qui</strong></span> <span class='ocrx_word' id='word_1_218' title='bbox 1538 1750 1892 1831; x_wconf 88' lang='lat' dir='ltr'><strong>secundum</strong></span> <span class='ocrx_word' id='word_1_219' title='bbox 1925 1749 2188 1831; x_wconf 87' lang='lat' dir='ltr'><strong>carnem</strong></span> <span class='ocrx_word' id='word_1_220' title='bbox 2228 1757 2323 1813; x_wconf 90' lang='lat' dir='ltr'><strong>est</strong></span> <span class='ocrx_word' id='word_1_221' title='bbox 2368 1750 2707 1831; x_wconf 80' lang='lat' dir='ltr'><strong>significat.</strong></span> <span class='ocrx_word' id='word_1_222' title='bbox 2743 1752 3025 1814; x_wconf 80' lang='lat' dir='ltr'><strong>Maxime</strong></span> <span class='ocrx_word' id='word_1_223' title='bbox 3076 1761 3291 1816; x_wconf 86' lang='lat' dir='ltr'><strong>autem</strong></span> <span class='ocrx_word' id='word_1_224' title='bbox 3319 1801 3335 1826; x_wconf 86' lang='lat'><strong>,</strong></span> <span class='ocrx_word' id='word_1_225' title='bbox 3383 1774 3459 1819; x_wconf 85' lang='lat' dir='ltr'><strong>ac</strong></span> <span class='ocrx_word' id='word_1_226' title='bbox 3500 1760 3554 1820; x_wconf 91' lang='lat' dir='ltr'><strong>si</strong></span> 
     </span>
    </p>
   </div>
   <div class='ocr_carea' id='block_1_19' title="bbox 257 1828 3556 1909">
    <p class='ocr_par' dir='ltr' id='par_1_19' title="bbox 257 1828 3556 1909">
     <span class='ocr_line' id='line_1_19' title="bbox 257 1828 3556 1909; baseline 0.003 -21"><span class='ocrx_word' id='word_1_227' title='bbox 257 1828 511 1909; x_wconf 86' lang='lat' dir='ltr'><strong>nullum</strong></span> <span class='ocrx_word' id='word_1_228' title='bbox 542 1832 710 1890; x_wconf 87' lang='lat' dir='ltr'><strong>esset</strong></span> <span class='ocrx_word' id='word_1_229' title='bbox 739 1828 1093 1907; x_wconf 64' lang='lat' dir='ltr'><strong>praemium,</strong></span> <span class='ocrx_word' id='word_1_230' title='bbox 1128 1830 1339 1907; x_wconf 90' lang='lat' dir='ltr'><strong>ipsum</strong></span> <span class='ocrx_word' id='word_1_231' title='bbox 1372 1830 1581 1889; x_wconf 90' lang='lat' dir='ltr'><strong>solum</strong></span> <span class='ocrx_word' id='word_1_232' title='bbox 1613 1830 1983 1907; x_wconf 77' lang='lat' dir='ltr'><strong>exemplum</strong></span> <span class='ocrx_word' id='word_1_233' title='bbox 2016 1830 2319 1891; x_wconf 87' lang='lat' dir='ltr'><strong>idoneum</strong></span> <span class='ocrx_word' id='word_1_234' title='bbox 2350 1828 2490 1892; x_wconf 83' lang='lat' dir='ltr'><strong>erat</strong></span> <span class='ocrx_word' id='word_1_235' title='bbox 2519 1831 2597 1892; x_wconf 89' lang='lat' dir='ltr'><strong>ad</strong></span> <span class='ocrx_word' id='word_1_236' title='bbox 2628 1833 3147 1909; x_wconf 77' lang='lat' dir='ltr'><strong>persuadendum</strong></span> <span class='ocrx_word' id='word_1_237' title='bbox 3188 1838 3406 1898; x_wconf 90' lang='lat' dir='ltr'><strong>omnia</strong></span> <span class='ocrx_word' id='word_1_238' title='bbox 3445 1847 3556 1899; x_wconf 79' lang='grc' dir='ltr'><strong>ιο-</strong></span> 
     </span>
    </p>
   </div>
   <div class='ocr_carea' id='block_1_20' title="bbox 253 1908 3559 1992">
    <p class='ocr_par' dir='ltr' id='par_1_20' title="bbox 253 1908 3559 1992">
     <span class='ocr_line' id='line_1_20' title="bbox 253 1908 3559 1992; baseline 0.003 -25"><span class='ocrx_word' id='word_1_239' title='bbox 253 1908 505 1992; x_wconf 50' lang='grc' dir='ltr'><strong>ξίξςςιτεέ</strong></span> <span class='ocrx_word' id='word_1_240' title='bbox 543 1926 718 1992; x_wconf 81' lang='lat' dir='ltr'><strong>nunc</strong></span> <span class='ocrx_word' id='word_1_241' title='bbox 751 1914 966 1992; x_wconf 83' lang='lat' dir='ltr'><strong>autem</strong></span> <span class='ocrx_word' id='word_1_242' title='bbox 997 1909 1191 1970; x_wconf 88' lang='lat' dir='ltr'><strong>etiam</strong></span> <span class='ocrx_word' id='word_1_243' title='bbox 1218 1910 1484 1992; x_wconf 73' lang='lat' dir='ltr'><strong>prtemia</strong></span> <span class='ocrx_word' id='word_1_244' title='bbox 1512 1910 2014 1992; x_wconf 83' lang='lat' dir='ltr'><strong>promittuntur,</strong></span> <span class='ocrx_word' id='word_1_245' title='bbox 2044 1929 2183 1992; x_wconf 80' lang='lat' dir='ltr'><strong>non</strong></span> <span class='ocrx_word' id='word_1_246' title='bbox 2226 1912 2566 1989; x_wconf 67' lang='lat' dir='ltr'><strong>quaelibet,</strong></span> <span class='ocrx_word' id='word_1_247' title='bbox 2601 1908 2709 1972; x_wconf 80' lang='lat' dir='ltr'><strong>sed</strong></span> <span class='ocrx_word' id='word_1_248' title='bbox 2746 1911 2927 1974; x_wconf 84' lang='lat' dir='ltr'><strong>valde</strong></span> <span class='ocrx_word' id='word_1_249' title='bbox 2955 1931 3191 1992; x_wconf 83' lang='lat' dir='ltr'><strong>magna</strong></span> <span class='ocrx_word' id='word_1_250' title='bbox 3225 1923 3285 1976; x_wconf 91' lang='lat' dir='ltr'><strong>et</strong></span> <span class='ocrx_word' id='word_1_251' title='bbox 3315 1916 3559 1979; x_wconf 81' lang='lat' dir='ltr'><strong>ineffa—</strong></span> 
     </span>
    </p>
   </div>
   <div class='ocr_carea' id='block_1_21' title="bbox 256 1986 3555 2072">
    <p class='ocr_par' dir='ltr' id='par_1_21' title="bbox 256 1986 3555 2072">
     <span class='ocr_line' id='line_1_21' title="bbox 256 1986 3555 2072; baseline 0.003 -24"><span class='ocrx_word' id='word_1_252' title='bbox 256 1989 434 2072; x_wconf 82' lang='lat' dir='ltr'><strong>bilia.</strong></span> <span class='ocrx_word' id='word_1_253' title='bbox 464 1986 740 2072; x_wconf 67' lang='lat' dir='ltr'><strong>Proindp</strong></span> <span class='ocrx_word' id='word_1_254' title='bbox 769 1989 961 2072; x_wconf 83' lang='lat' dir='ltr'><strong>etiam</strong></span> <span class='ocrx_word' id='word_1_255' title='bbox 1012 2007 1131 2072; x_wconf 86' lang='lat' dir='ltr'><strong>nos</strong></span> <span class='ocrx_word' id='word_1_256' title='bbox 1179 1986 1330 2049; x_wconf 87' lang='lat' dir='ltr'><strong>cum</strong></span> <span class='ocrx_word' id='word_1_257' title='bbox 1378 1986 1628 2072; x_wconf 85' lang='lat' dir='ltr'><strong>aliquid</strong></span> <span class='ocrx_word' id='word_1_258' title='bbox 1656 1990 1782 2049; x_wconf 89' lang='lat' dir='ltr'><strong>tale</strong></span> <span class='ocrx_word' id='word_1_259' title='bbox 1815 1992 1985 2067; x_wconf 82' lang='lat' dir='ltr'><strong>passi</strong></span> <span class='ocrx_word' id='word_1_260' title='bbox 2033 1986 2371 2072; x_wconf 75' lang='lat' dir='ltr'><strong>fuerimus,</strong></span> <span class='ocrx_word' id='word_1_261' title='bbox 2423 1996 2572 2072; x_wconf 83' lang='lat' dir='ltr'><strong>ante</strong></span> <span class='ocrx_word' id='word_1_262' title='bbox 2619 1993 2947 2068; x_wconf 81' lang='lat' dir='ltr'><strong>apostolos</strong></span> <span class='ocrx_word' id='word_1_263' title='bbox 2998 1986 3170 2072; x_wconf 74' lang='lat' dir='ltr'><strong>ipsos</strong></span> <span class='ocrx_word' id='word_1_264' title='bbox 3225 1995 3555 2059; x_wconf 89' lang='lat' dir='ltr'><strong>Christum</strong></span> 
     </span>
    </p>
   </div>
   <div class='ocr_carea' id='block_1_22' title="bbox 259 2067 3556 2152">
    <p class='ocr_par' dir='ltr' id='par_1_22' title="bbox 259 2067 3556 2152">
     <span class='ocr_line' id='line_1_22' title="bbox 259 2067 3556 2152; baseline 0.003 -24"><span class='ocrx_word' id='word_1_265' title='bbox 259 2068 640 2152; x_wconf 71' lang='lat' dir='ltr'><strong>cogitemus.</strong></span> <span class='ocrx_word' id='word_1_266' title='bbox 688 2067 947 2142; x_wconf 83' lang='lat' dir='ltr'><strong>Quare?</strong></span> <span class='ocrx_word' id='word_1_267' title='bbox 993 2071 1159 2152; x_wconf 80' lang='lat' dir='ltr'><strong>Quia</strong></span> <span class='ocrx_word' id='word_1_268' title='bbox 1206 2074 1338 2129; x_wconf 88' lang='lat' dir='ltr'><strong>tota</strong></span> <span class='ocrx_word' id='word_1_269' title='bbox 1396 2070 1520 2129; x_wconf 89' lang='lat' dir='ltr'><strong>vita</strong></span> <span class='ocrx_word' id='word_1_270' title='bbox 1575 2068 1713 2147; x_wconf 88' lang='lat' dir='ltr'><strong>ejus</strong></span> <span class='ocrx_word' id='word_1_271' title='bbox 1746 2087 1892 2130; x_wconf 86' lang='lat' dir='ltr'><strong>cum</strong></span> <span class='ocrx_word' id='word_1_272' title='bbox 1923 2074 2125 2132; x_wconf 87' lang='lat' dir='ltr'><strong>multa</strong></span> <span class='ocrx_word' id='word_1_273' title='bbox 2172 2070 2290 2152; x_wconf 77' lang='lat' dir='ltr'><strong>fuit</strong></span> <span class='ocrx_word' id='word_1_274' title='bbox 2332 2070 2597 2152; x_wconf 85' lang='lat' dir='ltr'><strong>injuria.</strong></span> <span class='ocrx_word' id='word_1_275' title='bbox 2632 2072 2883 2132; x_wconf 87' lang='lat' dir='ltr'><strong>Etenim</strong></span> <span class='ocrx_word' id='word_1_276' title='bbox 2930 2067 3187 2151; x_wconf 79' lang='lat' dir='ltr'><strong>semper</strong></span> <span class='ocrx_word' id='word_1_277' title='bbox 3216 2076 3556 2152; x_wconf 84' lang='lat' dir='ltr'><strong>audiebat,</strong></span> 
     </span>
    </p>
   </div>
   <div class='ocr_carea' id='block_1_23' title="bbox 259 2148 3555 2234">
    <p class='ocr_par' dir='ltr' id='par_1_23' title="bbox 259 2148 3555 2234">
     <span class='ocr_line' id='line_1_23' title="bbox 259 2148 3555 2234; baseline 0.003 -26"><span class='ocrx_word' id='word_1_278' title='bbox 259 2148 429 2234; x_wconf 81' lang='lat' dir='ltr'><strong>quod</strong></span> <span class='ocrx_word' id='word_1_279' title='bbox 459 2149 730 2234; x_wconf 68' lang='lat' dir='ltr'><strong>insanus</strong></span> <span class='ocrx_word' id='word_1_280' title='bbox 758 2152 927 2234; x_wconf 80' lang='lat' dir='ltr'><strong>esset</strong></span> <span class='ocrx_word' id='word_1_281' title='bbox 957 2156 1018 2207; x_wconf 87' lang='lat' dir='ltr'><strong>et</strong></span> <span class='ocrx_word' id='word_1_282' title='bbox 1049 2148 1348 2234; x_wconf 77' lang='lat' dir='ltr'><strong>seductor</strong></span> <span class='ocrx_word' id='word_1_283' title='bbox 1388 2155 1450 2234; x_wconf 75' lang='lat' dir='ltr'><strong>e_t</strong></span> <span class='ocrx_word' id='word_1_284' title='bbox 1480 2166 1707 2234; x_wconf 82' lang='lat' dir='ltr'><strong>magus</strong></span> <span class='ocrx_word' id='word_1_285' title='bbox 1738 2156 1849 2234; x_wconf 84' lang='lat' dir='ltr'><strong>:__et</strong></span> <span class='ocrx_word' id='word_1_286' title='bbox 1894 2168 2070 2234; x_wconf 77' lang='lat' dir='ltr'><strong>nunc</strong></span> <span class='ocrx_word' id='word_1_287' title='bbox 2112 2148 2997 2234; x_wconf 30' lang='lat' dir='ltr'><strong>quidam’dicebantdudmi,</strong></span> <span class='ocrx_word' id='word_1_288' title='bbox 3046 2148 3240 2221; x_wconf 84' lang='lat' dir='ltr'><strong>Non,</strong></span> <span class='ocrx_word' id='word_1_289' title='bbox 3294 2148 3555 2234; x_wconf 78' lang='lat' dir='ltr'><strong>inquit,</strong></span> 
     </span>
    </p>
   </div>
   <div class='ocr_carea' id='block_1_24' title="bbox 259 2227 3561 2310">
    <p class='ocr_par' dir='ltr' id='par_1_24' title="bbox 259 2227 3561 2310">
     <span class='ocr_line' id='line_1_24' title="bbox 259 2227 3561 2310; baseline 0.003 -24"><span class='ocrx_word' id='word_1_290' title='bbox 259 2228 363 2287; x_wconf 84' lang='lat' dir='ltr'><strong>sed</strong></span> <span class='ocrx_word' id='word_1_291' title='bbox 389 2227 627 2310; x_wconf 69' lang='lat' dir='ltr'><strong>seducit</strong></span> <span class='ocrx_word' id='word_1_292' title='bbox 654 2229 996 2310; x_wconf 80' lang='lat' dir='ltr'><strong>populum:</strong></span> <span class='ocrx_word' id='word_1_293' title='bbox 1024 2233 1085 2288; x_wconf 87' lang='lat' dir='ltr'><strong>et</strong></span> <span class='ocrx_word' id='word_1_294' title='bbox 1114 2229 1365 2298; x_wconf 88' lang='lat' dir='ltr'><strong>iterum,</strong></span> <span class='ocrx_word' id='word_1_295' title='bbox 1399 2228 1708 2310; x_wconf 78' lang='lat' dir='ltr'><strong>Seductor</strong></span> <span class='ocrx_word' id='word_1_296' title='bbox 1734 2228 1835 2289; x_wconf 85' lang='lat' dir='ltr'><strong>ille</strong></span> <span class='ocrx_word' id='word_1_297' title='bbox 1865 2229 2117 2289; x_wconf 77' lang='lat' dir='ltr'><strong>dixerat</strong></span> <span class='ocrx_word' id='word_1_298' title='bbox 2144 2229 2347 2290; x_wconf 86' lang='lat' dir='ltr'><strong>adhuc</strong></span> <span class='ocrx_word' id='word_1_299' title='bbox 2383 2232 2620 2310; x_wconf 60' lang='lat' dir='ltr'><strong>riaens,</strong></span> <span class='ocrx_word' id='word_1_300' title='bbox 2649 2232 2799 2309; x_wconf 86' lang='lat' dir='ltr'><strong>quia</strong></span> <span class='ocrx_word' id='word_1_301' title='bbox 2831 2242 2975 2310; x_wconf 87' lang='lat' dir='ltr'><strong>post</strong></span> <span class='ocrx_word' id='word_1_302' title='bbox 3012 2234 3294 2295; x_wconf 82' lang='lat' dir='ltr'><strong>triduum</strong></span> <span class='ocrx_word' id='word_1_303' title='bbox 3331 2227 3561 2297; x_wconf 50' lang='lat' dir='ltr'><strong>re&#39;sur-L</strong></span> 
     </span>
    </p>
   </div>
   <div class='ocr_carea' id='block_1_25' title="bbox 262 2307 3559 2391">
    <p class='ocr_par' dir='ltr' id='par_1_25' title="bbox 262 2307 3559 2391">
     <span class='ocr_line' id='line_1_25' title="bbox 262 2307 3559 2391; baseline 0.004 -26"><span class='ocrx_word' id='word_1_304' title='bbox 262 2316 381 2391; x_wconf 66' lang='lat' dir='ltr'><strong>get.</strong></span> <span class='ocrx_word' id='word_1_305' title='bbox 416 2309 669 2391; x_wconf 76' lang='lat' dir='ltr'><strong>lterum</strong></span> <span class='ocrx_word' id='word_1_306' title='bbox 691 2307 941 2391; x_wconf 89' lang='lat' dir='ltr'><strong>eum_de</strong></span> <span class='ocrx_word' id='word_1_307' title='bbox 972 2313 1110 2391; x_wconf 85' lang='lat' dir='ltr'><strong>arte</strong></span> <span class='ocrx_word' id='word_1_308' title='bbox 1145 2311 1393 2391; x_wconf 76' lang='lat' dir='ltr'><strong>magica</strong></span> <span class='ocrx_word' id='word_1_309' title='bbox 1436 2309 1975 2391; x_wconf 68' lang='lat' dir='ltr'><strong>criminabantur,</strong></span> <span class='ocrx_word' id='word_1_310' title='bbox 2018 2310 2341 2391; x_wconf 82' lang='lat' dir='ltr'><strong>dicentes:</strong></span> <span class='ocrx_word' id='word_1_311' title='bbox 2376 2307 2451 2391; x_wconf 81' lang='lat' dir='ltr'><strong>In</strong></span> <span class='ocrx_word' id='word_1_312' title='bbox 2469 2307 2798 2371; x_wconf 76' lang='lat' dir='ltr'><strong>Beelzebub</strong></span> <span class='ocrx_word' id='word_1_313' title='bbox 2831 2307 3089 2391; x_wconf 70' lang='lat' dir='ltr'><strong>expellit</strong></span> <span class='ocrx_word' id='word_1_314' title='bbox 3134 2314 3462 2384; x_wconf 64' lang='lat' dir='ltr'><strong>daemonia,</strong></span> <span class='ocrx_word' id='word_1_315' title='bbox 3496 2326 3559 2378; x_wconf 90' lang='lat' dir='ltr'><strong>et</strong></span> 
     </span>
    </p>
   </div>
   <div class='ocr_carea' id='block_1_26' title="bbox 262 2387 3557 2471">
    <p class='ocr_par' dir='ltr' id='par_1_26' title="bbox 262 2387 3557 2471">
     <span class='ocr_line' id='line_1_26' title="bbox 262 2387 3557 2471; baseline 0.004 -25"><span class='ocrx_word' id='word_1_316' title='bbox 262 2388 414 2471; x_wconf 83' lang='lat' dir='ltr'><strong>quia</strong></span> <span class='ocrx_word' id='word_1_317' title='bbox 456 2388 796 2471; x_wconf 79' lang='lat' dir='ltr'><strong>insanit_et_</strong></span> <span class='ocrx_word' id='word_1_318' title='bbox 820 2388 1208 2471; x_wconf 71' lang='lat' dir='ltr'><strong>dtemonium</strong></span> <span class='ocrx_word' id='word_1_319' title='bbox 1259 2387 1484 2471; x_wconf 61' lang='lat' dir='ltr'><strong>habet.</strong></span> <span class='ocrx_word' id='word_1_320' title='bbox 1513 2388 1732 2471; x_wconf 82' lang='lat' dir='ltr'><strong>Nonne</strong></span> <span class='ocrx_word' id='word_1_321' title='bbox 1756 2387 1904 2471; x_wconf 80' lang='lat' dir='ltr'><strong>bene</strong></span> <span class='ocrx_word' id='word_1_322' title='bbox 1934 2388 2235 2471; x_wconf 76' lang='lat' dir='ltr'><strong>dicimus.</strong></span> <span class='ocrx_word' id='word_1_323' title='bbox 2274 2390 2616 2465; x_wconf 87' lang='lat' dir='ltr'><strong>inquiunt,</strong></span> <span class='ocrx_word' id='word_1_324' title='bbox 2650 2409 2768 2451; x_wconf 83' lang='lat' dir='ltr'><strong>nos</strong></span> <span class='ocrx_word' id='word_1_325' title='bbox 2797 2387 2946 2471; x_wconf 79' lang='lat' dir='ltr'><strong>quia</strong></span> <span class='ocrx_word' id='word_1_326' title='bbox 2976 2393 3347 2455; x_wconf 68' lang='lat' dir='ltr'><strong>daemonium</strong></span> <span class='ocrx_word' id='word_1_327' title='bbox 3378 2395 3557 2458; x_wconf 79' lang='lat' dir='ltr'><strong>habet</strong></span> 
     </span>
    </p>
   </div>
   <div class='ocr_carea' id='block_1_27' title="bbox 266 2466 3555 2553">
    <p class='ocr_par' dir='ltr' id='par_1_27' title="bbox 266 2466 3555 2553">
     <span class='ocr_line' id='line_1_27' title="bbox 266 2466 3555 2553; baseline 0.004 -28"><span class='ocrx_word' id='word_1_328' title='bbox 266 2476 318 2553; x_wconf 65' lang='lat' dir='ltr'><strong>et</strong></span> <span class='ocrx_word' id='word_1_329' title='bbox 352 2467 647 2529; x_wconf 82' lang='lat' dir='ltr'><strong>insanit?</strong></span> <span class='ocrx_word' id='word_1_330' title='bbox 673 2467 923 2553; x_wconf 62' lang='lat' dir='ltr'><strong>Ethice</strong></span> <span class='ocrx_word' id='word_1_331' title='bbox 943 2466 1246 2553; x_wconf 85' lang='lat' dir='ltr'><strong>audiebat</strong></span> <span class='ocrx_word' id='word_1_332' title='bbox 1286 2469 1549 2553; x_wconf 75' lang='lat' dir='ltr'><strong>a_b__iliis.</strong></span> <span class='ocrx_word' id='word_1_333' title='bbox 1585 2468 1721 2541; x_wconf 83' lang='lat' dir='ltr'><strong>ipse</strong></span> <span class='ocrx_word' id='word_1_334' title='bbox 1754 2468 2064 2553; x_wconf 76' lang='lat' dir='ltr'><strong>beneficia</strong></span> <span class='ocrx_word' id='word_1_335' title='bbox 2098 2475 2410 2553; x_wconf 67' lang='lat' dir='ltr'><strong>praestans</strong></span> <span class='ocrx_word' id='word_1_336' title='bbox 2434 2514 2449 2537; x_wconf 90' lang='lat'><strong>,</strong></span> <span class='ocrx_word' id='word_1_337' title='bbox 2498 2466 2824 2553; x_wconf 74' lang='lat' dir='ltr'><strong>mirabilia</strong></span> <span class='ocrx_word' id='word_1_338' title='bbox 2873 2472 3115 2533; x_wconf 86' lang='lat' dir='ltr'><strong>faciens</strong></span> <span class='ocrx_word' id='word_1_339' title='bbox 3142 2518 3159 2545; x_wconf 86' lang='lat'><strong>,</strong></span> <span class='ocrx_word' id='word_1_340' title='bbox 3196 2492 3400 2553; x_wconf 80' lang='lat' dir='ltr'><strong>opera</strong></span> <span class='ocrx_word' id='word_1_341' title='bbox 3442 2478 3555 2538; x_wconf 83' lang='lat' dir='ltr'><strong>Dei</strong></span> 
     </span>
    </p>
   </div>
   <div class='ocr_carea' id='block_1_28' title="bbox 265 2547 3559 2623">
    <p class='ocr_par' dir='ltr' id='par_1_28' title="bbox 265 2547 3559 2623">
     <span class='ocr_line' id='line_1_28' title="bbox 265 2547 3559 2623; baseline 0.005 -20"><span class='ocrx_word' id='word_1_342' title='bbox 265 2548 737 2607; x_wconf 86' lang='lat' dir='ltr'><strong>demonstrans.</strong></span> <span class='ocrx_word' id='word_1_343' title='bbox 768 2548 845 2607; x_wconf 89' lang='lat' dir='ltr'><strong>Et</strong></span> <span class='ocrx_word' id='word_1_344' title='bbox 872 2548 925 2607; x_wconf 91' lang='lat' dir='ltr'><strong>si</strong></span> <span class='ocrx_word' id='word_1_345' title='bbox 954 2547 1212 2623; x_wconf 82' lang='lat' dir='ltr'><strong>quidem</strong></span> <span class='ocrx_word' id='word_1_346' title='bbox 1245 2547 1402 2605; x_wconf 88' lang='lat' dir='ltr'><strong>nihil</strong></span> <span class='ocrx_word' id='word_1_347' title='bbox 1438 2547 1694 2615; x_wconf 78' lang='lat' dir='ltr'><strong>faceret,</strong></span> <span class='ocrx_word' id='word_1_348' title='bbox 1724 2554 1785 2605; x_wconf 91' lang='lat' dir='ltr'><strong>et</strong></span> <span class='ocrx_word' id='word_1_349' title='bbox 1819 2549 1912 2608; x_wconf 86' lang='lat' dir='ltr'><strong>sic</strong></span> <span class='ocrx_word' id='word_1_350' title='bbox 1966 2548 2087 2607; x_wconf 90' lang='lat' dir='ltr'><strong>ista</strong></span> <span class='ocrx_word' id='word_1_351' title='bbox 2136 2548 2422 2617; x_wconf 83' lang='lat' dir='ltr'><strong>audiret,</strong></span> <span class='ocrx_word' id='word_1_352' title='bbox 2452 2549 2614 2608; x_wconf 91' lang='lat' dir='ltr'><strong>nihil</strong></span> <span class='ocrx_word' id='word_1_353' title='bbox 2645 2557 2816 2611; x_wconf 88' lang='lat' dir='ltr'><strong>esset</strong></span> <span class='ocrx_word' id='word_1_354' title='bbox 2846 2553 3143 2614; x_wconf 85' lang='lat' dir='ltr'><strong>mirabile</strong></span> <span class='ocrx_word' id='word_1_355' title='bbox 3175 2574 3189 2612; x_wconf 88' lang='lat'><strong>:</strong></span> <span class='ocrx_word' id='word_1_356' title='bbox 3220 2547 3367 2616; x_wconf 76' lang='lat' dir='ltr'><strong>cum</strong></span> <span class='ocrx_word' id='word_1_357' title='bbox 3403 2576 3559 2619; x_wconf 86' lang='lat' dir='ltr'><strong>vero</strong></span> 
     </span>
    </p>
   </div>
   <div class='ocr_carea' id='block_1_29' title="bbox 264 2627 3555 2704">
    <p class='ocr_par' dir='ltr' id='par_1_29' title="bbox 264 2627 3555 2704">
     <span class='ocr_line' id='line_1_29' title="bbox 264 2627 3555 2704; baseline 0.004 -19"><span class='ocrx_word' id='word_1_358' title='bbox 264 2627 501 2687; x_wconf 84' lang='lat' dir='ltr'><strong>docens</strong></span> <span class='ocrx_word' id='word_1_359' title='bbox 526 2644 674 2703; x_wconf 70' lang='lat' dir='ltr'><strong>qum</strong></span> <span class='ocrx_word' id='word_1_360' title='bbox 701 2628 779 2689; x_wconf 88' lang='lat' dir='ltr'><strong>ad</strong></span> <span class='ocrx_word' id='word_1_361' title='bbox 812 2629 1145 2687; x_wconf 79' lang='lat' dir='ltr'><strong>veritatem</strong></span> <span class='ocrx_word' id='word_1_362' title='bbox 1178 2627 1607 2703; x_wconf 84' lang='lat' dir='ltr'><strong>pertinebant,</strong></span> <span class='ocrx_word' id='word_1_363' title='bbox 1641 2627 1944 2687; x_wconf 81' lang='lat' dir='ltr'><strong>audiebat</strong></span> <span class='ocrx_word' id='word_1_364' title='bbox 1973 2632 2144 2703; x_wconf 84' lang='lat' dir='ltr'><strong>quod</strong></span> <span class='ocrx_word' id='word_1_365' title='bbox 2178 2631 2477 2689; x_wconf 87' lang='lat' dir='ltr'><strong>seductor</strong></span> <span class='ocrx_word' id='word_1_366' title='bbox 2502 2636 2696 2701; x_wconf 84' lang='lat' dir='ltr'><strong>esset,</strong></span> <span class='ocrx_word' id='word_1_367' title='bbox 2726 2636 2788 2692; x_wconf 89' lang='lat' dir='ltr'><strong>et</strong></span> <span class='ocrx_word' id='word_1_368' title='bbox 2813 2631 3137 2694; x_wconf 65' lang='lat' dir='ltr'><strong>daemones</strong></span> <span class='ocrx_word' id='word_1_369' title='bbox 3162 2635 3555 2704; x_wconf 83' lang='lat' dir='ltr'><strong>.excludens.</strong></span> 
     </span>
    </p>
   </div>
   <div class='ocr_carea' id='block_1_30' title="bbox 269 2706 3557 2790">
    <p class='ocr_par' dir='ltr' id='par_1_30' title="bbox 269 2706 3557 2790">
     <span class='ocr_line' id='line_1_30' title="bbox 269 2706 3557 2790; baseline 0.003 -23"><span class='ocrx_word' id='word_1_370' title='bbox 269 2708 652 2790; x_wconf 67' lang='lat' dir='ltr'><strong>daemonium</strong></span> <span class='ocrx_word' id='word_1_371' title='bbox 700 2708 953 2790; x_wconf 38' lang='lat' dir='ltr'><strong>habere~</strong></span> <span class='ocrx_word' id='word_1_372' title='bbox 979 2706 1348 2773; x_wconf 86' lang='lat' dir='ltr'><strong>dicebatur,</strong></span> <span class='ocrx_word' id='word_1_373' title='bbox 1386 2712 1449 2790; x_wconf 83' lang='lat' dir='ltr'><strong>et</strong></span> <span class='ocrx_word' id='word_1_374' title='bbox 1487 2706 1701 2766; x_wconf 87' lang='lat' dir='ltr'><strong>omnia</strong></span> <span class='ocrx_word' id='word_1_375' title='bbox 1752 2707 1922 2790; x_wconf 86' lang='lat' dir='ltr'><strong>mala</strong></span> <span class='ocrx_word' id='word_1_376' title='bbox 1973 2710 2383 2780; x_wconf 77' lang='lat' dir='ltr'><strong>subvertens,</strong></span> <span class='ocrx_word' id='word_1_377' title='bbox 2418 2726 2648 2789; x_wconf 89' lang='lat' dir='ltr'><strong>magus</strong></span> <span class='ocrx_word' id='word_1_378' title='bbox 2693 2713 3150 2790; x_wconf 81' lang='lat' dir='ltr'><strong>appellabatur</strong></span> <span class='ocrx_word' id='word_1_379' title='bbox 3181 2734 3197 2773; x_wconf 92' lang='lat'><strong>:</strong></span> <span class='ocrx_word' id='word_1_380' title='bbox 3230 2733 3337 2775; x_wconf 85' lang='lat' dir='ltr'><strong>res</strong></span> <span class='ocrx_word' id='word_1_381' title='bbox 3373 2718 3557 2779; x_wconf 84' lang='lat' dir='ltr'><strong>valde</strong></span> 
     </span>
    </p>
   </div>
   <div class='ocr_carea' id='block_1_31' title="bbox 272 2786 1980 2863">
    <p class='ocr_par' dir='ltr' id='par_1_31' title="bbox 272 2786 1980 2863">
     <span class='ocr_line' id='line_1_31' title="bbox 272 2786 1980 2863; baseline -0.003 -15"><span class='ocrx_word' id='word_1_382' title='bbox 272 2788 542 2863; x_wconf 73' lang='lat' dir='ltr'><strong>lugenda</strong></span> <span class='ocrx_word' id='word_1_383' title='bbox 564 2795 658 2849; x_wconf 88' lang='lat' dir='ltr'><strong>est</strong></span> <span class='ocrx_word' id='word_1_384' title='bbox 681 2802 697 2861; x_wconf 87' lang='lat'><strong>;</strong></span> <span class='ocrx_word' id='word_1_385' title='bbox 718 2787 809 2847; x_wconf 92' lang='lat' dir='ltr'><strong>sic</strong></span> <span class='ocrx_word' id='word_1_386' title='bbox 846 2788 1085 2863; x_wconf 91' lang='lat' dir='ltr'><strong>quippe</strong></span> <span class='ocrx_word' id='word_1_387' title='bbox 1113 2804 1261 2845; x_wconf 85' lang='lat' dir='ltr'><strong>eum</strong></span> <span class='ocrx_word' id='word_1_388' title='bbox 1296 2786 1531 2858; x_wconf 64' lang='lat' dir='ltr'><strong>saepius</strong></span> <span class='ocrx_word' id='word_1_389' title='bbox 1561 2788 1980 2845; x_wconf 79' lang='lat' dir='ltr'><strong>accusabant.</strong></span> 
     </span>
    </p>
   </div>
   <div class='ocr_carea' id='block_1_32' title="bbox 342 2864 3564 2947">
    <p class='ocr_par' dir='ltr' id='par_1_32' title="bbox 342 2864 3564 2947">
     <span class='ocr_line' id='line_1_32' title="bbox 342 2864 3564 2947; baseline -0.002 -13"><span class='ocrx_word' id='word_1_390' title='bbox 342 2876 403 2934; x_wconf 85' lang='lat' dir='ltr'><strong>Si</strong></span> <span class='ocrx_word' id='word_1_391' title='bbox 441 2878 658 2935; x_wconf 89' lang='lat' dir='ltr'><strong>autem</strong></span> <span class='ocrx_word' id='word_1_392' title='bbox 694 2873 787 2932; x_wconf 87' lang='lat' dir='ltr'><strong>vis</strong></span> <span class='ocrx_word' id='word_1_393' title='bbox 820 2876 884 2932; x_wconf 87' lang='lat' dir='ltr'><strong>et</strong></span> <span class='ocrx_word' id='word_1_394' title='bbox 911 2868 1450 2947; x_wconf 89' lang='lat' dir='ltr'><strong>reprehensiones</strong></span> <span class='ocrx_word' id='word_1_395' title='bbox 1490 2874 1554 2927; x_wconf 92' lang='lat' dir='ltr'><strong>et</strong></span> <span class='ocrx_word' id='word_1_396' title='bbox 1599 2868 1938 2929; x_wconf 78' lang='lat' dir='ltr'><strong>irrisiones</strong></span> <span class='ocrx_word' id='word_1_397' title='bbox 1986 2882 2377 2947; x_wconf 78' lang='lat' dir='ltr'><strong>agnoscere,</strong></span> <span class='ocrx_word' id='word_1_398' title='bbox 2437 2882 2603 2943; x_wconf 83' lang='lat' dir='ltr'><strong>quas</strong></span> <span class='ocrx_word' id='word_1_399' title='bbox 2648 2864 2963 2947; x_wconf 84' lang='lat' dir='ltr'><strong>adversus</strong></span> <span class='ocrx_word' id='word_1_400' title='bbox 3004 2883 3157 2947; x_wconf 81' lang='lat' dir='ltr'><strong>eum</strong></span> <span class='ocrx_word' id='word_1_401' title='bbox 3206 2864 3564 2947; x_wconf 82' lang='lat' dir='ltr'><strong>faciebant,</strong></span> 
     </span>
    </p>
   </div>
   <div class='ocr_carea' id='block_1_33' title="bbox 266 2945 3562 3032">
    <p class='ocr_par' dir='ltr' id='par_1_33' title="bbox 266 2945 3562 3032">
     <span class='ocr_line' id='line_1_33' title="bbox 266 2945 3562 3032; baseline -0.003 -17"><span class='ocrx_word' id='word_1_402' title='bbox 266 2972 409 3032; x_wconf 70' lang='lat' dir='ltr'><strong>qua:</strong></span> <span class='ocrx_word' id='word_1_403' title='bbox 441 2953 652 3014; x_wconf 88' lang='lat' dir='ltr'><strong>solent</strong></span> <span class='ocrx_word' id='word_1_404' title='bbox 684 2952 963 3032; x_wconf 80' lang='lat' dir='ltr'><strong>maxime</strong></span> <span class='ocrx_word' id='word_1_405' title='bbox 988 2945 1249 3032; x_wconf 17' lang='lat' dir='ltr'><strong>iapimas</strong></span> <span class='ocrx_word' id='word_1_406' title='bbox 1286 2952 1543 3032; x_wconf 83' lang='lat' dir='ltr'><strong>nostras</strong></span> <span class='ocrx_word' id='word_1_407' title='bbox 1576 2948 1893 3032; x_wconf 84' lang='lat' dir='ltr'><strong>mordere,</strong></span> <span class='ocrx_word' id='word_1_408' title='bbox 1925 2945 2211 3009; x_wconf 82' lang='lat' dir='ltr'><strong>adverte.</strong></span> <span class='ocrx_word' id='word_1_409' title='bbox 2246 2945 2533 3006; x_wconf 87' lang='lat' dir='ltr'><strong>Primum</strong></span> <span class='ocrx_word' id='word_1_410' title='bbox 2560 2964 2638 3032; x_wconf 62' lang='grc' dir='ltr'><strong>εξ</strong></span> <span class='ocrx_word' id='word_1_411' title='bbox 2670 2946 3044 3032; x_wconf 82' lang='lat' dir='ltr'><strong>genere_illi</strong></span> <span class='ocrx_word' id='word_1_412' title='bbox 3085 2945 3512 3032; x_wconf 78' lang='lat' dir='ltr'><strong>detrahebant</strong></span> <span class='ocrx_word' id='word_1_413' title='bbox 3547 2968 3562 3005; x_wconf 94' lang='lat'><strong>:</strong></span> 
     </span>
    </p>
   </div>
   <div class='ocr_carea' id='block_1_34' title="bbox 265 3024 3568 3110">
    <p class='ocr_par' dir='ltr' id='par_1_34' title="bbox 265 3024 3568 3110">
     <span class='ocr_line' id='line_1_34' title="bbox 265 3024 3568 3110; baseline -0.003 -14"><span class='ocrx_word' id='word_1_414' title='bbox 265 3024 493 3097; x_wconf 79' lang='lat' dir='ltr'><strong>Nonne</strong></span> <span class='ocrx_word' id='word_1_415' title='bbox 517 3032 618 3091; x_wconf 89' lang='lat' dir='ltr'><strong>hic</strong></span> <span class='ocrx_word' id='word_1_416' title='bbox 652 3038 738 3090; x_wconf 85' lang='lat' dir='ltr'><strong>est</strong></span> <span class='ocrx_word' id='word_1_417' title='bbox 767 3030 938 3110; x_wconf 79' lang='lat' dir='ltr'><strong>ﬁlius</strong></span> <span class='ocrx_word' id='word_1_418' title='bbox 964 3028 1135 3108; x_wconf 81' lang='lat' dir='ltr'><strong>fabri</strong></span> <span class='ocrx_word' id='word_1_419' title='bbox 1157 3073 1172 3110; x_wconf 46' lang='grc' dir='ltr'><strong>ξ</strong></span> <span class='ocrx_word' id='word_1_420' title='bbox 1225 3028 1404 3110; x_wconf 82' lang='lat' dir='ltr'><strong>cujus</strong></span> <span class='ocrx_word' id='word_1_421' title='bbox 1448 3030 1743 3110; x_wconf 67' lang='lat' dir='ltr'><strong>norimus</strong></span> <span class='ocrx_word' id='word_1_422' title='bbox 1778 3046 1895 3087; x_wconf 87' lang='lat' dir='ltr'><strong>nos</strong></span> <span class='ocrx_word' id='word_1_423' title='bbox 1941 3036 2185 3110; x_wconf 81' lang='lat' dir='ltr'><strong>patrem</strong></span> <span class='ocrx_word' id='word_1_424' title='bbox 2234 3034 2291 3085; x_wconf 87' lang='lat' dir='ltr'><strong>et</strong></span> <span class='ocrx_word' id='word_1_425' title='bbox 2334 3026 2638 3110; x_wconf 71' lang='lat' dir='ltr'><strong>matrem?</strong></span> <span class='ocrx_word' id='word_1_426' title='bbox 2672 3044 2893 3110; x_wconf 79' lang='lat' dir='ltr'><strong>non-ne</strong></span> <span class='ocrx_word' id='word_1_427' title='bbox 2908 3026 3139 3110; x_wconf 70' lang='lat' dir='ltr'><strong>fratres</strong></span> <span class='ocrx_word' id='word_1_428' title='bbox 3183 3024 3314 3104; x_wconf 83' lang='lat' dir='ltr'><strong>ejus</strong></span> <span class='ocrx_word' id='word_1_429' title='bbox 3363 3045 3568 3110; x_wconf 78' lang='lat' dir='ltr'><strong>omnes</strong></span> 
     </span>
    </p>
   </div>
   <div class='ocr_carea' id='block_1_35' title="bbox 268 3106 3563 3193">
    <p class='ocr_par' dir='ltr' id='par_1_35' title="bbox 268 3106 3563 3193">
     <span class='ocr_line' id='line_1_35' title="bbox 268 3106 3563 3193; baseline -0.002 -20"><span class='ocrx_word' id='word_1_430' title='bbox 268 3112 437 3193; x_wconf 87' lang='lat' dir='ltr'><strong>apud</strong></span> <span class='ocrx_word' id='word_1_431' title='bbox 468 3130 582 3171; x_wconf 87' lang='lat' dir='ltr'><strong>nos</strong></span> <span class='ocrx_word' id='word_1_432' title='bbox 615 3106 822 3171; x_wconf 74' lang='lat' dir='ltr'><strong>sunt?</strong></span> <span class='ocrx_word' id='word_1_433' title='bbox 862 3106 1104 3193; x_wconf 78' lang='lat' dir='ltr'><strong>lterum</strong></span> <span class='ocrx_word' id='word_1_434' title='bbox 1139 3107 1565 3193; x_wconf 79' lang='lat' dir='ltr'><strong>detrahebant</strong></span> <span class='ocrx_word' id='word_1_435' title='bbox 1593 3108 1801 3193; x_wconf 29' lang='lat' dir='ltr'><strong>illi‘de</strong></span> <span class='ocrx_word' id='word_1_436' title='bbox 1820 3108 2059 3193; x_wconf 78' lang='lat' dir='ltr'><strong>patria,</strong></span> <span class='ocrx_word' id='word_1_437' title='bbox 2093 3107 2377 3193; x_wconf 76' lang='lat' dir='ltr'><strong>dicentes</strong></span> <span class='ocrx_word' id='word_1_438' title='bbox 2410 3124 2491 3165; x_wconf 81' lang='lat' dir='ltr'><strong>ex</strong></span> <span class='ocrx_word' id='word_1_439' title='bbox 2523 3106 3068 3193; x_wconf 59' lang='lat' dir='ltr'><strong>Nazarethilluni</strong></span> <span class='ocrx_word' id='word_1_440' title='bbox 3091 3123 3235 3193; x_wconf 79' lang='lat' dir='ltr'><strong>esse</strong></span> <span class='ocrx_word' id='word_1_441' title='bbox 3275 3125 3295 3193; x_wconf 80' lang='lat'><strong>:_</strong></span> <span class='ocrx_word' id='word_1_442' title='bbox 3330 3110 3392 3193; x_wconf 79' lang='lat' dir='ltr'><strong>et</strong></span> <span class='ocrx_word' id='word_1_443' title='bbox 3434 3106 3563 3193; x_wconf 80' lang='lat' dir='ltr'><strong>ite-</strong></span> 
     </span>
    </p>
   </div>
   <div class='ocr_carea' id='block_1_36' title="bbox 269 3185 3563 3267">
    <p class='ocr_par' dir='ltr' id='par_1_36' title="bbox 269 3185 3563 3267">
     <span class='ocr_line' id='line_1_36' title="bbox 269 3185 3563 3267; baseline -0.002 -14"><span class='ocrx_word' id='word_1_444' title='bbox 269 3185 436 3263; x_wconf 76' lang='lat' dir='ltr'><strong>rum,</strong></span> <span class='ocrx_word' id='word_1_445' title='bbox 466 3193 803 3267; x_wconf 85' lang='lat' dir='ltr'><strong>Interroga</strong></span> <span class='ocrx_word' id='word_1_446' title='bbox 834 3237 847 3256; x_wconf 91' lang='lat'><strong>,</strong></span> <span class='ocrx_word' id='word_1_447' title='bbox 881 3189 1115 3266; x_wconf 87' lang='lat' dir='ltr'><strong>inquit,</strong></span> <span class='ocrx_word' id='word_1_448' title='bbox 1148 3197 1204 3247; x_wconf 86' lang='lat' dir='ltr'><strong>et</strong></span> <span class='ocrx_word' id='word_1_449' title='bbox 1233 3187 1399 3255; x_wconf 76' lang='lat' dir='ltr'><strong>vide,</strong></span> <span class='ocrx_word' id='word_1_450' title='bbox 1433 3188 1580 3266; x_wconf 86' lang='lat' dir='ltr'><strong>quia</strong></span> <span class='ocrx_word' id='word_1_451' title='bbox 1596 3187 1947 3267; x_wconf 62' lang='lat' dir='ltr'><strong>exGalilgea</strong></span> <span class='ocrx_word' id='word_1_452' title='bbox 1977 3185 2287 3267; x_wconf 81' lang='lat' dir='ltr'><strong>propheta</strong></span> <span class='ocrx_word' id='word_1_453' title='bbox 2320 3204 2452 3245; x_wconf 87' lang='lat' dir='ltr'><strong>non</strong></span> <span class='ocrx_word' id='word_1_454' title='bbox 2492 3194 2808 3267; x_wconf 60' lang='lat' dir='ltr'><strong>exsurget.</strong></span> <span class='ocrx_word' id='word_1_455' title='bbox 2860 3185 2937 3267; x_wconf 65' lang='lat' dir='ltr'><strong>iit</strong></span> <span class='ocrx_word' id='word_1_456' title='bbox 2978 3186 3303 3267; x_wconf 85' lang='lat' dir='ltr'><strong>tolerabat</strong></span> <span class='ocrx_word' id='word_1_457' title='bbox 3354 3192 3563 3267; x_wconf 83' lang='lat' dir='ltr'><strong>tantas</strong></span> 
     </span>
    </p>
   </div>
   <div class='ocr_carea' id='block_1_37' title="bbox 268 3264 3565 3347">
    <p class='ocr_par' dir='ltr' id='par_1_37' title="bbox 268 3264 3565 3347">
     <span class='ocr_line' id='line_1_37' title="bbox 268 3264 3565 3347; baseline -0.002 -14"><span class='ocrx_word' id='word_1_458' title='bbox 268 3271 625 3333; x_wconf 88' lang='lat' dir='ltr'><strong>calumnias</strong></span> <span class='ocrx_word' id='word_1_459' title='bbox 668 3264 945 3347; x_wconf 79' lang='lat' dir='ltr'><strong>patiens.</strong></span> <span class='ocrx_word' id='word_1_460' title='bbox 974 3264 1081 3327; x_wconf 27' lang='lat' dir='ltr'><strong>‘Et</strong></span> <span class='ocrx_word' id='word_1_461' title='bbox 1138 3268 1370 3327; x_wconf 87' lang='lat' dir='ltr'><strong>iterum</strong></span> <span class='ocrx_word' id='word_1_462' title='bbox 1424 3264 1723 3327; x_wconf 84' lang='lat' dir='ltr'><strong>dicebant</strong></span> <span class='ocrx_word' id='word_1_463' title='bbox 1756 3286 1771 3324; x_wconf 95' lang='lat'><strong>:</strong></span> <span class='ocrx_word' id='word_1_464' title='bbox 1809 3264 2037 3327; x_wconf 72' lang='lat' dir='ltr'><strong>Nonne</strong></span> <span class='ocrx_word' id='word_1_465' title='bbox 2081 3266 2425 3347; x_wconf 80' lang='lat' dir='ltr'><strong>Scriptura</strong></span> <span class='ocrx_word' id='word_1_466' title='bbox 2469 3265 2626 3347; x_wconf 84' lang='lat' dir='ltr'><strong>dicit</strong></span> <span class='ocrx_word' id='word_1_467' title='bbox 2657 3266 2806 3347; x_wconf 83' lang='lat' dir='ltr'><strong>quia</strong></span> <span class='ocrx_word' id='word_1_468' title='bbox 2837 3265 3119 3347; x_wconf 78' lang='lat' dir='ltr'><strong>Christus</strong></span> <span class='ocrx_word' id='word_1_469' title='bbox 3151 3284 3229 3347; x_wconf 73' lang='lat' dir='ltr'><strong>ex</strong></span> <span class='ocrx_word' id='word_1_470' title='bbox 3258 3264 3565 3347; x_wconf 77' lang='lat' dir='ltr'><strong>Bethleem</strong></span> 
     </span>
    </p>
   </div>
   <div class='ocr_carea' id='block_1_38' title="bbox 269 3344 3566 3423">
    <p class='ocr_par' dir='ltr' id='par_1_38' title="bbox 269 3344 3566 3423">
     <span class='ocr_line' id='line_1_38' title="bbox 269 3344 3566 3423; baseline -0.002 -12"><span class='ocrx_word' id='word_1_471' title='bbox 269 3354 404 3411; x_wconf 74' lang='lat' dir='ltr'><strong>rica</strong></span> <span class='ocrx_word' id='word_1_472' title='bbox 437 3344 736 3410; x_wconf 81' lang='lat' dir='ltr'><strong>venturus</strong></span> <span class='ocrx_word' id='word_1_473' title='bbox 767 3350 903 3407; x_wconf 78' lang='lat' dir='ltr'><strong>est?</strong></span> <span class='ocrx_word' id='word_1_474' title='bbox 932 3348 1043 3408; x_wconf 81' lang='lat' dir='ltr'><strong>Vis</strong></span> <span class='ocrx_word' id='word_1_475' title='bbox 1076 3353 1292 3409; x_wconf 88' lang='lat' dir='ltr'><strong>autem</strong></span> <span class='ocrx_word' id='word_1_476' title='bbox 1326 3348 1551 3407; x_wconf 85' lang='lat' dir='ltr'><strong>audire</strong></span> <span class='ocrx_word' id='word_1_477' title='bbox 1583 3346 1916 3407; x_wconf 87' lang='lat' dir='ltr'><strong>irrisiones</strong></span> <span class='ocrx_word' id='word_1_478' title='bbox 1966 3362 2131 3423; x_wconf 86' lang='lat' dir='ltr'><strong>quas</strong></span> <span class='ocrx_word' id='word_1_479' title='bbox 2175 3344 2549 3406; x_wconf 85' lang='lat' dir='ltr'><strong>faciebant?</strong></span> <span class='ocrx_word' id='word_1_480' title='bbox 2579 3344 2945 3412; x_wconf 76' lang='lat' dir='ltr'><strong>Venientes,</strong></span> <span class='ocrx_word' id='word_1_481' title='bbox 2979 3344 3216 3421; x_wconf 77' lang='lat' dir='ltr'><strong>inquit,</strong></span> <span class='ocrx_word' id='word_1_482' title='bbox 3247 3345 3325 3404; x_wconf 92' lang='lat' dir='ltr'><strong>ad</strong></span> <span class='ocrx_word' id='word_1_483' title='bbox 3359 3346 3566 3421; x_wconf 87' lang='lat' dir='ltr'><strong>ipsam</strong></span> 
     </span>
    </p>
   </div>
   <div class='ocr_carea' id='block_1_39' title="bbox 271 3424 3566 3504">
    <p class='ocr_par' dir='ltr' id='par_1_39' title="bbox 271 3424 3566 3504">
     <span class='ocr_line' id='line_1_39' title="bbox 271 3424 3566 3504; baseline -0.002 -12"><span class='ocrx_word' id='word_1_484' title='bbox 271 3448 551 3501; x_wconf 87' lang='lat' dir='ltr'><strong>crucem,</strong></span> <span class='ocrx_word' id='word_1_485' title='bbox 589 3429 949 3489; x_wconf 84' lang='lat' dir='ltr'><strong>adorabant</strong></span> <span class='ocrx_word' id='word_1_486' title='bbox 978 3428 1161 3487; x_wconf 92' lang='lat' dir='ltr'><strong>illum</strong></span> <span class='ocrx_word' id='word_1_487' title='bbox 1192 3432 1253 3488; x_wconf 88' lang='lat' dir='ltr'><strong>et</strong></span> <span class='ocrx_word' id='word_1_488' title='bbox 1290 3426 1617 3487; x_wconf 66' lang='lat' dir='ltr'><strong>cardehant</strong></span> <span class='ocrx_word' id='word_1_489' title='bbox 1646 3431 1710 3486; x_wconf 90' lang='lat' dir='ltr'><strong>et</strong></span> <span class='ocrx_word' id='word_1_490' title='bbox 1737 3426 2270 3504; x_wconf 87' lang='lat' dir='ltr'><strong>colaphizabant,</strong></span> <span class='ocrx_word' id='word_1_491' title='bbox 2303 3430 2365 3485; x_wconf 90' lang='lat' dir='ltr'><strong>et</strong></span> <span class='ocrx_word' id='word_1_492' title='bbox 2416 3425 2717 3485; x_wconf 87' lang='lat' dir='ltr'><strong>dicebant</strong></span> <span class='ocrx_word' id='word_1_493' title='bbox 2748 3426 2804 3485; x_wconf 85' lang='lat' dir='ltr'><strong>ei</strong></span> <span class='ocrx_word' id='word_1_494' title='bbox 2840 3445 2854 3484; x_wconf 91' lang='lat'><strong>:</strong></span> <span class='ocrx_word' id='word_1_495' title='bbox 2886 3425 3021 3504; x_wconf 13' lang='lat' dir='ltr'><strong>Dic,</strong></span> <span class='ocrx_word' id='word_1_496' title='bbox 3056 3424 3237 3485; x_wconf 86' lang='lat' dir='ltr'><strong>nobis</strong></span> <span class='ocrx_word' id='word_1_497' title='bbox 3260 3472 3274 3491; x_wconf 91' lang='lat'><strong>,</strong></span> <span class='ocrx_word' id='word_1_498' title='bbox 3298 3425 3440 3504; x_wconf 85' lang='lat' dir='ltr'><strong>quis</strong></span> <span class='ocrx_word' id='word_1_499' title='bbox 3476 3433 3566 3485; x_wconf 82' lang='lat' dir='ltr'><strong>est</strong></span> 
     </span>
    </p>
   </div>
   <div class='ocr_carea' id='block_1_40' title="bbox 270 3503 3565 3590">
    <p class='ocr_par' dir='ltr' id='par_1_40' title="bbox 270 3503 3565 3590">
     <span class='ocr_line' id='line_1_40' title="bbox 270 3503 3565 3590; baseline -0.001 -21"><span class='ocrx_word' id='word_1_500' title='bbox 270 3512 377 3590; x_wconf 85' lang='lat' dir='ltr'><strong>qui</strong></span> <span class='ocrx_word' id='word_1_501' title='bbox 407 3520 463 3570; x_wconf 91' lang='lat' dir='ltr'><strong>te</strong></span> <span class='ocrx_word' id='word_1_502' title='bbox 483 3507 801 3588; x_wconf 82' lang='lat' dir='ltr'><strong>percussit</strong></span> <span class='ocrx_word' id='word_1_503' title='bbox 823 3509 853 3566; x_wconf 76' lang='lat'><em>7</em></span> <span class='ocrx_word' id='word_1_504' title='bbox 883 3514 945 3569; x_wconf 90' lang='lat' dir='ltr'><strong>et</strong></span> <span class='ocrx_word' id='word_1_505' title='bbox 971 3512 1223 3590; x_wconf 82' lang='lat' dir='ltr'><strong>acetum</strong></span> <span class='ocrx_word' id='word_1_506' title='bbox 1254 3506 1492 3590; x_wconf 82' lang='lat' dir='ltr'><strong>dabant</strong></span> <span class='ocrx_word' id='word_1_507' title='bbox 1523 3506 1578 3566; x_wconf 89' lang='lat' dir='ltr'><strong>ei</strong></span> <span class='ocrx_word' id='word_1_508' title='bbox 1610 3507 1893 3590; x_wconf 85' lang='lat' dir='ltr'><strong>dicentes</strong></span> <span class='ocrx_word' id='word_1_509' title='bbox 1933 3525 1947 3564; x_wconf 89' lang='lat'><strong>:</strong></span> <span class='ocrx_word' id='word_1_510' title='bbox 1992 3506 2324 3590; x_wconf 73' lang='lat' dir='ltr'><strong>Si__Fil_ius</strong></span> <span class='ocrx_word' id='word_1_511' title='bbox 2368 3506 2483 3590; x_wconf 77' lang='lat' dir='ltr'><strong>Dei</strong></span> <span class='ocrx_word' id='word_1_512' title='bbox 2525 3524 2616 3590; x_wconf 82' lang='lat' dir='ltr'><strong>es,</strong></span> <span class='ocrx_word' id='word_1_513' title='bbox 2661 3505 2951 3590; x_wconf 73' lang='lat' dir='ltr'><strong>descende</strong></span> <span class='ocrx_word' id='word_1_514' title='bbox 2986 3503 3071 3590; x_wconf 78' lang='lat' dir='ltr'><strong>de</strong></span> <span class='ocrx_word' id='word_1_515' title='bbox 3101 3503 3313 3590; x_wconf 61' lang='lat' dir='ltr'><strong>gruce.</strong></span> <span class='ocrx_word' id='word_1_516' title='bbox 3338 3505 3565 3566; x_wconf 80' lang='lat' dir='ltr'><strong>Adhuc</strong></span> 
     </span>
    </p>
   </div>
   <div class='ocr_carea' id='block_1_41' title="bbox 271 3583 3565 3664">
    <p class='ocr_par' dir='ltr' id='par_1_41' title="bbox 271 3583 3565 3664">
     <span class='ocr_line' id='line_1_41' title="bbox 271 3583 3565 3664; baseline -0.002 -14"><span class='ocrx_word' id='word_1_517' title='bbox 271 3583 463 3650; x_wconf 74' lang='lat' dir='ltr'><strong>etiam</strong></span> <span class='ocrx_word' id='word_1_518' title='bbox 483 3583 567 3649; x_wconf 69' lang='grc' dir='ltr'><strong>ὀἱ</strong></span> <span class='ocrx_word' id='word_1_519' title='bbox 613 3606 839 3648; x_wconf 83' lang='lat' dir='ltr'><strong>servus</strong></span> <span class='ocrx_word' id='word_1_520' title='bbox 887 3588 1195 3664; x_wconf 85' lang='lat' dir='ltr'><strong>principis</strong></span> <span class='ocrx_word' id='word_1_521' title='bbox 1245 3586 1652 3646; x_wconf 74' lang='lat' dir='ltr'><strong>sacerdotum</strong></span> <span class='ocrx_word' id='word_1_522' title='bbox 1689 3588 1947 3663; x_wconf 88' lang='lat' dir='ltr'><strong>alapam</strong></span> <span class='ocrx_word' id='word_1_523' title='bbox 1978 3586 2148 3646; x_wconf 85' lang='lat' dir='ltr'><strong>dedit</strong></span> <span class='ocrx_word' id='word_1_524' title='bbox 2178 3587 2279 3651; x_wconf 87' lang='lat' dir='ltr'><strong>ei;</strong></span> <span class='ocrx_word' id='word_1_525' title='bbox 2320 3590 2381 3646; x_wconf 90' lang='lat' dir='ltr'><strong>et</strong></span> <span class='ocrx_word' id='word_1_526' title='bbox 2411 3585 2607 3656; x_wconf 81' lang='lat' dir='ltr'><strong>dixit,</strong></span> <span class='ocrx_word' id='word_1_527' title='bbox 2645 3586 2717 3646; x_wconf 80' lang='lat' dir='ltr'><strong>Si</strong></span> <span class='ocrx_word' id='word_1_528' title='bbox 2754 3586 2909 3645; x_wconf 87' lang='lat' dir='ltr'><strong>male</strong></span> <span class='ocrx_word' id='word_1_529' title='bbox 2961 3584 3209 3663; x_wconf 77' lang='lat' dir='ltr'><strong>quidem</strong></span> <span class='ocrx_word' id='word_1_530' title='bbox 3262 3583 3565 3661; x_wconf 83' lang='lat' dir='ltr'><strong>loquutus</strong></span> 
     </span>
    </p>
   </div>
   <div class='ocr_carea' id='block_1_42' title="bbox 270 3664 3562 3747">
    <p class='ocr_par' dir='ltr' id='par_1_42' title="bbox 270 3664 3562 3747">
     <span class='ocr_line' id='line_1_42' title="bbox 270 3664 3562 3747; baseline -0.001 -20"><span class='ocrx_word' id='word_1_531' title='bbox 270 3689 423 3733; x_wconf 86' lang='lat' dir='ltr'><strong>sum.</strong></span> <span class='ocrx_word' id='word_1_532' title='bbox 460 3669 790 3747; x_wconf 79' lang='lat' dir='ltr'><strong>testiﬁcare</strong></span> <span class='ocrx_word' id='word_1_533' title='bbox 818 3667 889 3727; x_wconf 87' lang='lat' dir='ltr'><strong>de</strong></span> <span class='ocrx_word' id='word_1_534' title='bbox 919 3666 1080 3727; x_wconf 79' lang='lat' dir='ltr'><strong>nudo</strong></span> <span class='ocrx_word' id='word_1_535' title='bbox 1115 3686 1135 3726; x_wconf 91' lang='lat'><strong>:</strong></span> <span class='ocrx_word' id='word_1_536' title='bbox 1164 3667 1220 3725; x_wconf 89' lang='lat' dir='ltr'><strong>si</strong></span> <span class='ocrx_word' id='word_1_537' title='bbox 1266 3674 1469 3725; x_wconf 81' lang='lat' dir='ltr'><strong>autem</strong></span> <span class='ocrx_word' id='word_1_538' title='bbox 1499 3664 1849 3747; x_wconf 61' lang='lat' dir='ltr'><strong>benequid</strong></span> <span class='ocrx_word' id='word_1_539' title='bbox 1878 3684 1971 3747; x_wconf 86' lang='lat' dir='ltr'><strong>me</strong></span> <span class='ocrx_word' id='word_1_540' title='bbox 2000 3666 2238 3747; x_wconf 57' lang='lat' dir='ltr'><strong>caulis?</strong></span> <span class='ocrx_word' id='word_1_541' title='bbox 2263 3665 2711 3747; x_wconf 85' lang='lat' dir='ltr'><strong>Etilludentes</strong></span> <span class='ocrx_word' id='word_1_542' title='bbox 2745 3665 3562 3747; x_wconf 61' lang='lat' dir='ltr'><strong>chlamydemcoecmeam</strong></span> 
     </span>
    </p>
   </div>
   <div class='ocr_carea' id='block_1_43' title="bbox 271 3743 3566 3824">
    <p class='ocr_par' dir='ltr' id='par_1_43' title="bbox 271 3743 3566 3824">
     <span class='ocr_line' id='line_1_43' title="bbox 271 3743 3566 3824; baseline -0.002 -14"><span class='ocrx_word' id='word_1_543' title='bbox 271 3743 825 3810; x_wconf 87' lang='lat' dir='ltr'><strong>circumdederunt</strong></span> <span class='ocrx_word' id='word_1_544' title='bbox 874 3765 1046 3817; x_wconf 90' lang='lat' dir='ltr'><strong>eum,</strong></span> <span class='ocrx_word' id='word_1_545' title='bbox 1094 3754 1158 3805; x_wconf 86' lang='lat' dir='ltr'><strong>et</strong></span> <span class='ocrx_word' id='word_1_546' title='bbox 1192 3747 1508 3822; x_wconf 88' lang='lat' dir='ltr'><strong>spuebant</strong></span> <span class='ocrx_word' id='word_1_547' title='bbox 1556 3746 1620 3805; x_wconf 93' lang='lat' dir='ltr'><strong>in</strong></span> <span class='ocrx_word' id='word_1_548' title='bbox 1660 3743 1888 3806; x_wconf 77' lang='lat' dir='ltr'><strong>faciem</strong></span> <span class='ocrx_word' id='word_1_549' title='bbox 1917 3746 2055 3824; x_wconf 88' lang='lat' dir='ltr'><strong>ejus</strong></span> <span class='ocrx_word' id='word_1_550' title='bbox 2090 3766 2103 3803; x_wconf 95' lang='lat'>:</span> <span class='ocrx_word' id='word_1_551' title='bbox 2135 3745 2243 3805; x_wconf 90' lang='lat' dir='ltr'><strong>sed</strong></span> <span class='ocrx_word' id='word_1_552' title='bbox 2278 3746 2470 3805; x_wconf 87' lang='lat' dir='ltr'><strong>etiam</strong></span> <span class='ocrx_word' id='word_1_553' title='bbox 2506 3749 2899 3807; x_wconf 87' lang='lat' dir='ltr'><strong>tentamenta</strong></span> <span class='ocrx_word' id='word_1_554' title='bbox 2932 3744 2987 3803; x_wconf 89' lang='lat' dir='ltr'><strong>ei</strong></span> <span class='ocrx_word' id='word_1_555' title='bbox 3022 3744 3258 3820; x_wconf 66' lang='lat' dir='ltr'><strong>saepius</strong></span> <span class='ocrx_word' id='word_1_556' title='bbox 3294 3743 3566 3822; x_wconf 84' lang='lat' dir='ltr'><strong>ingere-</strong></span> 
     </span>
    </p>
   </div>
   <div class='ocr_carea' id='block_1_44' title="bbox 272 3824 3565 3902">
    <p class='ocr_par' dir='ltr' id='par_1_44' title="bbox 272 3824 3565 3902">
     <span class='ocr_line' id='line_1_44' title="bbox 272 3824 3565 3902; baseline -0.001 -13"><span class='ocrx_word' id='word_1_557' title='bbox 272 3830 451 3899; x_wconf 86' lang='lat' dir='ltr'><strong>bant,</strong></span> <span class='ocrx_word' id='word_1_558' title='bbox 482 3832 803 3888; x_wconf 88' lang='lat' dir='ltr'><strong>tentantes</strong></span> <span class='ocrx_word' id='word_1_559' title='bbox 836 3844 1005 3885; x_wconf 89' lang='lat' dir='ltr'><strong>eum.</strong></span> <span class='ocrx_word' id='word_1_560' title='bbox 1040 3826 1149 3885; x_wconf 90' lang='lat' dir='ltr'><strong>Vis</strong></span> <span class='ocrx_word' id='word_1_561' title='bbox 1178 3828 1368 3886; x_wconf 88' lang='lat' dir='ltr'><strong>etiam</strong></span> <span class='ocrx_word' id='word_1_562' title='bbox 1409 3827 1858 3886; x_wconf 83' lang='lat' dir='ltr'><strong>accusationes</strong></span> <span class='ocrx_word' id='word_1_563' title='bbox 1907 3825 2132 3886; x_wconf 90' lang='lat' dir='ltr'><strong>audire</strong></span> <span class='ocrx_word' id='word_1_564' title='bbox 2159 3870 2173 3893; x_wconf 82' lang='lat'><strong>,</strong></span> <span class='ocrx_word' id='word_1_565' title='bbox 2216 3826 2353 3885; x_wconf 84' lang='lat' dir='ltr'><strong>sive</strong></span> <span class='ocrx_word' id='word_1_566' title='bbox 2400 3842 2546 3902; x_wconf 64' lang='lat' dir='ltr'><strong>qua:</strong></span> <span class='ocrx_word' id='word_1_567' title='bbox 2577 3830 2847 3895; x_wconf 89' lang='lat' dir='ltr'><strong>secreto,</strong></span> <span class='ocrx_word' id='word_1_568' title='bbox 2875 3826 3012 3885; x_wconf 89' lang='lat' dir='ltr'><strong>sive</strong></span> <span class='ocrx_word' id='word_1_569' title='bbox 3044 3840 3191 3900; x_wconf 66' lang='lat' dir='ltr'><strong>qua:</strong></span> <span class='ocrx_word' id='word_1_570' title='bbox 3222 3824 3435 3900; x_wconf 86' lang='lat' dir='ltr'><strong>palam</strong></span> <span class='ocrx_word' id='word_1_571' title='bbox 3480 3826 3565 3885; x_wconf 91' lang='lat' dir='ltr'><strong>ab</strong></span> 
     </span>
    </p>
   </div>
   <div class='ocr_carea' id='block_1_45' title="bbox 270 3902 3565 3985">
    <p class='ocr_par' dir='ltr' id='par_1_45' title="bbox 270 3902 3565 3985">
     <span class='ocr_line' id='line_1_45' title="bbox 270 3902 3565 3985; baseline -0.002 -17"><span class='ocrx_word' id='word_1_572' title='bbox 270 3910 413 3985; x_wconf 83' lang='lat' dir='ltr'><strong>ejus</strong></span> <span class='ocrx_word' id='word_1_573' title='bbox 434 3906 767 3984; x_wconf 88' lang='lat' dir='ltr'><strong>discipulis</strong></span> <span class='ocrx_word' id='word_1_574' title='bbox 794 3906 1072 3967; x_wconf 74' lang='lat' dir='ltr'><strong>fiebant?</strong></span> <span class='ocrx_word' id='word_1_575' title='bbox 1100 3904 1427 3984; x_wconf 81' lang='lat' dir='ltr'><strong>Numquid</strong></span> <span class='ocrx_word' id='word_1_576' title='bbox 1450 3913 1507 3964; x_wconf 85' lang='lat' dir='ltr'><strong>et</strong></span> <span class='ocrx_word' id='word_1_577' title='bbox 1536 3924 1679 3971; x_wconf 76' lang='lat' dir='ltr'><strong>vos.</strong></span> <span class='ocrx_word' id='word_1_578' title='bbox 1723 3906 1968 3982; x_wconf 90' lang='lat' dir='ltr'><strong>inquit,</strong></span> <span class='ocrx_word' id='word_1_579' title='bbox 1994 3905 2209 3985; x_wconf 68' lang='lat' dir='ltr'><strong>cultis</strong></span> <span class='ocrx_word' id='word_1_580' title='bbox 2240 3903 2411 3966; x_wconf 88' lang='lat' dir='ltr'><strong>abire</strong></span> <span class='ocrx_word' id='word_1_581' title='bbox 2434 3906 2464 3965; x_wconf 80' lang='lat'><strong><em>?</em></strong></span> <span class='ocrx_word' id='word_1_582' title='bbox 2494 3905 2613 3966; x_wconf 86' lang='lat' dir='ltr'><strong>Sed</strong></span> <span class='ocrx_word' id='word_1_583' title='bbox 2644 3904 2835 3985; x_wconf 86' lang='lat' dir='ltr'><strong>etiam</strong></span> <span class='ocrx_word' id='word_1_584' title='bbox 2857 3949 2871 3975; x_wconf 97' lang='lat'><strong>,</strong></span> <span class='ocrx_word' id='word_1_585' title='bbox 2906 3903 3296 3985; x_wconf 71' lang='lat' dir='ltr'><strong>Da&#39;uzonium</strong></span> <span class='ocrx_word' id='word_1_586' title='bbox 3327 3902 3510 3963; x_wconf 84' lang='lat' dir='ltr'><strong>habes</strong></span> <span class='ocrx_word' id='word_1_587' title='bbox 3546 3949 3565 3971; x_wconf 83' lang='lat'><strong>,</strong></span> 
     </span>
    </p>
   </div>
   <div class='ocr_carea' id='block_1_46' title="bbox 270 3982 3567 4065">
    <p class='ocr_par' dir='ltr' id='par_1_46' title="bbox 270 3982 3567 4065">
     <span class='ocr_line' id='line_1_46' title="bbox 270 3982 3567 4065; baseline -0.002 -18"><span class='ocrx_word' id='word_1_588' title='bbox 270 3982 319 4047; x_wconf 20' lang='lat' dir='ltr'><strong>av</strong></span> <span class='ocrx_word' id='word_1_589' title='bbox 338 3982 785 4065; x_wconf 76' lang='lat' dir='ltr'><strong>ﬁdelibusjam</strong></span> <span class='ocrx_word' id='word_1_590' title='bbox 810 3986 1164 4046; x_wconf 87' lang='lat' dir='ltr'><strong>dicebatur.</strong></span> <span class='ocrx_word' id='word_1_591' title='bbox 1196 3982 1422 4045; x_wconf 77' lang='lat' dir='ltr'><strong>Nonne</strong></span> <span class='ocrx_word' id='word_1_592' title='bbox 1452 3991 1513 4044; x_wconf 91' lang='lat' dir='ltr'><strong>et</strong></span> <span class='ocrx_word' id='word_1_593' title='bbox 1542 3986 1677 4062; x_wconf 86' lang='lat' dir='ltr'><strong>ipse</strong></span> <span class='ocrx_word' id='word_1_594' title='bbox 1701 4002 1956 4062; x_wconf 87' lang='lat' dir='ltr'><strong>semper</strong></span> <span class='ocrx_word' id='word_1_595' title='bbox 1980 3984 2314 4063; x_wconf 86' lang='lat' dir='ltr'><strong>fugiebat?</strong></span> <span class='ocrx_word' id='word_1_596' title='bbox 2339 3989 2401 4044; x_wconf 87' lang='lat' dir='ltr'><strong>et</strong></span> <span class='ocrx_word' id='word_1_597' title='bbox 2431 4002 2605 4045; x_wconf 92' lang='lat' dir='ltr'><strong>nunc</strong></span> <span class='ocrx_word' id='word_1_598' title='bbox 2632 3984 2981 4065; x_wconf 80' lang='lat' dir='ltr'><strong>quidemin</strong></span> <span class='ocrx_word' id='word_1_599' title='bbox 3005 3982 3363 4065; x_wconf 67' lang='lat' dir='ltr'><strong>Galilmam,</strong></span> <span class='ocrx_word' id='word_1_600' title='bbox 3389 4001 3567 4045; x_wconf 85' lang='lat' dir='ltr'><strong>nunc</strong></span> 
     </span>
    </p>
   </div>
   <div class='ocr_carea' id='block_1_47' title="bbox 270 4063 3565 4143">
    <p class='ocr_par' dir='ltr' id='par_1_47' title="bbox 270 4063 3565 4143">
     <span class='ocr_line' id='line_1_47' title="bbox 270 4063 3565 4143; baseline -0.001 -16"><span class='ocrx_word' id='word_1_601' title='bbox 270 4073 483 4127; x_wconf 90' lang='lat' dir='ltr'><strong>autem</strong></span> <span class='ocrx_word' id='word_1_602' title='bbox 519 4067 584 4126; x_wconf 90' lang='lat' dir='ltr'><strong>in</strong></span> <span class='ocrx_word' id='word_1_603' title='bbox 614 4063 941 4126; x_wconf 62' lang='lat' dir='ltr'><strong>Judeam?</strong></span> <span class='ocrx_word' id='word_1_604' title='bbox 973 4083 1188 4126; x_wconf 90' lang='lat' dir='ltr'><strong>nonne</strong></span> <span class='ocrx_word' id='word_1_605' title='bbox 1212 4068 1294 4127; x_wconf 89' lang='lat' dir='ltr'><strong>ab</strong></span> <span class='ocrx_word' id='word_1_606' title='bbox 1328 4064 1737 4125; x_wconf 89' lang='lat' dir='ltr'><strong>incunabulis</strong></span> <span class='ocrx_word' id='word_1_607' title='bbox 1778 4066 1933 4143; x_wconf 86' lang='lat' dir='ltr'><strong>ipsis</strong></span> <span class='ocrx_word' id='word_1_608' title='bbox 1970 4066 2263 4141; x_wconf 72' lang='lat' dir='ltr'><strong>plurimte</strong></span> <span class='ocrx_word' id='word_1_609' title='bbox 2312 4065 2402 4123; x_wconf 89' lang='lat' dir='ltr'><strong>illi</strong></span> <span class='ocrx_word' id='word_1_610' title='bbox 2444 4065 2834 4126; x_wconf 87' lang='lat' dir='ltr'><strong>tentationes</strong></span> <span class='ocrx_word' id='word_1_611' title='bbox 2880 4063 3059 4124; x_wconf 60' lang='lat' dir='ltr'><strong>facta:</strong></span> <span class='ocrx_word' id='word_1_612' title='bbox 3107 4064 3310 4123; x_wconf 85' lang='lat' dir='ltr'><strong>sunt?</strong></span> <span class='ocrx_word' id='word_1_613' title='bbox 3348 4080 3565 4124; x_wconf 92' lang='lat' dir='ltr'><strong>nonne</strong></span> 
     </span>
    </p>
   </div>
   <div class='ocr_carea' id='block_1_48' title="bbox 270 4143 3568 4223">
    <p class='ocr_par' dir='ltr' id='par_1_48' title="bbox 270 4143 3568 4223">
     <span class='ocr_line' id='line_1_48' title="bbox 270 4143 3568 4223; baseline -0.001 -17"><span class='ocrx_word' id='word_1_614' title='bbox 270 4148 480 4207; x_wconf 88' lang='lat' dir='ltr'><strong>adhuc</strong></span> <span class='ocrx_word' id='word_1_615' title='bbox 514 4146 832 4207; x_wconf 85' lang='lat' dir='ltr'><strong>inl&#39;antulo</strong></span> <span class='ocrx_word' id='word_1_616' title='bbox 861 4146 1212 4207; x_wconf 86' lang='lat' dir='ltr'><strong>constituto</strong></span> <span class='ocrx_word' id='word_1_617' title='bbox 1251 4152 1456 4204; x_wconf 89' lang='lat' dir='ltr'><strong>mater</strong></span> <span class='ocrx_word' id='word_1_618' title='bbox 1499 4144 1638 4221; x_wconf 84' lang='lat' dir='ltr'><strong>ejus</strong></span> <span class='ocrx_word' id='word_1_619' title='bbox 1678 4163 1827 4205; x_wconf 88' lang='lat' dir='ltr'><strong>eum</strong></span> <span class='ocrx_word' id='word_1_620' title='bbox 1864 4146 2187 4222; x_wconf 86' lang='lat' dir='ltr'><strong>accipiens</strong></span> <span class='ocrx_word' id='word_1_621' title='bbox 2219 4143 2547 4205; x_wconf 86' lang='lat' dir='ltr'><strong>descendit</strong></span> <span class='ocrx_word' id='word_1_622' title='bbox 2579 4145 2644 4203; x_wconf 92' lang='lat' dir='ltr'><strong>in</strong></span> <span class='ocrx_word' id='word_1_623' title='bbox 2676 4144 3065 4223; x_wconf 71' lang='lat' dir='ltr'><strong>JEgyplum?</strong></span> <span class='ocrx_word' id='word_1_624' title='bbox 3118 4144 3387 4223; x_wconf 80' lang='lat' dir='ltr'><strong>Propter</strong></span> <span class='ocrx_word' id='word_1_625' title='bbox 3432 4143 3568 4203; x_wconf 54' lang='lat' dir='ltr'><strong>haec</strong></span> 
     </span>
    </p>
   </div>
   <div class='ocr_carea' id='block_1_49' title="bbox 272 4222 3564 4304">
    <p class='ocr_par' dir='ltr' id='par_1_49' title="bbox 272 4222 3564 4304">
     <span class='ocr_line' id='line_1_49' title="bbox 272 4222 3564 4304; baseline -0.001 -19"><span class='ocrx_word' id='word_1_626' title='bbox 272 4227 466 4303; x_wconf 86' lang='lat' dir='ltr'><strong>igitur</strong></span> <span class='ocrx_word' id='word_1_627' title='bbox 494 4226 714 4287; x_wconf 85' lang='lat' dir='ltr'><strong>omnia</strong></span> <span class='ocrx_word' id='word_1_628' title='bbox 741 4225 946 4304; x_wconf 75' lang='lat' dir='ltr'><strong>dixit:</strong></span> <span class='ocrx_word' id='word_1_629' title='bbox 986 4226 1383 4286; x_wconf 79' lang='lat' dir='ltr'><strong>Attendentes</strong></span> <span class='ocrx_word' id='word_1_630' title='bbox 1407 4224 1478 4283; x_wconf 88' lang='lat' dir='ltr'><strong>in</strong></span> <span class='ocrx_word' id='word_1_631' title='bbox 1497 4236 1817 4284; x_wconf 84' lang='lat' dir='ltr'><strong>auctorem</strong></span> <span class='ocrx_word' id='word_1_632' title='bbox 1855 4224 2017 4304; x_wconf 77' lang='lat' dir='ltr'><strong>ﬁdei,</strong></span> <span class='ocrx_word' id='word_1_633' title='bbox 2054 4232 2105 4282; x_wconf 89' lang='lat' dir='ltr'><strong>et</strong></span> <span class='ocrx_word' id='word_1_634' title='bbox 2144 4232 2701 4304; x_wconf 85' lang='lat' dir='ltr'><strong>consummatorem</strong></span> <span class='ocrx_word' id='word_1_635' title='bbox 2744 4222 2959 4304; x_wconf 77' lang='lat' dir='ltr'><strong>Jesum</strong></span> <span class='ocrx_word' id='word_1_636' title='bbox 2984 4270 3007 4304; x_wconf 15' lang='grc' dir='ltr'><em>,γ</em></span> <span class='ocrx_word' id='word_1_637' title='bbox 3035 4222 3145 4301; x_wconf 86' lang='lat' dir='ltr'><strong>qui</strong></span> <span class='ocrx_word' id='word_1_638' title='bbox 3182 4241 3301 4304; x_wconf 77' lang='lat' dir='ltr'><strong>pro</strong></span> <span class='ocrx_word' id='word_1_639' title='bbox 3330 4222 3564 4304; x_wconf 83' lang='lat' dir='ltr'><strong>gaudio</strong></span> 
     </span>
    </p>
   </div>
   <div class='ocr_carea' id='block_1_50' title="bbox 270 4301 3566 4385">
    <p class='ocr_par' dir='ltr' id='par_1_50' title="bbox 270 4301 3566 4385">
     <span class='ocr_line' id='line_1_50' title="bbox 270 4301 3566 4385; baseline 0 -22"><span class='ocrx_word' id='word_1_640' title='bbox 270 4301 388 4365; x_wconf 83' lang='lat' dir='ltr'><strong>sibi</strong></span> <span class='ocrx_word' id='word_1_641' title='bbox 407 4306 740 4385; x_wconf 84' lang='lat' dir='ltr'><strong>proposito</strong></span> <span class='ocrx_word' id='word_1_642' title='bbox 770 4302 1076 4365; x_wconf 85' lang='lat' dir='ltr'><strong>sustinuit</strong></span> <span class='ocrx_word' id='word_1_643' title='bbox 1105 4323 1368 4369; x_wconf 87' lang='lat' dir='ltr'><strong>crucem,</strong></span> <span class='ocrx_word' id='word_1_644' title='bbox 1400 4305 1774 4385; x_wconf 76' lang='lat' dir='ltr'><strong>confusione</strong></span> <span class='ocrx_word' id='word_1_645' title='bbox 1806 4301 2178 4381; x_wconf 83' lang='lat' dir='ltr'><strong>contempta.</strong></span> <span class='ocrx_word' id='word_1_646' title='bbox 2214 4306 2358 4366; x_wconf 87' lang='lat' dir='ltr'><strong>etin</strong></span> <span class='ocrx_word' id='word_1_647' title='bbox 2403 4303 2661 4363; x_wconf 74' lang='lat' dir='ltr'><strong>dextera</strong></span> <span class='ocrx_word' id='word_1_648' title='bbox 2698 4302 2861 4385; x_wconf 79' lang='lat' dir='ltr'><strong>sedis</strong></span> <span class='ocrx_word' id='word_1_649' title='bbox 2892 4303 3009 4362; x_wconf 85' lang='lat' dir='ltr'><strong>Dei</strong></span> <span class='ocrx_word' id='word_1_650' title='bbox 3044 4301 3347 4385; x_wconf 78' lang='lat' dir='ltr'><strong>considet.</strong></span> <span class='ocrx_word' id='word_1_651' title='bbox 3380 4303 3566 4385; x_wconf 76' lang='lat' dir='ltr'><strong>Nunc</strong></span> 
     </span>
    </p>
   </div>
   <div class='ocr_carea' id='block_1_51' title="bbox 271 4382 3570 4462">
    <p class='ocr_par' dir='ltr' id='par_1_51' title="bbox 271 4382 3570 4462">
     <span class='ocr_line' id='line_1_51' title="bbox 271 4382 3570 4462; baseline -0 -19"><span class='ocrx_word' id='word_1_652' title='bbox 271 4382 465 4462; x_wconf 79' lang='lat' dir='ltr'><strong>igitur</strong></span> <span class='ocrx_word' id='word_1_653' title='bbox 495 4382 899 4456; x_wconf 77' lang='lat' dir='ltr'><strong>intendamus</strong></span> <span class='ocrx_word' id='word_1_654' title='bbox 934 4385 999 4443; x_wconf 93' lang='lat' dir='ltr'><strong>in</strong></span> <span class='ocrx_word' id='word_1_655' title='bbox 1027 4402 1139 4454; x_wconf 87' lang='lat' dir='ltr'><strong>ea,</strong></span> <span class='ocrx_word' id='word_1_656' title='bbox 1174 4402 1319 4461; x_wconf 70' lang='lat' dir='ltr'><strong>qua)</strong></span> <span class='ocrx_word' id='word_1_657' title='bbox 1350 4382 1649 4461; x_wconf 85' lang='lat' dir='ltr'><strong>discipuli</strong></span> <span class='ocrx_word' id='word_1_658' title='bbox 1681 4384 1820 4460; x_wconf 88' lang='lat' dir='ltr'><strong>ejus</strong></span> <span class='ocrx_word' id='word_1_659' title='bbox 1854 4384 2139 4461; x_wconf 84' lang='lat' dir='ltr'><strong>perpessi</strong></span> <span class='ocrx_word' id='word_1_660' title='bbox 2185 4390 2379 4443; x_wconf 89' lang='lat' dir='ltr'><strong>sunt:</strong></span> <span class='ocrx_word' id='word_1_661' title='bbox 2424 4385 2717 4461; x_wconf 84' lang='lat' dir='ltr'><strong>legamus</strong></span> <span class='ocrx_word' id='word_1_662' title='bbox 2761 4383 2929 4444; x_wconf 83' lang='lat' dir='ltr'><strong>dicta</strong></span> <span class='ocrx_word' id='word_1_663' title='bbox 2966 4382 3186 4451; x_wconf 85' lang='lat' dir='ltr'><strong>Pauli,</strong></span> <span class='ocrx_word' id='word_1_664' title='bbox 3230 4388 3292 4441; x_wconf 90' lang='lat' dir='ltr'><strong>et</strong></span> <span class='ocrx_word' id='word_1_665' title='bbox 3324 4382 3570 4443; x_wconf 87' lang='lat' dir='ltr'><strong>audia—</strong></span> 
     </span>
    </p>
   </div>
   <div class='ocr_carea' id='block_1_52' title="bbox 270 4462 3581 4541">
    <p class='ocr_par' dir='ltr' id='par_1_52' title="bbox 270 4462 3581 4541">
     <span class='ocr_line' id='line_1_52' title="bbox 270 4462 3581 4541; baseline 0 -20"><span class='ocrx_word' id='word_1_666' title='bbox 270 4483 410 4525; x_wconf 85' lang='lat' dir='ltr'><strong>mus</strong></span> <span class='ocrx_word' id='word_1_667' title='bbox 444 4483 591 4525; x_wconf 86' lang='lat' dir='ltr'><strong>eum</strong></span> <span class='ocrx_word' id='word_1_668' title='bbox 618 4464 930 4525; x_wconf 87' lang='lat' dir='ltr'><strong>dicentem</strong></span> <span class='ocrx_word' id='word_1_669' title='bbox 965 4465 1086 4523; x_wconf 83' lang='lat' dir='ltr'><strong>:In</strong></span> <span class='ocrx_word' id='word_1_670' title='bbox 1116 4464 1495 4525; x_wconf 84' lang='lat' dir='ltr'><strong>sustinentia</strong></span> <span class='ocrx_word' id='word_1_671' title='bbox 1526 4464 1741 4531; x_wconf 82' lang='lat' dir='ltr'><strong>nmlta,</strong></span> <span class='ocrx_word' id='word_1_672' title='bbox 1768 4465 1834 4524; x_wconf 86' lang='lat' dir='ltr'><strong>in</strong></span> <span class='ocrx_word' id='word_1_673' title='bbox 1867 4463 2501 4532; x_wconf 86' lang='lat' dir='ltr'><strong>tribulationibus,in</strong></span> <span class='ocrx_word' id='word_1_674' title='bbox 2516 4464 2831 4541; x_wconf 84' lang='lat' dir='ltr'><strong>angustiis</strong></span> <span class='ocrx_word' id='word_1_675' title='bbox 2855 4510 2868 4530; x_wconf 92' lang='lat'><strong>,</strong></span> <span class='ocrx_word' id='word_1_676' title='bbox 2904 4464 2972 4524; x_wconf 89' lang='lat' dir='ltr'><strong>in</strong></span> <span class='ocrx_word' id='word_1_677' title='bbox 3000 4462 3325 4541; x_wconf 81' lang='lat' dir='ltr'><strong>plagis,in</strong></span> <span class='ocrx_word' id='word_1_678' title='bbox 3352 4472 3581 4522; x_wconf 76' lang='lat' dir='ltr'><strong>carce-‘</strong></span> 
     </span>
    </p>
   </div>
   <div class='ocr_carea' id='block_1_53' title="bbox 271 4540 3567 4622">
    <p class='ocr_par' dir='ltr' id='par_1_53' title="bbox 271 4540 3567 4622">
     <span class='ocr_line' id='line_1_53' title="bbox 271 4540 3567 4622; baseline -0.001 -19"><span class='ocrx_word' id='word_1_679' title='bbox 271 4543 479 4611; x_wconf 80' lang='lat' dir='ltr'><strong>ribus;</strong></span> <span class='ocrx_word' id='word_1_680' title='bbox 509 4550 573 4604; x_wconf 83' lang='lat' dir='ltr'><strong>et</strong></span> <span class='ocrx_word' id='word_1_681' title='bbox 601 4544 856 4613; x_wconf 87' lang='lat' dir='ltr'><strong>iterum,</strong></span> <span class='ocrx_word' id='word_1_682' title='bbox 884 4543 1085 4622; x_wconf 83' lang='lat' dir='ltr'><strong>Usque</strong></span> <span class='ocrx_word' id='word_1_683' title='bbox 1110 4544 1191 4604; x_wconf 86' lang='lat' dir='ltr'><strong>ad</strong></span> <span class='ocrx_word' id='word_1_684' title='bbox 1220 4543 1377 4603; x_wconf 86' lang='lat' dir='ltr'><strong>hanc</strong></span> <span class='ocrx_word' id='word_1_685' title='bbox 1402 4544 1619 4603; x_wconf 86' lang='lat' dir='ltr'><strong>horam</strong></span> <span class='ocrx_word' id='word_1_686' title='bbox 1662 4544 1993 4609; x_wconf 88' lang='lat' dir='ltr'><strong>esurimus,</strong></span> <span class='ocrx_word' id='word_1_687' title='bbox 2028 4552 2083 4602; x_wconf 87' lang='lat' dir='ltr'><strong>et</strong></span> <span class='ocrx_word' id='word_1_688' title='bbox 2113 4545 2395 4611; x_wconf 88' lang='lat' dir='ltr'><strong>sitimus,</strong></span> <span class='ocrx_word' id='word_1_689' title='bbox 2432 4552 2489 4603; x_wconf 90' lang='lat' dir='ltr'><strong>et</strong></span> <span class='ocrx_word' id='word_1_690' title='bbox 2518 4540 2679 4603; x_wconf 82' lang='lat' dir='ltr'><strong>nudi</strong></span> <span class='ocrx_word' id='word_1_691' title='bbox 2704 4562 2937 4609; x_wconf 83' lang='lat' dir='ltr'><strong>sumus.</strong></span> <span class='ocrx_word' id='word_1_692' title='bbox 2974 4540 3028 4602; x_wconf 79' lang='lat' dir='ltr'><strong>et</strong></span> <span class='ocrx_word' id='word_1_693' title='bbox 3055 4540 3528 4621; x_wconf 79' lang='lat' dir='ltr'><strong>colaphizamur</strong></span> <span class='ocrx_word' id='word_1_694' title='bbox 3550 4588 3567 4610; x_wconf 85' lang='lat'><strong><em>.</em></strong></span> 
     </span>
    </p>
   </div>
   <div class='ocr_carea' id='block_1_54' title="bbox 274 4622 3575 4703">
    <p class='ocr_par' dir='ltr' id='par_1_54' title="bbox 274 4622 3575 4703">
     <span class='ocr_line' id='line_1_54' title="bbox 274 4622 3575 4703; baseline 0 -22"><span class='ocrx_word' id='word_1_695' title='bbox 274 4632 325 4681; x_wconf 87' lang='lat' dir='ltr'><strong>et</strong></span> <span class='ocrx_word' id='word_1_696' title='bbox 359 4624 809 4703; x_wconf 86' lang='lat' dir='ltr'><strong>inquietamur,</strong></span> <span class='ocrx_word' id='word_1_697' title='bbox 846 4631 899 4681; x_wconf 87' lang='lat' dir='ltr'><strong>et</strong></span> <span class='ocrx_word' id='word_1_698' title='bbox 931 4622 1231 4700; x_wconf 81' lang='lat' dir='ltr'><strong>lugemus.</strong></span> <span class='ocrx_word' id='word_1_699' title='bbox 1272 4632 1601 4703; x_wconf 86' lang='lat' dir='ltr'><strong>operantes</strong></span> <span class='ocrx_word' id='word_1_700' title='bbox 1634 4623 1916 4703; x_wconf 86' lang='lat' dir='ltr'><strong>manibus</strong></span> <span class='ocrx_word' id='word_1_701' title='bbox 1950 4623 2192 4683; x_wconf 84' lang='lat' dir='ltr'><strong>nostris</strong></span> <span class='ocrx_word' id='word_1_702' title='bbox 2226 4644 2245 4682; x_wconf 91' lang='lat'><strong>:</strong></span> <span class='ocrx_word' id='word_1_703' title='bbox 2276 4624 2592 4684; x_wconf 83' lang='lat' dir='ltr'><strong>maledicti</strong></span> <span class='ocrx_word' id='word_1_704' title='bbox 2632 4622 3081 4692; x_wconf 81' lang='lat' dir='ltr'><strong>benedicimus,</strong></span> <span class='ocrx_word' id='word_1_705' title='bbox 3126 4622 3303 4700; x_wconf 84' lang='lat' dir='ltr'><strong>passi</strong></span> <span class='ocrx_word' id='word_1_706' title='bbox 3343 4640 3575 4703; x_wconf 86' lang='lat' dir='ltr'><strong>perse—</strong></span> 
     </span>
    </p>
   </div>
   <div class='ocr_carea' id='block_1_55' title="bbox 272 4642 3572 4782">
    <p class='ocr_par' dir='ltr' id='par_1_55' title="bbox 272 4642 3572 4782">
     <span class='ocr_line' id='line_1_55' title="bbox 274 4642 3572 4762; baseline 0 -81"><span class='ocrx_word' id='word_1_707' title='bbox 274 4642 325 4681; x_wconf 76' lang='lat' dir='ltr'><strong>et</strong></span> <span class='ocrx_word' id='word_1_708' title='bbox 359 4642 809 4703; x_wconf 81' lang='lat' dir='ltr'><strong>mqmetamur,</strong></span> <span class='ocrx_word' id='word_1_709' title='bbox 846 4642 899 4681; x_wconf 79' lang='lat' dir='ltr'><strong>et</strong></span> <span class='ocrx_word' id='word_1_710' title='bbox 931 4642 1231 4700; x_wconf 78' lang='lat' dir='ltr'><strong>tugemus.</strong></span> <span class='ocrx_word' id='word_1_711' title='bbox 1272 4642 1601 4762; x_wconf 58' lang='lat' dir='ltr'><strong>operanzes</strong></span> <span class='ocrx_word' id='word_1_712' title='bbox 1634 4642 1916 4687; x_wconf 74' lang='lat' dir='ltr'><strong>manibus</strong></span> <span class='ocrx_word' id='word_1_713' title='bbox 1950 4642 2192 4683; x_wconf 76' lang='lat' dir='ltr'><strong>nostris</strong></span> <span class='ocrx_word' id='word_1_714' title='bbox 2226 4644 2245 4682; x_wconf 92' lang='lat'><strong>:</strong></span> <span class='ocrx_word' id='word_1_715' title='bbox 2276 4642 2590 4684; x_wconf 77' lang='lat' dir='ltr'><strong>mateazcu</strong></span> <span class='ocrx_word' id='word_1_716' title='bbox 2632 4642 3081 4692; x_wconf 71' lang='lat' dir='ltr'><strong>aenean-imus,</strong></span> <span class='ocrx_word' id='word_1_717' title='bbox 3126 4642 3302 4700; x_wconf 76' lang='lat' dir='ltr'><strong>passi</strong></span> <span class='ocrx_word' id='word_1_718' title='bbox 3343 4642 3572 4701; x_wconf 85' lang='lat' dir='ltr'><strong>perse—</strong></span> 
     </span>
     <span class='ocr_line' id='line_1_56' title="bbox 272 4702 3572 4782; baseline 0 -20"><span class='ocrx_word' id='word_1_719' title='bbox 272 4705 628 4781; x_wconf 88' lang='lat' dir='ltr'><strong>quutionem</strong></span> <span class='ocrx_word' id='word_1_720' title='bbox 653 4703 965 4782; x_wconf 76' lang='lat' dir='ltr'><strong>patienter</strong></span> <span class='ocrx_word' id='word_1_721' title='bbox 992 4703 1267 4782; x_wconf 66' lang='lat' dir='ltr'><strong>ﬁrimus,</strong></span> <span class='ocrx_word' id='word_1_722' title='bbox 1345 4702 1705 4773; x_wconf 82' lang='lat' dir='ltr'><strong>.’asphemati</strong></span> <span class='ocrx_word' id='word_1_723' title='bbox 1743 4702 2153 4762; x_wconf 81' lang='lat' dir='ltr'><strong>obsecramus.</strong></span> <span class='ocrx_word' id='word_1_724' title='bbox 2190 4705 2367 4782; x_wconf 80' lang='lat' dir='ltr'><strong>Rogo</strong></span> <span class='ocrx_word' id='word_1_725' title='bbox 2414 4705 2561 4782; x_wconf 91' lang='lat' dir='ltr'><strong>quis</strong></span> <span class='ocrx_word' id='word_1_726' title='bbox 2612 4704 2710 4764; x_wconf 81' lang='lat' dir='ltr'><strong>vel</strong></span> <span class='ocrx_word' id='word_1_727' title='bbox 2764 4703 3097 4763; x_wconf 88' lang='lat' dir='ltr'><strong>minimam</strong></span> <span class='ocrx_word' id='word_1_728' title='bbox 3144 4706 3390 4779; x_wconf 88' lang='lat' dir='ltr'><strong>partem</strong></span> <span class='ocrx_word' id='word_1_729' title='bbox 3449 4702 3572 4762; x_wconf 79' lang='lat' dir='ltr'><strong>ho-</strong></span> 
     </span>
    </p>
   </div>
   <div class='ocr_carea' id='block_1_56' title="bbox 275 4781 3568 4861">
    <p class='ocr_par' dir='ltr' id='par_1_56' title="bbox 275 4781 3568 4861">
     <span class='ocr_line' id='line_1_57' title="bbox 275 4781 3568 4861; baseline 0 -19"><span class='ocrx_word' id='word_1_730' title='bbox 275 4801 415 4842; x_wconf 90' lang='lat' dir='ltr'><strong>rum</strong></span> <span class='ocrx_word' id='word_1_731' title='bbox 440 4800 673 4861; x_wconf 89' lang='lat' dir='ltr'><strong>passus</strong></span> <span class='ocrx_word' id='word_1_732' title='bbox 705 4784 849 4843; x_wconf 84' lang='lat' dir='ltr'><strong>est?</strong></span> <span class='ocrx_word' id='word_1_733' title='bbox 876 4781 1052 4841; x_wconf 88' lang='lat' dir='ltr'><strong>Sicut</strong></span> <span class='ocrx_word' id='word_1_734' title='bbox 1085 4782 1481 4854; x_wconf 84' lang='lat' dir='ltr'><strong>seductorcs,</strong></span> <span class='ocrx_word' id='word_1_735' title='bbox 1520 4783 1757 4858; x_wconf 89' lang='lat' dir='ltr'><strong>inquit,</strong></span> <span class='ocrx_word' id='word_1_736' title='bbox 1791 4784 1958 4842; x_wconf 89' lang='lat' dir='ltr'><strong>sicut</strong></span> <span class='ocrx_word' id='word_1_737' title='bbox 1989 4781 2403 4852; x_wconf 85' lang='lat' dir='ltr'><strong>inhonorati,</strong></span> <span class='ocrx_word' id='word_1_738' title='bbox 2442 4781 2611 4844; x_wconf 82' lang='lat' dir='ltr'><strong>Sicut</strong></span> <span class='ocrx_word' id='word_1_739' title='bbox 2642 4782 2804 4842; x_wconf 91' lang='lat' dir='ltr'><strong>nihil</strong></span> <span class='ocrx_word' id='word_1_740' title='bbox 2828 4783 3137 4842; x_wconf 88' lang='lat' dir='ltr'><strong>habentes</strong></span> <span class='ocrx_word' id='word_1_741' title='bbox 3171 4801 3185 4839; x_wconf 92' lang='lat'><strong>:</strong></span> <span class='ocrx_word' id='word_1_742' title='bbox 3212 4786 3276 4861; x_wconf 83' lang='lat' dir='ltr'><strong>et</strong></span> <span class='ocrx_word' id='word_1_743' title='bbox 3308 4783 3568 4852; x_wconf 87' lang='lat' dir='ltr'><strong>iterum,</strong></span> 
     </span>
    </p>
   </div>
   <div class='ocr_carea' id='block_1_57' title="bbox 274 4860 3569 4942">
    <p class='ocr_par' dir='ltr' id='par_1_57' title="bbox 274 4860 3569 4942">
     <span class='ocr_line' id='line_1_58' title="bbox 274 4860 3569 4942; baseline -0 -20"><span class='ocrx_word' id='word_1_744' title='bbox 274 4860 613 4942; x_wconf 79' lang='lat' dir='ltr'><strong>Quinquies</strong></span> <span class='ocrx_word' id='word_1_745' title='bbox 634 4861 1065 4942; x_wconf 81' lang='lat' dir='ltr'><strong>quadragenas</strong></span> <span class='ocrx_word' id='word_1_746' title='bbox 1092 4879 1222 4920; x_wconf 87' lang='lat' dir='ltr'><strong>una</strong></span> <span class='ocrx_word' id='word_1_747' title='bbox 1248 4879 1453 4923; x_wconf 69' lang='lat' dir='ltr'><strong>minus</strong></span> <span class='ocrx_word' id='word_1_748' title='bbox 1482 4864 1694 4937; x_wconf 84' lang='lat' dir='ltr'><strong>accepi</strong></span> <span class='ocrx_word' id='word_1_749' title='bbox 1723 4882 1759 4920; x_wconf 89' lang='lat' dir='ltr'><strong>a</strong></span> <span class='ocrx_word' id='word_1_750' title='bbox 1788 4862 2052 4942; x_wconf 62' lang='lat' dir='ltr'><strong>Judmis,</strong></span> <span class='ocrx_word' id='word_1_751' title='bbox 2087 4872 2180 4921; x_wconf 87' lang='lat' dir='ltr'><strong>ter</strong></span> <span class='ocrx_word' id='word_1_752' title='bbox 2205 4864 2407 4941; x_wconf 83' lang='lat' dir='ltr'><strong>virgis</strong></span> <span class='ocrx_word' id='word_1_753' title='bbox 2436 4882 2623 4923; x_wconf 76' lang='lat' dir='ltr'><strong>ca’sus</strong></span> <span class='ocrx_word' id='word_1_754' title='bbox 2654 4882 2814 4929; x_wconf 88' lang='lat' dir='ltr'><strong>sum,</strong></span> <span class='ocrx_word' id='word_1_755' title='bbox 2847 4860 3379 4942; x_wconf 79' lang='lat' dir='ltr'><strong>semellapidatus</strong></span> <span class='ocrx_word' id='word_1_756' title='bbox 3407 4881 3569 4928; x_wconf 87' lang='lat' dir='ltr'><strong>sum,</strong></span> 
     </span>
    </p>
   </div>
   <div class='ocr_carea' id='block_1_58' title="bbox 276 4940 3567 5021">
    <p class='ocr_par' dir='ltr' id='par_1_58' title="bbox 276 4940 3567 5021">
     <span class='ocr_line' id='line_1_59' title="bbox 276 4940 3567 5021; baseline 0.001 -23"><span class='ocrx_word' id='word_1_757' title='bbox 276 4944 369 5001; x_wconf 78' lang='lat' dir='ltr'><strong>die</strong></span> <span class='ocrx_word' id='word_1_758' title='bbox 396 4940 661 5003; x_wconf 50' lang='lat' dir='ltr'><strong>et&#39;nocte</strong></span> <span class='ocrx_word' id='word_1_759' title='bbox 687 4944 754 5004; x_wconf 75' lang='lat' dir='ltr'><strong>in</strong></span> <span class='ocrx_word' id='word_1_760' title='bbox 772 4940 1095 5021; x_wconf 64' lang='lat' dir='ltr'><strong>profundo</strong></span> <span class='ocrx_word' id='word_1_761' title='bbox 1125 4944 1315 5001; x_wconf 86' lang='lat' dir='ltr'><strong>maris</strong></span> <span class='ocrx_word' id='word_1_762' title='bbox 1345 4942 1462 5020; x_wconf 78' lang='lat' dir='ltr'><strong>fui,</strong></span> <span class='ocrx_word' id='word_1_763' title='bbox 1494 4942 1563 5002; x_wconf 85' lang='lat' dir='ltr'><strong>in</strong></span> <span class='ocrx_word' id='word_1_764' title='bbox 1589 4940 1925 5001; x_wconf 85' lang='lat' dir='ltr'><strong>itineribus</strong></span> <span class='ocrx_word' id='word_1_765' title='bbox 1973 4959 2129 5020; x_wconf 75' lang='lat' dir='ltr'><strong>scepe</strong></span> <span class='ocrx_word' id='word_1_766' title='bbox 2153 4988 2167 5009; x_wconf 91' lang='lat'><strong>,</strong></span> <span class='ocrx_word' id='word_1_767' title='bbox 2200 4940 2721 5004; x_wconf 82' lang='lat' dir='ltr'><strong>tribulationibus</strong></span> <span class='ocrx_word' id='word_1_768' title='bbox 2744 4988 2757 5009; x_wconf 90' lang='lat'><strong>,</strong></span> <span class='ocrx_word' id='word_1_769' title='bbox 2794 4941 3108 5020; x_wconf 85' lang='lat' dir='ltr'><strong>angustiis</strong></span> <span class='ocrx_word' id='word_1_770' title='bbox 3144 4940 3239 5021; x_wconf 85' lang='lat' dir='ltr'><strong>fui</strong></span> <span class='ocrx_word' id='word_1_771' title='bbox 3251 4985 3265 5021; x_wconf 58' lang='grc' dir='ltr'><strong>ρ</strong></span> <span class='ocrx_word' id='word_1_772' title='bbox 3300 4950 3355 5001; x_wconf 87' lang='lat' dir='ltr'><strong>et</strong></span> <span class='ocrx_word' id='word_1_773' title='bbox 3386 4942 3567 5021; x_wconf 83' lang='lat' dir='ltr'><strong>fame.</strong></span> 
     </span>
    </p>
   </div>
   <div class='ocr_carea' id='block_1_59' title="bbox 277 5020 3569 5101">
    <p class='ocr_par' dir='ltr' id='par_1_59' title="bbox 277 5020 3569 5101">
     <span class='ocr_line' id='line_1_60' title="bbox 277 5020 3569 5101; baseline 0.001 -24"><span class='ocrx_word' id='word_1_774' title='bbox 277 5022 344 5080; x_wconf 72' lang='lat' dir='ltr'><strong>Et</strong></span> <span class='ocrx_word' id='word_1_775' title='bbox 375 5023 529 5099; x_wconf 88' lang='lat' dir='ltr'><strong>quia</strong></span> <span class='ocrx_word' id='word_1_776' title='bbox 556 5023 687 5082; x_wconf 63' lang='lat' dir='ltr'><strong>haec</strong></span> <span class='ocrx_word' id='word_1_777' title='bbox 708 5022 852 5101; x_wconf 4' lang='lat' dir='ltr'><strong>Deo,</strong></span> <span class='ocrx_word' id='word_1_778' title='bbox 874 5020 1233 5101; x_wconf 84' lang='lat' dir='ltr'><strong>placebant,</strong></span> <span class='ocrx_word' id='word_1_779' title='bbox 1262 5022 1412 5081; x_wconf 87' lang='lat' dir='ltr'><strong>audi</strong></span> <span class='ocrx_word' id='word_1_780' title='bbox 1446 5038 1593 5081; x_wconf 91' lang='lat' dir='ltr'><strong>eum</strong></span> <span class='ocrx_word' id='word_1_781' title='bbox 1619 5021 1936 5101; x_wconf 82' lang='lat' dir='ltr'><strong>dicentem</strong></span> <span class='ocrx_word' id='word_1_782' title='bbox 1970 5041 1985 5079; x_wconf 92' lang='lat'><strong>:</strong></span> <span class='ocrx_word' id='word_1_783' title='bbox 2013 5023 2291 5101; x_wconf 83' lang='lat' dir='ltr'><strong>Propter</strong></span> <span class='ocrx_word' id='word_1_784' title='bbox 2320 5021 2436 5083; x_wconf 90' lang='lat' dir='ltr'><strong>hoc</strong></span> <span class='ocrx_word' id='word_1_785' title='bbox 2464 5022 2651 5081; x_wconf 83' lang='lat' dir='ltr'><strong>tertio</strong></span> <span class='ocrx_word' id='word_1_786' title='bbox 2678 5023 3016 5081; x_wconf 83' lang='lat' dir='ltr'><strong>Dominum</strong></span> <span class='ocrx_word' id='word_1_787' title='bbox 3037 5020 3285 5101; x_wconf 76' lang='lat' dir='ltr'><strong>rogari,</strong></span> <span class='ocrx_word' id='word_1_788' title='bbox 3307 5029 3361 5080; x_wconf 89' lang='lat' dir='ltr'><strong>et</strong></span> <span class='ocrx_word' id='word_1_789' title='bbox 3388 5020 3569 5083; x_wconf 72' lang='lat' dir='ltr'><strong>dixit</strong></span> 
     </span>
    </p>
   </div>
   <div class='ocr_carea' id='block_1_60' title="bbox 275 5099 3569 5190">
    <p class='ocr_par' dir='ltr' id='par_1_60' title="bbox 275 5099 3569 5190">
     <span class='ocr_line' id='line_1_61' title="bbox 275 5099 3569 5190; baseline 0.001 -33"><span class='ocrx_word' id='word_1_790' title='bbox 275 5101 422 5190; x_wconf 64' lang='lat' dir='ltr'><strong>milii</strong></span> <span class='ocrx_word' id='word_1_791' title='bbox 453 5100 757 5190; x_wconf 50' lang='lat' dir='ltr'><strong>iSufﬁcii</strong></span> <span class='ocrx_word' id='word_1_792' title='bbox 779 5099 893 5161; x_wconf 86' lang='lat' dir='ltr'><strong>tibi</strong></span> <span class='ocrx_word' id='word_1_793' title='bbox 919 5099 1130 5190; x_wconf 77' lang='lat' dir='ltr'><strong>gratia</strong></span> <span class='ocrx_word' id='word_1_794' title='bbox 1156 5119 1285 5190; x_wconf 68' lang='lat' dir='ltr'><strong>mea</strong></span> <span class='ocrx_word' id='word_1_795' title='bbox 1315 5101 1758 5190; x_wconf 33' lang='lat' dir='ltr'><strong>{virtus-cnim</strong></span> <span class='ocrx_word' id='word_1_796' title='bbox 1785 5102 1853 5160; x_wconf 76' lang='lat' dir='ltr'><strong>in</strong></span> <span class='ocrx_word' id='word_1_797' title='bbox 1883 5099 2252 5190; x_wconf 74' lang='lat' dir='ltr'><strong>inﬁrmitate</strong></span> <span class='ocrx_word' id='word_1_798' title='bbox 2271 5102 2629 5190; x_wconf 77' lang='lat' dir='ltr'><strong>perﬁcitur.</strong></span> <span class='ocrx_word' id='word_1_799' title='bbox 2662 5102 3033 5190; x_wconf 41' lang='lat' dir='ltr'><strong>I’ijopterea:</strong></span> <span class='ocrx_word' id='word_1_800' title='bbox 3056 5099 3290 5190; x_wconf 78' lang='lat' dir='ltr'><strong>inquit,</strong></span> <span class='ocrx_word' id='word_1_801' title='bbox 3323 5101 3569 5179; x_wconf 68' lang='lat' dir='ltr'><strong>glorior</strong></span> 
     </span>
    </p>
   </div>
   <div class='ocr_carea' id='block_1_61' title="bbox 278 5178 3569 5259">
    <p class='ocr_par' dir='ltr' id='par_1_61' title="bbox 278 5178 3569 5259">
     <span class='ocr_line' id='line_1_62' title="bbox 278 5178 3569 5259; baseline 0 -19"><span class='ocrx_word' id='word_1_802' title='bbox 278 5185 343 5240; x_wconf 79' lang='lat' dir='ltr'><strong>in</strong></span> <span class='ocrx_word' id='word_1_803' title='bbox 369 5178 841 5259; x_wconf 79' lang='lat' dir='ltr'><strong>inﬁrmitatibus</strong></span> <span class='ocrx_word' id='word_1_804' title='bbox 861 5180 1029 5259; x_wconf 82' lang='lat' dir='ltr'><strong>meis.</strong></span> <span class='ocrx_word' id='word_1_805' title='bbox 1063 5178 1132 5239; x_wconf 89' lang='lat' dir='ltr'><strong>in</strong></span> <span class='ocrx_word' id='word_1_806' title='bbox 1164 5178 1699 5259; x_wconf 65' lang='lat' dir='ltr'><strong>tribu’atilmibus,</strong></span> <span class='ocrx_word' id='word_1_807' title='bbox 1732 5180 1801 5240; x_wconf 88' lang='lat' dir='ltr'><strong>in</strong></span> <span class='ocrx_word' id='word_1_808' title='bbox 1828 5178 2331 5259; x_wconf 72' lang='lat' dir='ltr'><strong>necessitatibus.</strong></span> <span class='ocrx_word' id='word_1_809' title='bbox 2361 5178 2433 5242; x_wconf 81' lang='lat' dir='ltr'><strong>in</strong></span> <span class='ocrx_word' id='word_1_810' title='bbox 2468 5178 2818 5259; x_wconf 60' lang='lat' dir='ltr'><strong>angustiis}</strong></span> <span class='ocrx_word' id='word_1_811' title='bbox 2854 5181 2922 5241; x_wconf 82' lang='lat' dir='ltr'><strong>in</strong></span> <span class='ocrx_word' id='word_1_812' title='bbox 2958 5180 3171 5259; x_wconf 84' lang='lat' dir='ltr'><strong>plagis</strong></span> <span class='ocrx_word' id='word_1_813' title='bbox 3199 5226 3213 5244; x_wconf 93' lang='lat'><strong>.</strong></span> <span class='ocrx_word' id='word_1_814' title='bbox 3247 5178 3569 5243; x_wconf 76' lang='lat' dir='ltr'><strong>incarce—</strong></span> 
     </span>
    </p>
   </div>
   <div class='ocr_carea' id='block_1_62' title="bbox 278 5257 3578 5330">
    <p class='ocr_par' dir='ltr' id='par_1_62' title="bbox 278 5257 3578 5330">
     <span class='ocr_line' id='line_1_63' title="bbox 278 5257 3578 5330; baseline 0 -11"><span class='ocrx_word' id='word_1_815' title='bbox 278 5257 484 5325; x_wconf 74' lang='lat' dir='ltr'><strong>ribus.</strong></span> <span class='ocrx_word' id='word_1_816' title='bbox 536 5269 605 5319; x_wconf 86' lang='lat' dir='ltr'><strong>ut</strong></span> <span class='ocrx_word' id='word_1_817' title='bbox 634 5257 936 5321; x_wconf 81' lang='lat' dir='ltr'><strong>inhabitet</strong></span> <span class='ocrx_word' id='word_1_818' title='bbox 976 5258 1045 5315; x_wconf 87' lang='lat' dir='ltr'><strong>in</strong></span> <span class='ocrx_word' id='word_1_819' title='bbox 1072 5276 1164 5316; x_wconf 90' lang='lat' dir='ltr'><strong>me</strong></span> <span class='ocrx_word' id='word_1_820' title='bbox 1203 5258 1408 5317; x_wconf 71' lang='lat' dir='ltr'><strong>virtus</strong></span> <span class='ocrx_word' id='word_1_821' title='bbox 1439 5260 1694 5319; x_wconf 77' lang='lat' dir='ltr'><strong>Christi.</strong></span> <span class='ocrx_word' id='word_1_822' title='bbox 1744 5258 1861 5319; x_wconf 86' lang='lat' dir='ltr'><strong>Sed</strong></span> <span class='ocrx_word' id='word_1_823' title='bbox 1910 5260 2102 5319; x_wconf 79' lang='lat' dir='ltr'><strong>etiam</strong></span> <span class='ocrx_word' id='word_1_824' title='bbox 2161 5261 2310 5320; x_wconf 86' lang='lat' dir='ltr'><strong>audi</strong></span> <span class='ocrx_word' id='word_1_825' title='bbox 2366 5257 2690 5322; x_wconf 84' lang='lat' dir='ltr'><strong>Christum</strong></span> <span class='ocrx_word' id='word_1_826' title='bbox 2728 5257 3048 5319; x_wconf 82' lang='lat' dir='ltr'><strong>dicente‘m</strong></span> <span class='ocrx_word' id='word_1_827' title='bbox 3096 5279 3111 5316; x_wconf 90' lang='lat'><strong>:</strong></span> <span class='ocrx_word' id='word_1_828' title='bbox 3158 5261 3241 5322; x_wconf 84' lang='lat' dir='ltr'><strong>In</strong></span> <span class='ocrx_word' id='word_1_829' title='bbox 3286 5260 3520 5321; x_wconf 88' lang='lat' dir='ltr'><strong>mundo</strong></span> <span class='ocrx_word' id='word_1_830' title='bbox 3550 5302 3578 5330; x_wconf 67' lang='grc' dir='ltr'><em>ν</em></span> 
     </span>
    </p>
   </div>
   <div class='ocr_carea' id='block_1_63' title="bbox 268 5347 3583 5430">
    <p class='ocr_par' dir='ltr' id='par_1_63' title="bbox 268 5347 3583 5430">
     <span class='ocr_line' id='line_1_64' title="bbox 268 5347 3583 5430; baseline 0 -19"><span class='ocrx_word' id='word_1_831' title='bbox 268 5352 495 5430; x_wconf 73' lang='lat' dir='ltr'><strong>inquit,</strong></span> <span class='ocrx_word' id='word_1_832' title='bbox 531 5351 1007 5414; x_wconf 83' lang='lat' dir='ltr'><strong>tribulationem</strong></span> <span class='ocrx_word' id='word_1_833' title='bbox 1032 5350 1359 5413; x_wconf 77' lang='lat' dir='ltr'><strong>habebitis.</strong></span> <span class='ocrx_word' id='word_1_834' title='bbox 1397 5351 1756 5429; x_wconf 81' lang='lat' dir='ltr'><strong>Recogitate</strong></span> <span class='ocrx_word' id='word_1_835' title='bbox 1778 5398 1792 5419; x_wconf 93' lang='lat'><strong>,</strong></span> <span class='ocrx_word' id='word_1_836' title='bbox 1826 5350 2067 5430; x_wconf 73' lang='lat' dir='ltr'><strong>inquit,</strong></span> <span class='ocrx_word' id='word_1_837' title='bbox 2097 5348 2281 5408; x_wconf 83' lang='lat' dir='ltr'><strong>talem</strong></span> <span class='ocrx_word' id='word_1_838' title='bbox 2311 5347 2880 5408; x_wconf 88' lang='lat' dir='ltr'><strong>contradictionem</strong></span> <span class='ocrx_word' id='word_1_839' title='bbox 2912 5367 3049 5407; x_wconf 83' lang='lat' dir='ltr'><strong>eum</strong></span> <span class='ocrx_word' id='word_1_840' title='bbox 3076 5369 3110 5407; x_wconf 90' lang='lat' dir='ltr'><strong>a</strong></span> <span class='ocrx_word' id='word_1_841' title='bbox 3139 5350 3583 5426; x_wconf 81' lang='lat' dir='ltr'><strong>peccatoribus</strong></span> 
     </span>
    </p>
   </div>
   <div class='ocr_carea' id='block_1_64' title="bbox 269 5429 3585 5512">
    <p class='ocr_par' dir='ltr' id='par_1_64' title="bbox 269 5429 3585 5512">
     <span class='ocr_line' id='line_1_65' title="bbox 269 5429 3585 5512; baseline 0 -21"><span class='ocrx_word' id='word_1_842' title='bbox 269 5429 388 5492; x_wconf 84' lang='lat' dir='ltr'><strong>esse</strong></span> <span class='ocrx_word' id='word_1_843' title='bbox 408 5451 702 5511; x_wconf 83' lang='lat' dir='ltr'><strong>passum,</strong></span> <span class='ocrx_word' id='word_1_844' title='bbox 734 5451 811 5493; x_wconf 80' lang='lat' dir='ltr'><strong>ne</strong></span> <span class='ocrx_word' id='word_1_845' title='bbox 838 5431 1194 5512; x_wconf 85' lang='lat' dir='ltr'><strong>fatigemini</strong></span> <span class='ocrx_word' id='word_1_846' title='bbox 1236 5432 1463 5493; x_wconf 81' lang='lat' dir='ltr'><strong>animis</strong></span> <span class='ocrx_word' id='word_1_847' title='bbox 1505 5432 1730 5512; x_wconf 72' lang='lat' dir='ltr'><strong>vestris</strong></span> <span class='ocrx_word' id='word_1_848' title='bbox 1778 5429 2105 5512; x_wconf 37' lang='lat' dir='ltr'><strong>dissatutii</strong></span> <span class='ocrx_word' id='word_1_849' title='bbox 2147 5430 2209 5489; x_wconf 89' lang='lat' dir='ltr'><strong>Si</strong></span> <span class='ocrx_word' id='word_1_850' title='bbox 2243 5430 2416 5512; x_wconf 86' lang='lat' dir='ltr'><strong>enim</strong></span> <span class='ocrx_word' id='word_1_851' title='bbox 2451 5429 2901 5512; x_wconf 75' lang='lat' dir='ltr'><strong>proximorum</strong></span> <span class='ocrx_word' id='word_1_852' title='bbox 2933 5430 3274 5512; x_wconf 80' lang='lat' dir='ltr'><strong>passiones</strong></span> <span class='ocrx_word' id='word_1_853' title='bbox 3318 5431 3585 5509; x_wconf 76' lang='lat' dir='ltr'><strong>erigunt</strong></span> 
     </span>
    </p>
   </div>
   <div class='ocr_carea' id='block_1_65' title="bbox 268 5508 3589 5590">
    <p class='ocr_par' dir='ltr' id='par_1_65' title="bbox 268 5508 3589 5590">
     <span class='ocr_line' id='line_1_66' title="bbox 268 5508 3589 5590; baseline -0 -19"><span class='ocrx_word' id='word_1_854' title='bbox 268 5508 424 5582; x_wconf 64' lang='lat' dir='ltr'><strong>nos,</strong></span> <span class='ocrx_word' id='word_1_855' title='bbox 455 5517 772 5590; x_wconf 85' lang='lat' dir='ltr'><strong>quantam</strong></span> <span class='ocrx_word' id='word_1_856' title='bbox 803 5508 1207 5575; x_wconf 78' lang='lat' dir='ltr'><strong>alacritatem</strong></span> <span class='ocrx_word' id='word_1_857' title='bbox 1250 5512 1443 5573; x_wconf 78' lang='lat' dir='ltr'><strong>nobis</strong></span> <span class='ocrx_word' id='word_1_858' title='bbox 1487 5510 1819 5573; x_wconf 67' lang='lat' dir='ltr'><strong>effecerint</strong></span> <span class='ocrx_word' id='word_1_859' title='bbox 1858 5510 2109 5573; x_wconf 90' lang='lat' dir='ltr'><strong>Domini</strong></span> <span class='ocrx_word' id='word_1_860' title='bbox 2153 5509 2532 5590; x_wconf 82' lang='lat' dir='ltr'><strong>passiones?</strong></span> <span class='ocrx_word' id='word_1_861' title='bbox 2571 5508 2731 5590; x_wconf 88' lang='lat' dir='ltr'><strong>quid</strong></span> <span class='ocrx_word' id='word_1_862' title='bbox 2764 5527 2875 5590; x_wconf 83' lang='lat' dir='ltr'><strong>vos</strong></span> <span class='ocrx_word' id='word_1_863' title='bbox 2912 5526 3041 5568; x_wconf 88' lang='lat' dir='ltr'><strong>non</strong></span> <span class='ocrx_word' id='word_1_864' title='bbox 3084 5509 3235 5569; x_wconf 88' lang='lat' dir='ltr'><strong>estis</strong></span> <span class='ocrx_word' id='word_1_865' title='bbox 3264 5508 3517 5585; x_wconf 79' lang='lat' dir='ltr'><strong>operati</strong></span> <span class='ocrx_word' id='word_1_866' title='bbox 3552 5515 3589 5571; x_wconf 82' lang='lat'><strong>?</strong></span> 
     </span>
    </p>
   </div>
   <div class='ocr_carea' id='block_1_66' title="bbox 266 5588 3587 5669">
    <p class='ocr_par' dir='ltr' id='par_1_66' title="bbox 266 5588 3587 5669">
     <span class='ocr_line' id='line_1_67' title="bbox 266 5588 3587 5669; baseline 0 -17"><span class='ocrx_word' id='word_1_867' title='bbox 266 5588 763 5654; x_wconf 69' lang='lat' dir='ltr'><strong>Praetermittens</strong></span> <span class='ocrx_word' id='word_1_868' title='bbox 793 5593 1015 5654; x_wconf 81' lang='lat' dir='ltr'><strong>omnia</strong></span> <span class='ocrx_word' id='word_1_869' title='bbox 1050 5594 1123 5669; x_wconf 68' lang='lat'><strong>”,</strong></span> <span class='ocrx_word' id='word_1_870' title='bbox 1157 5609 1273 5669; x_wconf 88' lang='lat' dir='ltr'><strong>per</strong></span> <span class='ocrx_word' id='word_1_871' title='bbox 1304 5591 1879 5654; x_wconf 85' lang='lat' dir='ltr'><strong>contradictionem</strong></span> <span class='ocrx_word' id='word_1_872' title='bbox 1914 5596 2116 5652; x_wconf 86' lang='lat' dir='ltr'><strong>totum</strong></span> <span class='ocrx_word' id='word_1_873' title='bbox 2155 5589 2565 5668; x_wconf 80' lang='lat' dir='ltr'><strong>significavit.</strong></span> <span class='ocrx_word' id='word_1_874' title='bbox 2606 5588 2979 5649; x_wconf 88' lang='lat' dir='ltr'><strong>Addendum</strong></span> <span class='ocrx_word' id='word_1_875' title='bbox 3030 5593 3228 5669; x_wconf 85' lang='lat' dir='ltr'><strong>etiam</strong></span> <span class='ocrx_word' id='word_1_876' title='bbox 3265 5590 3415 5662; x_wconf 88' lang='lat' dir='ltr'><strong>tale,</strong></span> <span class='ocrx_word' id='word_1_877' title='bbox 3458 5591 3587 5653; x_wconf 83' lang='lat' dir='ltr'><strong>hoc</strong></span> 
     </span>
    </p>
   </div>
   <div class='ocr_carea' id='block_1_67' title="bbox 266 5637 3585 5789">
    <p class='ocr_par' dir='ltr' id='par_1_67' title="bbox 266 5637 3585 5789">
     <span class='ocr_line' id='line_1_68' title="bbox 266 5637 3585 5789; baseline -0.001 -57"><span class='ocrx_word' id='word_1_878' title='bbox 266 5678 380 5743; x_wconf 86' lang='lat' dir='ltr'><strong>est,</strong></span> <span class='ocrx_word' id='word_1_879' title='bbox 417 5673 645 5765; x_wconf 80' lang='lat' dir='ltr'><strong>plagas</strong></span> <span class='ocrx_word' id='word_1_880' title='bbox 678 5689 842 5750; x_wconf 83' lang='lat' dir='ltr'><strong>quas</strong></span> <span class='ocrx_word' id='word_1_881' title='bbox 874 5637 1230 5750; x_wconf 40' lang='lat' dir='ltr'><strong>accipiemth</strong></span> <span class='ocrx_word' id='word_1_882' title='bbox 1262 5672 1327 5731; x_wconf 91' lang='lat' dir='ltr'><strong>in</strong></span> <span class='ocrx_word' id='word_1_883' title='bbox 1346 5672 1575 5749; x_wconf 88' lang='lat' dir='ltr'><strong>capite,</strong></span> <span class='ocrx_word' id='word_1_884' title='bbox 1600 5672 1959 5742; x_wconf 80' lang='lat' dir='ltr'><strong>irrisiones,</strong></span> <span class='ocrx_word' id='word_1_885' title='bbox 1991 5637 2290 5749; x_wconf 55' lang='lat' dir='ltr'><strong>injuriabs,</strong></span> <span class='ocrx_word' id='word_1_886' title='bbox 2326 5669 2743 5789; x_wconf 73' lang='lat' dir='ltr'><strong>imprOperia,</strong></span> <span class='ocrx_word' id='word_1_887' title='bbox 2779 5669 3142 5729; x_wconf 90' lang='lat' dir='ltr'><strong>illusiones.</strong></span> <span class='ocrx_word' id='word_1_888' title='bbox 3173 5637 3415 5733; x_wconf 63' lang='lat' dir='ltr'><strong>Omniai</strong></span> <span class='ocrx_word' id='word_1_889' title='bbox 3444 5671 3585 5733; x_wconf 68' lang='lat' dir='ltr'><strong>ham</strong></span> 
     </span>
     <span class='ocr_line' id='line_1_69' title="bbox 267 5748 3575 5789; baseline 0 0"><span class='ocrx_word' id='word_1_890' title='bbox 267 5770 525 5789; x_wconf 55' lang='lat' dir='ltr'><strong>nan-nlrnn</strong></span> <span class='ocrx_word' id='word_1_891' title='bbox 556 5752 1083 5789; x_wconf 65' lang='grc' dir='ltr'><strong>ηηηικοιιίηιςηηεα</strong></span> <span class='ocrx_word' id='word_1_892' title='bbox 1120 5752 1432 5789; x_wconf 62' lang='grc' dir='ltr'><strong>ἶιὶίῖηὶῃυῖἕ</strong></span> <span class='ocrx_word' id='word_1_893' title='bbox 1471 5773 1486 5786; x_wconf 90' lang='grc'><strong>.</strong></span> <span class='ocrx_word' id='word_1_894' title='bbox 1518 5756 1578 5789; x_wconf 71' lang='grc' dir='ltr'><strong>Δί’</strong></span> <span class='ocrx_word' id='word_1_895' title='bbox 1614 5770 1740 5789; x_wconf 72' lang='lat' dir='ltr'><strong>nm.</strong></span> <span class='ocrx_word' id='word_1_896' title='bbox 1794 5752 1902 5789; x_wconf 71' lang='grc' dir='ltr'>ίιιιι</span> <span class='ocrx_word' id='word_1_897' title='bbox 1957 5758 2204 5789; x_wconf 64' lang='grc' dir='ltr'><strong>Ινιηίηιὶὶ</strong></span> <span class='ocrx_word' id='word_1_898' title='bbox 2265 5750 2373 5789; x_wconf 72' lang='lat' dir='ltr'><strong>cnll</strong></span> <span class='ocrx_word' id='word_1_899' title='bbox 2416 5754 2473 5789; x_wconf 76' lang='lat' dir='ltr'><strong>nl</strong></span> <span class='ocrx_word' id='word_1_900' title='bbox 2506 5764 2537 5789; x_wconf 69' lang='grc' dir='ltr'><strong>ει</strong></span> <span class='ocrx_word' id='word_1_901' title='bbox 2572 5748 2630 5789; x_wconf 77' lang='lat' dir='ltr'><strong>in</strong></span> <span class='ocrx_word' id='word_1_902' title='bbox 2693 5766 2840 5789; x_wconf 82' lang='lat' dir='ltr'><strong>num</strong></span> <span class='ocrx_word' id='word_1_903' title='bbox 2872 5748 3038 5789; x_wconf 69' lang='grc' dir='ltr'><strong>οἱς-ρει</strong></span> <span class='ocrx_word' id='word_1_904' title='bbox 3075 5750 3280 5789; x_wconf 61' lang='lat' dir='ltr'><strong>uitam</strong></span> <span class='ocrx_word' id='word_1_905' title='bbox 3313 5758 3460 5789; x_wconf 70' lang='grc' dir='ltr'><strong>ριιηο</strong></span> <span class='ocrx_word' id='word_1_906' title='bbox 3497 5755 3575 5772; x_wconf 64' lang='grc' dir='ltr'><strong>’θ’</strong></span> 
     </span>
    </p>
   </div>
   <div class='ocr_carea' id='block_1_68' title="bbox 267 5748 3575 5826">
    <p class='ocr_par' dir='ltr' id='par_1_68' title="bbox 267 5748 3575 5826">
     <span class='ocr_line' id='line_1_70' title="bbox 267 5748 3575 5826; baseline -0.001 -15"><span class='ocrx_word' id='word_1_907' title='bbox 267 5748 1085 5817; x_wconf 52' lang='grc' dir='ltr'><strong>ηυιηίηαὶοηῐιιειὸίρῑὶοιὶἰε</strong></span> <span class='ocrx_word' id='word_1_908' title='bbox 1120 5748 1443 5814; x_wconf 80' lang='lat' dir='ltr'><strong>intimavit</strong></span> <span class='ocrx_word' id='word_1_909' title='bbox 1471 5773 1486 5811; x_wconf 92' lang='lat'><strong>:</strong></span> <span class='ocrx_word' id='word_1_910' title='bbox 1518 5756 1582 5813; x_wconf 87' lang='lat' dir='ltr'><strong>et</strong></span> <span class='ocrx_word' id='word_1_911' title='bbox 1614 5770 1741 5813; x_wconf 90' lang='lat' dir='ltr'><strong>non</strong></span> <span class='ocrx_word' id='word_1_912' title='bbox 1794 5752 1905 5813; x_wconf 89' lang='lat' dir='ltr'><strong>illa</strong></span> <span class='ocrx_word' id='word_1_913' title='bbox 1957 5748 2231 5819; x_wconf 86' lang='lat' dir='ltr'><strong>tantum,</strong></span> <span class='ocrx_word' id='word_1_914' title='bbox 2265 5750 2375 5809; x_wconf 87' lang='lat' dir='ltr'><strong>sed</strong></span> <span class='ocrx_word' id='word_1_915' title='bbox 2416 5754 2474 5809; x_wconf 85' lang='lat' dir='ltr'><strong>et</strong></span> <span class='ocrx_word' id='word_1_916' title='bbox 2503 5748 2660 5818; x_wconf 69' lang='lat' dir='ltr'><strong>alia,</strong></span> <span class='ocrx_word' id='word_1_917' title='bbox 2693 5766 2840 5826; x_wconf 74' lang='lat' dir='ltr'><strong>quze</strong></span> <span class='ocrx_word' id='word_1_918' title='bbox 2872 5748 3041 5809; x_wconf 81' lang='lat' dir='ltr'><strong>circa</strong></span> <span class='ocrx_word' id='word_1_919' title='bbox 3075 5750 3283 5810; x_wconf 72' lang='lat' dir='ltr'><strong>vitam</strong></span> <span class='ocrx_word' id='word_1_920' title='bbox 3313 5758 3466 5810; x_wconf 91' lang='lat' dir='ltr'><strong>sunt</strong></span> 
     </span>
    </p>
   </div>
   <div class='ocr_carea' id='block_1_69' title="bbox 268 5828 3583 5911">
    <p class='ocr_par' dir='ltr' id='par_1_69' title="bbox 268 5828 3583 5911">
     <span class='ocr_line' id='line_1_71' title="bbox 268 5828 3583 5911; baseline -0.002 -18"><span class='ocrx_word' id='word_1_921' title='bbox 268 5835 600 5911; x_wconf 85' lang='lat' dir='ltr'><strong>passiones</strong></span> <span class='ocrx_word' id='word_1_922' title='bbox 632 5832 893 5904; x_wconf 87' lang='lat' dir='ltr'><strong>Christi,</strong></span> <span class='ocrx_word' id='word_1_923' title='bbox 926 5838 989 5893; x_wconf 90' lang='lat' dir='ltr'><strong>et</strong></span> <span class='ocrx_word' id='word_1_924' title='bbox 1019 5832 1355 5910; x_wconf 85' lang='lat' dir='ltr'><strong>passiones</strong></span> <span class='ocrx_word' id='word_1_925' title='bbox 1386 5834 1854 5910; x_wconf 82' lang='lat' dir='ltr'><strong>apostolorum.</strong></span> <span class='ocrx_word' id='word_1_926' title='bbox 1890 5832 1991 5893; x_wconf 87' lang='lat' dir='ltr'><strong>Sic</strong></span> <span class='ocrx_word' id='word_1_927' title='bbox 2022 5831 2193 5891; x_wconf 89' lang='lat' dir='ltr'><strong>enim</strong></span> <span class='ocrx_word' id='word_1_928' title='bbox 2227 5830 2467 5890; x_wconf 83' lang='lat' dir='ltr'><strong>sciebat</strong></span> <span class='ocrx_word' id='word_1_929' title='bbox 2496 5829 2831 5911; x_wconf 86' lang='lat' dir='ltr'><strong>meliorem</strong></span> <span class='ocrx_word' id='word_1_930' title='bbox 2867 5828 3033 5887; x_wconf 90' lang='lat' dir='ltr'><strong>hanc</strong></span> <span class='ocrx_word' id='word_1_931' title='bbox 3066 5828 3234 5887; x_wconf 80' lang='lat' dir='ltr'><strong>viam</strong></span> <span class='ocrx_word' id='word_1_932' title='bbox 3260 5846 3401 5890; x_wconf 84' lang='lat' dir='ltr'><strong>esse</strong></span> <span class='ocrx_word' id='word_1_933' title='bbox 3437 5831 3583 5891; x_wconf 76' lang='lat' dir='ltr'><strong>vir-</strong></span> 
     </span>
    </p>
   </div>
   <div class='ocr_carea' id='block_1_70' title="bbox 266 5909 3579 5991">
    <p class='ocr_par' dir='ltr' id='par_1_70' title="bbox 266 5909 3579 5991">
     <span class='ocr_line' id='line_1_72' title="bbox 266 5909 3579 5991; baseline 0 -21"><span class='ocrx_word' id='word_1_934' title='bbox 266 5909 488 5982; x_wconf 83' lang='lat' dir='ltr'><strong>tutem,</strong></span> <span class='ocrx_word' id='word_1_935' title='bbox 524 5913 819 5975; x_wconf 67' lang='lat' dir='ltr'><strong>utetiam</strong></span> <span class='ocrx_word' id='word_1_936' title='bbox 857 5914 993 5989; x_wconf 90' lang='lat' dir='ltr'><strong>ipse</strong></span> <span class='ocrx_word' id='word_1_937' title='bbox 1022 5909 1133 5990; x_wconf 89' lang='lat' dir='ltr'><strong>qui</strong></span> <span class='ocrx_word' id='word_1_938' title='bbox 1165 5929 1236 5972; x_wconf 86' lang='lat' dir='ltr'><strong>ea</strong></span> <span class='ocrx_word' id='word_1_939' title='bbox 1266 5909 1585 5991; x_wconf 85' lang='lat' dir='ltr'><strong>opusnon</strong></span> <span class='ocrx_word' id='word_1_940' title='bbox 1624 5914 1926 5982; x_wconf 82' lang='lat' dir='ltr'><strong>habebat,</strong></span> <span class='ocrx_word' id='word_1_941' title='bbox 1964 5930 2078 5989; x_wconf 88' lang='lat' dir='ltr'><strong>per</strong></span> <span class='ocrx_word' id='word_1_942' title='bbox 2106 5928 2248 5971; x_wconf 80' lang='lat' dir='ltr'><strong>eam</strong></span> <span class='ocrx_word' id='word_1_943' title='bbox 2288 5914 2636 5991; x_wconf 77' lang='lat' dir='ltr'><strong>pergeret:</strong></span> <span class='ocrx_word' id='word_1_944' title='bbox 2670 5909 2747 5991; x_wconf 74' lang='lat' dir='ltr'><strong>in</strong></span> <span class='ocrx_word' id='word_1_945' title='bbox 2778 5914 3027 5991; x_wconf 83' lang='lat' dir='ltr'><strong>tantum</strong></span> <span class='ocrx_word' id='word_1_946' title='bbox 3053 5914 3324 5991; x_wconf 71' lang='lat' dir='ltr'><strong>noverat</strong></span> <span class='ocrx_word' id='word_1_947' title='bbox 3357 5911 3579 5971; x_wconf 80' lang='lat' dir='ltr'><strong>tribu-</strong></span> 
     </span>
    </p>
   </div>
   <div class='ocr_carea' id='block_1_71' title="bbox 267 5988 3580 6071">
    <p class='ocr_par' dir='ltr' id='par_1_71' title="bbox 267 5988 3580 6071">
     <span class='ocr_line' id='line_1_73' title="bbox 267 5988 3580 6071; baseline -0.001 -17"><span class='ocrx_word' id='word_1_948' title='bbox 267 5991 573 6055; x_wconf 82' lang='lat' dir='ltr'><strong>lationem</strong></span> <span class='ocrx_word' id='word_1_949' title='bbox 599 5988 1070 6055; x_wconf 81' lang='lat' dir='ltr'><strong>conducibilem</strong></span> <span class='ocrx_word' id='word_1_950' title='bbox 1099 5992 1280 6053; x_wconf 86' lang='lat' dir='ltr'><strong>nobis</strong></span> <span class='ocrx_word' id='word_1_951' title='bbox 1313 5988 1485 6066; x_wconf 79' lang='lat' dir='ltr'><strong>esse,</strong></span> <span class='ocrx_word' id='word_1_952' title='bbox 1514 5998 1574 6053; x_wconf 92' lang='lat' dir='ltr'><strong>et</strong></span> <span class='ocrx_word' id='word_1_953' title='bbox 1603 5993 1803 6071; x_wconf 71' lang='lat' dir='ltr'><strong>magis</strong></span> <span class='ocrx_word' id='word_1_954' title='bbox 1833 5988 2097 6054; x_wconf 76' lang='lat' dir='ltr'><strong>causam</strong></span> <span class='ocrx_word' id='word_1_955' title='bbox 2130 6008 2272 6052; x_wconf 89' lang='lat' dir='ltr'><strong>esse</strong></span> <span class='ocrx_word' id='word_1_956' title='bbox 2299 5988 2558 6068; x_wconf 87' lang='lat' dir='ltr'><strong>quietis.</strong></span> <span class='ocrx_word' id='word_1_957' title='bbox 2588 5988 2753 6049; x_wconf 82' lang='lat' dir='ltr'><strong>Audi</strong></span> <span class='ocrx_word' id='word_1_958' title='bbox 2785 5989 2955 6049; x_wconf 85' lang='lat' dir='ltr'><strong>enim</strong></span> <span class='ocrx_word' id='word_1_959' title='bbox 2987 5988 3195 6067; x_wconf 80' lang='lat' dir='ltr'><strong>ipsum</strong></span> <span class='ocrx_word' id='word_1_960' title='bbox 3226 5989 3580 6052; x_wconf 83' lang='lat' dir='ltr'><strong>Dominum</strong></span> 
     </span>
    </p>
   </div>
  </div>
