4118 6328
192 381 280 437 l59
739 375 1056 434 MUTIANO
1097 373 1341 432 SCIIOL.
1400 370 1866 432 INTEﬁPllETE.
1911 401 1980 417 -ι
2021 372 2176 430 CAP.
2224 372 2336 430 Xll.
2387 372 2619 431 lIOMIL.
2665 373 2883 430 XXXII.
3367 377 3478 435 ιιο

183 511 276 553 res
302 487 574 550 alterius
615 483 814 563 partis
849 481 1174 563 emiueant
1200 499 1214 536 :
1241 477 1332 539 sic
1365 481 1428 563 et
1457 476 1669 563 hicex
1704 475 2190 563 comparatione
2221 474 2482 563 illorum
2530 481 2753 563 nostra
2785 474 3035 553 majora
3073 473 3496 563 declaraulur

180 578 237 632 et
276 568 546 629 meliora
597 553 659 626 et
697 561 1140 622 mansuetiora
1164 604 1180 628 ,
1209 563 1271 617 et
1305 556 1809 617 admirationum
1853 554 2255 632 plenissima.
2291 555 2650 634 Dupliciter
2681 572 2965 631 namque
2998 553 3266 634 meliora
3295 561 3494 634 sunt,

180 649 488 729 quoniam
523 649 587 706 et
634 642 886 729 majora
913 639 1104 729 simul
1145 637 1524 729 etnclacri‘ora
1566 640 1757 729 sunt”:
1787 635 2484 729 uiidc‘acc'essibiliora
2507 634 2852 729 ‘pluribus.
2889 633 3304 729 exstiterunt.
3355 633 3495 695 Hoc

178 713 414 807 quippe
444 727 640 786 etiam
676 713 1061 807 in'Epistola
1085 717 1163 780 ad
1195 715 1564 807 Corinthios
1596 715 1912 807 scribens,
1945 713 2098 807 dicit
2128 734 2142 774 :
2172 715 2654 807 Revelatao/‘acie
2682 713 2957 807 gloriam,
2984 713 3242 774 Domini
3267 732 3482 807 specu-

180 794 369 870 lanies
407 829 426 868 :
454 811 520 866 et
555 821 683 864 non
735 794 899 863 sicut
947 799 1160 860 Moses
1192 817 1207 856 :
1241 797 1536 858 velamen
1581 794 1757 855 enim
1796 795 2079 872 ponebat
2116 813 2314 871 super
2365 794 2592 856 faciem
2627 811 2839 856 suam.
2873 794 3015 855 Non
3057 799 3444 856 meruerunt
3474 837 3491 867 ,

180 888 409 967 inquit,
443 885 538 946 illi
573 883 728 967 talia
758 880 1116 967 percipere,
1149 877 1374 967 qualia
1403 875 1590 967 nobis
1619 875 1991 967 contributa
2023 880 2406 967 noscuntur.
2438 873 2616 967 Quid
2637 875 2809 967 enim
2841 873 2936 967 illi
2970 873 3187 967 videre
3222 891 3496 934 merue—

179 953 737 1031 runt?"l‘enebras
760 953 845 1021 'et
888 953 1254 1038 caliginem.
1290 954 1655 1018 Audierant
1693 953 2082 1038 quide_m__et
2117 973 2337 1016 vocem
2366 975 2379 1014 :
2406 955 2515 1038 sed
2561 960 2624 1016 et
2668 959 2740 1015 tu
2783 953 3019 1015 audisti
3051 971 3280 1038 vocem
3305 997 3322 1026 ,
3358 971 3492 1014 non

181 1067 288 1128 per
327 1047 634 1128 nebulam
662 1033 1068 1128 venientem",
1102 1037 1210 1098 sed
1242 1055 1359 1115 per
1389 1052 1654 1128 ear-nem
1675 1033 1944 1128 Ebris’ti.
1977 1034 2222 1128 Nones
2266 1037 2700 1128 tumultuatus
2729 1077 2745 1105 ,
2779 1051 2996 1128 neque
3025 1034 3490 1128 perturbiltus2

179 1113 278 1191 sed
309 1125 586 1197 stetisti,
617 1125 680 1183 et
707 1121 1120 1197 colloquutus
1170 1113 1641 1197 es'mediatori.
1675 1114 2049 1197 Signiﬁcant
2089 1115 2284 1197 etiam
2334 1117 2616 1176 tenebrae
2665 1113 3179 1197 invisibilitalem
3209 1113 3365 1173 Dei:
3405 1113 3490 1173 Et

178 1207 421 1273 nebula,
453 1193 688 1282 inquit,
717 1199 828 1282 sub
847 1193 1113 1280 pedibus
1139 1196 1294 1277 ejus.
1326 1197 1510 1282 _Tunc
1534 1211 1700 1282 ergo
1730 1193 1943 1282 Moses
1977 1195 2213 1264 timuit,
2247 1211 2423 1256 nunc
2448 1199 2667 1256 autem
2701 1195 2928 1282 metuit
2957 1193 3177 1282 nullus
3206 1213 3221 1252 :
3247 1198 3304 1253 cl
3339 1197 3492 1254 tunc

220 1287 354 1348 lebs
383 1273 562 1346 stetit
590 1287 721 1343 tota
741 1273 1068 1347 deorsum,
1089 1273 1207 1337 nos
1231 1279 1447 1338 autem
1487 1273 1605 1333 etsi
1632 1273 1678 1336 ’a
1698 1274 1856 1334 caalo
1887 1273 2191 1335 deorsum
2223 1291 2474 1345 sumus,
2497 1280 2945 1336 verumtamen
2968 1274 3490 1352 propinquamus

229 1368 338 1427 ilio
367 1365 484 1426 Dei
513 1385 528 1422 :
555 1368 618 1424 et
645 1379 776 1421 non
824 1359 989 1422 sicut
1025 1356 1260 1418 Moses.
1290 1355 1431 1416 lllic
1480 1354 1657 1414 enim
1702 1370 1958 1414 eremus
2003 1361 2184 1428 erat,
2217 1359 2280 1415 et
2310 1355 2732 1416 circumcirca
2780 1353 3094 1426 desertio;
3130 1354 3235 1414 hic
3271 1358 3489 1414 autem

179 1447 436 1514 civitas,
467 1450 530 1504 et
563 1441 834 1502 millium
876 1437 1218 1500 celebritas
1259 1432 1941 1514 angelorumslnﬁhoc
1978 1436 2176 1514 ve_.rh_o
2216 1435 2527 1512 gaudium
2569 1433 2891 1513 signiﬁcat
2931 1441 2995 1495 et
3019 1431 3492 1512 jucunditatem

182 1544 292 1604 pro
317 1510 621 1604 caligine,
652 1538 771 1604 pro
797 1518 1080 1582 tenebris
1102 1563 1118 1590 ,
1148 1533 1267 1604 pro
1297 1510 1559 1604 turbine
1585 1513 1969 1603 procelloso.
2007 1510 2448 1604 Efﬁcclcsiam
2472 1562 2486 1583 ,
2521 1510 2771 1604 inquit,
2804 1510 3325 1604 ρνίρηὶιϊυυγςιιηιξ
3356 1531 3493 1604 qua:

181 1591 243 1666 in
277 1591 842 1680 cwlisvconséripta
871 1607 958 1680 est
977 1645 995 1680 ,
1023 1605 1078 1657 et
1105 1591 1479 1680 adjudiccm
1507 1595 1705 1680 Deum
1735 1591 2159 1680 om_uium.__llli
2187 1610 2314 1680 n_on
2349 1591 2924 1680 accesseruntised
2951 1593 3182 1680 procul
3206 1591 3488 1664 stabant;

183 1703 286 1747 vos
320 1689 539 1746 autem
572 1673 955 1749 accessistis,
984 1673 1217 1755 inquit.
1250 1674 1370 1735 Hic
1394 1680 1611 1755 autem
1643 1677 1834 1755 terret
1868 1673 2276 1755 eosdiccndo
2302 1693 2316 1732 :
2341 1673 2746 1755 [ftjudicern
2777 1675 2972 1734 Deum
3009 1674 3326 1755 omnium,
3357 1689 3489 1733 non

180 1771 431 1828 tantum
469 1761 839 1823 Iudaeorum
885 1752 1096 1835 neque
1125 1753 1435 1824 ﬁdelium,
1463 1753 1572 1814 sed
1605 1753 1796 1835 totius
1833 1752 2129 1835 videlicet
2159 1753 2404 1835 mundi.
2435 1752 2637 1835 Etad
2665 1754 2977 1835 Spiritus,
3011 1753 3249 1835 inquit,
3266 1753 3494 1833 justo-

178 1862 315 1908 rum
341 1843 786 1924 per/actorum:
821 1831 1085 1898 Animas
1115 1835 1267 1924 dicit
1291 1880 1308 1908 ,
1333 1850 1502 1924 quas.
1523 1832 1694 1910 apud
1735 1833 1940 1924 Deum
1986 1833 2354 1924 probabiles
2391 1831 2806 1924 exstiterunt.
2836 1834 2932 1896 Et
2953 1831 3493 1924 adrnediatorem

184 1912 716 1984 Testrimeiitinovi
737 1919 972 1984 Iesum,
1008 1925 1062 1975 et
1090 1915 1171 1976 ad
1198 1913 1534 1994 sanguinis
1559 1914 2015 1994 aspersionem,-
2048 1912 2318 1994 hoeest,
2353 1914 2906 1994 emundationem.
2940 1912 3176 1994 Melius
3201 1960 3216 1982 .
3252 1912 3491 1994 inquit,

183 2003 555 2082 loquentem.
584 2016 768 2082 quam
797 1995 1060 2082 AbelZSj
1083 2040 1099 2067 ,
1135 1991 1382 2082 inquit,
1411 1991 2029 2082 s_angu.is.l<')quitur_;
2062 1993 2266 2053 multo
2296 1994 2499 2082 magis
2524 1993 2843 2082 loquitur,
2876 1995 2988 2082 qui
3022 1993 3179 2055 vivit
3209 1993 3489 2082 occisus.

178 2071 338 2158 Quid
388 2071 614 2142 autem
654 2077 992 2158 loquitur?
1019 2075 1163 2154 Ipse
1194 2071 1498 2158 ,Vinquit,
1528 2071 1800 2152 spiritus
1845 2072 2134 2158 loquitur
2159 2090 2278 2152 pro
2325 2071 2507 2134 nobis
2550 2071 3489 2158 gemitibus—inenaﬁrabilibus.

178 2153 516 2238 Quomodo
543 2153 838 2238 loquitur
857 2157 886 2216 ?
912 2153 1249 2238 Ingressus
1270 2154 1512 2238 quippe
1542 2159 1827 2238 mentem‘
1849 2154 2218 2238 sinceritate
2243 2163 2610 2238 purgatam,
2640 2155 2832 2234 erigit
2856 2171 3024 2238 eam,
3049 2153 3292 2238 et_faci_t_
3311 2153 3490 2238 loqui

181 2175 516 2238 Quomouo
545 2175 838 2234 loquitur
858 2175 886 2216 ἵ
912 2175 982 2216 ιη
1033 2175 1249 2216 ressus
1270 2175 1512 2232 qmppe
1542 2175 1820 2213 mentem
1849 2175 2218 2213 smccruate
2243 2175 2610 2232 purgatam,
2640 2175 2832 2234 erlglt
2856 2175 3024 2223 eam,
3049 2175 3111 2214 et
3138 2175 3286 2214 lacu
3311 2175 3490 2230 loqui

181 2235 883 2322 magnalia._Attcndite
913 2175 1124 2303 vogis,
1162 2235 1410 2313 inquit,
1439 2251 1517 2292 ne
1544 2231 1858 2322 respuatis
1905 2232 2290 2322 loquentem,-
2321 2233 2444 2294 hoc
2482 2237 2610 2322 est,
2647 2250 2786 2322 non
2819 2233 3187 2322 negligatis.
3219 2232 3495 2322 Sile-nim

182 2321 274 2384 illi
285 2311 440 2382 "non
472 2319 824 2399 effugerunt
844 2361 859 2382 ,
883 2311 1474 2399 respuentesjsupcr
1515 2311 1748 2399 terram
1779 2311 2150 2399 loquejten}.
2177 2312 2381 2399 Quem
2414 2317 2604 2399 putas
2652 2315 2728 2399 in
2770 2315 2894 2399 hoc
2911 2311 3076 2375 'loco
3110 2311 3496 2399 signiﬁcat?

181 2401 328 2463 Mihi
389 2391 651 2478 quidem
692 2391 1198 2478 Avidetur‘quod‘
1241 2391 1464 2455 MoSen
1532 2391 1875 2478 signiﬁcat.
1937 2391 2120 2467 Quod
2185 2391 2429 2478 autem
2467 2393 2616 2453 dicit
2642 2395 2843 2478 ,_tale
2907 2399 3062 2455 est:
3107 2391 3318 2478 Siilli
3377 2392 3493 2471 qui

182 2472 652 2543 recusaverunt
690 2472 1128 2554 legislatorem
1179 2474 1246 2535 in
1303 2480 1478 2554 terra
1533 2473 1954 2554 constitutum
1981 2517 1997 2543 ,
2029 2489 2162 2532 non
2221 2474 2568 2554 valuerunt
2611 2472 2895 2553 effugere
2929 2494 2944 2532 :
2978 2472 3310 2554 quomodo
3363 2489 3494 2554 va-

181 2561 456 2622 lebimus
487 2551 790 2620 recusare
823 2573 970 2616 eum
993 2599 1008 2629 ,
1041 2555 1152 2632 qui
1187 2554 1372 2615 nobis
1402 2553 1480 2614 de
1522 2553 1678 2614 caelo
1721 2552 1879 2632 legis
1914 2559 2230 2630 praecepta
2264 2553 2647 2614 constituit?
2675 2551 2803 2615 Nec
2834 2551 3020 2632 putes
3053 2553 3226 2632 quod
3259 2553 3322 2614 in
3370 2551 3494 2632 hoc

182 2642 320 2702 loco
343 2639 626 2701 alterum
658 2635 825 2696 dicat
858 2630 1129 2696 latorem
1159 2635 1344 2714 legis,
1371 2638 1427 2694 et
1456 2633 1733 2714 alterum
1754 2630 2110 2714 Evangelii.
2142 2633 2362 2714 Absit,
2397 2650 2527 2692 non
2562 2633 2683 2695 hoc
2712 2630 2900 2714 dicit,
2933 2633 3042 2694 sed
3075 2630 3198 2694 hoc
3227 2630 3493 2713 signiﬁ-

180 2726 298 2795 cat,
329 2718 659 2798 quoniam
681 2715 986 2798 terribilis
1015 2711 1306 2798 apparet,
1336 2731 1485 2774 cum
1617 2712 1772 2773 caelo
1805 2711 2115 2789 loquitur.
2149 2712 2320 2798 Idem
2349 2713 2491 2798 ipse
2514 2720 2611 2773 est
2641 2713 2904 2798 quidem
2932 2719 3062 2775 tam
3094 2714 3215 2798 iste
3243 2759 3258 2787 ,
3289 2711 3492 2798 quam

181 2791 304 2874 ille,
338 2791 454 2862 sed
488 2797 838 2859 terribilior
859 2800 1013 2856 tunc
1049 2791 1278 2873 magis,
1304 2810 1500 2870 quam
1524 2793 1952 2874 illotemporc
1975 2811 1989 2849 :
2015 2809 2142 2851 non
2173 2793 2344 2874 enim
2375 2791 2803 2874 differentiam
2828 2811 3122 2872 personae
3143 2793 3491 2874 signiﬁcat,

181 2871 297 2940 sed
314 2878 581 2939 modum
621 2893 754 2954 quo
788 2876 972 2954 nobis
1003 2871 1240 2935 novam
1274 2874 1478 2952 legem
1509 2871 1714 2944 dedit,
1749 2871 2027 2954 alterum
2064 2889 2206 2932 esse
2234 2872 2410 2954 dicit.
2443 2872 2618 2934 Unde
2650 2873 2773 2954 hoc
2817 2871 3068 2954 certum
3111 2871 3258 2936 est?
3286 2874 3361 2954 Si
3391 2872 3498 2935 illi

179 2959 353 3022 enim.
389 2951 791 3033 inquitfnon
820 2953 1202 3034 effugerunt,
1233 2951 1590 3012 recusantes
1615 2969 1748 3010 cum
1774 2951 1887 3030 qui
1918 2952 1987 3011 iu
2015 2960 2183 3011 terra
2210 2952 2421 3021 fuerat
2453 2951 2840 3012 constitutus
2859 2952 3094 3014 :multo
3124 2952 3328 3032 magis
3351 2973 3492 3018 nos.

181 3045 284 3124 qui
311 3041 959 3134 deuctelisﬂloquentem
984 3040 1167 3134 nobis
1195 3043 1552 3134 avertimus.
1581 3039 1746 3134 Quid
1777 3056 1932 3131 ergo
1963 3039 2236 3129 dicimus
2257 3037 2286 3097 ?
2310 3037 2610 3134 aliusest
2638 3039 2782 3114 iste,
2807 3039 3502 3134 aliusoil‘le?qu_omodo

182 3118 332 3205 ergo
362 3125 552 3198 dixit,
580 3118 782 3204 Cujus
809 3142 939 3205 eoa:
975 3122 1168 3205 movit
1203 3131 1431 3205 terram
1460 3130 1633 3180 tunc.
1664 3120 1935 3205 Sinonim
1971 3136 2098 3205 vo_x
2142 3119 2286 3197 ejus
2336 3118 2805 3205 movitterram
2829 3165 2844 3194 ,
2879 3120 2991 3205 qui
3047 3118 3204 3182 tunc
3237 3119 3502 3205 dederat

186 3195 384 3296 legem
417 3225 432 3264 :
467 3195 909 3267 Nunc'autem
953 3203 1276 3296 promittit
1304 3248 1320 3296 ε
1355 3201 1567 3293 ἄϊσθε-πε
1593 3221 1611 3261 :
1635 3198 1854 3296 adhuc
1882 3198 2064 3296 semel
2087 3243 2102 3266 ,
2129 3195 2337 3296 allego.
2371 3195 2623 3296 m‘ojvlebo
2668 3195 3048 3296 ηοηῃδιξιαῖη
3091 3201 3502 3296 εενναφυτθεεά

185 3276 360 3344 etiam
385 3284 603 3345 caelum
625 3304 644 3343 :
668 3288 912 3344 certum
939 3276 1227 3358 estquod
1261 3281 1426 3342 idem
1450 3281 1585 3358 ipse
1614 3282 1716 3341 sit.
1743 3277 1928 3353 Quod
1953 3287 2158 3338 autem
2181 3276 2362 3358 dicit,
2392 3276 2617 3358 Adhuc
2644 3277 2843 3346 semel,
2869 3279 3147 3341 declarat
3173 3280 3503 3343 mobilium

187 3365 669 3424 translationem
703 3371 1011 3442 tamquam
1044 3356 1379 3442 factorum.
1411 3356 1587 3442 Quid
1625 3363 1718 3420 est
1747 3358 1921 3442 quod
1965 3358 2062 3419 his
2104 3357 2318 3442 verbis
2350 3356 3148 3442 signiﬁcatur?_Nimirum
3180 3361 3500 3442 quoniam

184 3442 568 3504 auferentur
597 3437 934 3504 cuncta—de
967 3437 1209 3512 medio,
1242 3445 1304 3501 et
1333 3441 1399 3500 in
1441 3440 1674 3500 melius
1713 3439 2020 3499 universa
2052 3439 2482 3498 mutabuntur
2511 3457 2526 3496 :
2557 3437 2681 3499 hoc
2711 3438 2884 3501 enim
2912 3439 3067 3500 mihi
3101 3440 3164 3501 in
3201 3437 3324 3503 hoc
3354 3441 3503 3502 loco

186 3521 536 3600 signiﬁcari
563 3522 838 3583 videtur.
861 3521 1026 3596 Quid
1057 3538 1210 3599 ergo
1242 3520 1419 3582 doles
1447 3565 1462 3591 ,
1498 3520 1710 3597 inquit
1730 3563 1744 3587 ,
1770 3537 1915 3580 cum
1947 3517 2197 3600 pateris
2218 3516 2464 3600 aliquid
2485 3517 2563 3600 in
2584 3518 2719 3600 hoc
2749 3519 2990 3581 mundo
3011 3565 3027 3592 ,
3060 3521 3173 3600 qui
3205 3539 3335 3582 non
3371 3539 3502 3600 po-

189 3596 330 3680 terit
359 3619 748 3680 permanere
777 3645 792 3672 ,
821 3602 931 3678 qui
968 3606 1112 3679 post
1136 3596 1492 3678 'paululum
1537 3596 1930 3680 transiturus
1963 3599 2108 3660 est?
2138 3596 2199 3658 Si
2226 3597 2308 3680 in
2347 3597 2723 3680 novissimis
2746 3601 3025 3680 saeculis
3072 3596 3176 3662 hic
3219 3596 3504 3663 mundus

191 3677 455 3744 forsitan
495 3682 784 3760 requiem
817 3677 1183 3751 habuisset,
1218 3685 1372 3741 tunc
1403 3679 1699 3760 tribulari
1741 3679 1954 3760 potius
1987 3679 2331 3760 oportebat
2385 3695 2533 3738 eum
2571 3678 2684 3760 qui
2737 3677 3000 3760 festinat
3030 3680 3108 3740 ad
3162 3681 3381 3742 ﬁnem.
3417 3682 3502 3744 Ut

186 3757 900 3899 ﬁzﬁgzeﬁﬁgiiigquit,
934 3781 1002 3820 ea
1045 3779 1179 3841 qua:
1207 3769 1352 3820 sunt
1385 3758 1748 3823 immobilia.
1781 3758 1938 3834 Quae.
1990 3775 2276 3838 namque
2306 3757 2429 3820 ista
2450 3802 2468 3832 ,
2503 3757 2608 3820 vel
2643 3759 2870 3838 qualia
2900 3765 3053 3822 sunt
3100 3761 3505 3824 immobilia?

239 3846 431 3902 utura
460 3841 776 3902 videlicet.

269 3858 776 4000 ἶξῖξᾶίέιξξὲίῖξξ
807 3919 933 3981 ﬁne
967 3887 1198 3982 cuncla
1231 3920 1562 3995 faciamus,
1597 3925 1667 3981 ut
1702 3919 1878 4000 illam
1910 3919 2106 4000 vitam
2137 3917 2406 3997 adipisci
2437 3919 2790 3998 possimus,
2814 3925 2885 3981 ut
2919 3921 3046 3982 illis
3077 3921 3265 3983 bonis
3291 3919 3505 3985 ineffa-

195 4001 422 4063 bilibus
451 3999 886 4080 perfruamur.
913 4001 1029 4074 Ita,
1054 4001 1348 4075 obsecro,
1377 4002 1463 4062 ita
1494 4002 1702 4072 facite,
1727 3999 1805 4060 ad
1838 4000 1961 4060 hoc
1988 3999 2303 4080 deprecor
2326 4005 2396 4060 ut
2422 4005 2703 4060 vestrum
2735 4000 3171 4063 inllammetur
3191 4001 3500 4063 studium.

193 4081 384 4142 Nemo
417 4078 485 4141 in
515 4082 796 4153 civitate,
826 4098 969 4158 qum
1002 4097 1235 4142 casura
1266 4086 1361 4141 est
1387 4099 1562 4141 sana:
1589 4081 1820 4140 mentis
1850 4078 2142 4141 aediﬁcat.
2179 4080 2294 4141 Dic
2329 4085 2548 4160 autem
2589 4081 2742 4139 mihi
2768 4125 2785 4154 ,
2815 4083 3085 4142 obsecro
3108 4128 3124 4156 ,
3159 4082 3214 4143 si
3262 4082 3503 4160 aliquis

194 4160 426 4222 diceret
458 4162 774 4239 quoniam
810 4165 955 4238 post
984 4177 1228 4221 annum
1262 4161 1486 4221 civitas
1521 4161 1655 4221 hinc
1689 4167 1820 4221 tota
1851 4160 2116 4237 lapsura
2149 4165 2269 4233 est,
2304 4159 2501 4220 aliam
2535 4177 2691 4240 vero
2719 4162 3076 4240 quamlibet
3104 4159 3506 4240 permansu-

199 4257 327 4300 ram
354 4259 503 4322 esse
527 4240 814 4322 ﬁrmaret
839 4260 857 4322 :_
873 4258 1064 4322 num,
1093 4240 1644 4322 rogo,aadiﬁcarc_s
1675 4241 1739 4299 in
1770 4241 2026 4300 civitate
2050 4240 2352 4322 ruitura?
2379 4239 2650 4322 Proinde
2679 4239 2871 4322 etiam
2907 4242 3029 4302 hoc
3058 4239 3156 4302 est
3181 4242 3354 4320 quod
3385 4260 3507 4322 ego

199 4338 361 4381 nunc
389 4321 560 4391 dico,
599 4320 740 4380 Non
770 4319 1155 4380 mdiﬁcemus
1191 4321 1254 4378 in
1285 4321 1405 4380 hoc
1432 4320 1673 4381 mundo
1698 4340 1712 4378 :
1740 4325 1884 4398 post
1916 4320 2256 4397 paululum
2289 4321 2460 4380 enim
2489 4321 2744 4397 lapsum
2775 4321 2987 4382 iturus
3018 4327 3138 4396 est,
3172 4319 3238 4384 et
3271 4319 3508 4385 cuncta

199 4399 512 4475 perditum
543 4401 752 4460 ibunt.
777 4400 853 4459 Et
881 4400 1035 4478 quid
1066 4399 1206 4460 dico
1232 4400 1404 4477 quod
1434 4400 1712 4462 mundus
1740 4417 2012 4460 casurus
2035 4399 2173 4460 est?
2197 4417 2313 4461 nos
2346 4407 2560 4460 autem
2583 4401 2652 4478 [/2
2679 4417 2796 4461 nos
2826 4402 3046 4478 etiam]
3065 4408 3218 4464 ante
3244 4402 3506 4463 ruinam

198 4479 342 4562 ejus
362 4480 691 4557 periemus
714 4524 729 4551 ,
761 4484 826 4539 et
854 4485 1175 4541 tormenta
1210 4498 1379 4562 saeva
1411 4480 1753 4562 patiemur.
1793 4481 1920 4562 Nos
1955 4480 2104 4562 hinc
2139 4480 2654 4562 itaquegplurimi
2687 4499 2914 4562 sumus
2953 4483 3302 4562 egressuri.
3339 4481 3506 4556 Quid

197 4559 584 4622 aediﬁcamus
616 4577 811 4639 super
834 4575 1102 4620 arenam
1129 4560 1428 4620 mobilem
1451 4562 1479 4619 ?
1503 4560 1672 4634 Quin
1701 4561 1915 4637 potius
1945 4558 2331 4621 azdiﬁcemus
2363 4560 2426 4619 in
2460 4566 2642 4637 petra
2669 4581 2683 4620 :
2712 4558 3024 4639 quidquid
3058 4563 3234 4624 enim
3266 4562 3508 4623 incide-

200 4639 298 4722 rit,
331 4637 845 4722 invictafahrica
872 4644 1268 4722 perseverat,
1295 4639 1457 4722 nihil
1484 4657 1627 4722 eam
1655 4645 2036 4722 commovet,
2069 4640 2228 4699 nihil
2253 4641 2506 4722 evertit;
2534 4646 2595 4700 et
2619 4637 2848 4722 merito
2872 4637 2989 4701 {ad
3014 4659 3239 4703 omnes
3263 4641 3507 4722 quippe

199 4718 356 4779 ictus
401 4718 731 4800 inadibilis
765 4718 873 4780 ille
919 4718 1103 4800 locus
1130 4720 1382 4779 exsistit
1407 4764 1424 4792 ,
1456 4719 1624 4780 sicut
1675 4737 1709 4779 e
1741 4726 1968 4780 contra
2009 4721 2127 4780 iste
2159 4721 2404 4781 cunctis
2442 4725 2616 4796 patet
2659 4721 2915 4782 ictibus.
2950 4722 3070 4782 Hic
3116 4718 3403 4800 namque
3431 4718 3510 4783 'et

199 4802 378 4858 terrae
407 4804 627 4858 motus
655 4799 963 4871 obruunt,
998 4803 1060 4859 et
1091 4799 1390 4862 incendia
1418 4803 1830 4872 consumunt,
1857 4807 1918 4859 et
1946 4800 2320 4861 infestantia
2349 4799 2516 4861 bella
2543 4799 2905 4873 devastant,
2932 4807 2995 4862 et
3029 4803 3206 4863 vivos
3242 4799 3360 4864 nos
3391 4819 3509 4864 au-

201 4876 431 4948 ferunt,
469 4885 825 4954 antequam
854 4878 1129 4938 mundus
1161 4879 1281 4940 iste
1312 4879 1609 4939 concidat
1637 4899 1651 4937 :
1679 4880 1936 4955 aliquos
1967 4885 2184 4939 autem
2213 4898 2431 4940 secum
2466 4885 2792 4942 tracturus
2822 4887 2922 4943 est
2952 4881 3030 4942 ad
3064 4900 3188 4942 mo;
3211 4888 3362 4942 tem.
3387 4882 3508 4944 Sed

199 4957 384 5038 etiam
416 4963 632 5019 stante
658 4956 901 5017 mundo
936 4961 1199 5019 morbus
1231 4960 1461 5032 irruit,
1494 4964 1557 5019 et
1585 4965 1696 5020 aut
1728 4959 2022 5019 celeriter
2054 4960 2204 5020 hinc
2235 4960 2521 5020 excludit
2549 5005 2564 5033 ,
2598 4967 2713 5022 aut
2749 4968 3203 5038 permanentes
3241 4963 3344 5022 hic
3376 4981 3508 5023 non

199 5035 346 5118 sinit
379 5038 603 5098 vivere
639 5041 1093 5118 congruenter.
1124 5039 1282 5099 Nam
1310 5039 1524 5117 qualis
1559 5039 1854 5116 voluptas
1883 5085 1898 5112 ,
1933 5044 2046 5098 aut
2077 5057 2222 5116 qum
2250 5039 2623 5118 jucunditas
2647 5087 2663 5115 ,
2693 5035 2804 5101 ubi
2835 5043 3044 5102 morbi
3079 5043 3412 5116 continui,
3447 5050 3511 5103 et

200 5115 706 5200 calumniatores
726 5115 1020 5200 plurimi,
1049 5115 1418 5200 frequentes
1450 5115 1739 5179 insidiae?
1765 5122 1892 5178 Aut
1921 5115 2432 5200 sighorum'nihil
2464 5121 2568 5192 sit,
2601 5121 2774 5198 quod
2808 5122 3208 5200 impossibile
3237 5128 3357 5196 est,
3383 5115 3512 5184 ali—

200 5197 457 5272 quando
491 5197 688 5257 etiam
717 5194 882 5256 ﬁlios
911 5214 1038 5257 non
1072 5194 1382 5259 habentes
1417 5199 1938 5276 inmquanimiter
1966 5197 2257 5271 ferimus,
2289 5194 2676 5262 mmroribus
2712 5194 3058 5275 afﬁcimur,
3091 5219 3222 5262 non
3255 5194 3513 5264 haben-

203 5281 288 5358 tes
321 5278 568 5358 quibus
599 5279 854 5358 nostras
885 5276 1108 5358 domos
1136 5283 1197 5338 et
1223 5284 1454 5340 cmtera
1485 5278 1940 5339 contradamus
1967 5299 1991 5358 :7
2015 5284 2077 5338 et
2109 5280 2358 5357 magnis
2392 5285 2776 5357 torquemur
2802 5281 3160 5358 doloribus,
3185 5283 3238 5343 si
3269 5284 3512 5345 nostris

202 5353 530 5436 laboribus
560 5355 765 5415 exteri
796 5354 1235 5432 perfruantur.
1271 5358 1635 5436 Aliquando
1663 5359 1854 5419 etiam
1878 5357 1954 5418 ad
1983 5353 2278 5419 inimicos
2302 5361 2475 5420 venit
2495 5353 2842 5434 hereditas,
2869 5366 2930 5422 et
2948 5380 3077 5423 non
3101 5353 3313 5424 solum
3339 5381 3515 5424 mor-

203 5435 321 5518 tuis
348 5436 568 5506 nobis,
601 5437 1035 5518 verumetiam
1058 5435 1412 5514 aliquando
1439 5437 1827 5498 viventibus.
1855 5438 2018 5512 Quid
2054 5438 2252 5517 igitur
2279 5441 2400 5500 hoc
2427 5441 2726 5501 miserius
2754 5447 2965 5518 potest
2994 5460 3139 5504 esse
3167 5442 3270 5503 vel
3301 5442 3515 5503 infeli-

203 5515 330 5573 cius
354 5561 374 5601 _,
403 5531 611 5601 quam
638 5514 914 5574 inimicis
942 5517 1077 5576 suis
1103 5535 1502 5601 quemquam
1534 5518 1835 5578 laborare
1860 5564 1876 5589 ,
1909 5514 2199 5601 ctgut'illi
2231 5519 2575 5601 indi-liciis
2609 5514 2847 5601 degant
2869 5568 2885 5594 ,
2912 5522 3227 5599 pecunias
3260 5539 3515 5601 conge-

204 5597 378 5654 rere?
410 5597 664 5679 Harum
711 5611 928 5679 rerum
975 5598 1272 5679 exeinpla
1317 5599 1518 5679 multa
1566 5604 1928 5659 cernuntur
1975 5598 2038 5657 in
2083 5599 2356 5668 diversis
2386 5597 2755 5662 civitatibus
2786 5597 3139 5672 accidisse;
3169 5601 3280 5663 scd
3311 5605 3329 5679 [
3360 5597 3509 5662 a'dd.

204 5678 435 5760 taceo,]
466 5693 550 5735 ne
581 5673 1282 5760 contristem‘forsitan,
1313 5678 1551 5755 quibus
1591 5679 1743 5739 talia
1776 5683 2254 5760 provenerunt;
2288 5679 2534 5756 alioqui
2569 5681 2952 5742 nominatim
2983 5682 3240 5760 aliquos
3275 5673 3514 5760 pratum

205 5751 437 5839 lissem,
465 5759 548 5839 _et_
567 5752 923 5839 plurimum
951 5754 1027 5814 de
1055 5756 1175 5816 hac
1190 5775 1272 5839 Are
1304 5751 1569 5839 possem
1594 5751 1920 5839 protelare
1952 5776 2346 5839 sermonem,
2380 5751 2734 5839 pluresque
2767 5761 2993 5822 domos
3032 5751 3375 5823 ostendere
3402 5808 3417 5835 ,
3447 5765 3511 5824 in

205 5832 429 5920 quibus
462 5831 708 5920 inimici
739 5832 1150 5920 dominorum
1181 5831 1338 5920 facti
1359 5843 1511 5920 sunt
1538 5831 1807 5898 domini.
1834 5839 1963 5898 Nec
1999 5838 2120 5899 hoc
2150 5837 2227 5899 de
2257 5831 2534 5900 dominis
2558 5831 2987 5920 [fl-domibus]
3018 5842 3312 5904 invenies
3357 5831 3512 5905 tan--

207 5919 361 5984 tum,
398 5913 511 5975 sed
555 5913 752 5974 etiam
790 5911 866 5974 de
916 5915 1120 5978 servis
1172 5918 1520 5992 contigisse
1566 5934 1923 5995 cognoscas
1957 5936 2167 5997 :smpe
2200 5920 2444 5999 quippe
2484 5911 2895 5984 adinimicos
2923 5911 3249 5986 hereditas
3285 5932 3508 5988 nostra
