4118 6328
268 392 371 447 655
1706 381 1962 438 ΜΟΝΙΤο
1976 380 2019 434 Μ
2032 423 2044 435 .
3392 369 3497 424 ιεόϐ

266 508 397 568 sive
434 504 663 580 bestia,
697 507 829 567 sive
864 505 1036 586 milia
1078 501 1455 586 muscipula
1480 500 1814 586 ;_quandiu
1851 498 2022 586 enim
2056 494 2334 586 quisque
2384 490 2624 586 ignitus
2660 486 2928 586 incedit,
2962 483 3494 586 ngtiillflllzlltgrfl:

270 560 1040 654 b'miiiii'éiiéédiifoiiiuia
1074 560 1448 644 contemnit.
1482 560 1760 641 Flamma
1794 578 2034 655 quippe
2074 560 2544 658 insuperabilis
2578 585 2677 629 res
2717 574 2831 656 est,
2868 574 2929 627 et
2962 560 3367 658 importabile
3403 569 3501 658 est

268 664 517 726 cunctis
552 663 743 741 rebus
770 651 1195 741 incendium:
1230 660 1397 741 ignis
1426 660 1669 741 quippe
1703 651 1925 741 cuncta
1963 651 2308 741 Consumit.
2342 651 2475 710 Hoc
2510 651 2898 741 itaque-igne
2933 651 3502 741 etrettnt_seittarnur

268 743 594 812 exhortor,
631 726 899 812 gloriam
934 726 1290 803 offerente;
1307 726 1833 800 Doniino'nostro
1866 734 2016 794 Jesu
2065 730 2338 812 Christo,
2373 744 2517 812 cum
2551 742 2677 803 quo
2719 726 2909 812 Patri,
2948 736 3073 812 una
3106 735 3249 779 cum
3282 726 3502 784 sancto

268 818 541 898 Spiritu,
578 803 808 898 gloria.
840 818 1211 899 imperium,
1244 816 1467 889 honor,
1504 832 1673 876 nunc
1703 820 1766 876 et
1796 828 2075 888 semper,
2109 816 2171 870 et
2204 809 2268 869 in
2303 806 2533 869 saecula
2567 803 2973 865 saeculorum.
3024 803 3251 860 Amen.

270 1000 3507 1046 Μηλ-

1600 1176 2175 1275 MONITUM

782 1448 783 1451 η
834 1408 918 1470 ΙΝ
975 1404 1332 1470 UNDECIM
1398 1404 1461 1466 S.
1524 1403 1861 1465 JOANNIS
1921 1398 2492 1465 CHRYSOSTOMI
2551 1396 2949 1461 HOMILIAS

1238 1587 1427 1646 NUNC
1463 1583 1736 1642 PRIMUM
1779 1584 1823 1638 Ε
1861 1583 2203 1641 TENEBRIS
2243 1580 2546 1637 ERUTAS.

350 1764 427 1820 Eu
496 1766 614 1830 tibi,
672 1766 863 1824 Lector
898 1769 1126 1832 erudite,
1184 1784 1396 1831 novatn,
1431 1764 1685 1836 amplam,
1741 1764 2070 1833 omninoque
2118 1760 2447 1833 singularem
2489 1758 2831 1813 bomiliarum
2888 1756 3262 1827 Chrysostomi
3322 1772 3517 1812 acees~

280 1859 487 1914 sionem
526 1860 870 1928 proferimus,
904 1878 1023 1933 quae
1056 1863 1195 1917 haud
1221 1864 1289 1914 ita
1322 1862 1525 1930 prideni
1557 1872 1622 1913 ex
1654 1867 1834 1912 monte
1888 1858 2048 1922 Atho,
2087 1864 2145 1910 ut
2209 1855 2451 1924 quidam,
2497 1852 2577 1907 vel
2614 1866 2678 1907 ex
2714 1850 2882 1906 insula
2934 1849 3142 1912 Patmo,
3202 1859 3260 1902 ut
3312 1848 3399 1902 alii
3436 1848 3517 1902 di-

281 1957 427 2012 cunt,
465 1952 519 2005 in
551 1950 939 2007 Bibliothecam
976 1952 1285 2008 Vaticanam
1325 1952 1515 2011 allatae,
1551 1964 1580 2002 a
1609 1948 1882 2003 sodalibus
1930 1949 2150 2011 nostris,
2204 1946 2296 2016 qui
2357 1954 2469 1999 tum
2513 1942 2694 1999 Romae
2745 1940 3193 2017 Congregationis
3251 1938 3309 1993 S.
3346 1939 3514 1993 Mauri

280 2045 510 2112 negotiis
542 2045 928 2115 advigilabant,
959 2063 987 2098 a
1025 2044 1212 2101 Greco
1238 2044 1549 2099 atnauuensi
1583 2042 1891 2110 exscriptus,
1938 2040 2269 2095 transmissa:
2308 2038 2441 2093 mihi
2492 2036 2674 2100 fuere;
2718 2034 2969 2087 nimirum
3010 2050 3041 2089 τι
3073 2033 3131 2084 Ι).
3166 2031 3328 2085 Petro
3397 2034 3477 2089 Ma
3500 2065 3513 2073 ς

282 2136 408 2198 luet,
456 2137 547 2207 qui
594 2147 717 2191 tunc
746 2137 1111 2205 procuratoris
1132 2137 1397 2202 generalis
1423 2135 1597 2190 omcio
1626 2134 1964 2203 fungebatur,
1997 2144 2052 2187 et
2078 2134 2188 2203 jam
2225 2132 2277 2186 in
2309 2136 2636 2189 monasterio
2679 2135 2737 2190 S.
2783 2134 3037 2196 Germani
3072 2151 3104 2193 ξι
3132 2135 3311 2189 Pratis
3352 2133 3506 2188 Prior

276 2240 395 2294 est;
446 2241 502 2286 et
538 2247 568 2283 a
600 2233 661 2285 ll.
688 2230 918 2300 .losepbo
946 2230 1125 2295 Avril,
1157 2230 1272 2296 ejus
1300 2231 1471 2294 socio,
1499 2230 1610 2298 jam
1665 2230 1716 2283 in
1767 2227 2097 2284 monasterio
2142 2226 2460 2285 Corbeiensi
2508 2227 2716 2296 Priore,
2767 2229 2859 2301 qui
2888 2234 3049 2285 ambo
3095 2245 3332 2297 semper,
3386 2229 3513 2283 dum

278 2324 462 2379 Rostra
490 2334 694 2391 essent,
728 2323 997 2379 assiduam
1029 2322 1157 2377 mihi
1198 2324 1502 2391 pr:estitere
1527 2336 1768 2390 operam.

340 2420 604 2489 Quodque
651 2433 871 2489 prorsus
934 2432 1129 2472 novum
1182 2417 1560 2485 insolitumque
1600 2425 1703 2478 est,
1741 2423 1904 2484 atque
1932 2412 2177 2469 utilitatis
2210 2414 2435 2469 multum
2479 2413 2651 2481 alfert,
2681 2416 2762 2469 hae
2797 2415 3030 2472 homilire
3061 2416 3344 2486 descripta:
3370 2416 3520 2479 fuere

276 2530 303 2566 a
332 2515 592 2583 quodam,
621 2512 711 2581 qui
743 2510 803 2566 S.
838 2508 1084 2565 Doctoris
1116 2508 1267 2564 lateri
1302 2508 1525 2564 haesisse
1554 2508 1786 2566 videtur.
1842 2505 2042 2575 quique
2082 2506 2133 2561 in
2200 2507 2544 2562 homiliarum
2581 2508 2749 2563 titulis
2784 2507 2897 2562 loca
2938 2510 3101 2563 refert
3149 2510 3235 2563 tibi
3277 2509 3526 2569 hotniliae

281 2608 479 2662 habitat
511 2617 658 2670 sunt,
688 2614 745 2660 et
772 2619 913 2673 sape
954 2618 1172 2657 causam
1209 2617 1309 2656 cur
1338 2602 1692 2657 concionatus
1730 2600 1803 2655 sit
1836 2600 2061 2665 indicat,
2089 2615 2153 2657 ac
2186 2617 2290 2656 non
2338 2617 2507 2672 pauca
2551 2602 2615 2656 ad
2662 2603 2941 2657 historiam
2974 2603 3295 2673 pertinentia
3345 2603 3514 2656 admi-

275 2711 411 2755 scet.
450 2698 934 2767 Certissimmnque
970 2706 1057 2751 est
1090 2696 1208 2751 illas
1238 2695 1710 2767 Constantinopoli
1734 2696 1947 2753 habitas
1974 2694 2164 2762 fuisse,
2198 2713 2492 2767 omnesque
2519 2699 2675 2752 anuis
2704 2699 2807 2755 598
2842 2710 2898 2754 et
2924 2699 3052 2755 599.
3106 2700 3185 2753 Au
3222 2714 3350 2751 vero
3378 2714 3519 2753 con-

278 2798 515 2852 tinenter
546 2803 599 2849 et
620 2794 713 2847 illo
738 2808 846 2862 quo
872 2792 1066 2847 habitae
1101 2791 1247 2846 fuere
1282 2790 1472 2846 ordine
1506 2790 1594 2845 hic
1647 2790 1968 2858 referantur,
2002 2792 2067 2845 de
2108 2792 2291 2846 nmltis
2346 2791 2614 2862 liquidum
2666 2804 2769 2856 est,
2825 2796 2890 2847 de
2920 2793 3172 2848 nantibus
3231 2792 3548 2847 afﬁrmare-

276 2909 379 2948 non
413 2888 609 2950 ausim.
644 2898 931 2956 tamenque
957 2885 1254 2942 verisimile
1281 2895 1363 2940 est
1394 2900 1584 2939 «mines
1618 2884 1728 2949 illo,
1758 2901 1865 2954 quo
1899 2887 1987 2941 hic
2011 2894 2309 2954 patiuntur,
2336 2887 2527 2942 ordine
2561 2887 2732 2941 dictas
2770 2887 2956 2943 fuisse.

342 3006 386 3059 1.
423 3005 602 3059 Prima
636 3002 688 3056 in
720 3003 1002 3073 martyrio,
1034 3017 1128 3055 seu
1159 3001 1212 3055 in
1266 3000 1494 3055 ecclesia
1564 3001 1888 3073 Martyrum,
1917 3016 2037 3071 quae
2070 3002 2122 3054 in
2154 3001 2388 3070 Antiqua
2418 3001 2605 3065 Petra.
2636 3005 2694 3057 ὲν
2726 3002 2939 3073 Halat;
2978 3004 3186 3073 Πέτρᾳ,
3223 3003 3325 3056 sita
3374 3009 3514 3061 erat.

274 3099 415 3154 dicta
446 3099 566 3153 fuit.
622 3097 853 3165 Quinam
887 3096 975 3151 hic
1002 3094 1151 3150 locus
1192 3104 1339 3150 esset
1374 3095 1517 3163 apud
1571 3110 1749 3149 rerum
1783 3094 2511 3164 Constantinopolitanarum
2541 3098 2833 3165 scriptores
2857 3097 3095 3152 nondum
3126 3096 3326 3161 reperi.
3361 3090 3520 3147 Tem-

274 3206 370 3257 pus
396 3199 581 3245 autem
608 3190 851 3263 assignat
879 3188 1320 3257 Chrysostomns,
1350 3203 1473 3241 cum
1532 3188 1693 3257 paulo
1723 3198 1843 3257 post
1870 3188 2080 3241 initimn
2119 3188 2248 3244 dicit
2288 3189 2535 3245 habitam
2570 3190 2848 3251 lnomiliam
2888 3190 3055 3244 fuisse
3105 3205 3227 3243 cum
3284 3188 3519 3241 nondum

274 3284 487 3351 trJginta
516 3282 632 3337 dies
660 3280 996 3336 ellluxisseut
1027 3282 1095 3334 ab
1121 3280 1321 3347 ingenti
1355 3279 1446 3331 illo
1476 3287 1637 3332 terra:
1670 3290 1837 3341 motu,
1871 3281 1961 3347 qui
1994 3289 2158 3331 totam
2196 3280 2382 3333 urbem
2416 3290 2809 3336 concusserat:
2848 3282 2919 3334 ita
2948 3293 3003 3333 ut
3033 3281 3251 3348 plurimi
3291 3294 3356 3332 ex
3384 3292 3523 3343 optt-

276 3375 618 3439 lentioribus,
649 3375 806 3428 bonis
835 3374 1111 3436 omnibus,
1142 3371 1577 3440 possessionibus
1609 3382 1665 3423 et
1692 3372 1865 3438 patria
1900 3371 2122 3434 relictis,
2161 3382 2312 3427 extra
2348 3371 2579 3440 patriam
2610 3382 2664 3425 et
2699 3382 2849 3428 extra
2894 3371 3027 3431 lines
3070 3387 3178 3442 μιω
3232 3371 3521 3425 formidine

280 3466 610 3535 aufugerim,
639 3466 838 3536 aliique
871 3466 1008 3520 bona
1038 3466 1250 3523 illorum
1284 3463 1599 3519 invaserint.
1631 3461 1849 3519 Certum
1886 3474 2068 3519 autem
2106 3464 2316 3519 videtur
2361 3474 2518 3521 terrre
2552 3476 2753 3519 motum
2786 3466 2935 3519 illum
2966 3482 3029 3519 cx
3060 3480 3286 3519 numero
3331 3478 3516 3518 comm

278 3560 463 3624 fuisse,
493 3576 628 3632 quos
647 3560 972 3617 Claudianus
1000 3560 1462 3630 Constantinopoli
1494 3561 1755 3614 accidisse
1788 3571 2051 3615 memorat
2080 3557 2391 3632 (Claudian.
2421 3559 2510 3612 lib.
2539 3560 2574 3615 ‘2
2608 3560 2663 3612 in
2700 3559 3038 3627 Eutropium,
3074 3575 3117 3612 υ.
3141 3557 3214 3610 24
3240 3558 3379 3627 sqq.)
3401 3566 3526 3610 ante

276 3652 619 3707 consulatum
656 3652 921 3721 Eutropii,
958 3667 1101 3705 anno
1135 3652 1383 3709 videlicet
1431 3652 1563 3708 398.
1598 3651 1800 3708 Omnes
1852 3654 2049 3722 quippe
2085 3652 2332 3707 homilias
2369 3652 2499 3708 istas
2542 3652 2622 3707 vel
2672 3660 2796 3707 ante
2846 3650 3185 3705 consulatum
3248 3650 3523 3720 Ettlmpii,

277 3743 360 3796 vel
392 3744 509 3810 ipso
543 3746 784 3809 consule,
816 3746 911 3800 sed
934 3755 1059 3799 ante
1091 3744 1268 3814 fugam
1300 3746 1607 3814 eademque
1638 3746 1797 3809 illius,
1829 3761 1947 3814 qua:
1984 3761 2168 3803 mense
2199 3746 2434 3801 circiter
2466 3747 2707 3815 Augusto
2740 3746 2865 3799 anni
2894 3745 2999 3800 599
3029 3744 3249 3809 accidit,
3311 3744 3524 3802 habitas

282 3832 448 3887 fuisse
473 3845 683 3893 certum
716 3844 821 3890 est.

344 3926 739 3993 Ttllemontins,
776 3930 864 3999 qui
900 3928 1155 3984 bomilias
1187 3928 1351 3984 hasce
1385 3944 1489 3984 non
1522 3931 1750 3993 viderat,
1783 3940 1933 3999 putat
1961 3930 2241 3987 homiliam
2280 3933 2423 3986 illam
2461 3932 2525 3987 de
2556 3942 2713 3985 terra:
2745 3942 2913 3997 motu,
2972 3946 3134 4000 quam
3167 3930 3523 3986 Combeiisius

275 4019 664 4090 publicaverat,
716 4030 768 4075 et
830 4037 989 4090 quam
1044 4036 1110 4075 ex
1178 4019 1440 4077 Vaticano
1470 4022 1657 4077 codice
1704 4024 2044 4077 emendatam
2084 4025 2329 4079 dedimus
2388 4035 2515 4077 tom.
2545 4023 2599 4087 2,
2635 4040 2685 4093 p.
2718 4023 2869 4076 717:
2944 4024 3246 4087 homiliam,
3274 4025 3519 4092 inquam,

279 4112 426 4165 illaut
470 4112 709 4166 habitam
747 4112 912 4166 fuisse
940 4121 1060 4181 post
1095 4122 1251 4171 terrae
1283 4123 1509 4181 motum,
1549 4115 1641 4182 qui
1679 4131 1823 4168 anno
1857 4116 1985 4179 598,
2021 4127 2303 4185 postquam
2330 4098 3073 4185 Chrysostomusepiscopus
3093 4115 3376 4168 ordinatus
3402 4116 3519 4167 fue-

278 4217 374 4261 rat.
413 4205 629 4261 accidit.
679 4206 747 4258 At
768 4220 890 4261 cum
931 4206 1016 4259 ille
1055 4217 1210 4261 terra.
1247 4216 1422 4259 motus
1456 4208 1672 4270 accidit,
1716 4206 2139 4278 Chrysostomus
2172 4210 2358 4263 morbo
2378 4208 2748 4270 detineantur,
2782 4219 2837 4260 ut
2870 4209 2983 4274 ipse
3020 4208 3071 4260 in
3097 4208 3329 4263 IlOllliliiB
3371 4210 3525 4276 priu-

277 4298 419 4372 cipio
447 4297 611 4353 dicit:
649 4312 820 4369 neque
865 4300 1070 4365 uspiam
1108 4299 1335 4365 legimus
1395 4301 1838 4371 tibrysosto-num
1903 4304 2078 4372 primo
2112 4303 2191 4357 vel
2227 4306 2468 4359 secundo
2502 4304 2847 4370 episcopatus
2879 4304 2961 4355 sui
3020 4317 3184 4367 anno,
3219 4303 3299 4357 vel
3334 4302 3523 4356 morbo

276 4391 356 4445 vel
387 4390 699 4443 infirmitate
728 4390 979 4459 quapiam
1010 4399 1315 4457 correptmn
1344 4390 1539 4457 fuisse;
1577 4408 1748 4463 neque
1778 4394 1827 4447 in
1886 4396 1985 4451 hac
2049 4396 2221 4465 prima
2284 4394 2523 4461 homilia,
2580 4410 2700 4463 quae
2756 4404 2877 4461 post
2933 4404 3089 4448 terra:
3132 4405 3331 4447 motum
3374 4394 3521 4447 illum

276 4484 399 4536 anni
424 4482 529 4537 598
560 4482 738 4536 habita
771 4492 879 4544 est,
912 4483 976 4535 de
1004 4483 1319 4537 inﬁrmttate
1350 4500 1446 4539 sua
1482 4486 1757 4555 quidpiam
1802 4486 2062 4557 loquitur.
2120 4490 2197 4541 Ad
2231 4490 2345 4542 haec
2374 4489 2600 4558 populus
2622 4490 2713 4557 qui
2742 4491 2865 4543 huic
2923 4491 3110 4557 prium
3144 4490 3389 4545 conclaui
3422 4490 3517 4541 ad-

278 4572 373 4627 luit
408 4572 491 4626 vel
524 4574 714 4628 adesse
740 4573 945 4637 debuit,
974 4573 1043 4629 ob
1069 4573 1446 4643 negligentiam
1483 4585 1537 4629 et
1572 4577 1834 4646 ignaviam
1872 4581 2136 4632 acerrime
2180 4580 2447 4647 carpitur;
2481 4592 2668 4634 contra
2715 4596 2839 4635 vero
2872 4582 2921 4632 in
2961 4582 3045 4633 illa
3106 4581 3206 4634 alia
3256 4583 3322 4635 de
3367 4590 3526 4634 terra:

277 4676 420 4717 motu
456 4665 671 4718 humilia
702 4664 927 4732 populus
955 4654 1291 4719 ()USHIdiIttI]
1327 4678 1379 4719 et
1418 4665 1683 4721 fervorem
1725 4671 1949 4725 summis
1990 4670 2235 4725 laudibus
2279 4670 2605 4735 celebratur,
2642 4687 2799 4746 quem
2832 4672 3229 4729 Autlecheuum
3264 4672 3520 4739 populqu

274 4773 394 4811 esse
420 4767 569 4823 puto.
597 4758 876 4810 Antiochia
912 4759 1079 4821 enim,
1109 4768 1167 4811 ut
1194 4759 1427 4813 diximus
1452 4770 1504 4811 et
1532 4761 1882 4827 probavimus
1914 4764 1965 4816 in
2000 4763 2200 4817 Monito
2229 4763 2293 4818 ad
2336 4762 2621 4817 Homiliam
2652 4765 2715 4817 de
2742 4764 2949 4817 Lazaro
2985 4775 3037 4818 et
3066 4764 3134 4817 de
3161 4763 3341 4817 Terra:
3379 4774 3522 4815 motu

278 4860 409 4904 tum.
468 4850 508 4912 Ι.
536 4865 589 4919 p.
624 4849 746 4920 77⁵3,
780 4849 1229 4920 frequentissimis
1261 4862 1417 4905 terra:
1453 4854 1687 4908 motibus
1732 4857 2055 4922 agitabatur.
2096 4857 2291 4912 Verum
2324 4859 2471 4912 addit
2506 4858 2906 4923 Tillentontius,
2940 4860 2990 4911 in
3029 4860 3247 4917 humilia
3293 4860 3378 4910 illa
3417 4858 3525 4911 fre-

279 4945 629 5011 quentissime
652 4944 716 4997 de
744 4944 943 4999 litaniis
980 4948 1084 5015 agi,
1121 4962 1240 5014 qum
1268 4945 1470 4999 litanias
1507 4949 1572 4998 ab
1608 4948 1722 5016 ipso
1751 4950 2169 5018 Chrysostomo,
2196 4951 2356 5017 paulo
2382 4962 2667 5021 postquam
2694 4952 2980 5021 episcopus
3007 4952 3290 5007 ordinatus
3314 4952 3513 5011 fueru',

277 5038 512 5109 primum
545 5038 803 5091 instituta:
837 5037 1005 5093 fuere.
1081 5040 1147 5091 At
1179 5040 1309 5093 nihil
1346 5040 1415 5093 de
1445 5040 1647 5094 litaniis
1690 5043 1798 5097 illic
1828 5044 2025 5111 agitur,
2059 5044 2150 5098 sed
2183 5046 2249 5097 de
2290 5056 2450 5101 cantu
2479 5047 2805 5115 psalmorum
2831 5056 2885 5099 et
2919 5046 3265 5116 hymnorum,
3306 5060 3440 5113 quos
3469 5044 3519 5097 in

280 5143 519 5195 teuupore
548 5130 913 5185 calamitatum
957 5134 1220 5185 canebant
1247 5130 1534 5185 Christiani
1572 5133 1638 5185 ad
1669 5136 1953 5188 ecclesiam
1987 5136 2281 5203 venientes,
2317 5139 2407 5193 diu
2452 5152 2741 5209 antequam
2792 5138 3207 5209 Cbrysostomus
3237 5139 3522 5210 episcopus

275 5225 637 5276 ordinaretur.
676 5221 786 5278 Hac
830 5224 893 5277 de
922 5225 1108 5291 rejam
1138 5234 1318 5278 actum
1354 5236 1435 5279 est
1472 5227 1523 5277 in
1556 5226 1675 5279 Vita
1712 5228 2103 5297 Chrysostmni.

350 5340 412 5392 ll.
460 5339 710 5394 Secunda
740 5338 959 5393 homilia
1008 5339 1374 5392 celebritatem
1408 5339 1563 5391 nobis
1601 5341 1924 5410 singularem
1964 5341 2185 5397 indicat.
2262 5343 2395 5397 Cum
2454 5355 2749 5418 martyrum
2808 5343 3044 5413 reliquiae
3106 5344 3330 5398 solemni
3402 5345 3505 5396 ritu

282 5430 703 5482 transferrentur
729 5444 794 5482 ex
828 5428 1015 5496 Magna
1049 5428 1281 5481 Ecclesia
1314 5430 1378 5480 ad
1416 5431 1730 5498 martyrium
1770 5447 1863 5485 seu
1902 5433 2188 5486 ecclesiam
2228 5434 2287 5488 S.
2320 5434 2539 5489 Thomte
2563 5437 2787 5503 apostoli
2827 5445 2879 5489 et
2915 5438 3191 5505 martyris,
3226 5437 3274 5487 in
3312 5436 3505 5505 [)rypia

281 5525 440 5575 sitam
473 5531 528 5575 et
562 5538 751 5578 nnvetn
790 5524 1110 5577 tuilliaribns
1138 5540 1166 5576 a
1202 5523 1390 5595 Magna
1424 5524 1661 5577 Ecclesia
1699 5527 2008 5589 distanteut,
2062 5530 2251 5598 ingens
2287 5532 2462 5599 populi
2498 5532 2797 5601 frequentia
2835 5530 2973 5597 fuit;
3038 5534 3142 5582 uno
3187 5530 3510 5595 lmperatrix

282 5616 389 5684 ipsa
426 5615 668 5670 Eudoxia
704 5617 913 5670 Arcadii
955 5634 1104 5677 uxor,
1144 5628 1298 5671 nocte
1334 5630 1383 5672 et
1412 5618 1497 5671 die
1531 5634 1626 5686 per
1662 5631 1866 5673 uatum
1904 5624 1999 5675 vim
2026 5624 2257 5692 spatium
2288 5641 2451 5695 prope
2483 5626 2582 5681 SS.
2619 5640 2914 5697 martyrum
2970 5630 3181 5679 thecam
3232 5628 3395 5693 pedes
3432 5628 3512 5679 in-

282 5710 461 5761 cessit.
542 5711 884 5774 Quapropter
914 5710 999 5761 ttbi
1034 5710 1095 5761 ad
1131 5712 1444 5778 martyrium
1482 5720 1798 5779 perventum
1831 5724 1934 5777 est,
1968 5714 2393 5784 Cht'ysustoutus
2423 5720 2735 5775 concionem
2775 5721 2977 5783 habuit,
3018 5721 3103 5772 ubi
3140 5720 3506 5772 celebritatem

293 5802 431 5854 illaut
466 5803 777 5859 dcscrinsit.
810 5810 859 5855 et
895 5802 1287 5871 lnqu-ratricmn
1318 5808 1541 5861 summis
1572 5806 1819 5862 laudibus
1853 5810 2062 5861 extulit.
