4118 6328
585 330 684 385 .ἰῖιῖ
2036 332 2373 389 ΜΟΝΙΤΕΜ.
3724 329 3825 385 455

663 440 751 497 Ill.
791 440 1107 514 lnsequcnte
1137 444 1221 500 die
1255 444 1548 515 Imperator
1580 447 1645 497 ad
1694 446 1830 500 idem
1867 447 2183 517 martyrium
2241 462 2334 501 seu
2369 447 2651 501 ecclesiam
2715 449 2861 503 venit
2905 464 3028 505 cum
3086 449 3341 505 satellitio
3397 457 3448 503 et
3491 454 3821 500 armatorum

593 545 778 599 manu,
811 544 974 605 atque
1001 537 1246 607 deposito
1276 537 1599 601 diademate,
1652 538 1906 608 reliquias
1942 540 2123 593 debito
2153 539 2297 594 cultu
2349 546 2667 609 prosecutus
2724 550 2806 593 est
2843 559 2858 596 :
2896 542 2969 596 illi
3001 558 3216 613 quoque
3246 540 3436 612 positis
3465 540 3631 593 armis
3678 537 3824 606 paria

592 624 995 693 prtesdterunt:
1044 640 1107 681 ac
1134 642 1239 681 non
1272 638 1585 699 exspectata
1618 629 1903 693 concione,
1940 630 2234 699 Imperator
2269 646 2388 686 eum
2416 632 2528 685 suis
2558 634 2803 687 recessit.
2859 634 3122 703 Tuncque
3168 634 3519 689 concinnatus
3586 630 3827 699 Chryso-

593 726 803 771 stomus
831 726 933 781 est,
960 717 1311 789 pluribusque
1343 722 1588 791 probavit
1616 732 1733 791 post
1759 724 1887 777 Adae
1920 734 2199 790 peccatmn
2227 724 2468 779 homines
2507 723 2571 779 ad
2610 725 3051 781 excellentiorem
3088 736 3290 780 statum
3322 736 3577 781 venturos
3602 737 3741 785 esse.
3778 721 3822 775 si

594 816 743 861 recte
774 810 936 863 vitam
965 810 1766 877 instituant;resurreetionem
1817 823 1994 869 tamen
2047 813 2279 868 futuram
2330 814 2560 870 obscure
2602 817 2801 886 priscis
2850 817 2955 871 illis
3019 819 3355 886 temporibus
3414 816 3848 888 prtenuntiatam

595 899 761 955 fuisse
791 902 938 957 dicit.

666 1014 752 1070 IV.
785 1015 985 1083 Quarta
1017 1022 1233 1077 homiiia
1277 1025 1327 1076 in
1360 1025 1555 1093 templo
1584 1024 1640 1077 S.
1680 1024 1983 1079 Anastasia:
2015 1024 2196 1079 habita
2239 1024 2370 1082 fuit:
2409 1027 2562 1097 pauci
2618 1027 2767 1081 fuere
2802 1026 3109 1091 auditores;
3145 1033 3437 1094 tamenque
3491 1023 3845 1093 Chrysosto-v

594 1118 711 1159 mus
742 1106 808 1161 de
836 1107 953 1163 Jobi
987 1113 1244 1181 patientia
1274 1125 1326 1167 et
1357 1115 1551 1170 virtute
1581 1116 1792 1187 longam
1824 1126 1877 1170 ct
1908 1117 2205 1187 elegantem
2240 1120 2426 1175 habuit
2449 1121 2753 1175 orationem
2787 1118 2887 1191 (α).

664 1214 725 1270 ν.
780 1216 1008 1276 llomilia
1052 1224 1235 1292 quinta
1278 1226 1329 1279 in
1375 1225 1570 1294 templo
1600 1225 1658 1279 S.
1697 1226 1881 1281 lrcucs
1918 1226 2099 1281 habita
2138 1236 2242 1282 est.
2306 1226 2364 1284 lu
2402 1243 2466 1283 ea
2514 1228 2934 1299 Chrysostomus
2968 1229 3033 1283 de
3070 1226 3392 1283 absentibus
3449 1228 3823 1296 conqueritur,

593 1323 644 1365 et
671 1316 1023 1381 pnesentibus
1059 1318 1394 1387 gratulatur;
1423 1318 1489 1372 de
1520 1318 1851 1387 psalmorum
1883 1329 2046 1374 cantu
2084 1320 2216 1391 agit,
2273 1323 2574 1392 probatque
2608 1321 2927 1376 muliebrem
2962 1333 3151 1375 sexum
3210 1320 3657 1391 impedimentum
3718 1333 3823 1375 non

594 1418 715 1458 esse
741 1404 807 1459 ad
836 1406 1048 1462 virtutis
1078 1408 1418 1463 exercitium.

670 1522 749 1580 Vl.
782 1524 1011 1581 Bomilia
1042 1537 1192 1582 sexta
1224 1528 1403 1582 habita
1434 1540 1516 1583 est
1543 1530 1594 1583 in
1631 1529 1861 1585 ecclesia
1894 1530 2215 1585 Sanctorum
2251 1532 2630 1603 Apostolorum
2664 1534 2717 1588 iu
2753 1532 2841 1587 die
2869 1531 3158 1586 Theodosii
3205 1528 3577 1600 Imperatoris,
3640 1536 3829 1581 contra

590 1627 687 1669 eos
713 1616 803 1685 qui
836 1630 895 1672 se
925 1616 1192 1675 Catharos
1216 1621 1329 1676 sive
1358 1619 1530 1676 Puros
1562 1622 1847 1677 vocabant.
1886 1622 2328 1695 Chrysostomus,
2358 1636 2641 1697 postquam
2677 1628 2783 1682 duo
2831 1624 2920 1679 alii
2958 1624 3195 1695 episcopi
3230 1622 3539 1678 conciouati
3597 1620 3832 1683 fuerant,

590 1706 732 1761 hanc
762 1708 899 1763 dixit
930 1710 1227 1766 homiliam.

662 1797 847 1856 Primo
874 1801 1063 1859 ambos
1102 1803 1385 1874 episcopos
1420 1804 1621 1871 laudat,
1662 1821 1894 1875 quorum
1927 1806 2064 1865 alter
2102 1808 2308 1876 iunior,
2372 1809 2568 1879 inquit,
2624 1811 2774 1865 senis
2804 1810 3153 1879 gravitatem,
3210 1808 3347 1861 alter
3378 1822 3566 1873 senex,
3597 1804 3833 1876 junioris

591 1892 828 1960 v?gorem
859 1908 969 1965 pra:
995 1908 1053 1948 se
1092 1895 1319 1951 ferebat.
1352 1895 1556 1952 Deinde
1585 1898 1950 1955 Theodosium
1985 1898 2235 1969 Magnum
2272 1902 2517 1956 laudibus
2548 1900 2727 1966 etIert,
2760 1901 2915 1969 cujus
2947 1902 3063 1956 dies
3103 1909 3233 1954 ttmc
3267 1900 3677 1966 celebrabatur;
3719 1900 3834 1953 dies

593 2002 785 2057 nempe
812 1995 871 2042 ut
898 1988 1188 2044 verisimile
1211 1999 1295 2045 est
1323 1992 1517 2047 mortis
1542 1990 1679 2056 ejus,
1714 1994 1803 2061 qui
1838 1992 2087 2047 Januarii
2123 1992 2334 2048 decimo
2365 1994 2596 2063 septimo
2641 1994 2727 2048 die
2761 1994 3009 2063 contigit.
3070 1993 3223 2049 Unde
3250 1993 3500 2063 arguitur
3563 1994 3701 2047 hanc
3732 1990 3832 2044 ho-

593 2078 794 2133 inlitam
824 2095 1011 2136 mense
1048 2079 1309 2136 Januario
1348 2083 1473 2137 anni
1506 2083 1611 2138 399
1642 2085 1840 2139 dictam
1875 2085 2059 2142 fuisse.
2117 2086 2452 2142 Theodosius
2486 2097 2664 2141 autem
2702 2101 2845 2141 anno
2898 2085 3004 2141 595
3036 2086 3271 2141 obierat.
3324 2085 3481 2140 Hunc
3533 2087 3831 2155 imperato-

594 2188 707 2228 rem
735 2171 973 2228 celebrat
1004 2172 1094 2229 ille
1122 2190 1151 2227 a
1184 2174 1381 2243 pietate
1410 2184 1463 2228 et
1491 2190 1518 2228 a
1559 2174 1818 2243 victoriis,
1858 2191 1993 2247 quas
2021 2178 2323 2247 opitulante
2361 2178 2470 2232 Deo
2514 2177 2699 2231 retulit
2751 2178 2817 2231 de
2862 2178 3108 2248 tyrannis
3154 2174 3391 2230 Maximo
3445 2183 3498 2230 et
3558 2176 3821 2246 Eugenio.

592 2269 734 2337 Quis
762 2268 850 2321 ille
877 2266 1155 2332 victorias,
1188 2270 1355 2324 tacito
1389 2278 1740 2340 tyrannorum
1772 2272 2013 2336 nomine,
2047 2272 2118 2326 ita
2156 2270 2347 2337 refert,
2382 2281 2441 2326 ut
2472 2273 2539 2326 ah
2568 2271 2689 2326 aliis
2715 2271 2957 2326 historias
2997 2269 3359 2339 scriptoribus
3382 2278 3700 2325 narrantur.

663 2359 891 2415 llomilia
927 2374 1055 2415 vero
1080 2360 1229 2416 istaec
1268 2361 1322 2415 in
1354 2362 1530 2417 medio
1561 2378 1752 2433 magna
1784 2364 1868 2418 sui
1904 2372 2056 2433 parte
2101 2365 2288 2420 mutila
2314 2373 2418 2428 est,
2449 2366 2518 2418 ita
2560 2374 2615 2417 ut
2664 2362 3067 2433 quamplurima
3100 2376 3286 2417 eorum
3335 2376 3453 2431 qua:
3504 2373 3690 2415 contra
3720 2360 3831 2416 Ca-

594 2454 779 2509 tbaros
804 2468 896 2509 seu
926 2452 1255 2509 Novatianos
1278 2455 1614 2520 dicebantur,
1659 2456 2031 2511 interciderint
2057 2472 2122 2513 ac
2154 2458 2439 2528 perierint.
2498 2455 2781 2511 Novatiani
2816 2466 2994 2510 autem
3037 2466 3161 2509 tunc
3196 2453 3667 2522 Constantinoimli
3715 2468 3829 2507 mi:-

590 2562 699 2612 guo
724 2560 947 2602 numero
972 2556 1147 2612 erant,
1183 2547 1489 2617 episcopum
1520 2561 1629 2602 sum
1664 2556 1825 2603 secta:
1858 2548 2182 2617 peculiarem
2220 2547 2521 2609 habebant,
2558 2561 2622 2600 ac
2648 2560 2769 2600 sese
2797 2543 3091 2616 καθαρούς,
3116 2558 3209 2599 seu
3240 2560 3424 2612 puros,
3468 2532 3841 2613 appellabant,

593 2656 695 2709 qua
735 2642 802 2696 de
824 2655 984 2696 causa
1020 2640 1141 2696 illos
1168 2639 1432 2695 acerrime
1466 2639 1783 2709 perstringit
1812 2640 2250 2713 Chrysostomus,
2289 2648 2346 2693 tit
2366 2640 2419 2693 in
2443 2639 2675 2693 hotniliae
2704 2638 2809 2693 [ine
2836 2638 3039 2692 videas.

662 2731 789 2787 Post
818 2732 965 2787 illam
997 2740 1183 2787 contra
1226 2730 1490 2786 Catharos
1535 2730 1835 2796 homiliam,
1879 2732 1932 2785 in
1964 2730 2161 2786 Codice
2189 2727 2449 2783 Vaticano
2476 2729 2720 2798 sequitur
2751 2728 2970 2782 humilia
3002 2726 3154 2797 cujus
3181 2726 3387 2793 titulus,
3425 2727 3686 2783 Adversus
3731 2746 3820 2784 eos

589 2826 676 2891 qui
704 2825 774 2877 ad
796 2825 1127 2895 hippodromi
1157 2834 1204 2877 et
1233 2824 1558 2879 theatrorum
1592 2824 1892 2893 spectacula
1920 2841 1976 2879 se
1998 2824 2294 2893 conferunt.
2330 2822 2492 2893 Cujus
2522 2822 2733 2875 initium
2765 2830 2867 2885 est,
2898 2818 3141 2872 lla'cciue
3161 2821 3413 2889 ferenda?
3442 2821 3671 2873 Ita'ccz'ne
3703 2822 3829 2874 tole-

592 2920 758 2973 randa
783 2920 808 2973 .’
836 2919 974 2973 vobis
996 2918 1133 2972 enim
1168 2919 1293 2986 ipsis
1346 2917 1610 2985 iudicibus
1637 2929 1821 2971 contra
1854 2934 1941 2972 vos
1970 2918 2047 2971 uti
2074 2918 2212 2972 uolo.
2271 2916 2449 2986 Quam
2484 2916 2749 2972 edidimus
2797 2925 2931 2971 tum.
2969 2914 3057 2980 Vl,
3106 2928 3161 2983 p.
3205 2913 3334 2979 272,
3388 2930 3454 2971 ex
3500 2915 3832 2974 Coisliniano

592 3013 792 3067 tlodice
827 3010 1200 3080 desumplam:
1235 3009 1461 3079 ideoque
1495 3010 1638 3063 illam
1677 3010 1765 3066 hic
1810 3010 2307 3080 prmtermittimus.
3486 3078 3487 3081 η

668 3102 865 3158 Verum
896 3103 1023 3171 quia
1060 3100 1372 3156 inbomiliae
1408 3116 1563 3157 nona:
1594 3104 1877 3170 sequentis
1912 3103 2092 3165 titulo,
2132 3111 2188 3156 et
2219 3102 2270 3155 iu
2305 3102 2415 3169 ipsa
2450 3099 2667 3184 homilia
2703 3115 2865 3162 nona,
2898 3097 3066 3151 multa
3104 3099 3373 3154 habentur
3405 3116 3525 3170 quae
3558 3103 3622 3154 ad
3668 3104 3825 3157 istam

589 3197 867 3252 homiliam
902 3196 1230 3259 referuntur,
1265 3196 1352 3250 hic
1387 3197 1693 3251 necessario
1738 3198 1985 3267 quaedam
2026 3197 2091 3251 de
2130 3195 2288 3266 hujus
2332 3195 2564 3250 humilia:
2600 3194 2887 3249 occasione
2923 3194 3095 3260 deque
3143 3193 3263 3247 aliis
3304 3195 3656 3263 quisbusdam
3695 3198 3830 3251 refe-

590 3292 779 3345 renda.
2126 3362 2139 3365 _

664 3384 819 3437 Anno
852 3382 981 3449 399,
1018 3391 1299 3454 postquam
1334 3398 1499 3437 unum
1526 3382 1635 3451 jam
1670 3398 1872 3436 annum
1904 3384 1955 3435 in
1981 3384 2293 3453 episcopatu
2323 3396 2575 3438 emensus
2607 3392 2727 3435 erat
2776 3380 3226 3453 Chrysostomus,
3277 3382 3563 3435 ordinatus
3625 3397 3816 3449 nempe

587 3489 728 3529 anno
761 3474 887 3540 398,
922 3476 993 3531 26
1024 3474 1336 3535 Februarii;
1367 3474 1502 3529 feria
1555 3488 1745 3542 quarta
1798 3475 2149 3530 ltebdomadtc
2196 3483 2566 3544 s'anctaa,quae
2624 3472 2756 3528 feria
2818 3489 2961 3528 anno
3016 3474 3126 3529 590
3188 3474 3461 3529 incidebat
3510 3474 3561 3527 iu
3620 3484 3830 3527 sextam

587 3569 809 3636 Aprilis,
842 3579 949 3623 tarn
981 3570 1169 3639 ingens
1191 3568 1366 3637 pluvia
1398 3567 1619 3633 decidit,
1644 3578 1702 3621 tit
1737 3579 1909 3621 metus
1944 3577 2091 3622 esset
2130 3582 2197 3623 ne
2239 3567 2352 3637 agri
2388 3568 2818 3631 devastarentur,
2856 3581 3170 3635 messesque
3214 3580 3403 3619 omnes
3457 3565 3507 3619 in
3536 3567 3831 3634 perniciem

591 3672 832 3716 ruerent.
891 3660 1028 3715 lliuc
1056 3676 1265 3729 preces,
1295 3660 1715 3729 supplicationes
1736 3670 1789 3715 et
1818 3660 2108 3725 λιτανεῖαι,
2138 3675 2231 3713 seu
2285 3659 2679 3729 processioues.
2736 3658 2989 3727 episcopo
3008 3658 3150 3712 duce
3200 3666 3251 3712 et
3305 3666 3417 3711 toto
3465 3670 3831 3711 concurrente

588 3760 783 3827 populo
811 3758 874 3811 ad
906 3757 1189 3811 ecclesiam
1226 3757 1625 3826 Apostolorum.
1682 3757 1809 3812 Post
1850 3759 1987 3825 btec,
2022 3757 2194 3811 imbre
2225 3767 2492 3820 cessante,
2536 3758 2773 3809 necdum
2798 3756 3011 3810 sublata
3048 3756 3357 3819 formidine,
3407 3755 3629 3823 traiecto
3684 3756 3828 3809 navi-

588 3854 689 3905 hus
731 3852 992 3919 Bosporo,
1021 3851 1087 3903 ad
1116 3849 1398 3905 ecclesiam
1430 3850 1527 3905 SS.
1562 3850 1707 3905 Petri
1730 3861 1785 3905 et
1804 3850 1979 3913 Pauli,
2008 3852 2058 3904 in
2090 3850 2334 3918 opposita
2378 3851 2543 3904 maris
2574 3864 2665 3903 ora
2696 3852 2877 3916 sitam,
2904 3866 3027 3904 cum
3065 3850 3321 3918 episcopo
3371 3859 3513 3903 totus
3541 3857 3714 3903 C(Bltls
3746 3863 3835 3904 ae-

587 3948 778 4003 currit.
834 3947 945 4001 lloc
1002 3946 1266 4017 perfuncti
1300 3947 1536 4016 periculo
1574 3946 2149 4017 Constantitmpolitani
2204 3947 2465 4016 plerique,
2504 3963 2606 3999 una
2662 3957 2864 3998 tantum
2919 3946 3232 4013 interposita
3290 3944 3395 4006 die,
3452 3958 3642 4011 nempe
3704 3941 3831 3996 l'eria

587 4042 771 4108 quinta
810 4040 861 4093 in
890 4041 1051 4095 Cinna
1080 4040 1309 4105 Domini,
1343 4055 1465 4093 cum
1500 4040 1551 4092 in
1578 4038 1879 4093 Parasccvc
1908 4039 2015 4092 lttdi
2049 4046 2338 4107 equestres
2368 4038 2725 4108 agitarentur,
2756 4036 2887 4090 nihil
2936 4048 3191 4091 curantes
3227 4037 3368 4091 diem
3428 4035 3569 4088 illam
3625 4050 3833 4089 sacram

590 4132 655 4185 ad
684 4133 786 4185 hoc
815 4132 1179 4200 spectaculum
1212 4142 1589 4194 occurrerunt,
1618 4133 1832 4184 interim
1873 4132 2263 4201 ingemiscentc
2303 4132 2554 4199 domique
2577 4134 2799 4183 sedente
2821 4129 3251 4199 Citrysostomo;
3292 4130 3403 4182 imo
3438 4130 3522 4182 die
3550 4139 3830 4197 sequente,

591 4239 783 4291 nempe
811 4224 1047 4280 Sabbato
1080 4234 1287 4289 sancto,
1321 4226 1386 4277 ad
1418 4224 1708 4278 theatrales
1737 4224 1888 4277 ludos
1918 4239 1977 4277 se
2007 4222 2372 4285 contulerunt,
2408 4224 2495 4276 ubi
2528 4222 2831 4276 meretricia
2865 4232 3021 4275 erant
3061 4221 3394 4291 spectacula,
3432 4236 3553 4290 quae
3585 4220 3827 4289 singula-

592 4321 685 4371 tim
716 4330 770 4373 et
798 4320 1011 4388 egregie
1052 4320 1290 4388 depingit
1315 4319 1737 4390 Clirysostumus
1761 4321 1810 4373 in
1839 4324 1941 4373 ista
1972 4319 2252 4382 concione,
2288 4319 2375 4373 ubi
2399 4319 2449 4371 in
2476 4317 2918 4387 prrevaricatores
2946 4314 3250 4382 huiusmodi
3285 4313 3606 4384 gravissime
3630 4313 3833 4365 invehi-

592 4422 700 4474 tur,
733 4413 1060 4482 demumque
1093 4414 1144 4467 in
1176 4414 1296 4468 illos
1326 4414 1885 4467 “communicationis
1917 4414 2242 4467 sententiam
2279 4413 2618 4481 pronuntiat,
2651 4410 2745 4465 sed
2791 4410 3177 4464 comminando
3212 4419 3443 4473 tantum,
3486 4418 3543 4459 ut
3587 4415 3739 4475 puto,
3782 4416 3834 4457 et

590 4512 647 4555 ut
672 4502 867 4558 ibidem
900 4504 1142 4573 pluribus
1178 4507 1310 4560 dixi.

659 4614 815 4672 Circa
846 4619 985 4672 diem
1014 4634 1115 4687 qua
1147 4620 1257 4675 haec
1286 4623 1472 4676 concio
1503 4623 1641 4675 dicta
1676 4622 1796 4686 fuit,
1830 4621 2031 4689 aliquid
2069 4614 2402 4675 difficultatis
2439 4622 2567 4674 mihi
2595 4620 2774 4675 offerri
2804 4620 3104 4674 videbatur.
3172 4619 3311 4671 Dixit
3368 4616 3454 4671 ille
3490 4618 3540 4669 in
3578 4614 3835 4669 concione

590 4722 710 4763 ante
740 4721 842 4763 tres
872 4711 983 4763 dies
1019 4711 1181 4765 imber
1208 4714 1407 4781 ingens.
1472 4714 1647 4770 imber
1676 4727 1855 4769 autem
1888 4697 1975 4769 iile
2002 4714 2138 4769 feria
2170 4724 2358 4783 quarta
2395 4714 2614 4783 majoris
2642 4714 2990 4767 hebdomadas
3025 4712 3254 4776 dccidit;
3293 4710 3423 4765 feria
3458 4710 3646 4777 quinta
3690 4706 3817 4760 nihil

589 4815 922 4858 memoratur
951 4807 1235 4873 incidisse;
1274 4807 1403 4859 l'ct‘io
1435 4819 1585 4859 sexta
1623 4808 1673 4859 in
1708 4807 2003 4860 Parasceve
2030 4808 2093 4858 ad
2121 4806 2273 4859 ludos
2307 4806 2578 4859 circenses
2621 4808 2753 4858 itum
2786 4816 2891 4871 est,
2927 4805 3164 4859 Sahbalo
3198 4807 3261 4855 ad
3295 4801 3580 4855 theatralis
3617 4810 3833 4869 Specta-

592 4895 747 4963 cula;
774 4896 843 4950 ita
878 4908 934 4951 ut
974 4898 1191 4951 homilia
1230 4900 1376 4953 istaec
1413 4898 1552 4949 dicta
1587 4896 1755 4950 fuisse
1784 4898 2005 4950 omnino
2036 4898 2284 4951 videatur
2319 4896 2595 4951 Dominica
2646 4895 3084 4951 Resurrcctiouis
3128 4894 3368 4947 Dontini.
3406 4892 3599 4946 Verum
3630 4894 3856 4961 aliquid-

594 4998 719 5041 tunc
749 4989 894 5041 dubii
929 5004 1011 5041 me
1057 4990 1380 5051 incessebat,
1433 5004 1548 5048 cur,
1580 4987 1625 5041 si
1653 4988 1767 5042 dies
1795 4986 2076 5041 Paschalis
2107 4997 2267 5052 esset,
2304 5004 2369 5041 ue
2404 4990 2623 5043 verbum
2684 4986 2896 5055 quidem
2948 4991 3012 5041 de
3070 4987 3335 5041 l’ascbate
3389 4984 3570 5038 faciat.
3634 4984 3833 5038 Verum

588 5080 703 5148 jam
734 5079 877 5133 nulla
915 5079 1207 5135 difﬁcultas
1242 5090 1507 5149 superest,
1550 5094 1671 5133 cum
1710 5080 1761 5133 in
1794 5080 1949 5134 titulo
1972 5081 2203 5133 homiliaz
2234 5096 2390 5135 nouae
2439 5080 2735 5147 sequentis,
2770 5090 2823 5133 et
2853 5080 2903 5133 in
2966 5079 3187 5133 humilia
3252 5079 3364 5147 ipsa
3418 5077 3630 5131 dicatur
3694 5078 3834 5130 diem

596 5174 745 5227 illum
776 5173 828 5225 in
860 5187 966 5241 quo
1008 5183 1117 5225 tam
1153 5174 1393 5243 graviter
1417 5173 1533 5227 illos
1561 5172 1887 5227 circensiqu
1916 5181 1969 5225 et
2001 5170 2343 5224 theatralium
2377 5170 2624 5223 ludorum
2654 5180 2990 5235 spectatores
3036 5171 3335 5222 insectatus
3361 5179 3463 5234 est,
3498 5168 3832 5221 Dominicam

594 5264 786 5329 fuisse,
819 5274 981 5334 atque
1011 5264 1143 5317 adeo
1166 5266 1307 5318 diem
1336 5264 1771 5319 Rcsurrectionis
1794 5263 1999 5316 Domini
2026 5282 2039 5318 :
2070 5278 2230 5331 quam
2262 5264 2383 5316 ideo
2403 5278 2505 5315 non
2532 5262 2974 5315 commemoravit
3000 5260 3446 5330 Chrysostomns,
3472 5261 3612 5329 quod
3646 5272 3833 5314 contra

598 5369 933 5431 spectatores
964 5360 1080 5415 illos
1106 5363 1339 5431 graviter
1367 5377 1662 5417 succensus
1688 5371 1853 5425 esset,
1882 5362 2135 5431 illamque
2164 5375 2275 5415 rem
2309 5361 2462 5413 unice
2491 5360 2753 5429 cogitaret
2786 5358 2881 5427 (ὁ).

597 5632 617 5678 ἶ
660 5567 729 5625 (ιι)
766 5565 957 5635 Mittit,
990 5567 1155 5614 nescio
1188 5566 1365 5627 quibus
1390 5568 1631 5615 rationum
1658 5565 1924 5616 momentis
1946 5568 2143 5619 ductus.
2169 5566 2291 5619 hanc
2321 5562 2569 5612 lmmiliam
2604 5569 2713 5625 post
2736 5561 3084 5624 Septembrem
3123 5574 3343 5607 mentem
3372 5559 3484 5607 anni
3510 5560 3601 5607 598
3629 5561 3843 5609 habitam

619 5633 746 5677 nixae
774 5637 1066 5678 SUSDlt‘alUT.
1314 5676 1321 5678 .

619 5633 746 5677 uisse
774 5633 1066 5689 suspicatur.

598 5778 632 5827 Ι.
661 5716 732 5823 ιιι).
756 5714 1045 5773 Matthteius,
1072 5718 1153 5777 qui
1184 5718 1341 5764 locum
1373 5715 1584 5767 homiliw
1608 5722 1755 5768 aliter
1790 5720 2044 5778 intelligit,
2076 5719 2335 5765 contendit
2366 5715 2613 5765 homiliam
2639 5720 2805 5765 contra
2843 5711 3031 5757 theatra
3065 5709 3278 5757 habitam
3308 5709 3459 5757 fuisse
3488 5708 3698 5756 Subitam
3729 5716 3842 5757 auio

638 5792 713 5824 av
740 5796 795 5822 ιιιΔ

638 5792 795 5824 ἰΙΝΓΙιᾸΙΔ
