4118 6328
262 352 356 401 δῗιᾎ
1720 347 1884 398 MUNI

1905 347 1982 395 I‘U
1996 347 2060 396 at.
3426 330 3531 374 “‘9

326 461 428 516 \‘ll.
472 460 702 517 Iloniilia
735 464 961 533 septima
992 464 1043 518 in
1075 463 1304 519 ecclesia
1340 462 1557 517 Sanctte
1589 460 1892 532 Anastasize
1919 457 2103 512 liahita
2138 454 2273 521 fuit,
2310 454 2397 508 ubi
2430 454 2840 514 modicuscrat,
2876 449 3051 514 inquit
3080 445 3190 508 ille,
3222 442 3529 495 umidarum

260 569 535 618 numerus,
574 569 750 623 neque
783 566 965 610 tamen
1008 555 1127 609 ideo
1156 553 1531 623 conqueritur,
1591 552 1683 608 sed
1710 550 2019 619 exemplum
2052 546 2414 603 Samaritana:
2444 544 2639 599 nﬂ’crt:
2693 558 2855 611 quam
2910 540 3036 593 licet
3076 550 3242 590 unam
3292 541 3530 623 tantum,

257 648 375 718 quia
414 656 594 701 tamen
626 622 879 702 audiendi
914 648 1096 701 studio
1121 622 1389 712 fervebat,
1435 646 1594 715 longo
1630 655 1870 714 tempore
1897 642 2210 712 nlloquutus
2237 648 2320 695 est
2343 638 2618 694 Christus.
2670 635 2871 690 Deinde
2899 648 3026 688 vero
3066 629 3310 702 pluribus
3352 622 3533 695 expli-

260 748 341 794 cat
362 738 493 809 quid
521 739 624 794 sibi
664 738 793 793 velit
823 738 1042 803 Paulus,
1076 754 1200 794 cum
1234 740 1332 804 ait,
1374 737 1453 793 De
1485 736 1892 805 conﬁrmatione
1917 733 2214 801 Evangelii,
2247 740 2301 787 et
2333 734 2385 785 in
2418 732 2505 786 his
2535 732 2845 785 orationem
2877 726 3100 782 claudit.

325 827 477 882 Dicta
508 827 685 883 fuisse
716 829 931 884 videtur
959 827 1075 885 base
1108 828 1331 884 ltomilia
1367 828 1421 883 in
1456 827 1795 885 hebdomada
1833 825 2155 880 Pascbatis:
2188 839 2313 878 nam
2365 823 2458 893 qui
2493 821 2752 877 hotnilias
2798 819 2961 874 hasce
2995 816 3050 871 in
3105 817 3227 884 ipso
3291 820 3543 877 tempore

259 920 564 989 colligebat,
606 931 667 976 ut
697 936 763 977 ex
796 921 967 977 titulis
994 922 1325 978 concionum
1357 919 1811 991 deprehenditur,
1841 918 1933 972 illo
1959 934 2071 987 quo
2101 918 2427 972 dicebantur
2450 905 2643 969 ordine
2677 927 2775 967 eas
2803 909 3116 977 descripsit.

326 1010 464 1067 VIII.
502 1011 737 1067 Homilia
782 1024 973 1070 octava
1027 1028 1143 1069 rem
1193 1027 1422 1084 prorsus
1470 1012 1747 1069 insolitam
1786 1010 1941 1065 nobis
1969 1010 2194 1064 exhibet
2246 1016 2411 1073 atque
2448 1006 2775 1060 inauditam.
2829 1000 2983 1055 Tunc
3024 998 3357 1056 Gotthorum
3412 1013 3541 1068 pars

260 1106 518 1172 maxima,
555 1108 647 1176 qui
676 1106 759 1161 vel
782 1104 1255 1175 Constantinopoli
1278 1104 1362 1160 vel
1385 1103 1592 1160 circum
1626 1109 1803 1159 erant.
1832 1098 2201 1153 Ariauismum
2233 1097 2607 1150 sectabantur.
2644 1091 2816 1145 Erant
2869 1103 3047 1147 tamen
3078 1088 3356 1145 Catholici
3404 1104 3543 1159 gen—

260 1202 323 1255 tis
351 1198 597 1266 ejusdem
628 1213 733 1252 non
761 1198 940 1268 pauci.
1002 1195 1137 1252 Cum
1179 1206 1362 1252 autem
1403 1195 1457 1250 in
1513 1193 1802 1249 ecclesiam
1840 1190 2031 1245 Sancti
2078 1186 2232 1243 Pauli
2267 1185 2681 1248 convenissent,
2728 1182 2897 1252 jussit
2945 1182 3373 1250 Chrysostomus
3399 1177 3540 1235 Got-

260 1296 375 1348 thos
403 1292 607 1362 aliquot
637 1292 755 1347 loca
782 1293 1028 1363 quadam
1050 1290 1481 1360 Scripturarum,
1515 1305 1638 1361 quae
1673 1288 1725 1343 in
1749 1286 2060 1343 Gotthicam
2095 1284 2336 1353 linguam
2372 1295 2656 1336 converse
2688 1280 2925 1339 fuerant,
2957 1275 3212 1331 Gutthice
3245 1275 3450 1345 legere,
3486 1285 3542 1330 et

258 1394 440 1451 postea
466 1384 723 1440 Gottbum
749 1386 1128 1455 presbyterum
1161 1384 1420 1441 Cotthice
1453 1376 1792 1439 conciOnari.
1826 1380 1937 1435 Cur
1963 1389 2146 1434 autem
2178 1378 2249 1431 ita
2272 1375 2501 1443 jusserit
2534 1373 2670 1428 satis
2695 1372 2944 1427 declarat
2988 1372 3041 1425 in
3072 1370 3340 1439 concione
3367 1384 3533 1438 quam

260 1476 372 1544 ipse
395 1475 743 1531 continenter
764 1485 886 1544 post
915 1475 1175 1531 Gotthum
1208 1475 1590 1547 presbyterum
1625 1472 1817 1528 eadem
1849 1471 1903 1525 in
1947 1469 2179 1526 ecclesia
2210 1466 2438 1533 habuit;
2498 1475 2559 1520 ut
2598 1464 2852 1520 videlicet
2911 1463 3135 1519 Grmcos
3187 1461 3546 1533 philosophos

257 1580 558 1636 eorumque
586 1566 869 1637 religionis
894 1580 1178 1635 sequaces,
1217 1574 1271 1620 et
1302 1563 1519 1620 Judteos
1553 1576 1772 1632 quoque
1801 1558 2010 1630 pudore
2034 1558 2407 1616 sull'underct:
2442 1555 2587 1625 quod
2615 1555 2741 1609 dum
2778 1554 2853 1607 illi
2887 1554 3137 1609 veritatis
3199 1551 3377 1607 lucem
3436 1568 3540 1606 re-

260 1664 539 1725 spuerent,
581 1657 822 1711 barbarae
850 1672 947 1726 per
993 1664 1162 1711 totum
1198 1658 1388 1710 orbem
1435 1654 1684 1709 nationes
1744 1652 1859 1707 sole
1906 1649 2253 1721 fulgidiorem
2293 1646 2572 1718 Evangelii
2629 1645 2807 1700 lucem
2856 1644 3340 1713 amplecterentur.
3376 1644 3541 1701 Addit

259 1744 420 1798 etiam
449 1760 599 1811 eum,
630 1747 720 1817 qui
752 1747 803 1802 iit
840 1745 1019 1801 Veteri
1057 1745 1409 1803 Testamento
1436 1746 1644 1816 primus
1678 1756 1909 1800 vocatus
1935 1743 2057 1809 fuit,
2084 1759 2281 1814 nempe
2306 1743 2709 1807 Abrahamum,
2743 1741 3038 1796 barbarum
3072 1740 3242 1796 fuisse
3270 1741 3323 1794 itt
3358 1742 3539 1795 medio

260 1833 612 1890 barbarorum
653 1847 988 1905 versantem;
1040 1837 1303 1893 barbaros
1326 1852 1544 1908 quoque
1577 1837 1747 1893 fuisse
1791 1836 1921 1891 illos
1944 1838 2037 1907 qui
2088 1835 2298 1893 Christi
2330 1845 2511 1893 ortum
2582 1836 2744 1905 primi
2800 1833 3226 1901 annuntiarunt,
3281 1832 3545 1887 nimirutu

261 1941 470 1997 magos,
499 1930 589 1999 qui
619 1945 686 1985 ex
717 1928 940 1985 Oriente
972 1939 1252 1985 venerant.

326 2018 453 2077 Hac
482 2033 663 2077 autem
693 2024 891 2078 concio
920 2021 1102 2078 habita
1152 2022 1255 2075 fuit
1290 2022 1341 2076 in
1371 2020 1602 2077 ecclesia
1634 2018 1693 2075 S.
1735 2020 1891 2075 Pauli
1942 2021 2085 2075 intra
2119 2016 2513 2073 hebdomadam
2546 2013 2835 2070 Paschalis
2863 2012 3062 2067 festum
3119 2014 3547 2081 subsequentem

259 2122 313 2168 et
348 2128 449 2185 per
481 2125 758 2178 octavam,
800 2126 857 2169 ut
907 2130 972 2170 ex
1014 2116 1297 2183 sequentis
1328 2115 1565 2169 homiliae
1616 2114 1794 2177 titulo,
1844 2115 1914 2169 ab
1959 2128 2025 2169 et)
2054 2113 2146 2183 qui
2180 2113 2266 2166 his
2299 2110 2660 2168 couciouihus
2710 2108 2901 2167 aderat
2935 2107 3243 2178 praemisso,
3274 2106 3539 2175 liquidum

258 2215 338 2260 est
364 2223 379 2273 ;
407 2206 682 2276 etiamque
709 2206 1068 2262 conﬁrmatur
1096 2208 1412 2276 exiisquae
1444 2207 1601 2261 initio
1638 2208 1877 2261 homilia:
1910 2206 2500 2276 scquentisdicuntur.

330 2302 544 2358 Etenim
581 2319 701 2357 cum
737 2303 856 2357 illus
883 2303 1201 2374 gravissime
1232 2304 1548 2372 pupugisset
1584 2303 1826 2373 ipsisque
1864 2302 2173 2356 molestiam
2205 2308 2449 2355 creasset
2489 2299 2540 2353 in
2574 2313 2639 2353 ea
2678 2298 2924 2364 bomilia,
2967 2314 3131 2367 quam
3164 2298 3217 2353 in
3249 2296 3535 2382 Dominica

268 2393 707 2450 Resttrrectionis
734 2394 941 2451 Christi
971 2398 1261 2459 habuerat,
1295 2411 1360 2451 eo
1390 2396 1536 2466 quod
1575 2398 1627 2449 in
1659 2396 1747 2450 die
1776 2395 2108 2469 Parasceves
2136 2403 2184 2448 et
2232 2394 2285 2447 in
2316 2393 2561 2448 Sabbato
2617 2402 2811 2447 sancto
2848 2392 2915 2446 ad
2956 2393 3235 2447 circenses
3268 2400 3325 2445 et
3380 2391 3537 2444 thea-

260 2483 423 2539 trales
465 2483 619 2539 ludos
650 2500 711 2540 se
736 2485 1122 2551 contulissent,
1158 2486 1267 2542 imo
1290 2486 1881 2541 excommunicationis
1926 2482 2280 2550 sententiam,
2318 2482 2512 2538 saltem
2554 2485 3058 2549 comminatoriam,
3092 2484 3145 2538 in
3180 2482 3301 2538 illos
3352 2492 3543 2553 protu-

261 2574 449 2630 lisset:
484 2576 560 2630 illi
592 2587 770 2630 tamen
806 2588 1012 2647 postea,
1046 2592 1103 2632 re
1129 2592 1317 2633 secum
1350 2577 1498 2633 serio
1539 2592 1829 2648 perpensa,
1858 2593 1962 2630 non
1997 2576 2117 2630 sine
2139 2591 2303 2631 causa
2341 2591 2401 2632 se
2442 2576 2648 2630 acriter
2681 2576 2964 2645 itnpetitos
2987 2574 3469 2638 fuissevidentes,
3496 2586 3551 2628 et

259 2668 408 2738 plura
442 2668 526 2723 bis
551 2670 619 2726 de
656 2671 817 2725 rebus
846 2671 1036 2726 audire
1075 2671 1384 2740 cupientes,
1420 2671 1488 2725 ad
1524 2670 1777 2741 Magnam
1816 2669 2146 2735 Ecclesiam,
2180 2678 2240 2724 ut
2279 2668 2530 2725 concioui
2584 2666 2938 2733 interforent,
2979 2667 3187 2739 ingenti
3232 2681 3465 2722 numero
3495 2683 3556 2724 se

257 2765 559 2821 roiitulere.
591 2766 792 2823 Verum
821 2768 1016 2825 accidit
1051 2780 1107 2825 ut
1141 2769 1232 2825 illo
1263 2770 1372 2837 die,
1406 2785 1603 2839 nempe
1632 2769 1909 2824 Dominica
1949 2776 2073 2837 post
2108 2766 2344 2833 Pascha,
2389 2767 2610 2840 quidam
2652 2768 2871 2825 adesset
2900 2782 2963 2820 ex
2995 2764 3212 2822 Galatia
3236 2764 3550 2834 episcOpus.

258 2863 341 2916 vir
368 2874 483 2917 tum
510 2878 579 2919 ex
605 2875 906 2931 senectute,
942 2876 1053 2920 tum
1084 2882 1151 2920 ex
1180 2866 1306 2921 aliis
1338 2865 1505 2920 animi
1532 2864 1751 2919 dotibus
1774 2864 2145 2924 venerandus.
2180 2864 2266 2918 cui
2292 2863 2659 2920 concinnandi
2692 2865 2865 2920 vicem
2892 2862 3326 2935 Chrysostomus
3352 2860 3543 2918 cessit:

257 2957 401 3028 quod
432 2941 715 3013 auditores
737 2959 1019 3028 aegerrime
1048 2958 1260 3014 tulere:
1290 2972 1505 3013 summo
1535 2957 1679 3012 enim
1712 2956 2092 3029 Chrysostomi
2135 2970 2196 3011 se
2234 2956 2431 3011 iterum
2460 2957 2770 3028 carpentis,
2830 2958 2943 3011 imo
2989 2955 3267 3021 secantis,
3313 2963 3374 3008 ut
3434 2953 3553 3024 ipse

257 3055 355 3118 ait,
389 3054 646 3108 audiendi
679 3053 955 3108 desiderio
989 3055 1336 3109 tenebantur.

334 3150 908 3221 IXQuapropterille
938 3150 1240 3214 Dominica,
1276 3160 1329 3202 ut
1384 3149 1609 3204 credere
1660 3160 1761 3213 est,
1815 3149 2091 3221 sequenti,
2154 3148 2396 3205 secunda
2460 3147 2722 3204 videlicet
2772 3158 2896 3218 post
2944 3148 3182 3212 Pascha.
3212 3149 3267 3202 in
3309 3146 3553 3203 Ecclesia

258 3246 450 3316 Magna
480 3245 799 3299 concionem
834 3246 973 3300 hanc
1010 3244 1220 3307 hahuit,
1253 3244 1341 3296 ubi
1368 3246 1553 3299 statim
1581 3244 1927 3300 auditoribus
1958 3244 2283 3315 gratulatur,
2327 3242 2472 3313 quod
2494 3242 2623 3299 licet
2645 3254 2756 3298 tam
2786 3245 3029 3314 graviter
3052 3244 3265 3314 excepti
3324 3243 3377 3295 in
3408 3258 3544 3297 con-

260 3341 419 3395 cione
447 3339 536 3392 illa
569 3336 864 3395 Dominica:
900 3339 1359 3405 Resurrectionis,
1397 3349 1506 3393 tam
1539 3341 1815 3394 ferventer
1848 3351 1902 3394 et
1930 3350 2079 3395 tanto
2110 3354 2342 3394 numero
2368 3340 2567 3393 iterum
2599 3349 2973 3410 compareant.
3009 3339 3147 3393 Tum
3175 3354 3298 3395 sese
3319 3345 3551 3393 excusat

259 3436 402 3501 (μιοά
432 3432 710 3489 Dominica
752 3434 1076 3504 prarcedenti
1109 3435 1365 3503 episcopo
1397 3434 1627 3490 Galatia:
1666 3436 1869 3491 seniori
1905 3435 2265 3491 concionandi
2323 3435 2503 3491 locum
2546 3436 2809 3503 cesserit;
2866 3435 3173 3504 iterumque
3203 3450 3394 3492 contra
3446 3435 3558 3491 cir—

258 3544 453 3585 censes
484 3530 658 3596 ludos,
702 3531 921 3587 etiamsi
955 3531 1141 3586 mitius
1179 3533 1625 3602 moderatlusque
1652 3533 1913 3602 loquitur,
1952 3548 2177 3602 remque
2214 3532 2394 3602 tangit
2424 3531 2649 3585 omnino
2688 3531 3097 3601 deplorandam,
3142 3547 3265 3602 qua:
3301 3530 3555 3585 hesterna

258 3624 344 3677 die
385 3623 438 3677 in
474 3623 830 3694 hippodromo
868 3626 1192 3694 contigerat,
1227 3635 1280 3679 et
1304 3625 1373 3678 ab
1399 3624 1704 3692 hujusmodi
1743 3626 1886 3681 ludis
1917 3624 2052 3681 alios
2083 3635 2338 3681 avertere
2379 3625 2633 3680 debebat.
2673 3624 2906 3690 Quidam
2944 3623 3115 3689 enim,
3144 3624 3238 3695 qui
3290 3623 3560 3694 postridie

258 3738 487 3778 uxorem
520 3725 780 3779 ducturus
818 3734 958 3789 erat,
989 3726 1113 3777 dum
1151 3740 1273 3777 cum
1311 3724 1433 3780 aliis
1468 3727 1788 3782 cursoribus
1834 3736 2183 3782 concertaret
2227 3728 2586 3797 interceptus,
2636 3726 2940 3782 miserabili
2997 3740 3128 3781 casu
3177 3726 3361 3795 capite
3408 3734 3560 3778 trun-

256 3831 437 3884 catus,
473 3830 529 3874 et
567 3820 825 3875 extremis
863 3822 1120 3876 membris
1145 3822 1413 3876 abscissis
1436 3822 1504 3875 ibi
1540 3833 1836 3879 manserat.
1908 3822 2108 3878 Deinde
2137 3825 2373 3894 explicat
2424 3822 2554 3877 illud
2589 3820 2871 3893 Evangelii
2908 3822 3141 3887 dictum,
3209 3818 3372 3874 Pater
3412 3834 3562 3873 meus

256 3928 421 3982 usque
451 3913 607 3965 modo
639 3922 904 3979 operatur,
941 3922 985 3965 et
1021 3929 1115 3981 ego
1144 3930 1352 3979 oneror,
1379 3916 1680 3984 probatque
1708 3915 1901 3968 Filium
1930 3916 2191 3985 atqualem
2218 3931 2341 3971 esse
2362 3914 2533 3970 Patri.

325 4004 395 4058 Χ.
441 4003 671 4057 llutuilia
707 4004 910 4057 decima
950 4005 1130 4058 hahita
1163 4005 1261 4057 fuit
1295 4005 1345 4059 iu
1375 4007 1604 4060 ecclesia
1638 4008 1879 4076 Apostoli
1915 4008 2015 4079 (a),
2053 4019 2343 4078 postquam
2392 4025 2561 4064 senex
2618 4009 2840 4079 quidam
2875 4009 3168 4077 episcopus
3210 4016 3339 4062 ante
3390 4006 3562 4078 Chry-

256 4110 564 4154 sostomum
596 4100 948 4153 conciouatus
982 4099 1190 4155 fuerat:
1227 4102 1482 4171 quodque
1517 4104 1920 4160 observandum
1951 4120 2061 4172 est,
2098 4107 2246 4161 illum
2281 4121 2491 4174 senem,
2532 4117 2586 4162 et
2618 4123 2678 4162 se
2704 4107 2963 4176 juvenem
2996 4115 3179 4171 vocat,
3213 4106 3318 4160 etsi
3346 4120 3412 4158 ex
3442 4106 3562 4157 vul-

256 4190 372 4259 gari
409 4188 673 4257 opinione
700 4203 902 4242 annum
935 4188 1007 4242 52
1036 4190 1146 4257 jam
1178 4206 1436 4245 emensus
1468 4207 1588 4246 erat
1622 4194 1721 4263 (lt).

329 4282 424 4336 XI.
468 4280 760 4335 Undecima
794 4294 1085 4352 quoqueet
1126 4295 1398 4354 postrema
1468 4288 1689 4343 homilia
1728 4291 1870 4345 dicta
1904 4293 2005 4346 fuit
2039 4308 2067 4345 a
2104 4293 2499 4362 Chrysostomo
2531 4295 2644 4364 (die
2685 4294 2814 4350 festi
2855 4294 3340 4363 Macltahreorum),
3404 4303 3555 4364 post-

258 4388 421 4441 quam
457 4387 623 4428 senex
658 4376 875 4443 qnidam
900 4377 1255 4430 cuncionatus
1298 4377 1490 4431 fuerat.
1550 4379 1604 4434 Id
1638 4381 1812 4450 ipsum
1851 4398 1993 4452 saepe
2028 4384 2298 4449 videmus,
2328 4386 2465 4440 duas
2494 4401 2687 4455 nempe
2726 4395 2780 4440 ct
2815 4386 3111 4454 aliquando
3146 4394 3255 4439 tres
3307 4382 3560 4438 homilias

258 4467 613 4523 continenter
638 4469 903 4522 haberiin
936 4473 1126 4524 eadem
1161 4472 1388 4525 ecclesia
1426 4484 1479 4525 et
1510 4473 1701 4528 eodem
1755 4477 2009 4532 audiente
2066 4480 2287 4549 populo.
2349 4479 2405 4534 In
2466 4482 2567 4537 hac
2621 4490 2805 4537 autem
2862 4484 2974 4551 agit
3008 4480 3437 4551 (ihrysostomus
3494 4481 3561 4535 de

258 4563 528 4618 Eleazaro
556 4575 610 4618 et
644 4563 707 4617 de
726 4563 1069 4633 Machabteis,
1105 4582 1241 4637 quos
1274 4570 1465 4638 prohat
1492 4570 1577 4624 ille
1602 4586 1699 4638 pro
1731 4570 1951 4628 Christo
1983 4590 2171 4644 passos
2205 4578 2391 4632 fuisse.

318 4789 391 4852 (α)
420 4787 709 4858 ﬁattbazius
736 4790 1425 4858 contenditillamltomiliam
1461 4782 1681 4858 habitam
1720 4791 1881 4858 fuisse,
1910 4792 2206 4858 inecclesia
2224 4794 2265 4858 _A
2278 4793 2626 4858 pos_tolorum,_
2656 4789 2706 4840 id
2733 4805 2794 4858 ex
2826 4804 2888 4840 eo
2906 4792 3191 4858 conjicietts
3217 4793 3355 4858 quod
3392 4791 3442 4839 in
3467 4794 3525 4840 αι-

256 4850 404 4900 cursu
435 4850 831 4917 illiusdicatur;
862 4853 935 4917 Ad
970 4854 1312 4911 Apostolorum
1339 4852 1740 4917 tltccusvenimus
1773 4857 1901 4911 (Col.
1932 4853 2152 4903 526.1232.
2180 4850 2289 4914 54)]
2326 4855 2463 4903 Idem
2493 4870 2551 4902 ex
2580 4852 2653 4902 his
2686 4855 2868 4910 verbis,
2898 4852 2970 4902 lis
2998 4850 3106 4917 qua!
3128 4850 3278 4917 hodie
3300 4854 3423 4903 lectu
3448 4868 3553 4903 Sinti

258 4910 672 4985 (ωηερε-μακά..
693 4912 742 4969 9,
770 4914 862 4985 337)
896 4910 1065 4985 demtis
1090 4926 1318 4977 operam,
1346 4929 1457 4985 quae
1482 4914 1686 4985 ibidem,
1711 4910 1823 4985 post
1846 4918 2036 4985 aliquot
2065 4919 2225 4985 lineas
2246 4910 2504 4985 leguntur,
2532 4930 2631 4985 quo
2650 4924 2797 4985 temp
2822 4930 2887 4964 .re
2924 4910 3139 4985 immitia
3166 4914 3335 4985 habita
3375 4918 3554 4985 luerit.

257 4974 536 5024 concludit.
568 4988 587 5020 ι
616 4974 759 5029 Hinc.
788 4976 965 5037 inquit,
994 4974 1184 5024 constat
1216 4988 1313 5037 quo
1340 4974 1420 5024 die.
1448 4981 1573 5025 hanc
1616 4974 1869 5027 honiiliam
1902 4974 2133 5027 habuerit
2170 4993 2179 5023 :
2220 4974 2449 5027 nimirum
2488 4974 2741 5027 tricesimo
2768 4974 2966 5027 'ntensis
3006 4980 3163 5026 .lutiii.
3205 4979 3273 5027 Et)
3307 4981 3439 5027 enim
3475 4980 3556 5025 die

258 5038 553 5086 celebratur
576 5042 813 5085 memoria
839 5052 903 5087 xit
926 5040 1279 5099 apostolorum.
1311 5037 1517 5100 Legitur
1540 5048 1708 5089 autem
1744 5039 1916 5089 Matth.
1946 5040 2001 5100 9,
2027 5043 2089 5088 56
2125 5037 2190 5088 ad
2241 5042 2316 5100 10,
2348 5045 2395 5089 8.
2441 5042 2492 5090 Id
2531 5042 2647 5089 mihi
2689 5049 2861 5090 notum
2896 5050 2974 5089 est
3006 5054 3067 5089 ex
3096 5040 3387 5100 Synaxatiis
3423 5043 3534 5089 (ira:

261 5112 450 5147 corum.
482 5114 501 5147 )

321 5162 392 5221 (b)
425 5162 704 5231 l’erperam
730 5161 835 5231 haec
860 5167 1035 5211 notant
1057 5161 1390 5231 Benedictini,
1414 5177 1523 5213 cum
1560 5163 1609 5213 in
1629 5165 1726 5231 _hac
1754 5165 1956 5231 liomilia
1987 5162 2270 5231 minimese
2290 5167 2530 5226 juvenem
2554 5171 2715 5231 vocet,
2738 5165 2830 5231 sed
2858 5167 3147 5227 epist-opum
3173 5165 3257 5226 qui
3281 5165 3397 5214 ante
3420 5163 3559 5212 illum

261 5232 367 5273 erat
394 5223 744 5283 coucionatus,
767 5223 1006 5285 juvenem
1030 5226 1173 5273 simul
1198 5232 1250 5273 ct
1273 5237 1445 5274 senem
1474 5240 1584 5276 esse
1612 5227 1759 5286 dicat,
1795 5228 1887 5276 sub
1912 5228 2098 5289 duplici
2123 5223 2319 5277 scilicet
2344 5234 2575 5290 respectu
2602 5229 2749 5277 animi
2776 5236 2825 5278 et
2849 5223 3091 5290 corporis.
