4118 6328
262 348 358 414 ωι
898 347 919 404 ῐ
957 346 1260 418 llOMlLlA,
1299 346 1486 418 QUOD
1526 346 1999 417 FREQUENTER
2036 345 2579 407 CONVENIENDUB!
2618 347 2750 416 SIT,
2792 347 2949 405 ETC.

3474 349 3581 406 Ui“:

258 504 3572 555 W

1279 652 1484 728 SA-N
1485 652 1667 725 ΟΤΙ
1722 650 2119 726 PATRIS
2161 650 2553 725 NOSTBI

660 822 1518 977 JOANNIS
1627 821 1854 975 Cf

1943 817 3190 989 RYSOSTOMI.

1137 1047 1746 1118 ARCHIEPISCOPI
1800 1045 2757 1117 CONSTANTINOPOLITANI
2778 1094 2797 1125 ,

258 1213 527 1261 IOIIUA
593 1214 831 1261 ΕΔΙΙΤΔ
894 1214 961 1260 ιιι
1023 1213 1361 1260 ιλιτηιο
1420 1211 1563 1257 IIVI
1627 1210 1695 1254 IN
1760 1209 1854 1255 BC!

1943 1208 2059 1255 ιειΑ
2081 1237 2098 1266 ,
2144 1211 2290 1266 QUB
2350 1212 2468 1258 EST
2491 1215 2553 1259 IN
2578 1212 2865 1266 ΔιιτιρυΑ
2887 1212 3006 1259 εει]
3031 1214 3270 1261 νετκιιι
3303 1210 3513 1255 PE‘I'BA
3544 1238 3563 1267 ,

331 1318 435 1363 ιηιι
478 1316 668 1362 PAUC!
704 1316 787 1361 OB
834 1316 1169 1361 DELAPSAK
1212 1313 1502 1359 PLUVIAI
1546 1310 2025 1357 CONVENBBAN‘I‘
2070 1313 2086 1354 ἓ

2142 1310 2318 1366 QUOD
2373 1313 2807 1369 ηερωιιιηι
2847 1313 3359 1359 (ΞΟΝΥΒΝΙΕΝΒῸΗ
3412 1313 3563 1369 SIT;

330 1421 543 1475 ιιερῠις
586 1420 924 1467 ονοιιτιςη
976 1419 1092 1467 EOS
1144 1418 1255 1476 QUI
1296 1417 1364 1468 IN
1420 1413 1722 1461 ποωτιε
1780 1411 1944 1459 SUNT
2014 1414 2100 1459 DE
2144 1414 2389 1463 ειιυπ
2441 1415 2843 1474 υκενειιηιι,
2907 1414 3026 1460 εει)
3083 1414 3559 1463 Ροειιιτιειιτιιιιι

317 1524 668 1573 IXBIBKIK.

1530 1665 2249 1722 ————m——-———-

314 1783 487 1841 Imber
519 1792 565 1841 et
588 1782 748 1840 lutum
777 1782 1012 1855 plurimis
1042 1798 1105 1838 ne
1133 1782 1186 1837 in
1215 1782 1480 1838 ecclesiam
1513 1780 1839 1839 convenirent

246 1891 396 1931 mea
425 1875 547 1947 fuit.
569 1874 796 1943 —Quid
824 1874 928 1929 hoc
964 1875 1087 1930 est?
1110 1888 1233 1930 cum
1264 1880 1539 1944 oporteret
1569 1870 1732 1928 hodie
1761 1880 1845 1927 to-

246 1975 349 2027 tam
376 1966 657 2023 civitatem
691 1965 907 2034 adesse,
939 1980 1008 2022 ne
1048 1965 1273 2021 minima
1299 1964 1517 2036 quidem
1552 1973 1679 2034 pars
1711 1976 1845 2017 con-

245 2060 432 2118 venit?
474 2060 557 2115 An
604 2059 835 2116 fortasse
872 2058 1043 2115 lutum
1082 2070 1136 2115 et
1178 2058 1359 2129 pluvia
1405 2058 1459 2114 in
1498 2072 1659 2113 causa
1700 2054 1844 2112 fuit?

246 2154 425 2223 Apage
454 2169 470 2207 :
502 2165 609 2207 non
630 2150 933 2219 lutum,sed
953 2150 1178 2222 ignavus
1203 2148 1585 2221 demissusque
1603 2147 1839 2203 animus.

243 2246 410 2319 Quam
439 2246 585 2306 enim
613 2248 823 2303 veniam
854 2255 1257 2317 consequantur
1303 2246 1337 2301 ii
1378 2245 1468 2317 qui
1506 2258 1613 2299 non
1642 2258 1841 2298 conve-

244 2346 454 2403 nerunt,
498 2338 713 2407 quando
757 2347 1025 2411 martyres
1050 2336 1268 2409 quidem
1292 2336 1462 2408 ipsam
1508 2335 1673 2391 vitam
1703 2348 1838 2389 con-

245 2441 614 2500 tempserunt;
642 2430 719 2486 illi
750 2447 878 2487 vero
906 2440 963 2486 ιιι
1010 2433 1278 2497 venirent,
1307 2444 1377 2487 ne
1418 2428 1590 2484 lutum
1617 2426 1837 2498 quidem

239 2525 521 2597 despicere
556 2525 674 2579 ausi
695 2533 824 2580 sunt
846 2524 871 2578 ?
894 2524 1178 2593 Quomodo
1206 2524 1395 2580 beatos
1426 2537 1525 2577 vos
1546 2519 1835 2594 praedicem

239 2616 328 2693 qui
355 2614 727 2685 convenistis?
755 2630 863 2686 quo
890 2625 1048 2686 pacto
1091 2615 1218 2671 illus
1265 2615 1496 2670 miseros
1524 2612 1833 2677 ostendam,

242 2718 347 2763 tntn
374 2708 445 2763 ob
469 2707 793 2774 absentiam,
819 2716 930 2762 tum
961 2708 1031 2763 ob
1057 2706 1318 2764 absentia:
1358 2705 1622 2762 causam?
1651 2703 1834 2759 Palam

239 2799 378 2853 enim
403 2810 487 2854 est
514 2799 656 2865 illos,
698 2799 1049 2855 smcularihus
1086 2799 1233 2855 euris
1257 2797 1470 2863 aftixos,
1498 2807 1553 2853 et
1586 2796 1838 2867 pecunia-

240 2904 354 2948 rum
392 2907 600 2959 amoreI
641 2892 730 2963 qui
756 2891 937 2948 omnia
977 2891 1311 2963 pessumdat,
1343 2890 1721 2948 vehementius
1750 2889 1837 2945 in-

238 2999 452 3054 censos,
492 3000 525 3040 a
577 2986 831 3055 prmclara
877 2984 978 3041 hac
1024 2984 1317 3043 festivitate
1364 2985 1578 3045 abesse.
1633 2983 1833 3040 Verum

236 3074 447 3135 etiamsi
472 3074 671 3140 absint,
702 3076 1066 3135 necessarium
1096 3085 1273 3139 tamen
1303 3092 1402 3138 nec
1427 3076 1524 3135 abs
1550 3091 1613 3132 re
1632 3085 1716 3133 est
1740 3076 1838 3131 ab-

235 3172 425 3233 sentes
447 3164 646 3243 alloqui
677 3183 692 3222 :
722 3166 853 3222 nihil
880 3166 1102 3223 dubium
1141 3168 1341 3241 quippe
1369 3176 1451 3224 est
1473 3208 1487 3233 ,
1518 3182 1615 3223 eos
1644 3166 1760 3223 hzec
1802 3182 1832 3220 a

235 3254 392 3319 vobis
447 3273 589 3313 nunc
644 3259 1000 3329 praesentibus
1042 3259 1320 3320 audituros
1346 3274 1469 3319 esse
1498 3278 1511 3315 :
1540 3259 1830 3335 Quousque

236 3349 352 3406 htec
375 3350 722 3422 pecuniarum
744 3350 923 3408 rabies
941 3351 966 3406 ?
983 3367 1264 3426 quousque
1291 3352 1483 3410 fornax
1514 3354 1685 3421 istzec,
1714 3370 1835 3425 qua:

237 3456 528 3513 numquam
569 3442 951 3515 exstinguitur,
984 3445 1165 3501 omnia
1217 3445 1420 3507 invadit
1456 3454 1515 3503 et
1553 3446 1835 3503 incendit?

235 3533 457 3591 nescitis
486 3534 625 3591 hanc
651 3534 924 3591 ﬂammam
954 3536 1131 3608 ignem
1163 3537 1315 3594 illum
1342 3539 1832 3611 inexstinguibilem

236 3625 466 3693 parere?
494 3625 635 3681 hanc
660 3626 838 3683 tabem
865 3643 1102 3685 vermem
1134 3628 1283 3685 illum
1327 3630 1473 3686 virus
1503 3630 1833 3702 iaculantem

234 3717 627 3788 generare?Si
667 3727 848 3776 autem
887 3720 1192 3799 gehennam
1238 3722 1495 3795 despicis,
1540 3739 1642 3782 nec
1671 3726 1832 3787 verba

236 3810 423 3866 istlmc
457 3812 697 3867 animum
744 3821 893 3869 tuum
932 3824 1296 3883 commovent,
1325 3831 1392 3877 eo
1440 3818 1583 3891 quod
1621 3819 1831 3890 suppli-

234 3902 375 3957 cium
405 3902 458 3957 in
489 3903 727 3965 futurum
777 3905 1058 3972 mittatur;
1086 3908 1278 3963 saltem
1312 3908 1596 3979 prementia
1643 3910 1695 3965 id
1736 3911 1831 3970 tibi

233 3992 515 4060 suadeant.
568 3997 764 4050 Annon
818 3997 969 4053 scitis
1018 3998 1235 4071 qualem
1286 4000 1517 4057 fructum
1552 4001 1835 4081 (n)_amor

233 4087 477 4154 pecunia
520 4102 695 4161 nuper
743 4089 1095 4148 exhibuerit?
1137 4108 1317 4149 annon
1346 4093 1571 4166 hujusce
1601 4098 1677 4157 rei
1712 4114 1830 4154 mo-

234 4187 491 4235 numenta
541 4180 614 4234 ob
658 4181 848 4238 oculos
904 4182 1149 4240 habetis?
1192 4200 1372 4243 annon
1421 4197 1604 4244 manet
1652 4189 1831 4248 adhuc

232 4270 364 4324 tanti
396 4270 548 4325 exitii
578 4271 1013 4331 demonstratio?
1040 4276 1182 4339 Urbs
1225 4287 1334 4334 tota
1369 4280 1529 4352 plena
1574 4291 1659 4338 est
1698 4286 1829 4339 tanti

231 4360 497 4432 naufragii
525 4364 802 4435 reliquiis:
836 4378 889 4422 et
913 4383 1252 4442 quocumque
1277 4372 1439 4427 etiam
1468 4376 1655 4446 procul
1678 4376 1829 4433 abie-

230 4450 323 4516 ris,
351 4453 503 4522 quasi
533 4455 653 4509 navi
695 4472 887 4528 magna
933 4459 1201 4527 demersa,
1234 4462 1372 4519 alius
1400 4465 1659 4532 tabulam,
1693 4469 1831 4529 alius

228 4558 464 4611 remum,
495 4546 633 4603 alius
659 4550 856 4615 velum,
887 4552 1023 4609 alius
1054 4556 1385 4612 sarcinarum
1420 4570 1623 4628 partem
1662 4578 1829 4633 penes

227 4652 287 4694 se
319 4648 503 4695 servat
551 4652 605 4696 et
654 4644 962 4702 circumfert
991 4663 1005 4701 :
1040 4650 1109 4703 ita
1141 4650 1299 4721 igitur
1340 4652 1502 4711 etiam
1537 4655 1587 4709 in
1616 4671 1701 4721 ea,
1735 4660 1828 4735 qui

227 4745 404 4799 nuper
446 4733 662 4797 accidit,
710 4738 1012 4804 eversione,
1054 4740 1190 4796 alius
1234 4742 1418 4811 domo,
1470 4746 1606 4801 alius
1657 4733 1825 4823 agris,

224 4823 365 4878 alius
399 4827 702 4896 mancipiis,
733 4829 869 4884 alius
895 4845 1138 4903 argento,
1167 4837 1304 4890 alius
1336 4839 1627 4895 aurointer
1657 4857 1716 4896 se
1742 4843 1820 4898 di—

223 4915 493 4979 stributis,
526 4918 688 4972 latum
736 4921 1030 4979 exhibuere
1067 4926 1391 4983 calamitatis
1429 4933 1822 4999 spectaculum,

223 5006 631 5078 effeceruntque
658 5021 714 5065 ut
738 5017 1107 5071 concussionis
1138 5018 1333 5089 ubique
1366 5034 1709 5077 monumenta
1741 5026 1827 5079 di-

224 5110 632 5170 spergerentur.
662 5104 727 5157 Et
770 5106 907 5160 a!ius
956 5108 1170 5178 quidem
1202 5110 1477 5167 insomnes
1522 5117 1827 5187 transigens

221 5200 437 5258 noctes,
478 5204 601 5256 mm
630 5203 709 5250 tot
760 5208 974 5265 peccata
1017 5216 1081 5256 ex
1116 5201 1207 5255 tali
1256 5202 1488 5259 habendi
1534 5209 1827 5277 cupiditate

221 5285 644 5351 accumulasset,
673 5288 835 5344 domo
880 5300 935 5347 et
982 5293 1115 5348 urbe
1146 5295 1335 5351 relicta
1366 5297 1626 5368 fugitivus
1678 5313 1827 5355 extra

222 5376 352 5430 ﬁnis
399 5391 459 5431 se
498 5379 744 5447 contulit,
777 5383 937 5437 rebus
965 5384 1029 5438 ad
1064 5385 1263 5442 victum
1294 5392 1617 5448 necessariis
1648 5395 1828 5463 priva-

220 5479 348 5532 tus;
378 5480 433 5525 et
458 5472 700 5540 quotidie
722 5488 782 5527 se
811 5484 1054 5532 extremo
1088 5480 1327 5547 periculo
1346 5482 1557 5550 videns,
1585 5486 1823 5555 gladios,

220 5562 507 5618 carnifices
528 5573 585 5619 et
614 5564 865 5621 barathra
897 5568 1215 5639 imaginaris,
1237 5574 1384 5630 mille
1410 5578 1670 5633 mortibus
1700 5594 1825 5649 gra-

287 5721 636 5800 (rt)4_l-‘met_um‘
666 5725 1281 5800 nuneappelnlatexitlnm
1314 5733 1554 5800 Eutropii,
1593 5740 1673 5800 qui
1714 5749 1829 5790 ante

219 5784 313 5893 1:35
348 5784 457 5835 dies
496 5788 581 5835 vix
626 5789 821 5849 triginta
858 5784 920 5835 ex
962 5791 1152 5853 fastigio
1190 5809 1276 5845 suo
1318 5784 1481 5849 l'uerat'
1512 5784 1824 5858 ’d'etbrbatuvs‘.

274 5864 406 5897 ΔῘῘΕ.

1949 1782 2156 1838 viorem
2182 1781 2347 1836 vitam
2380 1778 2528 1836 ducit
2556 1796 2570 1834 :
2598 1779 2687 1835 alii
2736 1794 2866 1836 veru
2900 1779 3021 1850 ejus
3061 1779 3220 1837 bonis
3256 1789 3311 1837 et
3340 1792 3562 1852 posses.

1947 1873 2194 1929 siouibus
2227 1872 2501 1936 fruuntur,
2530 1880 2587 1929 et
2614 1873 2705 1944 qui
2755 1870 2961 1943 pridem
3020 1871 3098 1928 illi
3151 1872 3514 1928 adulahantur
3537 1914 3554 1938 ,

1951 1980 2095 2021 nunc
2137 1964 2238 2036 ipsi
2270 1964 2495 2021 insidias
2522 1972 2760 2021 struunt.
2790 1966 2872 2021 An
2906 1963 3024 2020 hac
3054 1979 3162 2020 non
3194 1965 3328 2021 satis
3358 1965 3561 2021 fuerint

1949 2058 2033 2114 vel
2056 2056 2125 2113 ad
2148 2073 2296 2123 eum,
2310 2060 2406 2130 qui
2427 2059 2572 2114 omni
2600 2074 2764 2114 sensu
2785 2069 2990 2125 careat,
3011 2058 3080 2114 ad
3098 2074 3287 2114 sanam
3317 2067 3554 2116 mentem

1948 2150 2554 2210 reducendunﬁVeuun
2569 2162 2691 2225 post
2714 2160 2919 2208 tantam
2940 2152 3173 2224 plagam,
3199 2164 3319 2224 post
3351 2163 3554 2215 tantam

1950 2251 2352 2313 tempestatem,
2386 2252 2505 2313 post
2533 2251 2734 2297 tantam
2772 2245 3149 2311 eversionem,
3184 2252 3307 2315 post
3351 2254 3557 2306 tantam

1947 2343 2001 2388 et
2034 2334 2196 2389 talem
2224 2334 2602 2399 mutationem,
2632 2349 2755 2405 qua:
2782 2343 2910 2391 ante
2937 2334 3129 2390 oculos
3170 2336 3386 2402 accidit,
3435 2352 3558 2408 qua:

1948 2444 2055 2483 non
2079 2438 2207 2485 ante
2236 2437 2379 2487 totos
2405 2428 2622 2500 triginta
2646 2428 2764 2484 dies
2792 2427 3004 2484 invecta
3032 2440 3115 2484 est
3143 2428 3244 2502 (α),
3265 2437 3413 2485 tanta
3433 2446 3554 2489 rur-

1945 2537 2038 2577 sus
2064 2522 2268 2578 insania
2299 2524 2537 2595 correpti
2586 2524 2765 2589 estis;
2796 2533 2853 2579 et
2893 2540 3057 2595 quam
3109 2524 3345 2592 veniam,
3392 2541 3555 2596 quam

1943 2615 2353 2671 excusationem
2397 2616 2732 2673 habueritis?
2763 2616 2947 2687 Neque
3002 2626 3213 2672 tantum
3270 2617 3551 2683 insanitis,

1944 2705 2037 2761 sed
2068 2722 2135 2763 ne
2167 2707 2271 2761 huc
2295 2707 2515 2779 quidem
2556 2709 2835 2774 acceditis,
2861 2718 2918 2764 ut
2960 2709 3064 2766 hoc
3104 2708 3384 2767 ediscatis.
3418 2710 3556 2767 Nam

1944 2800 2197 2856 absentes
2236 2802 2458 2872 perinde
2503 2812 2667 2874 atque
2721 2816 3020 2873 przesentes
3069 2804 3359 2875 alloquor,
3385 2806 3556 2861 multo

1942 2902 2265 2963 aggravatus
2298 2910 2557 2960 maerore,
2579 2895 2722 2966 quod
2755 2913 2853 2953 nec
2894 2897 3199 2953 futurorum
3241 2910 3420 2966 metu,
3453 2916 3556 2958 nec

1946 2985 2289 3054 praesentium
2335 2989 2715 3057 experimento
2744 2989 3000 3045 meliores
3029 2992 3262 3047 evadant
3290 3009 3305 3059 ;
3336 2994 3433 3049 sed
3463 3010 3553 3050 ra-

1944 3078 2174 3147 pientes,
2212 3080 2454 3135 avaritia:
2481 3082 2939 3153 studentes,quasi
2968 3101 3185 3141 vermes
3214 3087 3268 3141 in
3294 3088 3420 3142 limo
3444 3090 3556 3143 sol-

1942 3170 2278 3225 llcitudinum
2310 3172 2621 3242 hujusmodi
2658 3176 2915 3252 congerie
2946 3176 3228 3248 intercepti
3256 3188 3311 3233 ct
3339 3177 3552 3247 infossi,

1943 3279 2011 3319 ne
2062 3263 2230 3319 semel
2263 3266 2481 3339 quidem
2516 3267 2568 3321 in
2600 3266 2938 3324 hebdomada
2982 3268 3089 3325 huc
3130 3273 3424 3329 convenire
3453 3288 3553 3327 cu-

1941 3366 2086 3423 rant,
2121 3368 2177 3411 ut
2199 3359 2281 3412 vel
2302 3358 2405 3413 hoc
2425 3358 2657 3427 discant,
2678 3376 2787 3432 quo
2812 3376 3010 3433 nempe
3039 3364 3089 3417 in
3135 3374 3278 3419 statu
3313 3365 3551 3434 jaceant:

1939 3448 2051 3505 Ceu
2078 3448 2307 3520 quadam
2334 3451 2641 3522 phrenitide
2661 3453 2883 3519 detenti,
2907 3454 3006 3526 ipsi
3024 3455 3241 3526 quidem
3259 3472 3552 3515 nossenon

1941 3551 2168 3613 possunt
2212 3542 2488 3613 quomodo
2519 3544 2754 3610 valeant,
2788 3545 2883 3601 sed
2917 3546 3143 3603 medicis
3168 3565 3307 3619 opus
3349 3549 3552 3606 habent

1939 3634 2031 3714 qui
2065 3633 2189 3688 illos
2210 3632 2279 3689 ab
2302 3633 2509 3689 insania
2543 3635 2777 3693 liberent
2808 3656 2821 3692 :
2853 3638 2931 3694 sic
2961 3638 3123 3693 etiam
3146 3641 3237 3715 qui
3264 3641 3355 3699 illa
3380 3657 3551 3713 pecu-

1941 3710 2153 3780 niarum
2179 3726 2330 3782 rabie
2354 3726 2564 3783 detenti
2603 3737 2751 3795 sunt,
2782 3729 2903 3786 aliis
2933 3710 3251 3788 doctoribus
3276 3710 3415 3807 opus
3457 3734 3556 3791 ha-

1941 3816 2090 3883 bent,
2122 3828 2177 3872 ut
2208 3833 2267 3873 se
2289 3818 2439 3875 rabie
2459 3831 2741 3891 correptos
2757 3836 2879 3878 esse
2905 3823 3097 3880 saltem
3126 3824 3320 3882 sciant.
3344 3827 3555 3887 Idcirco

1940 3910 2175 3965 maxime
2206 3910 2353 3982 ipsos
2381 3926 2534 3983 rogo,
2578 3928 2677 3968 oro
2701 3928 2767 3969 ac
2817 3914 3084 3985 deprecor
3108 3959 3124 3985 ,
3151 3917 3219 3974 ad
3247 3935 3348 3975 nos
3396 3936 3553 3979 acce-

1938 4000 2091 4067 dant,
2117 4012 2171 4057 et
2200 4003 2350 4059 verbi
2377 4003 2666 4074 pharmaca
2697 4006 2987 4077 accipiant.
3010 4007 3127 4064 Non
3157 4019 3242 4067 est
3268 4027 3436 4083 penes
3464 4031 3553 4072 me

1940 4092 2145 4148 ferrum
2174 4105 2415 4162 acutum,
2449 4096 2543 4153 sed
2570 4107 2651 4153 est
2682 4098 2911 4154 verbum
2948 4099 3092 4155 ferro
3122 4104 3544 4172 penetrabilius:

1943 4202 2049 4242 non
2097 4199 2183 4245 est
2220 4205 2385 4267 penes
2431 4207 2519 4246 me
2549 4191 2710 4263 ignis,
2761 4207 2864 4250 nec
2907 4194 3364 4254 medicamentum
3406 4204 3551 4272 quod

1939 4281 2285 4349 mordeat,et
2330 4284 2439 4338 vim
2482 4283 2795 4341 afferatsed
2822 4295 2951 4342 sunt
2980 4288 3141 4344 verba
3195 4290 3339 4346 ferro
3388 4294 3556 4351 vehe-

1940 4374 2229 4441 mentiora,
2258 4391 2377 4451 qua:
2405 4377 2523 4432 sine
2549 4376 2739 4433 dolore
2766 4376 3089 4434 medicinam
3117 4380 3366 4439 all‘erant.

2010 4465 2066 4518 Ξ.
2108 4466 2215 4519 Cur
2244 4480 2372 4538 ergo
2400 4467 2577 4522 resilis
2597 4510 2612 4536 ,
2643 4468 2731 4523 dic
2761 4468 2889 4523 mihi
2912 4511 2926 4535 ,
2965 4486 3067 4526 nec
3095 4482 3298 4527 tantam
3323 4474 3544 4545 quidem

1938 4569 2037 4625 pro
2085 4558 2299 4621 anima,
2347 4568 2605 4630 quantam
2652 4574 2751 4628 pro
2784 4575 2950 4618 carne
2978 4562 3204 4619 adhibes
3248 4580 3435 4623 curam
3489 4580 3546 4626 et

1938 4650 2395 4706 sollicitudinem?
2436 4652 2612 4709 Carne
2645 4671 2881 4725 namque
2916 4659 3136 4716 malese
3165 4661 3418 4731 habente,
3454 4681 3548 4736 pc-

1937 4742 2123 4797 cunias
2154 4744 2448 4814 expendis;
2477 4756 2533 4804 et
2571 4745 2619 4802 si
2662 4747 2857 4803 fwnori
2889 4750 3022 4806 dare
3050 4763 3333 4824 oporteat,
3363 4759 3547 4813 omnia

1937 4836 2215 4907 profundis
2256 4838 2323 4893 ad
2372 4839 2613 4896 medicos
2659 4841 3005 4902 advocandus
3050 4846 3325 4919 impensas
3370 4849 3545 4909 facis:

1937 4931 1982 4985 si
2017 4931 2089 4984 illi
2122 4946 2311 4994 secare
2354 4945 2407 4989 et
2441 4950 2599 4995 urere
2626 4936 2815 5003 velint,
2846 4953 2969 4993 cum
3019 4955 3212 5011 magna
3266 4942 3547 5004 alacritate

1939 5039 2135 5094 corpus
2165 5025 2349 5093 offers,
2382 5036 2439 5080 ut
2469 5027 2641 5097 ipsum
2666 5046 2764 5101 pro
2786 5031 2955 5087 lubito
2980 5043 3193 5088 curent.
3223 5034 3419 5093 Anima
3446 5054 3550 5096 au-

1936 5127 2047 5175 tem
2076 5118 2349 5173 vermibus
2380 5130 2622 5177 seatente
2643 5165 2659 5188 ,
2705 5124 2793 5180 dic
2824 5125 2993 5196 mihi,
3028 5144 3133 5182 non
3177 5132 3393 5187 accedis
3430 5149 3551 5189 ser—

1939 5225 2153 5263 monem
2187 5211 2493 5280 auditurus,
2516 5215 2605 5284 qui
2638 5216 2815 5273 tabem
2848 5219 2993 5274 illam
3022 5234 3286 5295 expurget
3316 5244 3327 5279 :
3354 5237 3410 5282 et
3435 5227 3539 5283 hoc

2000 5366 2073 5444 (ᾳ)
2109 5367 2201 5418 Hie
2240 5368 2391 5444 locus,
2418 5384 2569 5444 sensu
2594 5371 2884 5444 allegorice,
2919 5377 2985 5428 de
3021 5378 3246 5443 Eutmpii
3268 5383 3428 5444 ruina,
3454 5399 3553 5435 non

1935 5428 2000 5501 de
2026 5428 2176 5493 terra:
2200 5440 2333 5505 motu
2368 5428 2684 5505 accipiendas
2831 5428 3023 5495 Erravit
3047 5428 3557 5505 induaiidaiét’aiéa;

1937 5492 2066 5565 nius,
2091 5492 2219 5565 cum,
2247 5500 2446 5565 tempus
2476 5492 2685 5565 delinire
2717 5500 2888 5553 volens
2919 5492 3018 5565 quo
3041 5492 3554 5560 hmé'homilia‘babitia

1941 5562 2104 5613 esset,
2133 5556 2261 5626 illam
2286 5556 2674 5626 descriptionem
2699 5576 2848 5612 sensu
2876 5556 3085 5615 naiurali
3122 5556 3542 5622 intellectam};

1938 5620 2163 5728 ﬁrmanti,
2190 5620 2294 5669 loco
2326 5620 2652 5684 usurpaverit.
2679 5627 2765 5674 Sic
2799 5627 2947 5687 igitur
2982 5631 3366 5684 ratiocinandum
3404 5620 3515 5683 erat
3538 5650 3549 5686 :

1959 5695 1967 5709 ⁴
2017 5682 2199 5728 erDiUS
2219 5683 2265 5728 in
2284 5682 2489 5728 exilium
2514 5695 2653 5728 actus
2678 5696 2749 5728 ρει
2815 5703 2941 5728 annn
2963 5691 3056 5728 390
3126 5695 3217 5728 ςιιῆ
3242 5692 3388 5728 ﬁnem
3416 5710 3549 5728 n1.)n-

1959 5682 2199 5749 sutrOpius
2218 5683 2265 5749 in
2284 5682 2489 5749 exilium
2514 5695 2653 5739 actus
2678 5696 2755 5738 est
2778 5728 2789 5743 .
2815 5682 2941 5738 anno
2963 5691 3056 5739 599
3078 5728 3090 5749 ,
3124 5682 3217 5744 sub
3242 5692 3389 5743 ﬁnem
3416 5682 3550 5747 men;

1938 5745 2006 5820 siis
2022 5743 2225 5820 Augusti
2256 5759 2268 5803 ;
2295 5759 2439 5820 porro
2461 5748 2566 5796 ham
2590 5750 2784 5820 humilia
2812 5751 2971 5799 habita
3001 5743 3095 5820 est,
3116 5757 3195 5803 vix
3224 5756 3416 5817 triginta
3442 5743 3550 5820 mir

1940 5804 2071 5853 illius
2090 5804 2306 5874 exilium
2329 5810 2466 5877 dies;
2498 5824 2617 5873 ergo
2645 5814 2804 5863 habita
2835 5821 2909 5863 est
2935 5804 3110 5868 eodem
3135 5832 3260 5867 anno
3285 5804 3380 5871 ξιιι)
3398 5804 3547 5877 linem

1940 5880 2049 5916 mer.
2060 5870 2126 5918 sis
2150 5872 2460 5933 septcmbris.
2560 5870 2577 5873 “
3232 5878 3233 5881 “
