4118 6328
588 372 688 428 ‘57,
1363 353 1417 407 S.
1460 344 1736 407 JO.\N.\'lS
1773 334 2251 397 CHRYSOSTOBH
2295 335 2615 393 ARCIIIEP.
2649 336 3182 393 CONSTANTINOP.

588 502 708 541 cum
734 499 903 554 neque
929 478 1164 551 pecunia:
1189 474 1291 526 sint
1322 462 1723 538 profundettdtr,
1744 466 2046 554 uec-tantus
2067 454 2162 554 do-

590 582 671 633 lor
710 545 1047 634 subeundus;
1092 566 1184 623 sed
1231 564 1457 633 teipsntn
1504 559 1554 610 in
1596 548 1955 608 omnimodam
1986 545 2162 616 perni-

589 674 727 724 ciem
759 666 978 736 conjicis
999 665 1021 714 ?
1046 672 1100 717 et
1129 652 1396 728 quomodo
1420 648 1531 704 lite:
1560 644 1714 702 venia
1740 643 1895 714 digna
1932 640 2163 694 fuerint?

593 764 649 818 Si
682 763 823 818 enim
846 733 1077 813 dicerem
1109 771 1121 805 :
1161 755 1362 804 Avarus
1384 787 1399 813 ,
1436 753 1640 811 raptor,
1687 738 1992 795 fornicator,
2017 733 2166 787 adul—

594 871 697 921 ter,
738 870 803 908 ne
828 849 1079 906 accedant
1106 845 1170 899 ad
1201 841 1507 902 ecclesiam,
1536 835 1579 889 si
1610 832 1931 903 expellerent
1962 837 2013 881 et
2042 842 2162 895 per-

592 962 844 1019 sequerer
871 944 989 1000 illos
1011 952 1199 995 omnes
1221 936 1309 1005 qui
1336 934 1390 989 in
1421 927 1651 1000 peccatis
1678 932 1823 1019 sunt,
1856 938 1921 1019 ne
2046 921 2132 988 qtti

591 1015 712 1093 dein
752 1033 1027 1091 excusatio
1070 1029 1241 1092 foret;
1302 1030 1575 1095 oporteret
1626 1018 1783 1075 enim
1824 1016 1890 1070 ab
1937 1015 2000 1067 iis
2045 1029 2171 1082 pur-

592 1140 771 1200 gatmn
828 1124 1130 1179 accedere:
1168 1134 1306 1173 nunc
1355 1124 1529 1169 autem
1574 1126 1676 1165 non
1721 1107 1823 1162 hoc
1876 1106 2020 1167 diro.
2073 1102 2165 1200 sed

593 1195 717 1273 licet
758 1216 1069 1280 fornieeris,
1116 1210 1323 1264 adulter
1366 1206 1476 1266 sis,
1519 1202 1717 1272 rapias,
1773 1198 2024 1267 pecunias
2054 1195 2167 1248 col-

592 1312 725 1380 ligas
758 1323 850 1377 per
895 1305 1153 1366 fraudem,
1185 1303 1234 1354 itt
1262 1297 1544 1353 ecclesiam
1571 1292 1799 1357 accede,
1827 1300 1883 1345 ut
1916 1288 2028 1380 ltu-e
2060 1302 2165 1342 ttou

596 1379 733 1457 ultra
764 1401 1049 1457 admittere
1091 1395 1265 1449 discas
1298 1413 1309 1447 :
1338 1403 1527 1443 omnes
1557 1384 1790 1450 attralto,
1818 1390 1871 1437 et
1902 1379 2047 1435 verbi
2083 1386 2167 1432 t‘e-

595 1498 663 1550 tia
697 1495 922 1563 undique
944 1487 1268 1558 cxpandcus,
1298 1498 1403 1536 non
1428 1494 1589 1533 sanos
1618 1487 1844 1539 tantum,
1873 1472 1965 1527 sed
1994 1485 2166 1540 :rgros

594 1586 679 1641 hic
705 1597 897 1653 capere
924 1579 1074 1633 volo.
1094 1577 1217 1631 iltce
1244 1572 1478 1643 quotidie
1499 1570 1620 1623 dico
1652 1586 1665 1619 :
1692 1565 1848 1630 Veni,
1878 1574 1927 1619 et
1960 1578 2165 1616 mecum

593 1679 876 1733 sanitatem
897 1672 1081 1741 accipe
1110 1686 1123 1726 :
1156 1684 1276 1722 nam
1302 1682 1400 1735 ego
1426 1676 1636 1733 quoque
1665 1657 1900 1714 medicus
1920 1654 2171 1725 pharma-

593 1772 668 1823 eis
697 1784 831 1839 opus
860 1766 1029 1820 habeo
1063 1782 1077 1818 :
1104 1763 1263 1815 homo
1288 1772 1517 1825 namque
1551 1770 1689 1814 sum,
1716 1751 1955 1822 ejusdem
1993 1759 2166 1804 tecum

596 1874 797 1916 naturae
846 1857 1122 1912 affectibus
1168 1853 1409 1908 subditus
1448 1868 1460 1904 :
1493 1848 1669 1902 verbis
1717 1862 1852 1913 opus
1896 1852 1979 1898 cst
2015 1843 2165 1906 mihi,

592 1970 711 2022 qu:e
760 1950 1116 2004 inordinatum
1172 1944 1406 1998 animum
1453 1938 1666 1993 vinculo
1716 1935 1926 1991 freuent
1955 1953 1970 1988 :
1998 1949 2169 2004 neque

595 2045 754 2097 vitam
799 2042 936 2096 duco
983 2036 1350 2107 tranquillam,
1403 2031 1546 2086 curis
1570 2041 1621 2085 et
1649 2029 1879 2084 tumultu
1911 2042 2171 2091 vacuam;

594 2134 687 2189 sed
720 2136 889 2203 agitor
919 2131 1031 2199 ipse
1061 2143 1270 2198 quoque
1292 2121 1745 2194 concupiscentiae
1772 2118 2087 2179 tumultibus
2116 2127 2171 2173 et

598 2224 1054 2294 perturbationum
1097 2218 1365 2274 ﬂuctibus.
1409 2216 1513 2271 Sed
1541 2231 1635 2268 cur
1660 2213 1739 2267 vel
1769 2227 1854 2267 tne
1884 2212 1966 2267 vel
2006 2211 2169 2264 alium

595 2316 845 2381 dixerim,
883 2313 1095 2383 quando
1127 2313 1174 2366 is
1200 2312 1313 2381 ipse
1333 2309 1421 2380 qtti
1452 2309 1613 2363 ca-los
1637 2305 1929 2376 attingebat
1954 2304 2168 2365 Paulus,

595 2410 755 2463 multa
788 2423 921 2477 opus
953 2404 1183 2460 habebat
1212 2401 1532 2457 curatione?
1559 2401 1623 2454 Et
1649 2399 1789 2471 quod
1820 2413 1880 2453 ea
1913 2411 2046 2467 opus
2072 2395 2169 2449 ba-

595 2502 787 2564 ltnerit,
828 2501 938 2568 ipse
981 2497 1133 2550 nobis
1184 2492 1503 2549 declaravit.
1540 2490 1722 2560 Neque
1774 2490 1862 2543 ille
1910 2487 2170 2557 tranquil-

597 2595 699 2647 lam
754 2593 941 2661 agebat
996 2590 1188 2653 vitam,
1245 2587 1339 2642 sed
1397 2586 1560 2640 multa
1612 2583 1781 2638 inibat
1831 2581 2168 2637 certamina:

596 2687 822 2755 ideoque
864 2684 1074 2737 dicebat
1116 2700 1128 2711 ·
1170 2679 1372 2748 Castigo
1410 2694 1593 2746 corpus
1632 2692 1833 2740 meum,
1864 2684 1911 2727 et
1955 2674 2007 2727 in
2060 2689 2171 2727 ser-

596 2777 798 2829 rimtem
838 2776 1028 2845 redigo,
1062 2788 1123 2826 ne
1164 2773 1295 2840 forte
1344 2769 1461 2823 aliis
1504 2769 1805 2837 prtrdicans,
1852 2767 1958 2836 ipse
1992 2780 2171 2832 repro-

594 2869 681 2922 bus
713 2868 940 2937 ρπὶιὸατ(
973 2867 1022 2920 1.
1052 2863 1171 2919 Cor.
1212 2862 1264 2918 9.
1296 2862 1365 2915 9.7
1400 2863 1436 2927 ).
1468 2858 1772 2930 Castigabat
1815 2867 1992 2912 autem
2047 2856 2172 2911 illud

593 2958 733 3026 qttod
780 2958 1116 3026 insurgebat,
1142 2966 1193 3009 et
1222 2954 1272 3007 in
1300 2953 1609 3007 servitutem
1649 2950 1921 3019 redigebat
1954 2948 2003 3002 id
2030 2948 2171 3018 quod

595 3050 806 3105 frenum
838 3050 1120 3102 admittere
1164 3046 1375 3100 nolebat
1410 3062 1421 3097 :
1450 3043 1675 3111 ideoque
1715 3041 1847 3095 alios
1885 3041 2168 3105 monebat,

596 3141 783 3194 dicens
813 3158 824 3191 :
853 3138 953 3204 Qui
978 3140 1072 3192 sibi
1098 3138 1291 3191 videtur
1318 3148 1472 3201 stare,
1494 3136 1658 3189 rideat
1679 3151 1741 3187 ne
1768 3134 1918 3187 cadat
1947 3134 2023 3203 (i.
2050 3133 2170 3187 Cor.

596 3232 681 3285 10.
716 3232 827 3301 12).
853 3232 1001 3299 Quod
1030 3232 1071 3285 si
1106 3231 1299 3286 Paulus
1326 3244 1429 3283 non
1467 3228 1848 3296 tranquillitate
1878 3225 2027 3279 frneb
2064 3233 2169 3290 tur,

594 3323 688 3378 sed
724 3324 859 3378 haud
890 3338 1043 3378 secus
1072 3338 1230 3393 quam
1261 3324 1292 3376 ii
1319 3323 1406 3390 qui
1439 3322 1489 3374 in
1520 3321 1649 3373 mari
1681 3325 1953 3388 navigans.
1975 3319 2173 3372 multos

598 3416 834 3485 undique
862 3416 1052 3469 ﬂuctus
1080 3415 1334 3470 concitari
1368 3413 1582 3466 videbat
1616 3431 1627 3464 :
1662 3411 1778 3482 quis
1819 3411 1957 3463 ausit
1990 3410 2172 3465 dicere

595 3524 651 3561 se
690 3523 794 3561 non
842 3522 1001 3578 cgere
1045 3506 1416 3571 correctione,
1473 3504 1749 3559 curatione
1795 3510 1849 3557 et
1903 3502 2172 3573 perpetuis

594 3598 821 3667 vigiliis?

679 3688 823 3743 Verbi
851 3688 947 3743 Dei
975 3690 1151 3743 tirtus.
1175 3719 1229 3727 -
1263 3687 1392 3743 \‘eni
1436 3687 1613 3758 igitur,
1643 3695 1695 3741 et
1724 3701 1930 3741 mecum
1953 3685 2173 3740 doctore

597 3782 927 3833 curationem
951 3779 1163 3833 adhibe.
1187 3777 1338 3845 Quod
1366 3779 1408 3831 si
1446 3790 1608 3831 sanus
1638 3792 1718 3841 es,
1750 3777 1869 3830 ideo
1898 3776 2093 3831 accede
2118 3788 2173 3829 ttt

598 3871 775 3924 sanior
820 3869 1031 3924 evadas.
1092 3870 1319 3924 \‘erhum
1362 3870 1502 3923 enim
1543 3879 1595 3922 et
1625 3868 1811 3923 morbo
1840 3867 2061 3923 affectos
2104 3866 2173 3919 ab

596 3963 909 4032 a-gritudine
940 3964 1143 4027 libet-at,
1169 3971 1223 4017 et
1249 3963 1432 4016 morbo
1455 3963 1651 4016 liberos
1681 3961 1943 4016 firmiores
1973 3962 2172 4028 reddit;

598 4064 781 4124 utpote
812 4056 951 4124 quod
1000 4064 1051 4109 et
1097 4055 1328 4109 admissa
1367 4059 1618 4123 Corrigat,
1671 4065 1723 4108 ct
1751 4055 2006 4108 adversus
2039 4073 2173 4109 non-

596 4145 721 4197 dum
746 4143 970 4199 admissa
1010 4156 1316 4214 prteservet.
1360 4146 1508 4213 Quod
1542 4146 1583 4199 si
1619 4162 1723 4199 non
1749 4146 1883 4210 hoc,
1935 4157 1989 4200 at
2026 4148 2168 4201 aliud

598 4239 762 4292 habes
791 4249 1064 4308 peccatum
1095 4258 1108 4292 :
1142 4239 1265 4304 Quis
1289 4240 1417 4291 enim
1448 4240 1743 4308 gloriabitur
1769 4257 1821 4292 se
1853 4250 2044 4293 castum
2073 4242 2169 4293 Ita-

598 4332 710 4382 bcre
736 4331 868 4383 cor?
908 4338 994 4381 aut
1037 4330 1146 4398 quis
1189 4330 1401 4397 ﬁdenter
1440 4330 1620 4382 dixerit
1649 4347 1700 4382 sc
1734 4332 1975 4383 mundum
2005 4349 2109 4384 esse
2141 4350 2171 4385 tt

600 4419 996 4489 peccato(Prov.
1022 4421 1111 4475 20.
1144 4420 1236 4489 9)?
1264 4420 1337 4473 Ne
1363 4422 1536 4490 igitur,
1568 4424 1687 4491 quia
1717 4423 1967 4489 peccasti,
2000 4433 2047 4477 te
2077 4440 2167 4492 pu-

599 4511 719 4565 deat
759 4512 1051 4575 accedere;
1101 4512 1207 4565 imo
1248 4512 1318 4566 ob
1363 4514 1463 4567 hoc
1509 4513 1678 4582 ipsum
1738 4514 1955 4567 accede.
2001 4513 2172 4567 Nemo

598 4606 740 4659 enim
771 4604 898 4657 dicit
934 4623 945 4658 :
975 4603 1105 4671 Quia
1136 4604 1286 4657 ulcus
1311 4604 1482 4658 habeo
1504 4648 1517 4669 ,
1553 4604 1815 4658 medicum
1846 4621 1950 4657 non
1983 4621 2169 4659 accer.

601 4711 694 4761 so,
743 4712 912 4766 neque
942 4694 1283 4764 pharmacum
1317 4696 1558 4764 accipio:
1594 4696 1700 4749 imo
1742 4697 1812 4750 ob
1854 4697 1953 4752 huc
1997 4698 2167 4765 ipsum

602 4788 830 4840 maxime
874 4794 931 4840 et
971 4785 1158 4840 medici
1182 4786 1471 4839 advocandi
1504 4797 1647 4850 Sttnl,
1673 4796 1725 4839 et
1758 4792 2166 4856 p'.arntacornm

599 4882 706 4933 vim
732 4880 1001 4949 requirere
1027 4893 1158 4947 opus
1191 4887 1290 4931 est.
1319 4878 1526 4933 Scimus
1553 4879 1712 4933 etiam
1746 4896 1841 4933 nos
1872 4881 2166 4948 ignoscere,

601 4970 721 5033 quia
744 4974 794 5017 et
824 4964 919 5034 ipsi
950 4963 1069 5015 aliis
1100 4964 1329 5032 peccatis
1356 4979 1538 5017 smnus
1566 4964 1799 5017 obnoxii.
1851 4964 1971 5020 Ideo
2018 4982 2167 5019 nant-

603 5071 705 5123 qne
738 5056 874 5109 Deus
904 5071 1008 5109 non
1040 5056 1255 5125 angelos
1294 5055 1444 5109 dedit
1488 5058 1641 5110 nobis
1685 5058 1951 5121 doctores,
2002 5076 2171 5129 neque

606 5147 903 5200 Gabrielcm
946 5149 1171 5217 desuper
1214 5148 1432 5201 mittens
1481 5150 1650 5215 ipsum
1694 5152 1836 5218 gregi
1894 5153 2167 5219 pturlecil;

604 5239 695 5293 sed
746 5255 809 5292 ex
839 5240 951 5307 ipso
982 5240 1106 5293 ovili
1142 5250 1377 5308 pastores
1418 5241 1660 5305 assumit,
1693 5257 1753 5293 ex
1788 5241 1975 5293 ovibus
2000 5245 2173 5312 gregis

604 5332 791 5383 ducem
813 5371 827 5396 ,
881 5331 969 5399 qui
994 5330 1057 5383 ad
1087 5331 1463 5401 ignoscendum
1495 5331 1719 5385 subditis
1749 5348 1948 5401 pronus
1970 5336 2038 5386 sit
2062 5376 2075 5399 ,
2124 5346 2175 5387 ct

605 5422 963 5476 infirmitatem
992 5424 1256 5492 pmpriam
1289 5421 1647 5491 perpendens,
1678 5438 1781 5475 non
1813 5424 2048 5493 insurgat
2078 5425 2176 5479 ad-

606 5532 790 5571 versus
814 5517 1125 5586 gregarios;
1181 5515 1271 5568 sed
1311 5514 1516 5570 frenum
1550 5516 1741 5571 habeat
1782 5526 1835 5571 et
1866 5518 2176 5573 humilitatis

606 5626 821 5664 causam
840 5625 949 5663 sua:
969 5625 1157 5681 nempe
1187 5611 1523 5664 conscientiar
1542 5611 2007 5665 necessitudinem.
2026 5612 2175 5678 Quod

606 5715 781 5758 autem
829 5705 941 5760 ltzec
989 5722 1090 5757 non
1140 5705 1449 5773 augurando
1480 5706 1611 5759 dicta
1657 5706 2010 5767 fuerint,audi
2044 5706 2173 5759 Pau—

602 5796 706 5851 lum
742 5799 850 5853 luct-
872 5799 1190 5853 scribentem
1223 5811 1269 5851 ct
1302 5800 1759 5861 ltilii't'ertlliinilYlli
1796 5820 1804 5852 ;
1833 5798 1894 5852 ad
1922 5798 2172 5852 Ht‘itt';t3tt>

3746 338 3850 392 46S

2272 453 2412 506 enim
2457 452 2732 516 scribens,
2784 454 2859 509 sic
2907 455 3022 510 ait:
3065 453 3240 507 Omnis
3276 470 3492 521 namque
3532 452 3759 521 pontifex
3786 470 3849 507 ea:

2269 543 2553 595 hominibus
2596 555 2921 611 assump'us,
2966 559 3057 612 pro
3100 543 3382 597 hominibus
3406 544 3746 607 constituitur,
3793 554 3849 594 nt

2268 631 2447 699 offerat
2474 634 2609 685 dona
2635 644 2680 686 et
2715 634 3007 702 sacriﬁcia;
3037 634 3124 705 qui
3159 635 3428 688 condalcre
3466 636 3624 703 possit
3665 636 3727 687 iis
3761 635 3850 704 qui

2269 724 2500 794 ignorant
2528 735 2572 777 ct
2612 734 2799 787 errant,
2826 725 3061 792 quoniam
3091 735 3136 777 et
3162 726 3271 793 ipse
3296 726 3637 779 circumdatus
3664 736 3734 779 est
3764 727 3851 778 in-

2270 814 2505 882 firmitate
2534 829 2553 868 :
2582 825 2633 869 et
2660 826 2924 885 propterea
2950 816 3090 870 debet
3116 819 3542 885 quemadmodum
3571 835 3663 885 pro
3687 836 3854 887 popu—

2268 906 2339 969 lo,
2361 907 2431 958 ita
2455 908 2605 961 etiam
2632 918 2675 960 et
2694 924 2786 976 pro
2808 908 3071 977 semetipso
3090 907 3278 973 afen:
3296 925 3390 978 pro
3411 910 3625 980 peccatis
3662 907 3850 979 (Hebr.

2269 1000 2320 1054 5.
2351 1001 2497 1070 l-3).
2535 999 2720 1055 Viden'
2748 1015 2904 1071 quam
2935 1001 3187 1070 optimam
3212 1001 3367 1054 nobis
3395 1016 3610 1056 causam
3632 1000 3851 1059 dixerit.

2274 1091 2342 1143 ob
2382 1106 2539 1160 quam
2588 1107 2691 1145 non
2732 1092 2941 1162 angeli,
2983 1106 3089 1144 non
3120 1090 3446 1162 archangeli,
3481 1092 3574 1147 sed
3607 1092 3857 1148 homines

2272 1182 2531 1236 Et-clesiis
2558 1182 2938 1253 prmtiriatttur,
2976 1192 3025 1236 ttt
3054 1182 3343 1239 condidere
3382 1184 3589 1253 possint
3623 1185 3708 1249 iis,
3758 1183 3854 1254 qui

2269 1277 2507 1346 ejusdem
2538 1288 2663 1332 sunt
2692 1288 2925 1341 naturas;
2957 1285 3295 1346 peccatorum
3321 1292 3538 1329 suorum
3568 1278 3852 1331 ςοιιδρῐοηο

2272 1372 2397 1422 tiam
2452 1385 2549 1423 ceu
2581 1371 2870 1423 maximam
2917 1368 3234 1423 humilitatis
3272 1368 3607 1437 disciplinam
3651 1368 3853 1421 haben-

2272 1464 2394 1517 tes?
2443 1464 2648 1517 Etenim
2681 1472 2735 1517 et
2770 1465 2881 1533 ipse
2902 1504 2917 1527 ,
2954 1463 3158 1532 inquit,
3204 1462 3570 1517 circumdatus
3596 1472 3679 1517 est
3705 1462 3851 1516 iutiro

2271 1556 2493 1619 mittite,
2548 1562 2603 1608 et
2660 1562 2937 1623 propterea
2986 1552 3191 1621 debet,
3255 1553 3707 1623 quemadmodum
3758 1568 3856 1623 pro

2273 1648 2489 1718 populo,
2515 1648 2583 1701 ita
2615 1648 2773 1700 etiam
2805 1662 2902 1716 pro
2930 1647 3223 1715 semetipso
3253 1644 3448 1702 oﬂerre
3475 1662 3570 1716 pro
3598 1651 3852 1716 peccatis.

2273 1738 2382 1793 lloc
2420 1740 2590 1807 ipsmn
2638 1753 2777 1795 nunc
2814 1754 3027 1808 quoque
3076 1736 3306 1792 efficitur
3353 1755 3365 1790 :
3409 1739 3460 1791 itt
3511 1737 3611 1793 Itac
3660 1738 3858 1807 quippe

2270 1846 2421 1885 sacra
2472 1846 2654 1886 mensa
2698 1831 2992 1892 adstantes.
3045 1840 3101 1885 et
3145 1830 3483 1885 tremendum
3517 1829 3855 1907 sacrificium

2271 1921 2579 1986 otl'crentes,
2604 1920 3053 1992 quemadmodum
3084 1932 3180 1990 pro
3209 1921 3387 1991 populi
3414 1921 3623 1976 delictis
3647 1922 3857 1974 veniam

2274 2015 2497 2084 petimus
2518 2056 2532 2080 ,
2580 2014 2648 2067 ita
2681 2029 2775 2083 pro
2811 2014 3004 2067 nostris
3028 2011 3157 2081 ipsis
3183 2028 3395 2083 quoque
3426 2027 3709 2083 rogamus,
3737 2029 3855 2066 ora-

2274 2123 2412 2171 tuus,
2444 2105 2797 2175 deprecamur
2817 2147 2831 2170 ,
2862 2112 2915 2160 et
2957 2119 3053 2175 pro
3091 2104 3340 2160 omnibus
3373 2103 3695 2159 sacriﬁcium
3726 2103 3860 2159 olfe—

2273 2198 2535 2251 ritnns....
2570 2196 2649 2267 (ιι)

2345 2289 2399 2342 5.
2450 2287 2525 2341 Ne
2576 2286 2701 2341 mihi
2746 2301 2989 2354 avarum,
3018 2286 3222 2342 ventris
3259 2302 3494 2352 servum,
3527 2298 3582 2343 et
3616 2303 3737 2343 eum
3767 2288 3857 2357 qui

2274 2388 2475 2433 natum
2499 2379 2827 2433 nobilitatem
2859 2379 3107 2449 nequitia:
3140 2378 3392 2448 prodidit,
3417 2379 3733 2444 adduxeris;
3763 2384 3861 2435 sed

2276 2470 2419 2525 hunc
2446 2481 2499 2527 et
2528 2486 2621 2525 eos
2651 2472 2739 2542 qni
2768 2471 2907 2526 sicut
2936 2471 3027 2527 ille
3052 2470 3400 2543 archetypum
3448 2482 3751 2537 servarunt,
3798 2483 3857 2531 et

2274 2561 2477 2632 regium
2524 2563 2885 2618 characterem
2915 2577 2978 2617 ac
3006 2560 3231 2617 fortnam
3272 2580 3375 2617 non
3425 2562 3807 2620 labefactarunt
3842 2590 3855 2621 λ

2274 2662 2330 2707 et
2367 2662 2489 2709 tune
2529 2655 2667 2709 scies
2702 2654 2825 2725 quid
2868 2655 2936 2709 sit
2977 2654 3159 2710 homo.
3188 2655 3318 2709 Nam
3347 2655 3434 2709 hic
3460 2672 3669 2727 quoque
3697 2657 3860 2713 homo

2276 2751 2413 2811 erat,
2442 2743 2681 2799 mulieris
2708 2753 2860 2813 partu
2886 2754 3043 2799 natus
3067 2755 3122 2800 et
3152 2745 3288 2801 lacte
3318 2745 3549 2800 nutritus
3582 2766 3594 2801 :
3629 2747 3682 2801 in
3717 2758 3859 2804 terra

2277 2832 2571 2901 habitabat,
2602 2850 2781 2890 aerem
2812 2834 3066 2905 spirabat,
3090 2844 3143 2891 et
3172 2837 3371 2901 omnia,
3403 2852 3522 2908 qua:
3552 2838 3722 2904 nobis,
3760 2841 3859 2909 ipsi

2275 2942 2487 2997 quoque
2507 2929 2806 2983 communia
2832 2938 2985 2984 erant
3008 2946 3021 2981 :
3044 2930 3369 2995 communia,
3395 2930 3631 3000 inquam,
3656 2947 3717 2987 ea
3742 2949 3861 3002 qua:

2275 3019 2340 3073 ad
2374 3029 2615 3073 naturam
2652 3022 2948 3090 pertinent;
2984 3021 3075 3076 sed
3104 3023 3353 3093 quoniam
3391 3023 3510 3077 vita:
3560 3025 3859 3079 institutum

2277 3119 2753 3188 spectautcgregia
2776 3126 2951 3183 erant,
2991 3116 3111 3172 ideo
3156 3118 3257 3174 hac
3289 3127 3433 3172 tanta
3482 3118 3647 3188 gratia
3691 3118 3855 3172 fulsit.

2279 3209 2435 3279 Atqui
2462 3226 2564 3262 non
2590 3210 2829 3279 pecuniis
2854 3211 3142 3264 instructus
3163 3221 3296 3275 erat,
3317 3220 3421 3264 non
3453 3213 3662 3281 generis
3680 3211 3856 3281 Splen-

2278 3302 2427 3363 dore,
2463 3319 2567 3355 non
2628 3304 2808 3371 patrim
2854 3304 3185 3371 celebritate,
3220 3320 3323 3359 nou
3372 3306 3677 3375 eloquentia
3705 3348 3717 3370 ,
3753 3324 3856 3361 non

2280 3394 2469 3463 lingua:
2494 3395 2759 3460 acumine,
2785 3382 2887 3448 non
2913 3409 3189 3450 servorum
3228 3412 3409 3467 grege,
3449 3413 3546 3452 nec
3581 3400 3857 3454 eunucho-

2278 3499 2393 3538 ruut
2420 3486 2631 3553 agmine
2656 3503 2667 3539 :
2701 3501 2805 3540 non
2844 3486 3034 3540 domus
3056 3486 3153 3556 ipsi
3182 3488 3437 3542 deaurato
3460 3497 3621 3557 tecto,
3648 3506 3753 3544 non
3778 3507 3859 3547 Se-

2279 3577 2400 3629 rica:
2421 3588 2597 3631 vestes
2621 3562 2729 3630 non
2751 3592 2929 3633 mensa
2949 3578 3154 3634 deliciis
3178 3580 3388 3645 referta,
3412 3598 3518 3637 non
3548 3583 3687 3636 aliud
3708 3585 3863 3653 quid—

2278 3670 2415 3736 piam
2437 3684 2500 3723 ex
2530 3670 2613 3731 iis,
2635 3685 2750 3739 qua:
2775 3670 2923 3723 multi
2947 3670 3097 3726 beata
3123 3687 3242 3727 esse
3268 3682 3540 3743 reputant;
3567 3675 3659 3729 sed
3683 3686 3857 3731 extre-

2278 3778 2362 3816 ma
2387 3772 2699 3832 paupertas:
2728 3778 2831 3817 non
2860 3764 2933 3818 illi
2966 3764 3029 3817 ad
3057 3766 3252 3819 victum
3283 3769 3581 3821 necessaria
3610 3779 3859 3838 suppete-

2280 3856 2427 3923 bant,
2449 3856 2540 3911 sed
2563 3856 2701 3925 apud
2729 3856 2936 3910 viduam
2968 3857 3262 3921 mulierem,
3287 3858 3539 3929 illamque
3557 3859 3854 3924 Sidoniam,

2278 3948 2684 4013 emendicabat,
2728 3964 2939 4002 mammt
2980 3949 3277 4004 extendens
3304 3959 3357 4004 et
3387 3966 3576 4020 panem
3621 3962 3809 4021 petens
3841 3972 3855 4007 :

2280 4041 2636 4095 habitaculum
2670 4041 2766 4111 ipsi
2794 4051 2905 4095 erat
2937 4042 3186 4110 spelunca
3212 4084 3225 4107 ,
3260 4045 3633 4099 vestimentum
3668 4045 3820 4114 pellis
3841 4089 3853 4109 ,

2280 4147 2462 4186 mensa
2506 4141 2683 4199 terra,
2726 4133 3095 4203 progenitores
3137 4134 3399 4205 ignobiles
3441 4144 3494 4189 et
3536 4151 3603 4191 ne
3643 4137 3857 4191 nomine

2278 4227 2489 4297 quidem
2520 4227 2652 4292 noti,
2685 4227 2849 4295 patria
2880 4228 3017 4289 vilis,
3049 4229 3151 4282 vita
3176 4228 3420 4297 agrestis.
3451 4233 3698 4285 Attamen
3728 4231 3855 4285 nihil

2279 4321 2468 4375 horum
2489 4322 2867 4391 impedimento
2890 4324 2984 4391 ipsi
3010 4323 3105 4376 fuit
3121 4324 3186 4378 ad
3208 4324 3547 4393 splendorem
3568 4340 3618 4381 et
3635 4328 3859 4383 celebri-

2281 4424 2438 4468 tatem
2459 4414 2549 4468 scd
2573 4414 2731 4469 etiam
2753 4417 2965 4485 regibus
2993 4416 3237 4471 omnibus
3261 4419 3583 4486 opulcntior,
3609 4430 3663 4475 et
3690 4421 3857 4489 philo-

2278 4507 2460 4576 sophis
2490 4508 2694 4561 cunctis
2721 4506 3136 4577 rhetoribusque
3178 4511 3488 4580 sapientior,
3524 4522 3577 4567 ct
3622 4511 3727 4567 illis
3770 4515 3855 4582 qui

2280 4602 2580 4656 diademate
2632 4601 2990 4669 insigniuntur
3032 4602 3291 4657 illustrior
3321 4613 3436 4658 erat
3462 4624 3471 4657 :
3500 4615 3550 4659 et
3585 4606 3855 4660 nobilitate

2283 4696 2447 4763 magis
2474 4694 2846 4758 decoraltatur,
2881 4708 3037 4763 quam
3069 4694 3101 4747 ii
3131 4696 3219 4765 qui
3269 4698 3439 4765 regias
3474 4698 3633 4752 urbes
3662 4697 3859 4753 hath-l

2282 4789 2538 4858 patriam:
2570 4788 2750 4841 orbem
2782 4803 3010 4857 namque
3041 4788 3263 4857 patriam
3294 4790 3551 4853 habebat;
3578 4794 3683 4845 imo
3702 4796 3856 4848 etiam

2281 4881 2425 4933 orbis
2457 4879 2553 4949 ipsi
2582 4894 2677 4933 ceu
2712 4894 2867 4946 parva
2897 4879 3024 4933 urbs
3054 4889 3165 4934 erat
3186 4923 3200 4947 ,
3230 4882 3531 4952 clamatque
3565 4885 3754 4939 Paulus
3784 4886 3859 4939 di-

2282 4991 2408 5029 cens
2444 4974 2799 5030 :Circuierunt
2850 4974 2901 5025 in
2946 4973 3143 5026 ntelotts
3170 5015 3183 5038 ,
3235 4975 3287 5027 in
3337 4976 3548 5042 pellibus
3590 4980 3859 5043 caprinis:

2280 5069 2455 5136 quibus
2478 5067 2660 5137 dignus
2682 5084 2779 5118 non
2793 5077 2897 5118 erat
2918 5068 3131 5119 mundus
3154 5066 3364 5133 (llcbr.l
3387 5070 3559 5136 1.57).
3585 5072 3791 5125 Etenim
3814 5076 3861 5125 itt

2285 5175 2510 5227 superna
2539 5159 2754 5212 civitate
2783 5159 3115 5224 versabatur,
3138 5160 3287 5228 cujus
3315 5160 3502 5214 artifex
3537 5173 3597 5243 eg
3620 5165 3866 5217 conditor

2285 5264 2364 5307 est
2414 5252 2572 5305 Deus.
2620 5250 2741 5304 Ideo
2770 5250 2860 5303 tibi
2890 5267 3176 5319 pauperem
3207 5264 3255 5305 et
3286 5244 3749 5321 agrestem"'v‘irum
3784 5258 3863 5308 itt-

2286 5346 2407 5399 duxi
2451 5344 2644 5414 pietate
2673 5344 3041 5412 conspicuum,
3068 5353 3123 5397 ut
3160 5344 3360 5397 nullum
3395 5345 3669 5399 obtentum
3704 5346 3865 5401 habe-

2287 5454 2391 5494 res.
2424 5438 2554 5492 Nam
2587 5437 2630 5491 si
2658 5436 2871 5489 divitem
2900 5446 2952 5489 et
2983 5437 3273 5505 sapientem
3306 5438 3655 5502 induxissent,
3686 5439 3865 5493 dicere

2288 5530 2575 5597 pontisses,
2607 5528 2896 5596 Paupertas
2918 5537 2971 5580 ct
3001 5528 3293 5596 ignorantia
3320 5527 3557 5594 impedit,
3584 5532 3863 5594 quominus

2290 5621 2409 5675 talis
2438 5618 2637 5673 cfliciar
2663 5636 2673 5670 :
2704 5633 2841 5672 nunc
2872 5629 3047 5673 autem
3081 5618 3144 5671 ad
3174 5618 3374 5672 nullum
3406 5620 3561 5674 talem
3587 5622 3860 5678 obtentum

2352 5806 2423 5861 μ)
2450 5801 2537 5850 lli"
2559 5800 2718 5855 dt‘t‘st,
2747 5806 2791 5847 ut
2823 5814 2861 5857 at
2884 5807 3039 5859 putet.
3071 5800 3240 5860 tagina
3270 5798 3449 5846 mulsa.
