4118 6328
108 6003 198 6073 π

446 386 550 449 865
1253 380 1310 437 S.
1350 375 1637 436 JUANNIS
1676 364 2160 432 CHRYSOSTOMI
2199 363 2523 422 ARCHIEP.
2562 361 3110 423 CONSTANTINOP.
3779 355 3878 413 606

440 506 608 560 ἐπιὼν
634 500 946 572 ἐπενέμετο,
992 497 1218 552 θάνατον
1273 493 1493 560 ἐπάγων
1520 491 1612 544 τὸν
1655 488 1941 542 οἴκτιστον·
1980 480 2100 535 οὑδέ

440 593 614 656 οὑτως
632 569 888 652 ἀνεδίδου,
926 584 1038 652 ἀλλ’
1066 580 1315 636 ἀπελθὼν
1347 579 1440 634 ἐπὶ
1486 577 1730 648 κορυφῆς
1754 569 2100 645 6900;21:60-

439 695 558 750 ητο,
582 682 648 750 τῇ
691 677 898 748 χαλεπῇ
928 672 1095 742 ταύτῃ
1119 669 1365 740 τηκεδόνι
1390 667 1497 719 τῶν
1534 663 1794 719 Ἰουδαίων
1823 660 1913 713 τὸν
1933 660 2102 750 δήμον

778 762 912 816 Ἀλλ’
933 763 962 814 6
986 758 1361 829 φιλάνθρωπος
1380 753 1530 817 Θεὸς.
1555 753 1648 805 καὶ
1667 753 1700 821 ή
1740 751 1942 837 ἄφατός

446 831 628 924 θότης,
679 852 777 905 οὐκ
822 849 1066 920 ἠνείχετο
1125 845 1223 914 τῆς
1283 842 1683 913 αὐστηρότητος
1725 831 2101 924 ταύτηςχάλλ*

445 919 632 1011 ἐπειδὴ
664 938 824 1000 αὐτὸς
848 919 1019 991 αὑτὸν
1042 931 1251 987 οἴκοθεν
1299 928 1674 1000 παρακαλέσαι
1701 924 1801 978 οῦκ
1828 919 2102 1011 ἠϐουλήθη

445 1029 602 1082 λῦσαι
619 1007 692 1080 ⁷τὸ
713 1025 913 1087 δεινὸν,
936 1021 1097 1085 αὑτός
1122 1037 1183 1073 τε
1210 1014 1277 1072 αὖ
1320 1017 1479 1070 πάλιν
1521 1016 1687 1086 χωρὶς
1708 1012 1915 1066 ἐκείνου
1947 1007 2104 1062 τοῦτο

443 1115 666 1184 ποιῆσαι
689 1112 790 1166 οὑκ
814 1110 1025 1181 ήθελεν,
1053 1109 1154 1179 δρα
1190 1106 1242 1159 τί
1265 1104 1494 1172 γίνεται·
1532 1101 1794 1172 πρότερον
1815 1095 2102 1184 αὑτῷκοι-

442 1183 662 1266 νοῦται,
713 1197 810 1255 καὶ
829 1197 952 1252 τότε
1004 1195 1194 1264 ἀφίησι
1221 1193 1310 1245 τὸν
1343 1190 1510 1244 ὑετόν.
1547 1185 1696 1250 Εἶδες
1719 1185 1856 1240 Θεοῦ
1909 1183 2000 1238 καὶ
2045 1184 2103 1235 ἐν

443 1287 617 1355 τούτῳ
641 1283 952 1352 άγαθότητα
1004 1281 1097 1333 καὶ
1140 1277 1564 1348 φιλανθρωπίαν·
1601 1275 1696 1328 καὶ
1729 1274 1810 1354 εἰς
1835 1272 1924 1324 τὸν
1951 1269 2104 1337 ἀγιον

441 1375 638 1446 τιμήν;
659 1371 791 1428 Οὐδὲ
814 1370 920 1442 γὰρ
938 1368 1201 1439 πρότερον
1227 1366 1402 1436 ἀφῆκε
1433 1363 1529 1426 τὰς
1558 1362 1645 1431 ἠνί
1667 1378 1714 1423 ις
1730 1359 1834 1412 τῶν
1858 1357 2101 1446 δμσρων,

443 1444 671 1527 ῑωςίδτε
697 1455 846 1528 αὑτῷ
872 1455 1116 1526 διελέχθη
1140 1455 1234 1508 καὶ
1263 1449 1380 1506 εἷπε
1412 1451 1471 1503 τὸ
1505 1448 1694 1520 μέλλον
1723 1445 1958 1505 ἐσεσθαι,
2012 1444 2103 1497 καὶ

447 1550 665 1621 κήρυκα
727 1543 893 1601 αὑτὸν
938 1543 1040 1613 τῆς
1100 1539 1395 1613 μελλούσης
1453 1536 1711 1608 εὐπορίας
1762 1529 2099 1621 ἀπέστειλε-ν.

457 1619 674 1705 Ἐπειδὴ
693 1633 802 1705 γάρ
832 1631 901 1686 δι’
924 1629 1091 1685 αὑτοῦ
1132 1629 1201 1682 τά
1243 1624 1540 1698 σκυθρωπά
1567 1624 1807 1692 γέγονεν,
1831 1619 2103 1690 ἠϐουλήθη

447 1720 659 1776 καὶτῶν
680 1716 934 1791 χρηστῶν
959 1715 1123 1771 αὑτὸν
1166 1712 1396 1782 ἀγγελον
1434 1710 1702 1780 γενέσθαισ
1744 1707 1837 1760 καὶ
1861 1722 2104 1773 καταγα-

446 1810 560 1878 γὼν
589 1808 700 1862 ἀπὸ
727 1805 820 1860 τοῦ
855 1804 1050 1878 ὃρους,
1083 1801 1326 1871 ἐπεμψεν
1378 1797 1786 1867 ἀπαγγέλλοντα
1831 1791 2104 1862 πανταχοῦ

447 1897 542 1969 τῆς
562 1896 666 1966 γῆς
693 1891 905 1962 ἐκείνης
932 1891 1030 1962 τὴν
1053 1889 1160 1942 τῶν
1187 1887 1405 1958 ὄμϐρων
1434 1885 1730 1956 παρουσίαν
1768 1882 1860 1934 καὶ
1891 1880 1987 1950 τὴν
2010 1878 2104 1969 τοῦ

447 1968 608 2055 λιμοῦ
658 1982 830 2036 λύσιν.
870 1979 1009 2034 Ἀλλ’
1040 1979 1186 2050 ὅμως
1226 1974 1640 2045 κατενεχθέντος
1675 1972 1738 2042 δὴ
1779 1971 1870 2024 τοῦ
1926 1968 2102 2035 ὑετοῦ,

449 2074 544 2126 καὶ
573 2073 629 2124 ἐν
652 2067 879 2141 βραχείᾳ
904 2066 1098 2138 καιροῦ
1123 2066 1262 2135 ῥοπῇ
1295 2063 1392 2133 τῆς
1408 2061 1659 2132 εὐθηνίας
1684 2059 2104 2129 ἐπανελθούσης,

447 2158 668 2228 ἀγαγὼν
688 2158 812 2220 τοὺς
846 2157 1011 2226 ἱερεῖς
1041 2154 1135 2207 τοῦ
1179 2153 1325 2206 Βάαλ
1383 2153 1507 2216 τοὺς
1545 2151 1928 2221 τετρακοσίους
1949 2191 1963 2212 ,
2015 2152 2107 2203 καὶ

445 2250 571 2311 τοὺς
610 2245 992 2318 τετρακοσίους
1020 2242 1367 2314 ὀγδοήκοντα,
1392 2239 1718 2308 κατέσφαξε,
1761 2241 1852 2292 καὶ
1878 2241 2107 2311 χειμάρσ

450 2340 576 2410 ρους
597 2335 805 2404 ἀφῆκεν
820 2331 1088 2404 αἱμάτων.
1925 2321 1936 2332 ’

519 2452 582 2505 δ’.
609 2451 676 2505 Τί
697 2446 788 2505 οὖν
820 2449 992 2503 ταῦτα
1020 2448 1156 2522 πρὸς
1174 2447 1272 2517 τὴν
1305 2447 1666 2518 προκειμένην
1687 2448 1941 2500 ὑπόθεσιν
1970 2465 1983 2512 ;
2017 2447 2107 2518 Μὴ

450 2537 776 2609 θορυϐηθῇς,
818 2535 1089 2606 ἀγαπητὲ·
1127 2534 1261 2604 πρὸς
1304 2534 1413 2603 γὰρ
1436 2533 1565 2586 αὐτὸ
1608 2532 1890 2603 βαδιοῦμαι
1923 2533 2108 2586 λοιπὸν

448 2626 510 2679 τὸ
540 2626 710 2693 πέρας
737 2624 844 2676 τῶν
871 2623 1191 2693 εἰρημένων.
1210 2621 1422 2691 Ἐπειδὴ
1443 2621 1552 2692 γάρ
1579 2621 1675 2691 τήν
1695 2621 1950 2690 λαμπάδα
1977 2639 2109 2675 κατ-

453 2717 678 2785 ήνεγκεν
707 2710 940 2782 ἐκείνην,
975 2710 1068 2763 καὶ
1093 2708 1189 2779 τὴν
1217 2708 1374 2779 νίκην
1416 2710 1586 2779 ἡρατο
1604 2749 1616 2769 ,
1641 2709 1734 2761 καὶ
1772 2709 2022 2779 λαμπρὸν
2047 2709 2160 2762 :6.-

451 2800 708 2870 τρόπαιον
725 2798 937 2868 ἔστησε,
968 2797 1061 2850 καὶ
1089 2797 1188 2866 τὴν
1213 2795 1424 2866 σφαγὴν
1450 2795 1558 2848 τῶν
1576 2797 1763 2868 ἱερέων
1796 2798 2108 2868 εἰργάσατο,

451 2885 619 2956 ἀπῄει
637 2883 970 2954 χαίρων,καὶ
1002 2882 1144 2952 μέγα
1178 2881 1388 2952 φρονῶν
1427 2882 1518 2935 ἐπὶ
1558 2884 1670 2945 τοῖς
1705 2883 2109 2953 γεγενημένοις.

465 2971 774 3025 Ἀπέστειλε
802 2971 939 3040 πρὸς
967 2970 1128 3023 αὑτὸν
1162 2972 1194 3039 ή
1240 2969 1375 3040 γυνὴ
1407 2968 1501 3021 τοῦ
1565 2969 1785 3040 Ἀχαά6,
1846 2971 2114 3041 πορνίδιον

453 3061 668 3124 εὐτελὲς
689 3061 782 3114 καὶ
798 3059 1289 3129 εὐκαταφρόνητον,
1323 3057 1573 3126 λέγουσα·
1615 3058 1757 3112 Τιὶδε
1799 3058 2115 3125 πονήσειάν

449 3168 551 3220 μοι
587 3151 641 3204 οἱ
661 3149 802 3214 θεοί,
834 3147 929 3200 καί
958 3146 1095 3201 τάδε
1146 3147 1579 3213 προσθείησαν,
1618 3147 1728 3200 ἐὰν
1767 3147 1854 3216 μὴ
1899 3147 1979 3202 θῶ
2001 3146 2115 3213 τὴν

454 3238 667 3307 ψυχήν
695 3253 810 3292 σου
841 3238 1049 3304 αὔριον
1079 3236 1158 3300 ὡς
1196 3234 1335 3300 ἐνὸς
1363 3233 1480 3287 τῶν
1511 3235 1710 3302 ἱερέων
1734 3237 1975 3288 τούτων.
2007 3235 2113 3290 Καὶ

455 3322 740 3392 ἐφοϐήθη,
791 3323 888 3376 καί
938 3323 1164 3390 ἔφυγεν
1193 3321 1337 3376 ὁδὸν
1367 3321 1597 3391 ἡμερῶν
1640 3322 2109 3390 τεσσαράκοντα.

459 3411 526 3464 Τί
554 3407 678 3475 οῦν;
700 3411 732 3480 ή
753 3409 1133 3480 οὐρανομήκης
1161 3409 1341 3478 ἐκείνη
1371 3408 1515 3480 ψυχὴ
1534 3449 1547 3468 ,
1577 3411 1605 3462 6
1628 3409 1720 3462 τοῦ
1746 3411 1948 3479 κόσμου
1978 3428 2116 3463 παν-

459 3497 552 3560 τὸς
583 3496 884 3567 ὑπερορῶν,
913 3496 942 3549 6
969 3493 1128 3566 λιμοῦ
1147 3495 1399 3548 τοσούτου
1429 3498 1861 3567 καταφρονήσας,
1893 3499 1987 3551 καλ⁸
2018 3497 2110 3567 βαο

463 3585 652 3649 σιλέως
673 3585 816 3638 οὑτω
865 3582 1186 3655 τυραννικοῦ
1228 3583 1659 3648 κατεξαναστάς,
1691 3589 1720 3639 6
1766 3585 1980 3648 κλείσας
2027 3587 2118 3640 τὸν

463 3671 692 3740 οὐρανὸν
725 3671 819 3724 καί⁸
856 3669 1089 3738 ἀνοίξας,
1114 3673 1143 3723 6
1174 3671 1268 3724 νῦν
1318 3671 1416 3741 μὲν
1445 3672 1628 3737 ὑετὸν,
1667 3673 1760 3726 νῦν
1781 3673 1836 3726 δὲ
1862 3673 2118 3744 λαμπάδα

461 3756 825 3824 κατενεγκὼν,
854 3755 1001 3828 [528]
1029 3757 1056 3808 6
1087 3757 1188 3821 τὰς
1217 3757 1459 3825 ἀνάγκας
1484 3757 1583 3827 τῆς
1636 3759 1848 3827 φύσεως
1874 3777 2120 3813 καταπα-

461 3847 652 3910 τήσας,
684 3847 712 3897 6
775 3845 1211 3916 ἀκατάπληκτος,
1261 3845 1290 3897 6
1331 3844 1606 3914 πανταχοῦ
1671 3845 1920 3918 θαρρῶν·
1967 3842 2119 3912 οὗτος

459 3931 674 4002 ἀθρόον,
706 3929 842 4000 μετά
873 3930 1110 3984 τοσαῦτα
1143 3929 1560 4002 κατορθώματα,
1621 3933 1758 4002 μετά
1789 3932 2120 4009 τηλικαύτην

461 4017 791 4089 παρρησίαν,
816 4020 943 4088 μιᾶς
962 4018 1130 4089 κόρης
1151 4019 1548 4089 πορνευομένης
1566 4019 1792 4091 ἀπειλὴν
1809 4022 1907 4074 ούκ
1925 4023 2119 4092 ἤνεγκε

460 4106 560 4175 τὴν
579 4105 666 4158 διά
691 4106 945 4176 ῥημάτων
963 4146 978 4169 ,
1001 4105 1137 4160 ἀλλά
1155 4104 1338 4159 λοιπὸν
1359 4107 1534 4174 φυγὰς
1557 4108 1650 4165 καὶ
1677 4108 1866 4171 ἀπολις
1889 4110 2117 4177 γίνεται,

464 4192 880 4262 καὶδραπετεύει
903 4193 1035 4262 πρὸς
1064 4193 1163 4264 τὴν
1193 4193 1289 4264 ἐρη
1300 4211 1417 4262 μον,
1445 4196 1536 4248 καὶ
1559 4196 1963 4267 τεσσαράκοντα
1988 4200 2121 4268 ήμε-

468 4281 575 4350 ρῶν
607 4280 724 4333 ὁδὸν
750 4280 1038 4351 ἀναχωρεῖ.
1056 4280 1122 4332 Τί
1158 4297 1287 4333 ποτε
1319 4281 1427 4351 ἀρα
1452 4282 1512 4334 τὸ
1535 4283 1733 4346 αῖτιον;
1777 4285 2120 4361 Ἐγύμνωσεν

463 4367 625 4419 αὐτὸν
671 4369 698 4421 6
728 4367 858 4430 Θεὸς
882 4367 982 4436 τῆς
1010 4367 1250 4439 χάριτος.
1296 4369 1390 4422 καὶ
1433 4367 1640 4440 ἐδείχθη
1699 4370 1799 4440 τῆς
1835 4371 2047 4439 φύσεΨῖ
2085 4374 2120 4450 ἡ

463 4454 735 4508 ἀσθένεια’
781 4453 946 4518 ἔδειξε
982 4453 1076 4507 τὸν
1102 4456 1410 4526 προφήτην,
1461 4455 1628 4522 ἔδειξε
1670 4458 1764 4510 καί
1801 4458 1892 4512 τὸν
1916 4459 2121 4530 ά-ιθρωο

465 4559 584 4604 πον,
624 4542 710 4595 ἵνα
741 4542 1002 4613 μάθωσιν,
1047 4543 1129 4595 ὅτι
1163 4543 1256 4596 καὶ
1297 4542 1364 4596 τά
1389 4544 1652 4613 γενόμενα
1683 4547 1803 4599 τότε
1839 4546 1938 4616 τῆς
1963 4547 2119 4618 χάρι-

463 4647 554 4693 τος
583 4629 803 4697 γέγονεν
831 4629 1010 4699 ἔργον.
1056 4629 1240 4682 Ταῦτα
1264 4629 1320 4683 δὲ
1369 4631 1537 4684 ἐποίει
1585 4623 2020 4704 συγγνωμονικόν
2062 4652 2120 4695 τε

465 4717 626 4770 αὑτὸν
656 4717 1073 4781 κατασκευάζων
1094 4719 1204 4780 τοὶς
1230 4717 1463 4782 πολλοῖς,
1506 4720 1601 4772 καὶ
1627 4720 1725 4791 τὴν
1747 4721 1810 4773 ἐκ
1841 4721 1947 4774 τῶν
1987 4739 2122 4774 κατ-

464 4803 795 4874 ορθωμάτων
837 4803 1188 4873 ἐγγινομένην
1233 4805 1488 4857 ἀπόνοιαν
1535 4807 1966 4876 ὑποτεμνόμενος
2028 4809 2122 4862 καὶ

466 4889 710 4943 κωλύων.
771 4890 892 4944 Ὀτι
933 4890 1041 4960 γὰρ
1100 4890 1308 4959 μεγάλα
1359 4892 1487 4961 περὶ
1547 4893 1737 4945 ἐαυτοῦ
1773 4895 1986 4965 ἐφρόνει
2029 4897 2121 4948 καὶ

467 4978 817 5044 ἐφαντάζετο,
851 4979 946 5031 καὶ
991 4977 1100 5031 τῶν
1142 4978 1316 5032 ἄλλων
1372 4979 1625 5032 ἀπάντων
1682 4981 2120 5046 κατεξανίστατο.

466 5067 628 5122 αὑτὸν
650 5071 777 5139 ὑμῖν
796 5069 982 5124 τοῦτον
1004 5069 1308 5149 παρέξομαι
1332 5072 1599 5144 μάρτυρα.
1633 5073 1846 5144 Ἐπειδὴ
1863 5077 1969 5146 γάρ
1993 5072 2121 5147 ἦλθε

470 5156 604 5224 πρὸς
644 5156 803 5209 αὑτὸν
849 5159 877 5209 6
902 5157 1054 5220 Θεὸς,
1086 5159 1178 5211 καὶ
1220 5157 1406 5227 ἠρώτα
1455 5159 1551 5230 τὴν
1583 5161 1757 5214 αἰτίαν
1801 5163 1897 5232 τῆς
1938 5164 2122 5218 αὑτόοι

465 5241 761 5312 διατριϐῆς,
793 5242 983 5309 λέγων’
1025 5245 1085 5298 Τί
1102 5261 1201 5297 σοι
1229 5238 1363 5308 ὦδε,
1403 5245 1596 5311 ‘Hlia;
1623 5248 1735 5309 καί,
1771 5250 1829 5301 Τί
1853 5267 1952 5303 σοι
1973 5245 2122 5318 ὦὸε;

467 5329 672 5398 ἠρώτα,
699 5330 760 5382 οὑ
797 5330 985 5399 μαθεῖν
999 5331 1187 5395 θέλων,
1216 5331 1350 5386 ἀλλά
1370 5333 1502 5404 ἡμῖν
1524 5334 1820 5405 ἐκκαλύψαι
1845 5337 1911 5390 τὰ
1954 5340 2124 5411 άπόῤ-

470 5419 607 5485 ῥητα
631 5417 727 5486 τῆς
745 5415 980 5480 διανοίας
1004 5418 1168 5472 αὑτοῦ
1215 5419 1554 5492 βουλόμενος·
1595 5422 1714 5473 ἐπεὶ
1748 5423 1841 5475 καὶ
1883 5425 1979 5493 τὴν
2014 5427 2124 5480 Χα-

468 5503 732 5556 ναναίανό
759 5504 986 5574 Χριστὸς
1023 5505 1108 5558 ὅτε
1167 5506 1379 5577 ἠρώτα,
1420 5509 1518 5578 οὑχ
1549 5508 1634 5561 ἵνα
1676 5510 1822 5581 μάθῃ
1845 5551 1858 5574 ,
1880 5511 1993 5564 ἀλλ’
2039 5514 2126 5567 ῖνο.

471 5593 613 5660 ἡμᾶς
665 5591 850 5662 διδάξῃ
874 5592 963 5644 τὸν
991 5593 1258 5664 θησαυρὸν
1288 5597 1377 5648 τὸν
1419 5598 1837 5668 ἐναποκείμενον
1863 5601 1998 5671 αὑτῇ
2028 5603 2125 5671 τῆς

469 5679 714 5742 πίστεωςο
764 5681 941 5749 ἐρωτᾷ
989 5681 1166 5733 τοίνυν
1216 5683 1409 5745 αὑτὸν,
1469 5684 1521 5736 τί
1574 5686 1774 5756 δήποτε
1823 5687 2123 5757 ἀφιγμένος

471 5765 551 5835 εἴη
575 5765 837 5835 τοσαύτην
870 5768 1005 5833 ὁδὸν,
1051 5771 1143 5821 καὶ
1183 5769 1493 5824 καταλιπὼν
1528 5773 1708 5837 πόλεις
1757 5775 1850 5829 καὶ
1901 5777 2119 5846 δήμους,

464 5855 562 5921 τὴν
609 5853 811 5925 ἔρημον
859 5857 1190 5921 ἀσπάζεται,
1243 5859 1339 5927 οὐχ
1413 5861 1498 5913 ἵνα
1553 5862 1709 5926 αὐτὸς
1753 5865 1897 5934 μάθῃ
1926 5906 1940 5927 ,
1982 5869 2120 5934 (πῶς

441 5942 622 6025 ’γάρὸ
674 5943 844 5996 πάντα
887 5944 1098 6015 εἰδώς;)
1130 5946 1239 6000 ἀλλ’
1293 5947 1375 6001 ἵνα
1432 5951 1571 6018 ἡμᾶς
1622 5950 1800 6022 διδάξῃ
1867 5954 1952 6008 6:3:
2020 5958 2116 6029 τῆς

2205 481 2548 554 ἀποκρίσεως
2598 484 2803 538 ἐκείνου
2847 487 2916 540 τά
2962 482 3247 554 ἀπόρρητα
3285 481 3381 550 τῆς
3423 478 3660 539 διανοίας
3690 478 3879 540 αὑτοῦ.

2204 571 2297 624 καὶ
2325 572 2406 623 ὅτι
2432 571 2654 636 είκότως
2683 575 2891 644 ἀφῆκεν
2922 571 3082 626 αὑτὸν
3117 569 3220 624 ὑπὸ
3251 566 3347 620 τοῦ
3377 566 3543 637 φόσου
3572 566 3882 634 διασεισθῆ-

2206 675 2314 720 ναι,
2343 662 2436 712 κα¹ι
2463 661 2543 724 εἰς
2569 659 2766 713 δειλίαν
2799 661 3060 731 ἐμπεσεῖν
3079 673 3092 687 ⁸
3125 657 3357 727 ἀφῆκεν,
3378 656 3478 708 οὑκ
3513 653 3691 725 ῶθησε
3714 671 3729 687 ο
3755 672 3881 710 συν-

2207 746 2503 817 εχώρησεν.
2535 749 2633 802 οὐκ
2674 750 2994 820 ἐνήργησεν,
3018 747 3132 801 ἀλλ’
3165 745 3476 814 ἐγύμνωσεν
3507 743 3668 796 αὑτὸν
3696 743 3877 813 μόνον,

2207 835 2302 887 καὶ
2343 835 2619 907 ήλέγχθηο
2671 836 2854 904 ἐπειδὴ
2897 831 2990 889 οῦν
3024 829 3198 899 εἶπεν,
3251 831 3317 885 Τί
3357 847 3458 886 σοι
3501 826 3638 892 ὧδε,
3674 831 3877 890 Ἠλίας

2206 921 2525 993 ἀκούσωμεν
2577 923 2630 976 τί
2668 937 2832 994 φησι*
2875 922 2949 977 Τὰ
2987 917 3388 988 θυσιαστήριά
3427 934 3544 972 σου
3585 919 3879 972 κατέσκα-

2208 1012 2336 1078 ψαν
2357 1048 2372 1073 ,
2427 1010 2528 1063 καὶ
2573 1009 2715 1077 τοὺς
2762 1007 3072 1078 ,προφήτας
3117 1021 3234 1061 σου
3277 1005 3664 1061 ἀπέκτειναν·
3718 1003 3882 1074 κάγὼ

2207 1097 2579 1166 ὑπελείφθην
2617 1097 2826 1165 μόνος,
2883 1095 2980 1149 καί
3033 1092 3270 1162 ζητοῦσι
3319 1092 3434 1161 τὴν
3479 1091 3692 1162 ψυχήν
3733 1109 3878 1160 μου.

2220 1184 2382 1256 Ὁρᾷς
2408 1187 2488 1238 ὅτι
2523 1184 2728 1249 πάντας
2768 1183 3013 1254 ἐνόμιζεν
3045 1181 3398 1238 ἀπολωλέναι.
3445 1181 3538 1234 καὶ
3585 1179 3742 1249 μόνον
3783 1178 3880 1233 αῦ-

2206 1271 2298 1326 τὸν
2341 1272 2737 1342 ὑπολελεῖφθαι,
2771 1273 2864 1326 καὶ
2900 1271 3026 1342 μετ’Δ
3050 1270 3211 1324 αὑτὸν
3253 1269 3445 1322 οὑδένα
3479 1265 3617 1322 εἶναι
3661 1268 3876 1340 ῑτερον·

2208 1360 2346 1429 ὅπερ
2374 1360 2535 1413 αὑτὸν
2569 1359 2709 1413 κατά
2738 1359 2932 1431 μικρὸν
2963 1360 3042 1422 εἰς
3084 1357 3340 1412 ἀπόνοιαν
3371 1357 3599 1424 ἀγαγεῖν
3625 1355 3877 1426 ἠδύνατοι

2209 1447 2308 1500 Διά
2338 1447 2401 1519 δὴ
2429 1447 2586 1501 τοῦτο
2615 1449 2644 1500 6
2669 1446 2800 1510 Θεὸς
2830 1445 3017 1499 τοῦτον
3044 1444 3275 1516 ἐξαίρων
3304 1444 3468 1498 αὑτοῦ
3496 1443 3586 1497 τὸν
3621 1441 3882 1513 λογισμὸν

2208 1533 2297 1586 τὸν
2327 1532 2757 1605 πεπλανημένον,
2782 1533 2943 1605 φησί·
2971 1529 3304 1586 Κατέλιπον
3333 1528 3567 1602 ἐμαυτῷ
3591 1529 3879 1584 ἑπτακισ-

2212 1623 2448 1692 χιλίους
2511 1621 2733 1688 ἄνδρας
2757 1661 2771 1686 ,
2816 1623 3034 1687 οἵτινες
3104 1621 3214 1675 οὐκ
3268 1619 3551 1690 ἔκαμψαν
3604 1618 3754 1687 γόνυ
3803 1615 3883 1682 τῷ

2211 1708 2394 1765 Βάαλ.
2439 1710 2590 1762 Ἐπεὶ
2625 1705 2717 1763 οῦν
2747 1710 2842 1762 καὶ
2879 1709 3040 1780 ἡνίκα
3066 1708 3156 1762 τὸν
3187 1707 3394 1778 αὐχμὸν
3435 1707 3703 1775 ἐπήγαγε,
3742 1722 3883 1775 παρ-

2212 1797 2403 1866 έμενεν
2447 1796 2728 1851 ἐπιτείνων
2777 1795 2873 1868 τὴν
2920 1796 3160 1859 κόλασιν,
3202 1795 3294 1848 καὶ
3344 1793 3483 1864 μετά
3533 1793 3706 1846 ταῦτα
3755 1793 3883 1863 περὶ

2211 1884 2404 1940 ἐαυτοῦ
2434 1885 2642 1956 μεγάλα
2685 1883 3033 1954 ἐφαντάζετο,
3086 1883 3182 1938 ἅτε
3227 1883 3290 1953 δὴ
3337 1880 3608 1952 μόωςοῶν
3650 1881 3742 1933 ἐπὶ
3783 1880 3880 1949 τῆς

2211 1975 2315 2044 γῆς
2367 1972 2639 2037 τοιοῦτος·
2692 1973 2915 2044 ἀφίησιν
2965 1972 3126 2026 αὑτὸν
3183 1968 3465 2024 αἰσθέσθαι
3523 1967 3621 2039 τὴν
3677 1967 3885 2022 οἰκείαν

2213 2061 2514 2126 ἀσθένειαν,
2559 2060 2822 2114 διδάσκων
2865 2060 2924 2113 τὸ
2982 2058 3182 2130 πλῆθος
3229 2057 3336 2111 τῶν
3383 2056 3774 2120 διασωθέντων,
3815 2055 3883 2108 δι’

2213 2149 2536 2221 ἀμφοτέρων
2573 2147 2776 2200 τούτων
2824 2146 3101 2215 καθαιρῶν
3147 2145 3312 2200 αὑτοῦ
3359 2144 3457 2216 τὴν
3500 2143 3757 2207 διάνοιαν,
3790 2141 3884 2197 καὶ

2215 2236 2414 2289 πείθων
2467 2235 2777 2306 μετριάζειν
2827 2234 3124 2305 πανταχοῦ,
3155 2232 3250 2287 καὶ
3297 2232 3676 2304 συγγνωμικὸν
3720 2226 3881 2295 εἶναι,

2213 2324 2308 2374 καὶ
2335 2321 2412 2393 τῷ
2444 2321 2589 2393 ζήλῳ
2625 2319 2942 2391 κεραννύναι
2971 2319 3396 2392 φιλανθρωπίαν.

2283 2444 2344 2500 ε’.
2373 2447 2433 2500 El
2459 2446 2513 2500 δέ
2538 2446 2715 2517 βούλει
2749 2447 2840 2501 καὶ
2877 2447 2970 2500 ἐπὶ
2996 2447 3095 2518 τῆς
3120 2445 3330 2517 Καινῆς
3362 2446 3500 2499 αὑτά
3529 2444 3697 2499 ταῦτα
3734 2443 3881 2509 ἰδεῖν,

2215 2535 2377 2587 πάλιν
2405 2552 2484 2588 σοι
2510 2535 2634 2598 τοὺς
2668 2535 2998 2607 κορυφαίους
3041 2535 3132 2587 καὶ
3171 2533 3409 2604 πύργους
3451 2533 3542 2586 καὶ
3568 2532 3884 2603 προϐόλους,

2215 2623 2308 2674 καὶ
2347 2622 2414 2674 τὰ
2461 2623 2726 2690 κεφάλαια
2769 2622 2877 2676 τῶν
2921 2623 2978 2674 ἐν
3009 2624 3074 2693 τῇ
3115 2622 3288 2692 Καινῇ
3336 2622 3415 2683 εἱς
3461 2620 3621 2692 μέσον
3659 2621 3886 2689 ἀγαγεῖν

2215 2711 2608 2784 πειρασόμεθα.
2640 2713 2847 2781 Ὥσπερ
2886 2711 3122 2766 Μωῦσέα
3172 2710 3267 2764 καὶ
3304 2709 3510 2774 Ἠλίαν,
3559 2707 3702 2762 οὕτω
3740 2707 3888 2762 Παῦ-

2215 2801 2306 2853 λον
2336 2801 2429 2852 καὶ
2449 2800 2651 2868 Πέτρον
2673 2800 2764 2852 ἐπί⁵
2789 2799 2886 2869 τῆς
2909 2798 3117 2869 Καινῆς
3142 2787 3465 2852 δείκνυνται.
3495 2797 3759 2866 Καθάπερ
3777 2795 3887 2867 γὰρ

2217 2888 2418 2942 τούτων
2476 2891 2731 2955 ἑκάτερος
2771 2889 2800 2941 6
2841 2887 2942 2959 μέν
2984 2885 3277 2955 Αἰγυπτίου
3320 2885 3458 2950 ἐνὸς,
3498 2886 3526 2938 6
3572 2885 3628 2939 δὲ
3684 2885 3887 2956 πόριης

2223 2978 2349 3046 μιᾶς
2392 2977 2616 3046 ἀπειλὴν
2660 2975 2929 3040 δείσαντες
2975 2973 3447 3045 ἐφυγαδεύθησαν·
3497 2972 3640 3028 οὕτω
3686 2973 3750 3044 δὴ
3794 2974 3888 3026 καὶ

2220 3063 2422 3133 Πέτρος
2464 3065 2496 3132 ή
2543 3062 2767 3133 κρηπὶς.
2818 3064 2846 3115 6
2881 3061 3148 3132 θεμέλιος,
3196 3062 3225 3114 6
3270 3060 3476 3126 στῦλος,
3531 3060 3666 3131 μετά
3718 3060 3890 3132 μυρία

2221 3151 2668 3223 παραγγέλματα,
2703 3149 2841 3221 μετά
2885 3148 2952 3203 τὰ
2997 3147 3233 3203 τοσαῦτα
3284 3140 3557 3219 θαύματά,
3610 3148 3747 3219 μετά
3790 3148 3890 3219 τὴν

2220 3238 2484 3310 τοσαύτην
2520 3238 2853 3308 φιλοσοφίαν,
2889 3237 3007 3289 οὑδὲ
3043 3235 3332 3306 βασιλίδος,
3363 3235 3652 3308 ούδέ1529]
3674 3237 3888 3307 ἀνδρὸς,

2221 3326 2355 3379 ἀλλά
2369 3325 2613 3396 θυρωροῦ
2632 3326 2797 3398 κόρης
2819 3324 3045 3394 ἀπειλὴν
3064 3322 3253 3377 ἔδεισε·
3275 3324 3365 3378 καὶ
3381 3319 3450 3394 ἦν
3464 3323 3556 3376 τοῦ
3581 3336 3603 3362 ε
3623 3325 3892 3396 προτέρου

2223 3413 2400 3484 πολλῷ
2431 3413 2821 3485 χαλεπώτερον.
2854 3413 2917 3465 Οἱ
2963 3413 3060 3483 μὲν
3096 3413 3204 3484 γὰρ
3244 3412 3517 3476 δείσαντες
3566 3411 3764 3480 ἔφυγον
3795 3413 3892 3481 μό-

2224 3519 2343 3566 νον,
2393 3495 2546 3564 οὒτος
2599 3501 2655 3554 δὲ
2707 3500 2801 3555 καὶ
2853 3499 3050 3569 πτῶμα
3093 3499 3252 3552 ἔπεσε
3303 3499 3716 3570 χαλεπώτατον,
3756 3502 3893 3570 ὅπερ

2224 3589 2456 3652 ἅπαντες
2505 3588 2710 3644 ῑσασιν·
2760 3587 2944 3658 ἐπειδὴ
2990 3589 3098 3658 γαρ
3156 3587 3442 3658 ἐγυμνώθη
3496 3588 3595 3658 τῆς
3647 3588 3892 3659 χάριτος,

2223 3677 2431 3746 ἐδείχθη
2489 3677 2582 3730 καὶ
2629 3677 2661 3746 ή
2715 3676 2902 3730 τούτου
2939 3675 3212 3740 ἀσθένεια,
3254 3677 3435 3746 ἐρήμη
3492 3675 3756 3747 γενομένη
3795 3678 3894 3747 τῆς

2223 3764 2316 3818 τοῦ
2355 3764 2486 3820 Θεοῦ
2519 3763 2858 3834 κηδεμονίας.
2895 3763 3096 3834 Ἀφῆκε
3145 3764 3201 3816 δὲ
3239 3765 3266 3816 6
3302 3763 3433 3826 Θεὸς
3469 3763 3630 3816 αὑτὸν
3683 3767 3892 3827 πεσεῖν,

2227 3851 2407 3923 ἐπειδὴ
2438 3853 2531 3908 καὶ
2563 3852 2746 3910 τοῦτον
2783 3851 3004 3922 ἔμελλεν
3046 3851 3280 3922 ἄρχοντα
3315 3855 3487 3904 ποιεῖν
3511 3851 3610 3922 τῆς
3636 3853 3893 3921 οἰκουμέ-

2225 3957 2321 4014 νης
2354 3940 2568 4008 ἀπάσης
2590 3957 2602 3970 ·
2652 3939 2735 3998 ἴνα
2762 3939 2869 3994 τῶν
2907 3939 3122 3996 οἰκείων
3171 3941 3716 4011 ἀναμιμνῃσκόμενος
3750 3959 3896 3993 πτω-

2228 4029 2430 4099 μάτων,
2461 4028 2570 4080 τῶν
2631 4027 2829 4096 ἐφεξῆς
2867 4028 3165 4098 γινομένων
3213 4027 3558 4099 συγγινώσκῃ
3599 4031 3710 4090 τοῖς
3759 4030 3892 4082 ὑπο-

2228 4115 2645 4185 σκελιξομένοις.
2692 4114 2795 4174 Καὶ
2852 4116 2934 4168 ὅτι
3003 4117 3061 4168 ού
3123 4117 3428 4186 στοχασμὸς
3473 4115 3540 4169 τά
3593 4117 3890 4186 εἰρημένα,

2150 4262 2165 4276 .
2225 4204 2455 4258 ἄκουσον
2489 4202 2649 4260 αὑτοῦ
2683 4202 2928 4270 λέγοντος
2960 4201 3055 4258 τοῦ
3104 4202 3338 4274 Χριστοῦ
3358 4220 3372 4234 ο
3423 4203 3640 4272 Σίμων,
3673 4204 3890 4272 Σιξιιων,

2226 4293 2481 4358 ποσάκις
2523 4291 2811 4359 ἐζήτησεν
2862 4295 2894 4348 ό
2940 4291 3209 4357 Σατανᾶς
3258 4291 3524 4345 σινιάσαι
3570 4307 3644 4345 σε
3676 4292 3757 4358 ὡς
3789 4292 3894 4345 τὸν

2226 4380 2430 4434 σῖτον
2464 4381 2623 4449 κάγὼ
2666 4378 2917 4446 ἐδεήθην
2961 4379 3093 4447 περί
3145 4379 3282 4442 σοῦ,
3327 4380 3427 4432 ἵνα
3469 4378 3549 4446 μὴ
3589 4379 3810 4448 ἐκλίπῃ
3854 4382 3891 4448 ἡ

2226 4470 2427 4534 πίστις
2456 4484 2588 4522 σου.
2615 4469 2719 4522 Καὶ
2745 4470 2824 4522 σύ
2855 4485 2997 4521 ποτε
3029 4467 3414 4535 ἐπιστρέψας,
3435 4467 3727 4536 στήριξον
3757 4468 3898 4534 τοὺς

2225 4555 2524 4624 ἀδελφούς
2557 4572 2692 4609 σου.
2721 4554 2935 4625 Ταύτην
2972 4572 3058 4624 μοι
3088 4555 3174 4618 δὸς
3208 4557 3302 4625 τὴν
3333 4555 3583 4626 ἀμοιϐὴν,
3609 4557 3762 4626 φησὶ,
3798 4558 3894 4625 τῆς

2227 4643 2354 4713 περὶ
2395 4643 2450 4696 σέ
2487 4643 2763 4715 βοηθείας’
2803 4646 2850 4696 εἰ
2884 4644 2989 4714 γὰρ
3023 4643 3096 4713 μὴ
3143 4643 3243 4713 τῆς
3291 4645 3426 4714 ἐμῆς
3459 4643 3728 4708 ἀπέλαυες
3767 4663 3896 4714 προ⁴

2227 4730 2392 4794 νοίας,
2416 4731 2516 4782 οὑκ
2551 4729 2614 4782 ἂν
2646 4731 2882 4801 ήρκεσας
2917 4729 3035 4784 καθ’
3067 4729 3254 4788 ἐαυτὸν
3288 4732 3524 4798 ἐνεγκεῖν
3566 4731 3774 4783 ἐκείνου
3799 4732 3896 4801 τὴν

2227 4816 2431 4886 ἔφοδον.
2486 4816 2709 4870 Ἐννοῶν
2764 4818 2938 4874 τοίνυν
2991 4818 3059 4871 τά
3109 4818 3192 4877 σὰ.
3237 4819 3387 4886 γίνου
3421 4818 3530 4878 ,καὶ
3574 4821 3685 4880 τοῖς
3718 4820 3897 4884 ἄλλοις

2230 4905 2664 4974 συγγνωμονικός
2684 4923 2697 4935 ο
2738 4904 2799 4958 τὸ
2825 4905 2950 4975 γάρ,
2983 4906 3285 4973 Στήριξον,
3313 4906 3469 4960 τοῦτό
3499 4908 3643 4958 ἐστιν
3671 4909 3897 4960 αἰνιττο-

2232 4991 2420 5060 μένου·
2473 4993 2595 5056 τοῦς
2653 4993 3037 5063 σαλευομένους
3101 4994 3349 5066 στήριξον
3415 4997 3893 5062 συγκαταϐαίνων,

2228 5081 2385 5152 χεῖρα
2429 5079 2658 5149 ὀρέγων,
2721 5081 3128 5152 φιλανθρωπίαν
3186 5082 3620 5152 ἐπιδεικνύμενος
3676 5085 3892 5154 πολλήν.

2229 5166 2336 5218 Καὶ
2367 5167 2395 5218 6
2429 5167 2635 5230 Παῦλος
2663 5169 2690 5230 6
2718 5168 2926 5232 λέοντος
2965 5170 3160 5232 παντὸς
3195 5169 3522 5242 θρασύτερος
3553 5171 3649 5232 ὣν,
3690 5172 3722 5241 ή
3755 5173 3894 5226 ἀκα-

2228 5252 2534 5323 τάπληκτος
2565 5253 2730 5327 ψυχὴ,
2771 5255 2829 5308 τὸ
2868 5254 2997 5310 ἁὺτὸ
3032 5257 3188 5324 τοῦτο
3237 5257 3424 5313 ἔπαθε.
3476 5258 3583 5310 Καὶ
3632 5259 3733 5326 δρα
3781 5260 3897 5322 πῶς

2228 5339 2498 5394 δείκνυσιν
2544 5343 2732 5398 ἐαυτὸν
2790 5343 3023 5414 συνεχῶς
3064 5346 3315 5414 δεόμενον
3355 5345 3463 5398 τῶν
3507 5349 3604 5416 τῆς
3650 5363 3897 5400 ταπεινο-

2231 5427 2499 5498 φροσύνης
2543 5429 2885 5500 φαρμάκωνο
2931 5433 3229 5501 Κορινθίοις
3272 5433 3380 5503 γὰρ
3432 5433 3758 5488 ἐπιστέλλων
3791 5453 3897 5504 φη-

2232 5515 2346 5567 σίν·
2384 5517 2465 5567 Οὐ
2515 5515 2665 5569 θέλω
2686 5515 2752 5568 δὲ
2781 5516 2931 5584 ὑμᾶς
2975 5519 3232 5586 ἀγνοεῖν,
3275 5519 3550 5587 ἀδελφοί,
3604 5521 3734 5586 περὶ
3791 5520 3898 5589 τῆς

2229 5603 2489 5668 θλίψεως
2537 5601 2704 5671 ἡμῶν
2751 5603 2858 5670 τῆς
2915 5607 3241 5673 γενομένης
3292 5606 3434 5674 ’ἡμῖν
3476 5609 3545 5659 ἐν
3594 5607 3664 5673 τῇ
3717 5610 3898 5676 Ἀσίᾳ,

2231 5687 2318 5740 ὅτι
2370 5690 2495 5742 καθ’
2554 5692 2898 5758 ὑπερϐολὴν
2945 5686 3332 5761 ’ἐϐαρήθημεν
3410 5695 3558 5762 ὑπὲρ
3607 5694 3894 5764 δύναμιν·

2231 5773 2366 5829 ἀλλ’
2405 5777 2570 5831 αὐτοὶ
2618 5780 2685 5831 ἐν
2735 5779 2963 5843 ἑαυτοῖς
3011 5782 3074 5833 τὸ
3130 5782 3424 5851 ἀπόκριμα
3484 5781 3587 5835 τοῦ
3640 5783 3897 5838 θανάτου

2295 5966 2315 5994 ⁸
2348 5965 2524 6021 Melius
2547 5966 2842 6017 scriberetur
2863 5967 3019 6018 τοῦτο.
