4118 6328
207 394 299 449 ,ιῦὅ
874 381 891 435 |
932 376 1234 445 llOMILIA,
1273 374 1460 445 QUOD
1501 364 1969 438 FliEQUENTEIl
2006 365 2554 425 CONYENIENDUM
2595 362 2723 436 Sl'l‘,
2770 369 2922 426 ETC.

208 505 481 576 confugere
520 509 674 573 potes
708 517 721 553 :
756 511 876 552 nam
908 506 962 551 et
994 495 1085 549 ille
1115 508 1314 563 pauper
1339 498 1480 553 erat,
1511 487 1783 543 omnium-

206 613 300 667 que
326 591 604 652 hominum
640 590 1012 663 pauperrimus
1046 603 1058 639 :
1090 588 1145 639 in
1176 586 1392 639 deserto
1420 579 1727 642 habitabat,
1761 591 1791 630 a

208 690 488 762 majoribus
522 697 579 743 et
605 704 635 741 a
666 685 833 755 patria
871 680 1121 753 ignobilis
1143 721 1156 744 ,
1188 691 1399 733 necnon
1432 676 1502 729 ab
1526 673 1647 729 aliis
1672 686 1793 727 om-

208 784 373 838 nibus.
421 784 676 836 Attamcn
728 777 819 833 ille
866 774 987 847 plus
1025 787 1188 845 quam
1222 770 1304 827 sol
1346 766 1564 831 effulsit,
1609 774 1664 821 et
1702 762 1824 819 illo.

210 886 438 945 tempore
484 882 540 928 et
587 885 732 927 nunc
778 882 1014 939 quoque,
1060 874 1115 921 et
1156 872 1411 934 quantam
1454 859 1535 915 sol
1578 857 1797 926 respicit

210 979 419 1031 terram,
453 974 665 1021 tantam
696 963 814 1033 ejus
833 960 1003 1033 gloria
1036 956 1299 1030 pervadit,
1320 952 1532 1011 etiamsi
1564 960 1689 1006 ante
1719 956 1796 1003 tot

210 1058 390 1115 sa-cula
420 1056 694 1113 exstiterit
714 1072 729 1120 ;
748 1054 843 1109 sed
864 1063 1069 1108 tantum
1102 1061 1313 1119 tempus
1333 1047 1450 1117 ejus
1476 1042 1793 1100 memoriam

210 1167 305 1206 non
329 1150 593 1205 exstinxit
616 1166 631 1212 ;
661 1157 717 1203 et
732 1146 854 1216 jure
886 1144 1079 1199 merito
1106 1140 1345 1213 quidem.
1389 1137 1537 1192 Talis
1565 1148 1795 1206 namque

210 1260 287 1299 res
317 1252 398 1299 cst
426 1245 601 1298 virtus
621 1281 637 1305 ,
668 1237 1021 1303 immortalis,
1051 1250 1170 1306 qum
1200 1235 1499 1305 plusquam
1522 1228 1602 1285 sol
1643 1226 1797 1283 efful-

208 1346 339 1405 geat.
382 1332 625 1398 Verum,
677 1341 733 1386 ut
786 1331 897 1401 jam
960 1329 1068 1383 dixi
1116 1328 1340 1396 (neque
1384 1323 1525 1378 enim
1583 1318 1798 1391 oportet

210 1444 321 1493 nos,
354 1428 406 1483 in
455 1428 734 1499 pmpheta:
782 1424 996 1479 laudum
1045 1422 1264 1492 pelagus
1305 1418 1533 1479 delatos,
1570 1415 1796 1470 instituti

210 1522 495 1592 argumenti
526 1519 817 1588 oblivisci),
850 1517 935 1571 hic
960 1529 1175 1587 quoque
1201 1513 1288 1566 illa
1318 1510 1555 1574 exhibet,
1581 1524 1699 1578 qua:
1729 1508 1798 1563 de

212 1614 384 1688 Moyse
407 1614 554 1670 dicta
578 1625 722 1669 sunt.
753 1612 886 1680 Quia
916 1610 1061 1666 enim
1085 1606 1374 1664 verisimile
1399 1614 1513 1659 erat
1538 1605 1707 1671 illum,
1731 1617 1797 1656 ex

212 1708 461 1776 prseclare
488 1707 655 1778 gestis
684 1706 905 1769 elatum,
942 1716 1047 1757 n0a
1087 1699 1373 1755 admodum
1417 1711 1643 1767 pronum
1686 1695 1799 1749 fore

214 1798 275 1854 ad
304 1799 512 1853 veniam
563 1796 772 1853 ett-teris
816 1793 1254 1859 concedendam;
1302 1790 1423 1846 vide
1473 1789 1597 1861 quid
1641 1787 1801 1843 faciat

215 1890 344 1943 Dens
368 1906 381 1943 :
413 1889 671 1959 permittit
698 1888 847 1942 illum
875 1887 1041 1959 gratia
1069 1900 1165 1940 sua
1198 1884 1407 1949 nudari,
1435 1891 1491 1936 ut
1516 1880 1800 1936 infirmita—

214 1990 312 2036 tem
354 1981 473 2051 ejus
519 1981 927 2037 ostendatzimo
968 1995 1096 2034 vero
1140 1993 1171 2033 e
1212 1992 1269 2031 re
1299 1975 1496 2040 fuerit,
1522 1982 1578 2028 ut
1627 1973 1801 2043 primo

212 2074 554 2129 ostendamus
577 2073 846 2145 quomodo
879 2088 984 2127 non
1015 2080 1156 2126 esset
1177 2069 1243 2124 ad
1265 2069 1474 2124 veniam
1499 2066 1803 2121 conceden-

214 2165 327 2220 dam
356 2180 580 2236 pronus.
613 2165 897 2236 Postquam
926 2166 1070 2220 enim
1102 2163 1369 2217 clauserat
1387 2160 1600 2225 caelum,
1619 2167 1674 2214 et
1696 2167 1803 2212 ter-

216 2275 321 2313 tam
352 2258 743 2315 infructuosam
777 2258 1106 2321 reddiderat,
1132 2256 1405 2326 famesque
1426 2263 1575 2319 erat;
1608 2252 1799 2317 fanus,

214 2352 444 2423 inquam,
492 2354 735 2408 omnium
783 2352 1159 2416 acerbissima;
1207 2358 1262 2404 et
1308 2363 1461 2418 aqua:
1505 2347 1803 2415 absumptae

216 2454 390 2512 erant,
422 2448 692 2502 exsiccata
727 2445 912 2511 herba,
945 2445 1161 2499 flumina
1192 2442 1525 2508 defecerant,
1553 2439 1801 2495 horrida-

216 2554 312 2609 que
340 2550 456 2595 erat
499 2549 658 2594 terra:
704 2539 887 2606 facies,
928 2549 1155 2593 mortem
1204 2536 1490 2600 minitans;
1526 2533 1803 2602 famesque

221 2631 436 2687 ulterius
482 2631 784 2701 procudens
832 2631 1123 2697 smviebat,
1154 2629 1510 2683 miserrimam
1544 2626 1805 2681 inducens

218 2733 435 2779 mortem
464 2743 476 2777 :
503 2739 678 2793 neque
704 2724 780 2778 sic
823 2723 913 2779 ille
964 2722 1190 2777 inflexus
1218 2730 1335 2784 est;
1370 2721 1463 2775 sed
1522 2720 1710 2775 abiens
1752 2720 1805 2773 in

218 2820 403 2873 montis
423 2818 707 2873 cacumine
728 2817 910 2872 sedem
942 2824 1150 2886 posuit,
1171 2830 1293 2869 cum
1319 2815 1598 2870 Judaicum
1631 2828 1805 2885 popu-

219 2910 321 2965 lum
345 2911 396 2966 in
427 2922 535 2966 tam
560 2925 775 2981 gravem
792 2910 1153 2964 calamitatem
1177 2919 1230 2963 et
1256 2907 1431 2962 labem
1459 2908 1800 2976 conjecisset.

220 3003 318 3058 Sed
348 2992 611 3073 benignus
640 3003 801 3066 Deus,
821 3013 874 3057 et
892 3001 1177 3056 ineffabilis
1204 3000 1425 3070 ejusque
1442 2998 1675 3061 bonitas,
1696 3007 1807 3053 tan-

219 3103 322 3149 tz‘m
362 3096 707 3151 severitatem
750 3107 855 3149 non
900 3093 1048 3158 tulit;
1078 3091 1173 3147 sed
1218 3092 1472 3162 Quoniam
1506 3090 1599 3146 ille
1630 3090 1804 3160 ipsam

222 3188 418 3257 precari
459 3190 680 3244 nolebat
722 3197 777 3242 ιιι
802 3188 1163 3243 calamitatem
1186 3186 1441 3251 auferret,
1470 3200 1591 3239 eum
1626 3194 1805 3239 tamen

223 3280 356 3336 Deus
380 3283 498 3337 sine
530 3282 622 3337 illo
653 3281 703 3336 id
736 3282 995 3351 perlicere
1023 3280 1221 3342 nollet;
1266 3278 1387 3333 vide
1439 3278 1565 3349 quid
1611 3281 1805 3331 factum

221 3374 283 3424 sit
305 3390 318 3423 τ
337 3374 512 3443 primo
536 3388 658 3427 cum
692 3373 781 3426 illo
810 3388 922 3426 rem
950 3372 1330 3435 communicat,
1351 3379 1401 3424 et
1430 3380 1555 3423 tunc
1578 3391 1587 3439 ι
1611 3369 1807 3424 luviam

222 3466 391 3520 mittit.
422 3466 607 3521 Videu‘
638 3466 689 3521 iu
721 3464 755 3519 h
780 3480 823 3520 xc
844 3466 1004 3520 etiam
1028 3465 1117 3519 Dei
1148 3464 1527 3535 benignitatem
1548 3476 1597 3517 et
1620 3464 1811 3518 huma-

222 3556 452 3621 nitatem,
479 3566 642 3626 atque
686 3558 944 3612 honorem
975 3571 1083 3627 quo
1129 3566 1371 3610 sanctum
1405 3557 1573 3609 virum
1617 3570 1807 3626 prosc-

220 3646 511 3716 qnebatur‘!
538 3647 723 3717 Neque
771 3649 913 3703 enim
964 3648 1113 3718 prius
1155 3648 1355 3702 imbres
1397 3648 1612 3709 emisit,
1644 3662 1804 3717 quam

221 3743 364 3797 illum
405 3753 551 3797 esset
606 3743 915 3814 alloquutus
942 3750 997 3797 et
1025 3741 1151 3812 quid
1195 3739 1433 3796 futurum
1471 3749 1617 3796 esset
1644 3740 1815 3795 dixis-

222 3844 331 3899 set,
365 3835 666 3903 futnrzrque
709 3835 856 3888 illum
886 3833 1032 3889 misit
1074 3848 1253 3888 rerum
1294 3832 1635 3887 abundantia:
1669 3848 1809 3903 pra:-

221 3944 423 3983 cenem.
450 3931 587 3996 Quia
638 3930 781 3984 enim
838 3943 935 3999 per
978 3943 1103 3982 eum
1152 3928 1323 3983 tristia
1373 3938 1685 3993 evenerant,
1716 3944 1806 3981 vo-

223 4020 313 4076 luit
337 4023 496 4077 etiain
530 4025 793 4079 bonorum
826 4022 1177 4092 betarumque
1205 4022 1448 4075 nuntium
1482 4036 1623 4082 esse.
1648 4032 1811 4087 atque

221 4128 280 4165 cx
312 4123 496 4170 monte
549 4114 799 4168 eductum
848 4113 995 4168 illum
1026 4113 1172 4167 misit
1200 4114 1289 4184 qui
1324 4114 1521 4183 ubique
1554 4114 1805 4167 imbrium

221 4204 502 4262 adventum
532 4220 583 4262 et
607 4216 936 4262 cessaturam
964 4222 1087 4262 esse
1117 4208 1309 4262 famem
1341 4207 1675 4276 prmdiceret.
1713 4209 1810 4262 Αι-

225 4308 394 4355 tamen
420 4317 545 4357 cum
578 4301 793 4357 tandem
820 4301 993 4373 pluvia
1023 4300 1334 4363 decidisset,
1366 4311 1421 4353 et
1450 4300 1597 4355 brevi
1630 4315 1809 4355 rerum

220 4392 451 4447 omnium
480 4393 635 4463 copia
662 4394 885 4450 advecta
928 4392 1152 4461 fuisset,
1192 4404 1548 4465 congregatos
1591 4394 1682 4449 ille
1724 4410 1810 4449 sa-

221 4482 460 4539 cerdotes
492 4485 667 4539 ltantis
698 4500 922 4540 numero
946 4485 1388 4557 quadringentos,
1416 4488 1523 4541 imo
1549 4488 1806 4557 quadrin-

220 4587 400 4648 gentos
428 4589 485 4635 et
514 4580 783 4651 octoginta
834 4579 1100 4651 jugulavit
1120 4620 1134 4643 ,
1163 4590 1215 4636 et
1236 4582 1512 4652 sanguinis
1542 4590 1811 4639 torrentes

221 4670 407 4725 emisit.

285 4762 336 4816 4.
378 4762 518 4829 Quid
550 4762 666 4818 haec
695 4761 761 4816 ad
793 4762 1096 4818 institutum
1126 4766 1410 4820 nostrum?
1440 4764 1517 4821 Ne
1541 4766 1808 4837 turberis,

220 4872 250 4907 ο
278 4856 504 4919 dilecte;
536 4857 602 4910 ad
634 4857 802 4926 ipsam
834 4858 1099 4913 dictorum
1124 4874 1389 4916 summam
1417 4861 1526 4928 jam
1554 4877 1805 4934 propero.

219 4943 498 5019 Postquam
530 4950 673 5004 enim
720 4950 990 5005 flammam
1043 4951 1186 5005 illam
1242 4967 1275 5007 e
1330 4952 1465 5007 cmlu
1520 4954 1706 5020 duxit,
1754 4965 1810 5013 et

221 5040 491 5094 victoriam
515 5042 832 5110 reportavit,
848 5041 1297 5113 splendidutnquc
1324 5058 1584 5114 tropaeum
1610 5049 1805 5113 erexit,

220 5144 275 5182 ac
304 5131 647 5186 sacerdotum
675 5132 878 5187 ctedem
908 5134 1171 5202 patravit,
1202 5136 1331 5188 abiit
1376 5136 1616 5207 gaudens
1645 5149 1695 5191 et
1740 5139 1809 5194 de

219 5224 377 5289 gestis
406 5224 691 5293 magnifice
720 5226 977 5280 sentiens.
1015 5226 1156 5279 Misit
1188 5227 1255 5280 ad
1284 5228 1431 5281 illum
1463 5244 1598 5283 uxor
1629 5231 1809 5285 Acha-

219 5315 331 5376 abi,
381 5315 721 5371 meretricula
766 5316 889 5371 vilis
922 5330 977 5373 et
1022 5319 1357 5388 spernenda,
1410 5319 1642 5377 dicens:
1681 5324 1809 5379 llaec

221 5410 401 5475 [ιιάτιηι
435 5411 560 5463 mihi
593 5411 704 5475 dii,
732 5422 777 5465 et
808 5412 915 5466 haec
960 5412 1155 5466 addant
1176 5455 1188 5475 ,
1218 5416 1263 5467 si
1304 5431 1401 5468 non
1446 5433 1661 5484 posuero
1693 5436 1807 5473 cras

220 5500 434 5553 animum
502 5515 644 5553 tuum
691 5502 820 5554 sicut
877 5519 1033 5556 unum
1084 5520 1147 5557 ex
1199 5505 1276 5557 his
1320 5508 1684 5561 sacerdotibus.
1740 5508 1806 5563 Et

220 5600 375 5644 tmmtt
403 5595 491 5648 ille
511 5636 525 5657 ,
552 5606 600 5647 et
632 5595 763 5665 fugit
790 5594 920 5648 vium
956 5596 1299 5665 quadraginta
1331 5597 1528 5651 dierum
1558 5600 1635 5669 (3.
1674 5600 1805 5671 Reg.

222 5684 301 5740 l9.
326 5686 379 5741 2.
418 5686 496 5758 ὅ).
531 5688 669 5755 Quid
697 5688 869 5758 ergo?
912 5690 1089 5742 anima
1141 5690 1227 5743 illa
1255 5691 1446 5743 cadum
1490 5692 1761 5761 attingens
1786 5736 1801 5761 ,

220 5774 261 5830 is
288 5780 373 5848 qui
400 5788 569 5833 totum
598 5780 853 5833 mundum
875 5779 1227 5849 despiciebat,
1251 5783 1339 5850 qui
1371 5781 1567 5838 famem
1602 5793 1801 5839 tantam

220 5880 642 5944 contempserat,
689 5873 781 5943 qui
826 5882 1010 5928 contra
1061 5890 1241 5947 regem
1274 5886 1560 5947 tyrannum
1613 5877 1802 5948 liujns~

3402 375 3511 431 ‘66

1908 483 2052 538 modi
2088 484 2473 548 insurrexerat,
2517 484 2608 554 qui
2653 484 2843 539 ca-lnui
2891 485 3157 543 clauserat
3194 497 3250 544 et
3274 503 3507 560 aperue-

1902 584 2019 642 rat,
2045 576 2137 644 qui
2196 589 2341 629 nunc
2384 576 2614 645 pluviam
2637 618 2652 643 ,
2687 592 2829 633 nunc
2867 575 3139 635 flammam
3186 580 3508 650 deduxerat,

1899 668 1990 740 qui
2029 676 2238 722 natura:
2272 669 2627 724 necessitates
2663 670 3116 740 conculcaverat,
3158 675 3250 745 qui
3294 677 3511 733 concuti

1902 776 2011 817 non
2051 770 2297 833 poterat,
2342 770 2397 817 et
2437 762 2636 831 ubique
2682 762 2994 818 confidebat
3036 782 3052 820 :
3101 761 3191 821 hic
3236 777 3510 839 repente,

1903 863 2024 926 post
2054 862 2132 910 tot
2160 854 2423 925 praeclare
2450 864 2603 925 gesta
2622 895 2638 921 ,
2670 865 2789 923 post
2818 864 3022 911 tantam
3045 855 3321 927 fiduciam,
3349 862 3513 918 unius

1903 948 2206 1005 fornicariaa
2245 948 2439 1021 puella:
2483 950 2689 1017 minas,
2745 954 2915 1008 verbo
2972 963 3181 1011 tantum
3231 956 3509 1027 prolatas,

1904 1058 2010 1099 non
2042 1044 2195 1109 tulit,
2236 1044 2333 1101 sed
2364 1043 2621 1116 profugus
2644 1056 2699 1101 et
2725 1046 2880 1102 exsul
2911 1046 3150 1104 efficitur
3170 1090 3185 1116 ,
3218 1050 3285 1105 ad
3318 1050 3509 1105 desera-

1906 1145 2017 1190 tnm
2054 1135 2331 1207 confugit,
2373 1147 2430 1192 et
2478 1138 2832 1211 quadraginta
2876 1141 3087 1197 dierum
3132 1142 3235 1198 iter
3282 1144 3510 1199 recedit.

1904 1232 2164 1301 Quaznam
2212 1234 2373 1303 igitur
2417 1232 2576 1303 lmjus
2618 1235 2697 1289 rei
2747 1250 2911 1292 causa
2964 1237 3093 1293 est?
3146 1237 3289 1294 Deus
3341 1240 3510 1309 gratia

1905 1339 1999 1379 sua
2040 1324 2261 1380 nudavit
2302 1324 2473 1389 illum,
2503 1334 2557 1381 et
2599 1334 2722 1382 tunc
2753 1329 3000 1399 apparuit
3035 1338 3241 1385 natura:
3286 1331 3512 1386 infirmi-

1908 1424 1990 1470 tas
2023 1434 2036 1470 :
2070 1425 2470 1471 monstraverat
2500 1418 2641 1473 Deus
2678 1420 2997 1490 prophetam
3021 1463 3035 1483 ,
3089 1423 3411 1477 monstravit
3458 1436 3513 1478 et

1906 1510 2182 1566 hominem
2209 1553 2224 1573 ,
2279 1522 2336 1564 ut
2362 1511 2636 1567 discerent
2666 1528 2728 1567 ea
2756 1529 2880 1584 qua:
2923 1527 3049 1569 tunc
3074 1525 3223 1585 gesta
3264 1514 3511 1581 fuerant,

1906 1605 2099 1674 gratia:
2152 1619 2288 1674 opus
2320 1604 2511 1660 fuisse.
2563 1605 2690 1661 lla-c
2750 1622 2911 1677 porro
2949 1606 3213 1674 faciebat,
3265 1619 3325 1665 ut
3362 1610 3513 1665 illum

1906 1696 1973 1749 ad
2022 1696 2233 1751 veniam
2297 1698 2512 1753 cmteris
2573 1699 2980 1755 concedendam
3023 1717 3253 1772 pronum
3312 1703 3511 1758 redde-

1909 1798 2013 1853 ret,
2034 1799 2196 1860 utque
2214 1793 2576 1861 arrogantiam
2602 1808 2665 1847 ex
2696 1795 2954 1863 prteclare
2974 1796 3143 1865 gestis
3171 1806 3377 1867 partam
3398 1814 3515 1851 suc-

1908 1882 2109 1938 cideret
2133 1883 2499 1939 etcobiberct.
2533 1885 2687 1954 Quod
2714 1897 2893 1943 autem
2935 1903 3187 1959 magnum
3234 1890 3511 1962 quidpiam

1908 1973 1975 2029 de
2002 1989 2062 2030 se
2090 1976 2313 2030 sentiret
2341 1984 2396 2029 et
2426 1974 2814 2047 imaginaretnr
2834 2020 2851 2045 ,
2880 1978 3135 2049 quodque
3164 1990 3352 2035 contra
3379 1983 3516 2037 alios

1907 2068 2455 2138 omnesinsurgeret;
2488 2069 2637 2123 illum
2669 2069 2844 2140 ipsum
2870 2072 2947 2127 rei
2981 2080 3173 2127 testem
3204 2073 3359 2129 vobis
3388 2090 3514 2145 pro-

1910 2156 2099 2212 feram.
2132 2160 2268 2215 Cum
2297 2162 2441 2215 enim
2486 2161 2625 2215 Deus
2657 2162 2829 2232 ipsum
2859 2164 3030 2229 adiit,
3073 2173 3128 2219 et
3157 2165 3516 2236 interrogavit

1908 2267 2005 2307 cur
2034 2253 2136 2306 isto
2162 2253 2215 2307 in
2244 2252 2365 2307 loco
2393 2262 2721 2320 versaretur,
2751 2256 2939 2309 dicens
2971 2273 2985 2310 :
3020 2257 3158 2323 Quid
3185 2257 3274 2311 tibi
3296 2258 3377 2312 hic
3402 2269 3476 2313 est
3499 2301 3513 2321 ,

1910 2362 1940 2398 ο
1988 2344 2104 2398 Elia
2141 2346 2197 2418 (3
2224 2345 2355 2416 Reg.
2379 2345 2465 2401 l9.
2504 2345 2643 2415 13)?
2671 2346 2797 2402 illud
2830 2360 2978 2411 vero,
3009 2347 3147 2415 Quid
3173 2348 3260 2403 tibi
3288 2350 3369 2403 hic
3401 2351 3518 2403 est!

1912 2438 2283 2508 interrogavit,
2333 2454 2441 2493 non
2497 2449 2554 2493 ut
2595 2440 2711 2510 ipse
2756 2440 3027 2509 disceret,
3076 2442 3172 2497 sed
3214 2451 3272 2498 ut
3320 2458 3515 2497 arcana

1911 2533 2109 2588 mentis
2158 2534 2325 2603 ipsius
2373 2534 2532 2589 uobis
2581 2535 2878 2601 revelaret;
2925 2549 3046 2590 nam
3076 2536 3239 2591 etiam
3266 2534 3519 2592 Christus

1910 2641 2034 2680 cum
2070 2626 2430 2681 Chananmam
2481 2627 2864 2699 interregavit,
2922 2644 3029 2684 non
3089 2630 3139 2684 id
3192 2629 3317 2685 fecit
3346 2639 3403 2683 ut
3432 2630 3515 2685 di-

1912 2728 2112 2779 sceret,
2160 2719 2255 2774 sed
2283 2728 2340 2774 ut
2369 2718 2491 2773 fidei
2526 2720 2841 2775 thesaurum
2872 2724 2923 2775 in
2959 2724 3070 2792 ipsa
3099 2724 3394 2793 repositum
3422 2739 3521 2777 nos

1912 2810 2131 2867 doceret
2184 2828 2199 2866 :
2248 2810 2543 2883 interrogat
2608 2811 2768 2884 igitur
2826 2812 2976 2868 illum
3020 2830 3118 2869 cur
3159 2822 3365 2869 tantmu
3418 2814 3523 2869 iter

1913 2904 2243 2972 susceperit,
2292 2918 2357 2957 ac
2400 2904 2600 2959 relictis
2639 2905 2864 2959 urbibus
2892 2917 2943 2960 et
2990 2906 3201 2976 pepulis
3244 2906 3519 2961 desertum

1914 2996 2199 3066 delegerit,
2247 3011 2353 3049 non
2398 3006 2456 3051 ut
2486 2997 2601 3066 ipse
2642 2998 2876 3052 disceret
2906 3015 2918 3051 :
2948 2998 3221 3069 quomodo
3251 3000 3392 3054 enim
3429 3001 3521 3070 qui

1914 3088 2094 3142 omina
2140 3086 2382 3141 sciebat?
2431 3088 2527 3143 sed
2571 3099 2627 3144 ut
2660 3104 2759 3143 nos
2802 3089 3023 3145 doceret
3070 3105 3166 3161 per
3213 3092 3526 3162 responsio-

1917 3197 2038 3237 nem
2068 3181 2186 3252 ejus
2212 3190 2420 3236 secreta
2450 3183 2647 3238 mentis
2678 3183 2866 3253 ipsius,
2894 3184 2948 3239 e't
2977 3183 3120 3255 quod
3147 3184 3261 3255 ipse
3294 3195 3349 3239 ut
3392 3200 3528 3256 per-

1918 3273 2237 3327 tcrrefzictus
2289 3274 2343 3328 in
2396 3273 2745 3329 formidinem
2794 3274 3092 3340 incideret;
3154 3275 3520 3347 permisisset,

1917 3380 2023 3419 non
2055 3365 2387 3433 impulisset;
2438 3366 2816 3430 coacessisset,
2866 3382 3039 3437 noque
3088 3377 3342 3437 operatus
3391 3367 3523 3422 fuis~

1915 3468 2019 3525 set,
2056 3458 2150 3513 sed
2184 3458 2437 3513 nudasset
2468 3460 2617 3513 illum
2649 3461 2817 3529 gratia
2852 3469 3057 3515 tantum
3088 3501 3105 3526 ,
3136 3472 3189 3517 et
3222 3460 3313 3515 ille
3344 3460 3521 3515 victus

1915 3564 2063 3608 esset
2093 3572 2105 3606 :
2137 3570 2259 3608 cum
2304 3569 2435 3624 ergo
2480 3553 2740 3619 dixisset,
2778 3553 2917 3621 Quid
2947 3554 3037 3607 tibi
3062 3554 3145 3609 hic
3171 3596 3186 3621 ,
3222 3554 3379 3608 Elia?
3419 3571 3521 3608 an-

1915 3646 2131 3700 diamus
2168 3646 2295 3715 quid
2343 3648 2430 3699 ille
2472 3645 2667 3699 dixerit
2700 3662 2712 3697 :
2772 3646 2970 3699 Attariu
3015 3654 3102 3699 tua
3142 3646 3446 3711 diruerant,
3481 3656 3528 3699 et

1919 3737 2192 3807 proﬂictas
2226 3748 2337 3791 tuos
2368 3738 2703 3801 occiderunt;
2732 3747 2777 3791 et
2809 3752 2900 3807 rgo
2928 3738 3133 3791 relictus
3162 3754 3276 3792 sum
3306 3736 3445 3791 satus
3474 3747 3524 3790 et

1916 3840 2147 3900 quwruut
2177 3830 2402 3883 animum
2432 3848 2594 3883 meum
2630 3830 2703 3899 (5.
2742 3828 2863 3900 Iicg.
2902 3830 2988 3883 19.
3017 3828 3129 3899 14).
3165 3827 3353 3883 Viden'
3373 3828 3519 3899 qunti

1916 3939 2107 3978 omnes
2152 3922 2379 3994 periisse
2420 3936 2666 3992 putaret,
2710 3934 2764 3977 et
2794 3937 2852 3976 se
2895 3922 3072 3976 solum
3102 3936 3388 3990 superesse
3414 3964 3427 3987 ,
3458 3938 3526 3978 ac

1920 4027 2040 4086 post
2082 4017 2229 4069 ίιιιιιιι
2286 4016 2487 4069 nullmn
2520 4030 2642 4071 esse
2688 4016 2892 4069 alium?
2944 4014 3087 4084 quod
3135 4014 3287 4069 illum
3330 4015 3382 4069 in
3433 4030 3521 4068 ar-

1919 4110 2216 4179 rogantiam
2276 4107 2549 4163 deducere
2605 4108 2859 4178 paulatim
2934 4116 3163 4177 poterat.
3289 4104 3524 4176 Ideoque

1924 4202 2083 4263 licus,
2116 4212 2173 4255 ut
2201 4200 2337 4257 hanc
2371 4200 2557 4254 falsam
2587 4200 2705 4269 ejus
2731 4200 3046 4270 tqiiiiio;.etn
3076 4207 3378 4262 amoveret,
3407 4198 3482 4251 ait
3508 4215 3522 4250 :

1922 4296 2125 4363 Reliqui
2152 4297 2275 4349 mihi
2307 4306 2494 4363 reptent
2520 4295 2679 4349 millia
2707 4294 3053 4363 virorum,qui
3078 4311 3211 4365 genu
3232 4310 3333 4347 non
3360 4294 3522 4363 ﬂexe-

1919 4399 2037 4443 runt
2080 4399 2195 4441 ante
2224 4387 2357 4441 Βαιιί
2388 4386 2553 4453 (Ibid.
2589 4404 2634 4440 υ.
2688 4386 2796 4457 18).
2842 4386 3106 4451 Quoniam
3155 4385 3317 4455 igitur
3359 4386 3523 4439 etiam

1918 4480 2134 4551 quando
2183 4480 2482 4533 siccitatem
2542 4478 2827 4533 induxerat
2860 4519 2874 4543 ,
2929 4478 3045 4547 ipse
3104 4480 3416 4546 perstiterat
3470 4487 3521 4530 ut

1920 4573 2201 4642 castigatio
2244 4572 2334 4627 illa
2365 4582 2690 4641 augezetur,
2725 4582 2780 4625 et
2812 4583 2993 4640 postea
3038 4570 3107 4625 de
3137 4571 3317 4640 seipse
3358 4571 3524 4624 altmn

1919 4666 2194 4737 sapiebat,
2251 4681 2314 4720 ac
2356 4667 2400 4719 si
2447 4668 2596 4720 solus
2637 4676 2781 4721 esset
2821 4666 2873 4719 in
2928 4675 3072 4720 terra
3120 4666 3251 4719 tanti
3297 4667 3474 4720 meriti
3512 4688 3524 4722 :

1920 4762 2166 4833 permisit
2195 4761 2333 4815 Deus
2374 4769 2430 4814 nt
2460 4760 2787 4815 infirmitatis
2825 4774 2935 4815 sum
2968 4775 3187 4815 sensum
3216 4770 3271 4814 et
3306 4761 3525 4829 experi-

1920 4865 2159 4912 menlmn
2204 4865 2459 4925 caperet,
2492 4855 2693 4909 docens
2744 4864 2878 4924 quot
2923 4867 3107 4910 essent
3155 4856 3245 4925 qui
3294 4856 3525 4909 salutem

1917 4961 2399 5022 eotiseqnerentur,
2419 4966 2511 5021 per
2543 4949 2659 5003 hare
2687 4950 2848 5003 ambo
2892 4949 3009 5019 ejus
3057 4950 3295 5003 animum
3345 4948 3519 5018 depri-

1921 5059 2093 5108 mens,
2123 5045 2463 5112 suadensqne
2510 5053 2563 5096 nt
2598 5044 2794 5111 ubique
2847 5044 3090 5097 modeste
3130 5052 3353 5112 ageret,
3378 5054 3431 5097 et
3458 5043 3525 5098 ad

1921 5136 2303 5206 ignoscendum
2336 5136 2545 5189 ueteris
2577 5153 2775 5205 pronus
2804 5145 2972 5200 esset,
3006 5150 3069 5189 ac
3102 5137 3219 5188 zelo
3246 5148 3347 5189 suo
3377 5134 3530 5189 beni—

1918 5230 2179 5299 gnitatent
2213 5229 2557 5281 adniisccrct.

1992 5321 2044 5377 5.
2078 5320 2224 5375 Petri
2268 5321 2465 5390 lapsus.
2496 5350 2568 5359 —
2594 5320 2748 5388 Quod
2778 5321 2821 5374 si
2848 5320 3082 5375 volueris
3107 5318 3299 5375 eadem
3328 5322 3443 5391 ipsa
3474 5322 3528 5377 in

1917 5412 2068 5468 Novo
2108 5412 2462 5469 Testamento
2510 5412 2721 5477 videre,
2771 5426 2987 5466 rursum
3018 5411 3113 5466 tibi
3160 5412 3482 5483 coryplimos
3510 5455 3526 5478 ,

1919 5517 2114 5571 turres,
2148 5516 2595 5577 propugnatores,
2633 5516 2688 5562 et
2714 5507 2986 5577 principes
3012 5506 3102 5575 qui
3147 5504 3233 5560 hic
3265 5504 3523 5571 floruere,

1919 5600 1970 5653 in
2018 5598 2253 5653 medium
2301 5599 2571 5653 adducere
2629 5599 2965 5653 conabimur.
3011 5598 3163 5653 Sient
3208 5598 3425 5669 Moysen
3471 5607 3526 5649 et

1919 5691 2093 5747 Eliam
2122 5691 2474 5756 ostendimus,
2508 5692 2587 5746 sic
2618 5692 2816 5747 Paulus
2856 5700 2909 5746 et
2936 5691 3128 5746 Petrus
3157 5690 3208 5745 in
3241 5690 3391 5744 Novo
3417 5690 3526 5744 Tc-

1917 5794 2185 5841 stamento
2200 5794 2586 5841 monstrantur.
2602 5785 3069 5853 Quemadmodum
3085 5784 3229 5839 enim
3249 5783 3325 5838 illi
3338 5782 3521 5845 ambo,

1919 5882 2054 5937 alius
2084 5879 2317 5952 Illgyptii
2365 5882 2543 5949 unius,
2598 5882 2738 5937 alius
2786 5880 3088 5938 meretricis
3139 5878 3299 5936 unius
3351 5882 3526 5936 minas
