4118 6328
614 414 708 457 ιλιι

614 514 959 567 forinidautcs
1012 512 1062 564 in
1096 496 1266 578 fugam
1298 506 1432 558 versi
1463 514 1583 556 sunt
1616 521 1630 556 :
1657 500 1733 555 sic
1762 509 1817 553 et
1848 500 2032 550 Petrus
2052 537 2066 557 ,
2096 494 2184 547 l'ul-

612 620 760 658 irmn
812 602 958 663 illud.
1010 598 1412 654 lutulmneutnm
1460 604 1510 649 et
1555 595 1824 653 coltnnna,
1877 598 1993 656 post
2044 587 2185 639 mille

614 698 1035 765 praedicationes.
1069 700 1186 761 post
1211 700 1287 743 tot
1314 688 1599 749 mirabilia,
1636 694 1752 753 post
1779 693 1977 736 tantam
2022 678 2185 748 philo-

613 790 874 857 sophiam,
902 800 1001 838 non
1037 784 1253 853 regium,
1274 795 1444 849 neque
1476 779 1595 840 viri,
1623 776 1714 831 sed
1733 773 1964 828 ostiaria'
1993 770 2184 840 puellae

614 881 781 933 minas
811 876 983 931 timuit
1008 885 1262 942 :eratque
1285 872 1409 925 illud
1453 866 1717 940 prioribus
1764 866 1919 934 longe
1945 863 2179 932 gravius.

617 970 695 1025 Illi
736 983 963 1036 namque
1012 966 1264 1020 timentes
1313 972 1514 1016 tantum
1558 960 1842 1028 fugerunt;
1878 957 1963 1009 hic
2006 963 2182 1008 autem

594 1042 925 1133 gravissimo
975 1060 1123 1128 lapsu
1168 1056 1362 1123 cecidit
1402 1054 1577 1127 (Joan.
1611 1052 1698 1106 18.
1728 1048 1843 1122 17),
1890 1058 1947 1104 ιιι
1997 1062 2184 1103 omnes

608 1155 816 1209 sciunt:
851 1162 1126 1221 postquam
1152 1151 1292 1204 enim
1326 1149 1490 1216 gratia
1520 1148 1745 1198 nudatus
1773 1153 1874 1207 est,
1903 1142 2184 1197 inﬁrmitas

608 1245 723 1311 ejus
752 1244 991 1313 apparuit
1019 1244 1431 1296 deserentecnm
1459 1239 1545 1291 Dei
1564 1253 1709 1292 cura.
1739 1234 1984 1290 Permisit
2005 1244 2182 1287 autem

614 1340 752 1390 licus
782 1345 838 1389 ut
865 1334 1099 1398 caderet,
1126 1334 1247 1403 quia
1271 1331 1429 1386 etiam
1462 1330 1609 1383 illum
1632 1329 1794 1382 totius
1819 1327 1963 1380 orbis
1991 1324 2187 1393 princi-

610 1444 727 1497 pem
743 1432 1127 1483 constituturus
1143 1432 1286 1490 erat;
1307 1434 1363 1479 ut
1380 1437 1599 1477 suorum
1619 1436 1821 1475 memor
1841 1410 2179 1479 delictorum,

610 1523 671 1575 iis
702 1523 789 1589 qui
818 1521 1072 1590 deinceps
1092 1518 1469 1589 supplantandi
1499 1516 1673 1570 forent
1712 1529 1910 1583 pronus
1937 1520 2079 1567 esset
2116 1511 2181 1563 ad

602 1613 812 1667 veniam
840 1609 1430 1678 concedendum.Quod
1449 1620 1623 1662 autem
1654 1606 1769 1661 Ιιωο
1792 1622 1895 1659 non
1917 1622 1980 1658 ex
2012 1604 2182 1672 eonjc-

606 1715 754 1759 ctnra
775 1706 970 1769 dicam,
998 1703 1120 1759 audi
1146 1705 1316 1771 ipsum
1345 1701 1615 1755 Christum
1640 1699 1901 1752 dicentem
1936 1715 1948 1751 :
1978 1696 2179 1757 Simon,

608 1798 808 1859 Simon,
842 1799 1032 1861 quaties
1077 1797 1281 1865 expetiit
1311 1804 1357 1848 te
1383 1806 1608 1856 satanas,
1662 1803 1714 1845 ut
1750 1792 2007 1843 .criltraret
2054 1799 2183 1841 tam-

607 1906 756 1957 quam
788 1889 1007 1941 triticum
1039 1904 1056 1940 :
1083 1897 1129 1940 et
1176 1903 1266 1956 ego
1295 1902 1388 1953 pro
1435 1894 1482 1937 te
1528 1884 1703 1954 rogari
1733 1892 1786 1934 ut
1834 1897 1935 1935 non
1980 1880 2184 1948 deﬁciat

607 1978 734 2045 ﬁdes
764 1988 868 2030 tua.
898 1977 962 2030 Et
992 1988 1045 2029 tu
1079 1976 1353 2044 aliquando
1391 1989 1659 2027 conversus
1704 1972 1950 2039 conﬁrma
1997 1974 2181 2039 fratres
2210 2040 2213 2041 ν

604 2077 714 2122 tuos
742 2067 890 2139 (Luc.
918 2067 1012 2122 22.
1042 2068 1156 2137 5|).
1185 2067 1332 2120 llanc
1354 2066 1504 2127 mihi,
1536 2064 1724 2133 inquit,
1752 2062 1933 2115 auxilii
1960 2063 2179 2129 praestiti

599 2159 668 2212 ιιι
693 2159 1101 2212 retributionem
1130 2176 1141 2210 :
1175 2158 1274 2210 nisi
1301 2157 1444 2210 enim
1476 2170 1589 2207 mea
1619 2154 1831 2222 adjutus
1853 2153 2043 2206 fuisses
2070 2167 2185 2219 pro.

607 2250 859 2314 videntia,
895 2249 1036 2302 illius
1066 2248 1424 2319 incursiooem
1454 2261 1547 2315 per
1580 2258 1629 2301 te
1674 2244 1815 2300 ferre
1843 2260 1945 2298 non
1975 2244 2181 2312 potuis-

601 2360 708 2397 ses.
740 2344 849 2397 Tua
900 2358 1029 2414 ergo
1059 2343 1319 2412 cogitans,
1368 2342 1485 2394 aliis
1531 2342 1691 2394 etiam
1725 2353 1839 2394 esuo
1868 2340 2126 2408 prepilius
2158 2356 2169 2389 :

600 2434 730 2487 illud
758 2434 1219 2501 euim,con/irma,
1256 2432 1357 2486 hoc
1385 2429 1774 2484 subiudicantis
1802 2441 1883 2484 est
1916 2448 1929 2483 :
1970 2445 2063 2484 eus
2091 2428 2179 2497 qui

605 2526 854 2583 vacillant
880 2523 1160 2590 conﬁrma,
1189 2525 1293 2577 illis
1324 2532 1375 2577 te
1401 2532 1787 2590 attemperans,
1819 2538 2035 2576 manum
2069 2537 2181 2590 ror-

601 2615 798 2685 rigens,
830 2613 1215 2669 humanitatem
1262 2614 1529 2669 exhibens
1561 2614 1799 2666 multam.
1836 2614 1898 2666 lit
1936 2613 2133 2667 Paulus
2164 2654 2179 2679 ,

604 2706 760 2758 leone
803 2705 992 2773 quovis
1036 2705 1312 2769 audacior,
1360 2706 1749 2772 inn-erlerrilus
1795 2705 1880 2760 ille
1927 2705 2136 2759 animus
2163 2745 2178 2769 ,

601 2796 829 2864 ldipsum
858 2810 1046 2865 passus
1073 2805 1175 2850 est.
1212 2794 1273 2850 Et
1304 2796 1421 2851 vide
1459 2796 1727 2866 quomodo
1756 2812 1971 2866 semper
1994 2806 2180 2850 osten-

600 2888 690 2939 dat
717 2902 775 2941 se
804 2886 1117 2941 lnnnilitatis
1145 2887 1431 2955 pharmaco
1457 2904 1592 2956 opus
1620 2889 1815 2941 habere
1846 2907 1859 2943 :
1886 2889 2181 2944 Corinthiis

601 2992 828 3045 namque
858 2978 1099 3033 scribens
1122 2979 1224 3032 ait:
1244 2976 1381 3031 Nolo
1397 2990 1565 3033 autem
1590 2996 1675 3032 vos
1702 2980 1954 3049 ignorare,
1972 2985 2175 3049 fratres,

602 3068 665 3120 de
694 3068 1014 3121 tribulatione
1038 3078 1230 3133 nostra,
1260 3085 1371 3137 qua!
1396 3069 1533 3137 facta
1553 3080 1623 3122 est
1649 3070 1790 3122 nobis
1806 3071 1857 3122 in
1889 3070 2029 3131 Asia,
2054 3087 2181 3140 quo-

602 3161 737 3211 niam
764 3176 921 3227 supra
947 3160 1151 3212 modum
1181 3160 1375 3229 gravati
1404 3176 1574 3213 sumus
1603 3176 1759 3227 supra
1790 3161 2017 3213 uirtutem
2050 3174 2068 3213 .'
2094 3163 2181 3215 sed

600 3251 703 3319 ipsi
732 3252 783 3303 in
823 3251 1195 3321 nobismetipsis
1242 3267 1538 3318 responsum
1588 3253 1763 3306 mortis
1811 3252 2099 3318 habuimus,
2131 3266 2182 3308 ut

599 3359 702 3395 non
731 3342 887 3395 simus
928 3342 1140 3409 ﬁdentes
1178 3342 1230 3395 in
1280 3342 1441 3404 nobis,
1484 3342 1572 3395 sed
1601 3344 1653 3395 in
1698 3342 1804 3396 Deo
1845 3345 1933 3409 qui
1976 3346 2183 3398 suscitat

600 3443 843 3495 mortuos,
875 3432 962 3501 qui
989 3432 1051 3485 de
1071 3434 1224 3486 ttmtis
1242 3432 1479 3502 periculis
1505 3450 1594 3486 nos
1622 3434 1823 3503 eripuit.
1850 3436 2182 3504 Sperarimn-s

599 3525 928 3591 autemquod
955 3540 1045 3577 nos
1075 3525 1248 3593 eripiet
1280 3523 1335 3593 (‘3.
1383 3522 1502 3577 Cor.
1535 3526 1584 3579 1.
1620 3526 1652 3580 8
1690 3526 1799 3596 ll).
1850 3528 2181 3597 Desineraha-

604 3612 739 3674 mu's,
761 3615 959 3682 inquit.
981 3630 1153 3683 neque
1180 3618 1619 3683 exspectabamus
1651 3633 1746 3671 nos
1769 3618 1947 3674 vivere
1980 3635 2135 3689 posse
2164 3639 2178 3685 ;

598 3705 693 3757 ενι]
728 3709 1015 3758 ttiorituros
1046 3720 1142 3758 nos
1183 3722 1303 3759 esse
1334 3708 1685 3774 putabamus:
1722 3710 1822 3765 hoc
1850 3712 1993 3765 enim
2026 3714 2185 3783 signi-

603 3801 729 3848 lECat
784 3795 948 3861 illud,
1005 3796 1113 3866 Ipsi
1153 3798 1210 3849 in
1252 3800 1618 3858 nobismetipsis
1666 3818 1960 3870 responsum
2010 3807 2185 3861 mortis

601 3886 869 3940 Imbuimas
903 3902 920 3939 :
954 3887 1053 3939 hoc
1101 3903 1186 3942 res
1234 3889 1361 3956 ipsa:
1419 3890 1573 3945 nobis
1618 3894 2035 3961 respondebant,
2088 3914 2185 3953 nos

599 3978 823 4029 munitio
849 3978 1113 4044 perituros
1140 3996 1277 4033 esse.
1308 3979 1417 4033 Cur
1442 3981 1709 4036 concessit
1736 3982 1896 4051 Deus,
1927 3998 1984 4039 ut
2008 3988 2073 4041 ad
2109 3998 2187 4043 ιοι

599 4077 855 4135 tantaque
882 4068 1109 4135 pericula
1142 4070 1488 4126 veniremus?
1547 4068 1617 4124 Ut
1670 4084 1737 4124 ue
1797 4074 2023 4132 illetttcs
2097 4093 2183 4133 cs-

602 4176 785 4211 semus
825 4160 873 4212 in
902 4161 1075 4226 nobis,
1104 4161 1196 4215 sed
1229 4162 1277 4215 in
1311 4161 1419 4215 Deo
1448 4164 1537 4230 qui
1570 4164 1793 4219 suscitat
1820 4177 2057 4223 mortuos
2082 4187 2097 4223 :
2130 4171 2184 4225 id

600 4260 703 4311 est,
737 4260 790 4301 ut
837 4266 939 4303 non
986 4252 1151 4303 altum
1197 4266 1505 4319 saperemus
1526 4295 1541 4316 ,
1570 4269 1676 4307 non
1705 4257 2088 4313 cxtollercmur
2116 4262 2184 4317 de

603 4340 637 4390 ιι
664 4341 759 4393 :uis
790 4341 1062 4407 operibus.
1096 4339 1247 4407 Quod
1295 4343 1520 4396 subimle
1571 4344 1766 4400 clarius
1795 4346 1959 4413 dicit,
1990 4349 2182 4405 iterum

606 4434 676 4483 ita
721 4435 981 4487 scribens.
1030 4434 1313 4502 Postquam
1351 4436 1492 4487 enim
1541 4436 1750 4491 dixerat
1790 4454 1849 4492 sc
1896 4443 1948 4494 in
1992 4442 2180 4499 cavlum

602 4534 810 4590 ruptum
836 4534 889 4578 et
927 4525 976 4577 in
1011 4524 1312 4593 paradisum
1356 4526 1654 4596 ingressum
1688 4527 1869 4588 fuisse.
1902 4541 2063 4601 atque
2091 4551 2182 4589 ar—

600 4631 733 4667 cana
760 4616 841 4669 iila
868 4617 1024 4670 verba
1048 4616 1337 4681 audivisse,
1366 4619 1638 4687 subjunxit
1670 4638 1682 4673 :
1718 4621 1779 4674 Et
1800 4640 1861 4676 ne
1887 4628 2183 4696 magnitudo

604 4707 963 4759 rent-lationem
990 4708 1197 4761 extollat
1222 4727 1315 4772 me,
1342 4711 1490 4763 datus
1516 4722 1590 4764 est
1612 4713 1735 4765 milii
1761 4717 1993 4769 stimulus
2013 4721 2177 4785 carni,

598 4799 810 4865 angt‘lus
857 4809 1067 4862 satana',
1118 4809 1170 4851 ut
1222 4816 1299 4852 me
1337 4800 1615 4867 colaphizet
1662 4802 1741 4871 (2.
1788 4803 1905 4859 Cor.
1952 4807 2040 4860 12.
2074 4809 2127 4878 7)
2165 4828 2179 4863 :

607 4890 689 4941 hic
742 4890 1041 4944 subindicat
1086 4892 1203 4945 illos
1228 4893 1315 4958 qui
1348 4908 1405 4947 se
1436 4894 1719 4957 vexabant,
1747 4898 1834 4963 qui
1864 4898 1964 4952 sibi
2016 4901 2183 4956 mole-

604 4982 757 5032 stiam
786 4981 1081 5048 pariebant,
1106 4991 1157 5035 ct
1182 4998 1241 5036 se
1272 4983 1321 5035 in
1347 4998 1616 5037 carcerem
1649 4987 2002 5055 coajiciebant
2034 5010 2045 5045 :
2078 4992 2183 5046 siu-

599 5072 752 5135 gaios
774 5072 913 5125 enim
941 5073 1148 5126 illorum
1182 5083 1418 5127 satanzun
1442 5086 1611 5129 vocat.
1641 5076 1967 5134 Permissum
2000 5095 2177 5138 autem

606 5163 721 5222 luit,
753 5162 939 5232 inquit.
972 5172 1028 5215 ut
1072 5166 1392 5219 tentationes
1422 5168 1761 5225 sustinerem.
1795 5186 1849 5223 ιιι
1875 5178 2177 5239 arrogantia

614 5248 1791 5270 .-——-_—————-———u—_._..

1799 5259 2069 5272 κ*-

1313 396 1366 447 S.
1408 389 1680 447 JUANNlS
1719 380 2182 440 ClllHSOS'I‘OMI
2223 376 2533 433 Al‘tClllEP.
2577 370 3106 429 lZUNS'l'AK'l‘lNUl’.

3771 374 3876 425 4ὒὸ

2298 504 2412 543 mea
2466 490 2867 555 reprimeretur,
2922 498 2969 539 et
3026 491 3353 539 inmodeste
3400 499 3557 552 agerc
3588 484 3871 540 discerem.

2297 582 2522 648 Ideoque
2549 596 2667 632 cum
2703 579 2866 632 Deum
2916 592 3209 646 rogassem,
3238 577 3288 631 id
3327 576 3468 647 quod
3497 576 3739 644 petebam
3769 590 3878 629 non

2295 676 2608 744 impetravi;
2656 673 2749 727 sed
2783 672 2988 726 insidiis
3032 673 3310 739 expositus
3342 679 3603 739 perpetuo
3651 670 3824 724 mansi
3860 711 3873 734 ,

2291 782 2557 823 terumuas
2590 765 2792 818 habens
2820 765 2869 816 in
2919 762 3264 831 phariuacum
3295 762 3623 817 humilitatis.
3658 762 3735 815 Ac
3769 761 3874 813 vita

2292 874 2451 929 quam
2499 858 2698 926 pridem
2759 868 2812 911 et
2860 865 2984 909 ante
3029 855 3436 909 conversionem
3477 854 3718 918 duxerat,
3746 855 3875 906 satis

2291 960 2406 1005 erat
2431 951 2496 1003 ad
2543 950 2694 1003 illum
2726 948 2791 1002 ad
2824 962 3006 1001 sanam
3040 955 3274 1000 mentem
3320 945 3707 1001 reducendum.
3740 942 3873 997 Nam

2291 1043 2379 1112 qui
2409 1042 2474 1096 ad
2510 1042 2672 1111 pedes
2699 1038 3005 1095 Gamalielis
3035 1036 3266 1099 sederat,
3294 1034 3387 1105 qui
3410 1046 3658 1092 accurate
3683 1050 3876 1089 secun-

2290 1134 2413 1187 dum
2448 1142 2715 1201 paternam
2748 1130 2917 1199 legem
2962 1129 3121 1181 vitam
3152 1128 3376 1197 agebat.
3411 1126 3499 1195 qui
3534 1138 3872 1196 paternarum

2292 1225 2634 1279 traditionum
2677 1220 2958 1275 mmnlator
2985 1228 3120 1285 erat,
3167 1218 3255 1285 qui
3306 1219 3592 1286 prophetas
3635 1217 3874 1285 quotidie

2288 1316 2587 1379 evolvehat,
2619 1315 2706 1383 qui
2736 1314 2787 1366 in
2816 1313 2929 1381 lege
2956 1312 3214 1366 educatus
3242 1309 3416 1365 fuerat
3450 1329 3461 1361 :
3496 1310 3578 1364 hic
3597 1310 3872 1364 Christum

2290 1412 2377 1480 qui
2410 1409 2717 1470 advenerat,
2749 1418 2801 1461 ct
2829 1405 3085 1459 miracula
3115 1404 3382 1474 patrabat.
3413 1403 3503 1473 qui
3534 1404 3653 1456 talia
3689 1403 3873 1473 loque-

2292 1504 2463 1565 batur,
2487 1510 2540 1555 et
2566 1500 2855 1567 Scriptnrre
2885 1499 3023 1552 dicta
3059 1499 3388 1566 proponebat
3415 1506 3573 1566 atque
3605 1498 3871 1564 interpre-

2291 1596 2519 1657 tabatur,
2568 1610 2669 1646 non
2716 1592 2966 1655 admisit;
3016 1590 3109 1644 sed
3162 1600 3210 1643 et
3262 1600 3539 1659 postquam
3584 1590 3874 1645 cricilixus

2291 1689 2555 1740 fueratet
2606 1692 3011 1745 resurrexcrat,
3070 1682 3239 1750 ipsum
3294 1684 3753 1750 perSequs-batnr,
3810 1697 3873 1735 ac

2292 1780 2434 1833 mille
2466 1776 2709 1830 manibus
2738 1776 2854 1842 ejus
2882 1774 3200 1841 discipulum
3238 1774 3251 1803 ¹
3296 1774 3559 1843 lapidibus
3588 1774 3870 1842 impc'ivit,

2289 1881 2342 1925 et
2366 1877 2552 1925 eontra
2574 1868 2841 1921 Ecclesias
2874 1867 3331 1936 bellnmgercbat,
3354 1878 3512 1934 atque
3533 1866 3655 1935 lupo
3684 1868 3875 1935 quovis

2289 1964 2517 2018 ferocior
2542 1971 2657 2017 erat
2680 1980 2691 2013 :
2712 1971 2764 2014 et
2786 1960 2956 2013 donec
2980 1962 3067 2013 lux
3099 1976 3330 2028 superno
3360 1960 3655 2021 refulsitmt
3685 1978 3785 2015 vox
3806 1962 3871 2014 ad

2292 2056 2563 2109 veritatem
2589 2052 2735 2105 illum
2759 2052 3035 2105 attrahens
3053 2052 3223 2105 delata
3247 2059 3348 2114 est,
3368 2067 3432 2105 ex
3462 2068 3519 2106 se
3542 2053 3667 2121 quid
3696 2052 3875 2106 facere

2289 2155 2563 2216 oporteret
2588 2146 2725 2199 scire
2752 2160 2857 2197 non
2898 2152 3124 2211 poterat.
3157 2143 3388 2213 Ideoque
3419 2144 3532 2214 ipsc
3563 2145 3874 2215 frequenter

2289 2240 2341 2291 in
2364 2237 2605 2307 epistolis
2618 2244 2777 2304 caput
2802 2234 3061 2289 inclinans
3076 2234 3189 2289 lucc
3208 2248 3401 2301 versat,
3421 2236 3744 2291 erubescens
3760 2252 3873 2307 pne

2289 2330 2493 2398 pudore
2516 2346 2701 2383 eorum
2726 2343 2845 2390 qua:
2879 2328 3080 2396 pridem
3107 2327 3337 2382 fecerat:
3361 2344 3422 2382 ac
3438 2328 3723 2383 Timotheo
3748 2332 3876 2384 scri-

2287 2422 2418 2475 bens
2448 2420 2656 2473 dict-bat
2680 2439 2691 2472 :
2716 2417 2920 2471 Gratias
2938 2436 3033 2487 ago
3054 2418 3099 2473 ei
3119 2418 3204 2488 qui
3222 2435 3298 2472 me
3319 2421 3619 2487 confortuvit
3641 2418 3867 2485 Christo,

2285 2513 2403 2582 quia
2434 2512 2632 2579 fidelem
2664 2526 2741 2563 me
2784 2511 3108 2575 existimavit,
3140 2527 3331 2579 ponens
3363 2512 3414 2564 in
3456 2512 3752 2577 ministerio,
3785 2516 3873 2584 qui

2289 2605 2428 2674 prius
2460 2604 2778 2670 bltoplmnus
2800 2604 2876 2671 fui
2905 2611 2949 2655 ct
2977 2615 3306 2672 perseqnntor
3331 2615 3378 2657 et
3420 2606 3821 2661 contumeliosus
3856 2625 3874 2661 :

2286 2696 2374 2748 sed
2405 2695 2801 2747 misericordiam
2830 2705 3165 2763 consequutus
3194 2712 3326 2761 sum,
3354 2697 3473 2765 quia
3501 2698 3743 2768 ignorans
3773 2701 3875 2769 feri

2286 2789 2337 2840 in
2360 2787 2709 2839 incredulitate
2739 2786 2810 2853 (1.
2850 2784 2982 2840 Tim.
3016 2787 3064 2839 1.
3101 2785 3187 2840 12.
3221 2788 3326 2857 15).
3355 2787 3429 2841 Et
3457 2804 3693 2856 rursum,
3744 2790 3875 2845 Ideo

2286 2875 2683 2929 misericordiam
2712 2886 3046 2944 cousrquutus
3072 2893 3203 2942 sum,
3239 2886 3292 2930 ut
3320 2878 3370 2931 in
3400 2896 3477 2933 me
3517 2881 3681 2948 primo
3705 2892 3883 2937 osten—

2286 2969 2423 3021 deret
2457 2965 2593 3020 Deus
2624 2982 2819 3020 onmem
2842 2967 3158 3035 patientium,
3182 2969 3249 3021 ad
3272 2970 3679 3040 infonnationem
3698 2989 3876 3027 eorum

2285 3064 2370 3131 qui
2394 3062 2630 3115 credituri
2656 3070 2772 3115 sunt
2796 3061 2872 3113 illi
2889 3061 2938 3113 in
2961 3064 3113 3114 vitam
3138 3072 3379 3116 wternam
3401 3066 3418 3131 (
3428 3066 3476 3119 1.
3504 3062 3638 3118 Tim.
3674 3068 3724 3120 1.
3757 3067 3873 3137 16).

2289 3153 2357 3207 Ει
2385 3152 2677 3207 Corinthiis
2707 3153 2946 3207 scribens
2976 3153 3186 3206 dicebat
3218 3172 3230 3207 :
3266 3153 3366 3220 Qui
3406 3172 3507 3209 non
3552 3173 3663 3210 sum
3688 3158 3876 3228 dignus

2288 3246 2456 3315 vocari
2504 3245 2783 3313 opastolus,
2828 3246 2947 3313 quia
2980 3254 3309 3315 persequutus
3332 3265 3443 3302 sum
3487 3247 3764 3303 Ecclesium
3791 3254 3871 3319 (l.

2289 3335 2406 3388 Cor.
2450 3336 2534 3387 15.
2569 3333 2646 3403 9).

2359 3426 2411 3482 6.
2464 3426 2709 3481 Ecclesia:
2750 3429 2979 3498 pra'fecti
3005 3429 3070 3483 ad
3098 3430 3295 3483 veniam
3322 3434 3695 3487 concedendam
3723 3440 3874 3505 proni

2288 3522 2386 3573 sint
2412 3532 2626 3591 Oportet.
2656 3549 2726 3560 --—
2756 3521 2878 3575 llazc
2922 3532 3101 3577 autem
3147 3528 3325 3579 omnia
3381 3528 3612 3594 ﬁebant,
3644 3530 3877 3599 illosque.

2292 3610 2729 3665 ln-nsdescrebat
2748 3613 2912 3679 gratia
2937 3629 3030 3667 sua
3062 3615 3305 3682 nudatos,
3330 3626 3388 3670 ut
3418 3630 3698 3689 postquam
3720 3624 3876 3676 iulir-

2290 3702 2525 3755 unitatem
2580 3717 2729 3756 suam
2778 3703 3099 3771 didicerant,
3129 3717 3183 3760 et
3211 3710 3483 3776 quomodo
3528 3711 3656 3765 nihil
3707 3715 3880 3781 prisCtt

2290 3791 2452 3845 lmno
2475 3794 2588 3847 sine
2615 3810 2844 3862 superna
2867 3809 2999 3863 ope,
3035 3812 3156 3851 cum
3186 3799 3252 3851 ad
3281 3800 3589 3868 jnlicialcut
3619 3803 3875 3858 tln'outnn

2289 3882 2659 3947 ascenderem,
2691 3894 2743 3939 et
2774 3888 3001 3953 praefecti
3026 3900 3077 3942 et
3101 3890 3364 3961 principes
3398 3896 3875 3958 constituerentur.

2292 3974 2507 4027 multam
2540 3973 2917 4030 humanitatem
2938 3987 2991 4032 ct
3014 3985 3508 4051 attemperationem
3531 3987 3875 4052 exhiberent.

2289 4077 2447 4136 atque
2476 4067 2538 4120 ad
2573 4068 2778 4122 veniam
2812 4071 3037 4128 subditis
3063 4077 3457 4133 etntcedeudam
3492 4084 3639 4148 proni
3673 4097 3874 4139 essent.

2288 4158 2520 4230 Ideoque
2546 4162 2748 4216 Calatis
2778 4166 3018 4219 scribens
3045 4166 3256 4223 dicebat
3290 4187 3300 4222 :
3338 4169 3564 4235 Fratres,
3599 4176 3642 4227 si
3674 4194 3874 4240 uncae-

2288 4262 2503 4321 cupatns
2534 4253 2682 4322 fuerit
2710 4254 2857 4307 homo
2880 4260 2932 4309 in
2956 4258 3125 4325 aliqua
3147 4260 3351 4327 delicto,
3370 4280 3455 4316 vos
3476 4266 3561 4324 qui
3584 4269 3879 4335 spiritualt's

2289 4345 2427 4409 estis,
2460 4346 2688 4399 instrnite
2719 4349 3031 4418 lmjusmodi,
3065 4354 3391 4409 considerans
3418 4358 3629 4427 teipsum
3659 4378 3721 4415 ne
3750 4374 3795 4415 et
3822 4374 3879 4415 tu

2290 4433 2491 4487 trntcris
2518 4433 2658 4503 (Cal.
2690 4437 2742 4490 6.
2780 4440 2855 4499 1).
2892 4440 3015 4494 l|:ee
3040 4443 3215 4512 itaque
3240 4447 3493 4511 scientes,
3516 4460 3795 4517 protervos
3825 4467 3882 4508 et

2287 4540 2625 4581 contumaces
2676 4531 3023 4595 attrahamus,
3061 4546 3113 4590 et
3155 4536 3219 4589 ad
3269 4540 3474 4593 veniam
3528 4547 3881 4610 peccantibus

2286 4620 2684 4675 concedendam
2719 4624 2866 4690 proni
2900 4625 3086 4689 simus,
3113 4629 3439 4699 nniltamqnc
3486 4633 3875 4706 benignitatem

2288 4710 2637 4763 exhibeamns
2666 4729 2786 4766 cum
2832 4715 3026 4771 divinis
3051 4718 3253 4788 legibus
3287 4740 3301 4775 :
3332 4732 3387 4777 ιιι
3413 4735 3467 4778 ct
3510 4726 3607 4795 ipsi
3652 4732 3875 4787 multant

2290 4813 2627 4871 peccatorum
2655 4808 2863 4861 veniam
2891 4824 3304 4881 eonsequamur,
3325 4819 3490 4887 gratia
3530 4830 3585 4875 ct
3628 4823 3880 4897 benigni-

2291 4904 2396 4949 tate
2422 4895 2629 4950 Domini
2659 4903 2823 4953 nostri
2852 4900 2976 4956 Jesu
2996 4904 3215 4973 Christi,
3239 4924 3333 4977 per
3360 4927 3517 4981 quem
3546 4924 3600 4969 et
3627 4895 3879 4988 cumquo

2290 4985 2431 5039 Patri
2462 4986 2624 5056 gloria
2651 5029 2665 5049 ,
2713 5006 2812 5042 una
2845 5009 2965 5047 cum
2997 4995 3195 5061 Spiritu
3238 5010 3452 5069 sancto,
3484 5020 3625 5060 nunc
3650 5016 3709 5061 et
3735 4985 3877 5064 seiu-

2288 5090 2405 5145 per,
2435 5086 2487 5130 cl.
2515 5076 2564 5131 iu
2597 5080 2789 5133 sa-(‘uln
2818 5086 3154 5142 seculorum.
3185 5093 3376 5146 Anien.

2354 5191 2368 5220 ¹
2407 5192 2725 5251 Stephanum.

2114 5261 3458 5297 Μ

2018 5298 2361 5364 HOMILIA
2407 5305 2485 5365 ll.

602 5384 728 5438 Cum
763 5383 1068 5450 lmpcratrix
1095 5390 1257 5441 media
1290 5402 1431 5443 nocte
1457 5393 1507 5443 in
1537 5409 1773 5461 magnam
1803 5398 2065 5451 ecclesiam
2093 5417 2177 5454 ue-

678 5478 860 5539 nisset,
904 5478 1112 5545 indeque
1157 5482 1393 5549 reliquias
1433 5493 1709 5553 martyrum
1740 5486 1968 5552 tulisset,
2004 5508 2180 5559 prose-

676 5578 887 5636 cataque
933 5579 1056 5621 esset
1100 5587 1187 5637 per
1234 5574 1448 5624 mediam
1491 5573 1661 5642 [orum
1719 5594 1873 5646 usque
1920 5582 1987 5633 ad
2046 5582 2181 5654 Dry-

676 5660 811 5726 piam
857 5659 957 5727 (a),
1001 5678 1115 5712 cum
1158 5665 1451 5732 martyrium
1498 5666 1561 5718 ab
1610 5669 1729 5721 urbe
1757 5669 1973 5725 distaret
2004 5691 2178 5729 norem

666 5767 739 5827 (α)
766 5768 1040 5833 Martyrium
1071 5772 1187 5821 illud
1226 5774 1269 5823 ia
1308 5774 1482 5837 Drvpia
1518 5788 1620 5828 erat
1660 5781 1880 5860 ecclesia}
1902 5783 1953 5835 S.
1981 5786 2181 5840 Thema:

604 5854 800 5913 ἀμωοιὶ
828 5861 874 5902 et
901 5858 1135 5918 martyris,
1162 5866 1213 5906 ut
1239 5858 1358 5907 infra
1383 5860 1568 5909 datitur.

2366 5406 2523 5475 signis
2562 5426 2649 5463 seu
2697 5412 3001 5469 milliarilms
3026 5432 3045 5469 :
3074 5418 3210 5473 dicta
3237 5432 3308 5476 est
3337 5424 3549 5479 ltomilia
3587 5428 3642 5482 in
3680 5444 3877 5503 marty-

2364 5514 2467 5591 rio,
2498 5516 2608 5567 ipsa
2638 5516 2880 5567 premente
2906 5524 3020 5561 Cum
3050 5522 3154 5565 tota
3184 5515 3383 5570 civitate
3401 5528 3447 5571 ct
3474 5522 3875 5591 magistratibus.

2365 5591 2411 5641 l.
2436 5590 2567 5656 Quid
2586 5592 2759 5648 dicam
2779 5596 2940 5667 ?quid
2966 5600 3187 5671 loquar?
3207 5608 3415 5662 exsulto
3442 5619 3497 5664 et
3524 5590 3753 5678 insanio,
3778 5621 3875 5672 sed

2293 5681 2491 5737 insania
2508 5702 2626 5754 (pne
2647 5688 2754 5757 ipsa
2773 5691 3028 5760 sapientia
3047 5696 3235 5751 melior
3248 5708 3327 5755 est
3347 5718 3358 5753 :
3380 5702 3670 5771 tripudians
3681 5718 3735 5762 et
3755 5709 3881 5764 cho-

2292 5789 2411 5828 reas
2438 5792 2601 5845 agens
2625 5780 2865 5836 sublimis
2889 5785 3049 5853 feror,
3068 5787 3366 5859 ehriusjatn
3392 5808 3455 5848 ex
3484 5793 3579 5851 hac
3607 5800 3878 5872 voluptate

2288 5870 2567 5938 spirituali.
2594 5875 2727 5939 Quid
2750 5877 2921 5932 dicam
2940 5880 2961 5932 ?
2980 5882 3102 5948 quid
3134 5883 3351 5954 loquar?
3372 5870 3741 5961 tnartyrantne
3763 5911 3871 5951 vn“-
