4118 6328
442 366 546 423 469

446 498 581 542 σεως
608 478 876 543 ἀσθένεια,
896 478 1017 533 οὔτε
1060 480 1122 532 τὸ
1157 480 1255 550 τῆς
1290 481 1565 550 διαγωγῆς
1602 482 1956 552 ἁϐροδίαιτον,
1983 482 2105 535 οὔτε

441 576 471 625 δ
499 572 599 641 τῆς
628 571 980 643 περιφανείας
1024 572 1189 639 τῦφος
1231 572 1417 638 γέγονε
1455 573 1681 641 κώλυμα
1703 576 1767 643 τῇ
1812 574 2105 644 προθυμίᾳ.

448 658 741 727 ΙἌρχοντες
788 656 945 711 πάλιν
995 657 1268 711 καὶ-αὐτοὶ
1309 659 1379 712 τά
1423 658 1674 728 ὀχήματα
1721 659 2109 722 καταλιπόντες

443 745 537 796 καὶ
563 745 689 807 τοὺς
718 744 1041 815 ῥαϐδούχους
1065 745 1158 797 καὶ
1184 745 1309 808 τούς
1343 744 1692 815 δορυφόρους,
1718 748 1828 808 τοῖς
1871 744 2106 809 ἰδιώταις

445 830 670 893 ἑαυτοὺς
700 831 979 899 ἀνέμιξαν.
1026 829 1129 883 Καὶ
1177 831 1231 884 τί
1275 831 1353 884 δεῖ
1389 832 1568 900 λέγειν
1617 835 1897 901 γυναῖκας,
1937 832 1969 903 ἦ
2009 832 2106 903 ἀρ-

444 932 654 985 χοντας,
687 918 819 970 ὅπου
868 917 958 969 καί⁵
1008 916 1143 987 αὐτὴ
1181 919 1212 989 ή
1245 917 1303 971 τὸ
1346 917 1580 989 διάδημα
1614 918 1967 989 περικειμένη
2010 918 2104 971 καὶ

440 1003 540 1073 τὴν
573 1003 874 1073 πορφυρίδα
919 1003 1374 1075 περιϐεϐλημένη,
1409 1006 1555 1079 παρά
1600 1006 1695 1076 τὴν
1738 1003 1854 1058 ὁδὸν
1887 1006 2104 1060 ἃπασαν

440 1090 560 1143 οὐδὲ
606 1091 801 1162 μικρὸν
841 1091 949 1145 τῶν
997 1092 1260 1161 λειψάνων
1308 1093 1638 1165 ἀποσχέσθαι
1668 1092 1943 1163 ἠνέσχετο,
1988 1090 2104 1148 ἀλλ’

440 1177 627 1247 ὥσπερ
654 1178 970 1249 θεραπαινὶς
1008 1178 1404 1251 παρηκολούθει
1440 1184 1549 1243 τοῖς
1578 1180 1775 1247 ἁγίοις,
1801 1176 1899 1253 τῆς
1927 1181 2103 1253 θήκης

440 1265 719 1335 ἁπτομένη
763 1267 854 1320 καὶ
886 1267 983 1337 τῆς
1010 1264 1198 1336 ὀθόνης
1241 1268 1339 1338 τῆς
1384 1269 1757 1339 ἐπικειμένης,
1790 1266 1885 1322 καὶ
1919 1272 2101 1324 πάντα

438 1356 527 1409 τὸν
550 1354 884 1427 ἀνθρώπινον
910 1357 1297 1411 καταπατοῦσα
1316 1358 1500 1426 τῦφον,
1527 1359 1617 1411 καὶ
1640 1361 1695 1412 ἐν
1720 1358 1869 1430 μέσῳ
1891 1359 2100 1431 θεάτρῳ

437 1444 674 1515 τοσούτῳ
710 1444 1006 1515 φαινομένη
1044 1432 1221 1516 δήμῳ,
1246 1446 1310 1516 ἢν
1338 1445 1457 1498 οὐδὲ
1490 1446 1763 1516 εὐνούχοις
1789 1447 1959 1500 ἅπασι
1989 1450 2100 1511 τοῖς

437 1531 496 1581 ἐν
546 1533 663 1593 ταῖς
708 1530 1010 1599 βασιλικαῖς
1058 1533 1441 1603 στρεφομένοις
1486 1534 1672 1597 αὐλαῖς
1730 1534 1886 1605 θέμις
1937 1536 2094 1601 ίδεῖν;

449 1610 587 1669 Ἀλλ’
613 1618 641 1667 ὁ
670 1616 777 1668 τῶν
810 1617 1103 1689 μαρτύρων
1141 1619 1299 1682 πόθος
1327 1621 1421 1672 καὶ
1448 1623 1482 1691 ή
1512 1621 1763 1691 τυραννὶς
1804 1624 1895 1674 καὶ
1929 1624 1960 1693 ἡ
2000 1625 2097 1694 τῆς

435 1704 650 1774 ἀγάπης
690 1699 820 1771 φλδξ
867 1706 1081 1759 ἅπαντα
1113 1705 1282 1759 ταῦτα
1329 1707 1396 1759 τά
1450 1712 1763 1776 προσωπεῖα
1807 1710 1955 1778 ῥῖψαι
2005 1711 2098 1763 ἀν-

434 1790 641 1854 έπεισε,
674 1794 765 1844 καὶ
793 1796 969 1863 γυμνῇ
1004 1793 1068 1863 τῇ
1105 1794 1383 1867 προθυμίᾳ
1410 1795 1500 1848 τὸν
1536 1796 1696 1865 ζῆλον
1728 1797 2096 1864 ἐπιδείξασθαι

434 1874 527 1930 τδν
572 1880 701 1946 περὶ
748 1881 872 1943 τοὺς
909 1880 1092 1948 ἁγίους
1133 1881 1437 1953 μάρτυρας.
1483 1884 1592 1936 Καὶ
1628 1883 1736 1953 γὰρ
1784 1883 2096 1955 ἀνεμνήσθη

431 1967 525 2020 τοῦ
561 1970 831 2039 μακαρίου
861 1964 1041 2033 Δαυῖδ,
1069 1966 1129 2033 δς
1174 1972 1267 2023 καὶ
1308 1970 1600 2043 ἁλουργίδα
1637 1971 2097 2043 περιϐεϐλημένος

432 2056 525 2109 καὶ
560 2058 793 2129 διάδημα
838 2059 1243 2130 περικείμενος,
1294 2062 1385 2114 καὶ
1430 2062 1500 2115 τά
1545 2063 1801 2133 σκῆπτρα
1848 2063 1940 2117 τοῦ
1984 2064 2094 2118 τῶν

444 2142 707 2217 Ἐϐραίων
736 2147 874 2216 ἔχων
905 2147 1100 2218 δήμου,
1123 2146 1307 2220 ἐπειδὴ
1331 2148 1428 2217 τὴν
1460 2150 1690 2204 κιϐωτὸν
1719 2151 1972 2222 ἀνέφερε,
2000 2151 2096 2224 τὴν

418 2233 634 2304 εσκηνὴν
662 2232 877 2287 ἃπασαν
908 2235 1121 2307 ἐκείνην
1149 2231 1327 2305 ἀφεὶς,
1357 2237 1581 2309 ἐσκίρτα
1610 2236 1705 2291 καὶ
1744 2240 1962 2309 ἐχόρευε
1995 2242 2095 2294 καὶ

429 2320 601 2389 ἐπήδα
644 2321 853 2392 μεγάλα
888 2324 1095 2386 παίζων
1132 2341 1191 2377 τε
1219 2324 1311 2378 καὶ
1337 2325 1684 2395 ὀρχούμενος,
1714 2328 1808 2381 καὶ
1846 2328 1933 2381 διά
1980 2329 2087 2382 τῶν

430 2404 685 2478 ἀλμάτων
716 2410 815 2481 τὴν
852 2411 1043 2482 ἡδονὴν
1082 2412 1537 2483 ἐπιδεικνύμενος,
1571 2414 1637 2484 ην
1673 2410 1817 2483 εἶχεν
1855 2416 1945 2468 ἐπὶ
1980 2420 2092 2481 τοῖς

428 2494 789 2566 τελουμένοις.
820 2496 884 2549 El
928 2497 985 2551 δέ
1018 2500 1075 2550 ἐν
1120 2501 1183 2568 τῇ
1231 2501 1358 2569 σκιᾷ
1394 2501 1488 2553 καὶ
1529 2502 1605 2571 τῷ
1641 2501 1796 2570 τύπῳ
1825 2503 2091 2575 τοσαύτην

427 2582 827 2637 ἐπιδείκνυσθαι
874 2583 1182 2655 θερμότητα
1228 2585 1353 2650 εδει,
1400 2585 1579 2655 πολλῷ
1630 2586 1829 2657 μᾶλλον
1871 2591 1962 2643 ἐπὶ
1994 2592 2092 2662 τῆς

428 2670 647 2740 χάριτος
668 2670 880 2741 καὶτῆς
911 2670 1191 2741 ἀληθείας·
1220 2672 1341 2725 ἐπεὶ
1370 2673 1462 2725 καὶ
1498 2669 1636 2744 αῦτη
1668 2675 1893 2729 κιϐωτὸν
1920 2676 2089 2746 ἀνῆγε

427 2753 606 2825 πολλῷ
645 2754 887 2825 βελτίονα
921 2756 1134 2829 ἐκείνης
1172 2758 1267 2828 τῆς
1296 2759 1389 2811 τοῦ
1430 2760 1606 2815 Δαυῖδ.
1635 2762 1709 2814 Οὐ
1744 2763 1853 2833 γάρ
1881 2762 2092 2829 πλάκας

426 2840 660 2905 λιθίνας,
714 2843 849 2897 ἀλλά
899 2844 1108 2908 πλάκας
1159 2846 1271 2917 ἔχει
1328 2851 1732 2917 πνευματικὰς,
1788 2853 1880 2905 καὶ
1932 2854 2090 2925 χάριν

426 2928 782 2992 ἐπανθοῦσαν,
807 2931 899 2985 καὶ
918 2932 1123 3003 δωρεάν
1154 2933 1602 2999 ἀποστίλϐουσαν,
1626 2937 1718 2990 καὶ
1745 2940 1878 2992 ὀστᾶ
1901 2942 2091 3005 αὐταῖς

425 3013 832 3087 ἀντιλάμποντα
895 3021 1014 3081 ταῖς
1066 3020 1285 3073 ἀκτῖσι·
1334 3018 1534 3091 μᾶλλον
1588 3019 1646 3076 δὶ
1706 3024 2090 3099 λαμπροτέραν

424 3102 675 3169 ἀφίενται
723 3105 1031 3175 ἀστραπήν.
1071 3104 1287 3161 Ἀκτῖνα
1323 3108 1419 3180 μὲν
1450 3110 1558 3181 γάρ
1598 3111 1890 3181 βλέποντες
1930 3117 2087 3187 ήλια-

425 3189 549 3260 κὴν,
593 3189 744 3243 οὐδὲν
775 3193 1042 3263 πάσχουσι
1084 3193 1366 3264 δαίμονες·
1396 3196 1495 3268 τὴν
1529 3196 1584 3251 δέ
1618 3194 1864 3255 ἐντεῦθεν
1913 3204 2087 3275 ἐκπη-

423 3276 601 3329 δῶσαν
622 3278 932 3349 λαμπηδόνα
968 3281 1042 3351 μὴ
1070 3281 1345 3352 φέροντες,
1376 3284 1806 3353 ἀποτυφλοῦνται
1838 3290 1931 3343 καὶ
1960 3292 2090 3362 δρα-

426 3370 711 3421 πετεύουσι
752 3371 846 3422 καὶ
895 3370 959 3421 ἐκ
1000 3370 1196 3424 πολλοῦ
1249 3371 1508 3441 φεύγουσι
1541 3373 1637 3428 τοῦ
1683 3375 2084 3448 διαστήματος·

420 3454 655 3523 τοσαύτη
684 3453 896 3523 καὶτῆς
935 3456 1138 3527 τέφρας
1176 3457 1283 3510 τῶν
1317 3458 1486 3526 ἁγίων
1518 3460 1552 3530 ή
1586 3460 1835 3531 δύναμις,
1873 3465 1971 3517 οὐκ
2006 3466 2088 3519 ἐν·

420 3540 507 3592 δον
541 3542 890 3614 ἐγκαθημένη
931 3544 1090 3612 μόνον
1128 3545 1186 3596 ἐν
1214 3548 1327 3609 τοῖς
1364 3546 1657 3616 λειψάνοις,
1696 3545 1829 3619 ἀλλά
1862 3553 1953 3606 καὶ
1991 3570 2087 3606 πε·

425 3630 659 3699 ραιτέρω
694 3629 955 3700 προϊοῦσα
985 3634 1075 3683 καὶ
1098 3632 1195 3695 τὰς
1212 3633 1555 3704 ἀκαθάρτους
1587 3637 1964 3694 απελαύνουσα
1997 3641 2087 3693 δυ⁴

422 3716 631 3785 νάμεις,
660 3719 751 3770 καὶ
777 3718 902 3781 τοὺς
939 3718 1078 3789 μετά
1101 3721 1334 3784 πίστεως
1363 3724 1681 3794 προσιόντας
1712 3726 1849 3796 μετά
1888 3728 2087 3800 πολλῆς

419 3803 720 3870 ἀγιάζουσα
772 3805 870 3875 τῆς
910 3807 1249 3877 περιουσίας.
1278 3808 1379 3861 Διά
1407 3826 1489 3862 τοι
1534 3811 1691 3866 τοῦτο
1738 3814 1833 3868 καὶ
1872 3816 1905 3886 ή
1939 3816 2086 3886 φιλό-

421 3906 640 3961 χριστος
679 3890 817 3964 αὐτη
868 3895 1167 3965 παρείπετο
1212 3898 1324 3959 τοῖς
1372 3896 1668 3967 λειψάνοις,
1717 3903 1955 3972 συνεχῶς
1988 3905 2085 3973 ἐφ-

417 3979 723 4050 απτομένη,
752 3980 843 4034 καὶ
866 3980 964 4052 τὴν
987 3981 1235 4051 εὐλογίαν
1259 3985 1638 4057 ἐπισπωμένη,
1660 3990 1755 4042 καὶ
1778 3992 1889 4054 τοῖς
1908 3990 2086 4057 ἀλλοις

420 4069 551 4119 πᾶσι
582 4068 894 4133 διδάσκαλος
940 4071 1196 4142 γινομένη
1225 4072 1324 4142 τῆς
1360 4074 1530 4145 καλῆς
1576 4076 1777 4149 ταύτης
1805 4080 1895 4132 καὶ
1928 4096 2088 4133 πνευ-

422 4157 655 4225 ματικῆς
698 4159 997 4229 ἐμπορίας,
1052 4160 1146 4213 καὶ
1183 4160 1508 4215 διδάσκουσα
1559 4165 1768 4228 πάντας
1820 4167 2085 4239 ἀρύεσθαι

419 4243 526 4294 ἀπὸ
564 4247 659 4312 τῆς
699 4246 882 4316 πηγῆς
914 4245 1116 4319 ταύτης
1150 4248 1249 4319 τῆς
1282 4251 1366 4303 ἀεὶ
1400 4250 1499 4322 μὲν
1528 4252 1909 4327 ἀντλουμένης,
1941 4257 2088 4311 οὐδέ-

419 4345 548 4382 ποτε
583 4331 638 4383 δέ
669 4334 1015 4405 κενουμένης.
1055 4336 1317 4409 Καθάπερ
1345 4338 1453 4410 γάρ
1480 4341 1549 4394 τά
1580 4343 1799 4413 νάματα
1836 4345 1941 4399 τῶν
1979 4363 2087 4418 πη-

418 4418 531 4485 γῶν
573 4419 825 4489 βρύοντα.
855 4421 954 4475 οὐκ
993 4424 1123 4475 εἴσω
1148 4423 1255 4477 τῶν
1282 4426 1498 4480 οἰκείων
1527 4427 1741 4483 κόλπων
1774 4432 2083 4502 κατέχεται,

419 4507 531 4559 ἀλλ’
562 4507 885 4579 ὐπερϐλύζει
937 4510 1029 4563 καὶ
1072 4510 1420 4584 ὑπερχείται·
1466 4513 1608 4570 οὕτω
1769 4522 1862 4573 καὶ
1908 4523 1939 4591 ή
1990 4522 2083 4576 τοῦ

423 4594 737 4663 Ιινεύματος
791 4596 949 4669 χάρις
1007 4599 1040 4669 ή
1091 4603 1201 4664 τοῖς
1243 4601 1450 4667 ὀστέοις
1502 4606 1941 4679 παρακαθημένη
1992 4613 2085 4682 καὶ

417 4686 531 4746 τοῖς
577 4684 751 4751 ἁγίοις
798 4686 1142 4753 συνοικοῦσα,
1184 4690 1278 4743 καὶ
1312 4691 1391 4755 είς
1438 4691 1655 4764 ἐτέρους
1706 4694 1917 4764 πρόεισι
1960 4699 2083 4763 τοὺς

420 4772 554 4839 μετά
603 4772 833 4835 πίστεως
886 4774 1253 4845 ἐφεπομένους
1293 4777 1465 4847 αὐτῇ,
1512 4780 1605 4833 καὶ
1636 4780 1743 4834 ἀπὸ
1784 4782 1960 4855 ψυχῆς
2004 4788 2083 4849 είς

423 4858 572 4929 15521
607 4859 853 4930 σώματα,
898 4863 991 4914 καὶ
1031 4863 1138 4916 ἀπὸ
1174 4866 1439 4934 σωμάτων
1482 4867 1564 4929 είς
1598 4869 1805 4939 ἱμάτια,
1841 4874 1935 4926 καὶ
1975 4874 2084 4928 ἀπὸ

423 4948 649 5015 ἱματίων
676 4948 757 5011 είς
788 4948 1126 5019 ὑποδήματα,
1159 4953 1253 5005 καὶ
1278 4952 1385 5005 ἀπὸ
1428 4954 1790 5025 ὑποδημάτων
1818 4962 1894 5022 είς
1926 4962 2084 5024 σκιάς

420 5037 684 5106 ἐκτρέχει.
728 5036 829 5090 Διά
867 5054 947 5091 τοι
989 5038 1146 5092 τοῦτο
1188 5042 1246 5094 οὐ
1279 5042 1347 5094 τά
1390 5042 1613 5113 σώματα
1663 5047 1879 5117 ἐνήργει
1925 5050 2083 5120 μόνον

416 5124 528 5177 τῶν
562 5125 732 5192 ἁγίων
764 5128 1096 5190 ἀποστόλων,
1135 5129 1272 5183 ἁλλά
1320 5131 1414 5184 καὶ
1455 5133 1523 5186 τά
1574 5134 1829 5205 σουδάρια
1877 5137 1971 5189 καὶ
2013 5140 2081 5192 τά

418 5212 735 5280 σιμικίνθια·
766 5216 857 5267 καὶ
880 5215 940 5267 οὐ
968 5217 1036 5269 τὰ
1067 5217 1323 5288 σουδάρια
1354 5218 1511 5287 μόνον
1539 5222 1633 5273 καὶ
1657 5224 1724 5275 τά
1752 5224 2078 5294 σιμικίνθια,

415 5300 550 5351 ἀλλὰ
577 5302 670 5353 καὶ
707 5302 762 5354 αἱ
802 5304 949 5355 σκιαὶ
978 5302 1069 5355 τοῦ
1107 5305 1311 5375 Πέτρου
1348 5305 1454 5358 τῶν
1487 5306 1701 5371 ζώντων
1739 5310 2081 5384 δυνατώτερα

416 5387 750 5455 εἰργάζοντο.
781 5390 917 5459 Ἰιδη
950 5409 1049 5443 που
1082 5393 1173 5445 καὶ
1221 5392 1445 5464 μηλωτὴ
1485 5398 1866 5468 κατενεχθεῖσα
1900 5403 1991 5453 ἐπὶ
2022 5403 2080 5454 τὸ

415 5474 575 5543 σῶμα
600 5475 694 5527 τοῦ
720 5476 1023 5530 Ἐλισσαίου
1053 5479 1270 5533 διπλοῦν
1293 5481 1441 5552 αὐτῷ
1467 5484 1711 5554 χάρισμα
1738 5488 2075 5558 κατήγαγεν·

414 5562 473 5612 οὐ
513 5565 615 5633 γάρ
649 5564 708 5615 τὸ
742 5563 901 5633 σῶμα
936 5564 1237 5621 Ἐλισσαίου
1273 5570 1450 5639 μόνον,
1481 5572 1618 5624 ἀλλά
1656 5575 1747 5626 καὶ
1775 5576 1834 5627 τὸ
1867 5577 2079 5646 ἱμάτιον

386 5652 592 5711 ἐκεῖνο
635 5651 731 5720 τῆς
767 5654 987 5721 χάριτος
1018 5650 1084 5725 ἦν
1138 5656 1608 5728 ἐμπεπλησμένον.
1657 5661 1755 5713 Διά
1801 5680 1878 5716 τοι
1924 5665 2079 5717 τοῦτο

416 5736 510 5788 καὶ
543 5738 633 5788 ἐπὶ
662 5738 765 5790 τῶν
806 5741 971 5810 τριῶν
1003 5741 1207 5796 παίδων
1226 5760 1239 5773 ·
1268 5745 1329 5797 οὐ
1361 5746 1467 5817 γὰρ
1488 5758 1512 5786 ι
1540 5748 1607 5801 τά
1636 5749 1863 5820 σώματα
1898 5752 2077 5805 αὐτῶν

520 5886 671 5934 Locus
694 5888 1022 5954 portui-hama.
1050 5890 1172 5954 Infra
1198 5897 1306 5954 post
1336 5894 1701 5954 τελευτήσαντος
1722 5898 1894 5949 laeuna
1915 5905 2073 5952 mani-

412 5945 535 6026 ξθειδ
560 5956 651 6026 es}.
675 5945 720 6022 ᾧ
743 5963 818 5997 am
844 5952 1132 6026 Expl‘e‘xtzris‘
1151 5945 1411 6026 ερίίριξηόο
1429 5970 1448 6026 _:
1469 5945 1579 6026 ᾐδὲ
1595 5945 2079 6026 τιλὲυέῆάάνέζζξέ-

414 6015 580 6058 ίστατο
605 6014 633 6068 ἡ
654 6014 788 6074 χάρις
811 6014 1058 6075 αὴβιλλέ
1082 6016 1221 6075 αὐτὸς
1240 6016 1400 6067 ἐλύετο
1420 6020 1446 6067 δ
1466 6020 1674 6077 θάνατος.

1219 370 1276 427 S.
1318 369 1601 425 JOANNIS
1632 368 2118 430 CHRYSOSTOMI
2159 363 2479 432 ARCHIEP.
2514 366 3065 434 CONSTANTINOP.

3779 365 3878 430 £70

2213 485 2411 555 ᾐδέσθη
2458 486 2619 555 μόνον
2650 486 2750 555 τῆς
2794 486 2991 555 φλογὸς
3032 486 3066 555 ἡ
3103 481 3285 553 φύσις,
3328 482 3463 566 ἀλλά
3502 484 3596 538 καὶ
3628 486 3768 541 αὐτὰ
3814 488 3887 542 τά

2214 574 2535 643 ὑποδήματα
2566 589 2582 605 ·
2613 575 2709 626 καὶ
2757 574 2849 625 ἐπὶ
2880 572 2974 625 τοῦ
3009 571 3309 625 Ἐλισσαίου
3355 570 3476 624 οὐδὲ
3526 572 3889 645 ’τελευτήσαιμ⁵

2209 676 2320 723 τος,
2353 660 2524 723 οὑτως
2572 660 2755 713 ἐλύετο
2807 659 3074 722 θάνατος,
3118 660 3199 723 είς
3244 657 3414 728 τάφον
3453 650 3549 711 τοῦ
3598 662 3883 730 προφήτου

2212 747 2457 818 ῥιφέντος
2489 748 2675 819 ἐτέρου
2710 747 2925 819 νεκροῦ.
2956 738 3110 802 Οὕτω
3146 747 3210 818 δὴ
3248 748 3343 801 καὶ
3386 747 3624 820 σήμερον
3652 749 3877 817 γέγονε·

2208 834 2316 887 τῶν
2354 834 2462 905 γάρ
2509 835 2776 903 λειψάνων
2824 833 3161 905 φερομένων,
3210 833 3533 905 ἐμπρησμοὶ
3583 833 3877 905 δαιμόνων,

2211 918 2461 988 ὀλολυγαὶ
2499 924 2591 975 καὶ
2634 922 2869 975 κωκυτοὶ
2906 921 3241 1000 πανταχόθεν
3283 909 3498 993 ᾔροντο,
3533 910 3633 1000 τῆς
3663 922 3884 987 ἀκτῖνος

2210 1008 2317 1061 τῶν
2344 1008 2517 1062 ὀστῶν
2550 1009 2893 1081 ἐκπηδὼσης,
2933 999 3025 1061 καλ⁵
3060 1008 3157 1079 τὴν
3191 1010 3448 1079 φάλαγγα
3488 1007 3597 1063 τῶν
3639 1009 3881 1063 ἀντικειά

2213 1094 2389 1165 μένων
2415 1096 2817 1165 κατακαιούσης
2846 1085 3149 1167 δυνάμεων.

2277 1183 2343 1253 β’.
2381 1184 2477 1237 Διά
2506 1184 2677 1237 ταῦτα
2695 1184 2898 1256 σκιρτῶ
2932 1174 3025 1238 καὶ
3043 1184 3275 1255 πέτομαι
3306 1173 3409 1238 ὐπδ
3432 1184 3531 1255 τῆς
3549 1183 3767 1256 ἡδονῆς,
3795 1185 3877 1239 ὅτι

2203 1268 2302 1339 τὴν
2340 1270 2543 1341 ἔρημον
2587 1271 2741 1324 πόλιν
2792 1270 3107 1342 ἐποιήσατε,
3153 1272 3252 1340 τήν
3291 1269 3443 1351 πόλιν
3494 1273 3870 1335 κενώσαντες·

2202 1354 2284 1409 ὅτι
2316 1357 2405 1408 τον
2438 1356 2664 1410 πλοῦτον
2696 1358 2825 1428 ἡμῖν
2854 1357 2951 1429 τῆς
2994 1355 3318 1427 Ἐκκλησίας
3351 1354 3664 1421 ὑπεδείξατε
3706 1359 3878 1429 σήμε-

2204 1452 2315 1514 ρον.
2358 1444 2488 1497 Ίδοὺ
2539 1444 2682 1497 πόσα
2731 1442 3011 1515 πρόϐατα,
3058 1444 3153 1497 καὶ
3195 1443 3432 1514 οὐδαμοῦ
3475 1441 3672 1508 λύκος·
3710 1445 3875 1498 πόσαι

2202 1532 2462 1601 ἄμπελοι,
2497 1533 2588 1585 καὶ
2633 1532 2870 1603 οὐδαμοῦ
2900 1531 3145 1587 ἀκανθα·
3180 1522 3336 1583 πόσοι
3378 1531 3628 1601 στάχυες,
3663 1534 3757 1585 καὶ
3783 1533 3876 1612 οὐτ-

2201 1617 2374 1688 δαμοῦ
2432 1618 2661 1684 ζιζάνια.
2709 1620 2959 1674 Θάλαττα
3003 1614 3112 1673 ἀπὸ
3157 1618 3257 1689 τῆς
3304 1618 3512 1682 πόλεως
3563 1619 3726 1690 μέχρι
3777 1619 3872 1672 τοῦ

2201 1705 2465 1777 παρόντος
2496 1706 2723 1777 ἐξετάθη
2764 1708 2985 1779 χωρίου,
3031 1706 3270 1761 θάλαττα
3316 1707 3577 1777 κυμάτων
3624 1707 3874 1777 ἀπηλλα-

2198 1795 2400 1864 γμένη,
2442 1795 2696 1863 ναυάγιον
2722 1796 2821 1848 οὐκ
2860 1794 3077 1865 ἔχουσα,
3110 1793 3390 1848 σκοπέλων
3417 1788 3870 1866 ἠλευθερωμένη·

2200 1882 2436 1938 θάλαττα
2469 1883 2682 1954 μέλιτος
2716 1884 2913 1949 παντὸς
2955 1873 3285 1954 γλυκυτέρα,
3317 1882 3425 1937 τῶν
3458 1883 3702 1954 ποτίμων
3750 1883 3874 1936 ὑδά-

2197 1987 2303 2023 των
2348 1971 2712 2044 ποτιμωτέρα.
2756 1972 2870 2026 Οὐκ
2918 1971 2982 2026 άν
3032 1989 3115 2035 τις
3160 1971 3396 2041 ἁμάρτοι
3444 1961 3542 2041 τὴν
3596 1969 3868 2026 θάλατταν

2196 2057 2399 2128 ταύτην
2427 2059 2521 2112 καὶ
2559 2058 2799 2129 ποταμὸν
2838 2060 3009 2131 πυρὸς
3050 2057 3363 2131 προσειπών
3384 2077 3397 2090 ·
3430 2048 3604 2123 οὑτως
3638 2060 3691 2113 al
3728 2058 3872 2129 λαμ-

2197 2144 2363 2208 πάδες
2389 2148 2444 2199 αί
2473 2145 2560 2200 διά
2588 2147 2685 2216 τῆς
2731 2145 2925 2210 νυκτὸς
2958 2146 3014 2199 αί
3045 2145 3247 2199 πυκναὶ
3285 2146 3382 2200 καὶ
3417 2148 3663 2217 συνεχεῖς
3707 2138 3871 2216 μέχρι

2194 2233 2317 2286 τοῦ¹
2342 2233 2640 2305 μαρτυρίου
2686 2234 2875 2288 τούτου
2908 2233 3199 2298 διαπαντὸς
3256 2233 3591 2299 ἐκταθεῖσαι,
3640 2232 3868 2315 πυρίνου

2196 2322 2440 2392 ποταμοῦ
2471 2323 2769 2391 φαντασίαν
2800 2324 3059 2395 παρεῖχον
3090 2323 3202 2385 τοῖς
3223 2321 3409 2392 ὁρῶσι.
3438 2320 3547 2375 Καὶ
3574 2320 3745 2374 ταῦτα
3771 2318 3869 2389 μέν

2195 2409 2253 2461 ἐν
2279 2412 2344 2480 τῇ
2373 2410 2556 2463 νυκτί·
2590 2410 2691 2480 τῆς
2726 2410 2783 2464 δέ
2815 2410 3025 2481 ἡμέρας
3070 2410 3333 2480 φανείσης
3374 2408 3557 2481 ιτεραι
3588 2408 3871 2479 λαμπάδες

2194 2498 2357 2551 πάλιν
2370 2498 2669 2567 ἐφαίνοντο·
2700 2498 2914 2563 ἐκείνας
2932 2498 3032 2570 μὲν
3050 2499 3157 2571 γὰρ
3172 2498 3200 2551 δ
3218 2497 3367 2569 ἥλιος
3381 2497 3615 2569 ἀνίσχων
3627 2497 3867 2569 ἔκρυπτε

2193 2586 2286 2639 καὶ
2323 2586 2701 2657 άμαυροτέρας
2733 2586 2919 2652 ἐτίθει,
2963 2586 3062 2650 τὰς
3089 2585 3147 2639 δέ
3180 2588 3238 2639 ἐν
3280 2587 3348 2657 τῇ
3390 2585 3623 2638 ἑκάστου
3661 2583 3869 2655 διανοίᾳ

2194 2674 2550 2745 φαιδροτέρας
2581 2674 2786 2728 ἐδείκνυ
2809 2692 2823 2705 ·
2855 2673 2950 2728 τοῦ
2986 2672 3092 2746 γάρ
3140 2672 3311 2741 πυρὸς
3358 2672 3568 2726 ἐκείνου
3612 2670 3707 2725 τοῦ
3738 2687 3865 2740 φαι-

2192 2759 2418 2830 νομένου
2447 2760 2773 2831 θερμότερον
2798 2760 2860 2813 τὸ
2890 2762 2989 2831 τῆς
3017 2758 3324 2832 προθυμίας
3346 2758 3446 2830 τῆς
3468 2758 3739 2829 ὑμετέρας
3764 2753 3864 2829 ἦν·

2192 2846 2286 2899 καὶ
2326 2847 2555 2912 ἕκαστος
2594 2847 2786 2917 διπλῆν
2816 2846 2977 2919 ἔφερε
3010 2846 3292 2917 λαμπάδα,
3331 2844 3428 2918 τὴν
3467 2844 3562 2898 τοῦ
3597 2844 3767 2917 πυρὸς
3805 2847 3866 2899 ἐν

2189 2938 2257 3006 τῇ
2290 2937 2463 3001 νυκτὶ,
2491 2935 2589 3005 τὴν
2620 2935 2719 3006 τῆς
2758 2935 3062 3006 προθυμίας
3100 2935 3193 2988 καὶ
3224 2934 3280 2987 ἐν
3308 2936 3373 3005 τῇ
3404 2932 3560 2988 νυκτὶ
3590 2933 3684 2987 καί⁵
3712 2934 3770 2987 ἐν
3795 2935 3865 3005 τῇ

2191 3021 2399 3092 ἡμέρᾳ·
2451 3021 2649 3091 μᾶλλον
2698 3024 2754 3077 δὲ
2800 3020 2921 3075 οὐδέ
2972 3020 3144 3074 νύκτα
3179 3019 3363 3074 λοιπὸν
3413 3019 3628 3090 ἐκείνην
3677 3018 3863 3073 καλῶ·

2192 3108 2328 3180 πρὸς
2360 3108 2468 3180 γὰρ
2504 3110 2603 3179 τὴν
2635 3110 2851 3181 ἡμέραν
2878 3108 3161 3180 ἡμιλλᾶτο,
3202 3110 3330 3171 τοὺς
3363 3108 3515 3171 υίοὺς
3555 3107 3651 3162 τοῦ
3688 3108 3867 3177 φωτὸς

2192 3195 2337 3265 ὑμᾶς
2376 3195 2747 3266 περιφέρουσα
2771 3238 2786 3263 ,
2818 3196 2914 3248 καὶ
2949 3195 3161 3265 μυρίων
3186 3194 3433 3265 ἀστέρων
3472 3195 3569 3247 καὶ
3586 3194 3865 3267 ἐωσφόρου

2189 3281 2596 3354 λαμπροτέρους
2618 3283 3011 3351 ἀποφαίνουσα.
3040 3282 3250 3352 Ὠσπερ
3272 3280 3381 3353 γάρ
3409 3280 3503 3335 καὶ
3531 3279 3627 3352 τὴν
3654 3281 3867 3353 ἡμέραν

2189 3369 2356 3423 νύκτα
2389 3369 2632 3423 ποιοῦσιν
2658 3371 2707 3423 οί
2754 3370 3065 3441 μεθύοντες,
3094 3370 3236 3424 οὕτω
3267 3370 3361 3423 καὶ
3388 3368 3487 3435 τὴν
3517 3368 3688 3424 νύκτα
3725 3371 3867 3443 ἡμέ-

2192 3472 2289 3527 ραν
2320 3454 2640 3527 ὲργάξονται
2676 3457 2727 3509 οί
2755 3457 3183 3528 παννυχεύοντες
3219 3458 3313 3510 καλ⁵
3352 3456 3733 3529 ἐγρηγορότες.
3765 3458 3868 3512 Διά

2186 3542 2249 3613 δὴ
2283 3542 2441 3596 τοῦτο
2471 3543 2557 3597 διά
2592 3544 2771 3615 πάσης
2802 3546 2993 3607 νυκτὸς
3030 3545 3207 3597 ἐκεῖνο
3233 3543 3295 3597 τὸ
3325 3544 3662 3615 προφητικὸν
3848 3561 3863 3575 ·

2186 3630 2315 3693 Νὺξ
2359 3630 2664 3699 φωτισμός
2694 3631 2763 3684 ἐν
2802 3630 2878 3699 τῇ
2924 3626 3118 3699 τρυφῇ
3155 3648 3301 3701 μου·
3346 3632 3446 3687 καί
3506 3633 3589 3686 δτι
3639 3633 3865 3698 σκότος

2186 3719 2257 3770 οὐ
2311 3715 2775 3783 σκοτισθήσεται
2826 3719 2944 3773 ἀπὸ
2996 3718 3149 3773 σοῦ·
3197 3719 3293 3772 καὶ
3353 3719 3469 3785 νὺξ
3525 3720 3607 3786 ὡς
3670 3719 3866 3787 ἡμέρα

2187 3804 2655 3873 φωτισθήσεται·
2683 3804 2762 3872 ὡς
2810 3806 2877 3859 τὸ
2924 3808 3145 3874 σκότος
3190 3802 3402 3874 αὐτῆς,
3447 3804 3600 3862 οὕτω
3641 3808 3739 3861 καὶ
3795 3808 3862 3861 τὸ

2189 3890 2315 3961 φῶς
2357 3890 2562 3959 αὐτῆς.
2599 3894 2765 3956 Ποίας
2798 3894 2907 3964 γάρ
2938 3895 3149 3967 ήμέρας
3188 3896 3249 3948 οὑ
3297 3896 3487 3964 γέγονε
3534 3894 3867 3965 φαιδροτέρα

2189 3982 2221 4051 ή
2257 3980 2351 4044 ν’ὐξ
2399 3980 2559 4052 αῦτη,
2597 3982 2653 4033 ἐν
2699 3980 2938 4055 τοσαύτῃ
2984 3983 3157 4054 χαρᾶς
3200 3983 3472 4054 ὑπερϐολῇ
3517 3981 3867 4053 σκιρτὼντων

2188 4070 2461 4134 ἁπάντων,
2513 4070 2683 4140 χαράν
2736 4071 2963 4141 ἐχόντων
2999 4074 3398 4141 πνευματικὴν,
3451 4071 3718 4124 τοσούτων
3765 4072 3864 4124 ἐκ-

2187 4156 2455 4226 χυθέντων
2482 4158 2689 4227 δήμων,
2718 4160 2810 4211 καὶ
2834 4159 2935 4229 τὴν
2967 4159 3087 4213 ὁδὸν
3127 4160 3220 4212 καὶ
3264 4159 3362 4231 τὴν
3402 4158 3609 4231 ἀγοράν
3646 4159 3869 4212 ἐπικλυ-

2190 4246 2433 4308 σάντων;
2464 4244 2599 4297 Ούδέ
2636 4245 2746 4315 γάρ
2770 4240 2839 4316 ἦν
2869 4245 3062 4313 ἔδαφος
3096 4246 3304 4316 γυμνὸν
3340 4244 3487 4308 ίδεῖν,
3519 4245 3651 4299 ἀλλά
3680 4247 3865 4299 πᾶσαν

2186 4332 2284 4402 τὴν
2313 4332 2431 4385 ὁδὸν
2459 4330 2705 4403 σώμασιν
2732 4333 3089 4404 ἀνθρωπίνοις
3123 4333 3480 4403 καλύψαντες,
3512 4334 3639 4403 μίαν
3673 4335 3865 4404 σειράν

2186 4434 2304 4470 τινα
2345 4420 2553 4491 χρυσῆν
2603 4420 2698 4472 καὶ
2752 4421 2976 4489 συνεχῆ,
3018 4420 3111 4471 καὶ
3146 4419 3391 4489 ποταμὸν
3434 4420 3530 4472 Eva
3569 4417 3747 4489 πολλῷ
3782 4418 3865 4489 τῷ

2188 4504 2350 4576 ῥοθίῳ
2406 4506 2702 4577 φερόμενον
2736 4506 2820 4559 διὰ
2858 4508 3037 4575 πάσης
3078 4506 3315 4570 ἐδείξατε
3367 4506 3467 4577 τῆς
3515 4506 3859 4577 ὁδοιπορίας·

2187 4594 2280 4646 καὶ
2324 4593 2437 4647 ἀνω
2491 4594 2588 4663 μὲν
2637 4595 2718 4658 είς
2758 4595 2850 4647 τὸν
2898 4594 3124 4663 οὐρανὸν
3157 4593 3549 4658 ἀναϐλέποντες
3594 4593 3861 4667 ἑωρῶμεν

2187 4679 2337 4754 [335]
2362 4682 2589 4753 σελήνην
2616 4685 2708 4737 καὶ
2734 4685 2967 4753 ἀστέρας
2991 4686 3047 4736 ἐν
3073 4686 3243 4754 μέσῳ,
3271 4684 3423 4738 κάτω
3445 4683 3501 4738 δέ
3524 4684 3630 4737 τῶν
3653 4685 3862 4739 πιστῶν
3934 4712 3937 4715 λ

2185 4768 2244 4820 τὸ
2272 4770 2492 4839 πλῆθος,
2538 4772 2629 4822 καὶ
2674 4771 2772 4840 τῆς
2816 4771 3045 4842 σελήνης
3083 4770 3461 4842 λαμπρότερον
3502 4774 3560 4825 ἐν
3589 4772 3665 4841 τῷ
3708 4772 3863 4843 μέσῳ

2184 4854 2283 4927 τὴν
2334 4856 2577 4927 βασιλίδα
2639 4859 2965 4930 φερομένην.
3008 4859 3219 4931 Ὥσπερ
3278 4859 3388 4931 γάρ
3433 4860 3483 4913 οί
3534 4860 3761 4932 ἀστέρες
3807 4862 3859 4915 οι

2187 4945 2336 4997 κάτω
2378 4946 2633 5015 ἀμείνους
2673 4946 2782 4998 τῶν
2825 4946 2966 4999 ἀνω·
2994 4946 3139 5000 οὕτω
3172 4946 3263 4999 καὶ
3301 4946 3443 5017 αὕτη
3474 4946 3606 5001 πολύ
3638 4948 3861 5018 φαιδρο-

2183 5032 2318 5103 τέρα
2363 5034 2595 5103 ἐκείνης.
2632 5033 2697 5086 Τί
2730 5035 2869 5103 γάρζ
2906 5033 3161 5088 τοσοῦτον
3208 5033 3426 5105 σελήνη,
3468 5036 3591 5089 ὅσον
3620 5027 3765 5107 ψυχὴ
3798 5037 3861 5088 ἐν

2183 5118 2447 5189 ἀξιώματι
2486 5116 2729 5191 τοσούτῳ
2752 5119 2986 5191 τοσαύτῃ
3013 5115 3503 5192 κατακοσμουμένη
3534 5114 3746 5188 πίστει;
3790 5123 3860 5174 Τί

2182 5207 2247 5259 ἀν
2281 5224 2367 5270 τις
2399 5209 2568 5281 αὐτῆς
2598 5211 2864 5275 ἀγάσαιτο
2908 5211 3191 5281 πρότερον,
3238 5210 3328 5263 τὸν
3358 5209 3519 5279 ζῆλον
3545 5210 3639 5262 τὸν
3683 5211 3859 5281 πυρὸς

2184 5294 2530 5367 θερμότερον,
2562 5296 2659 5367 τὴν
2685 5297 2863 5350 πίστιν
2887 5296 2983 5368 τὴν
3009 5298 3316 5367 ἀδάμαντος
3346 5296 3726 5369 στερροτέραν,
3756 5300 3859 5368 τὴν

2186 5385 2472 5456 συντριϐὴν
2500 5386 2597 5455 τῆς
2631 5387 2866 5449 διανοίας
2895 5389 2987 5440 καὶ
3010 5387 3110 5458 τὴν
3136 5386 3654 5459 ταπεινοφροσύνην,
3688 5387 3754 5440 δι’
3785 5385 3858 5460 ἦς

2182 5474 2391 5534 πάντας
2435 5473 2753 5543 ἀπέκρυψε,
2809 5474 3081 5544 βασιλείαν
3128 5476 3225 5545 μὲν
3275 5478 3369 5529 καὶ
3406 5474 3710 5547 διαδήματα
3760 5478 3857 5529 καὶ

2180 5560 2271 5612 τὸν
2322 5560 2570 5613 ἐντεῦθεν
2600 5560 2814 5615 ἅπαντα
2859 5562 3027 5631 τῦφον
3074 5564 3214 5632 μετά
3265 5564 3465 5633 πολλῆς
3509 5564 3713 5634 ῥίψασα
3754 5564 3858 5635 τῆς

2181 5648 2525 5719 περιουσίας,
2574 5649 2907 5721 ἐνδυσαμένη
2955 5652 3013 5704 δέ
3064 5652 3161 5722 την
3208 5653 3309 5721 τῆς
3351 5650 3859 5724 ταπεινοφροσύνης

2184 5735 2374 5805 στολὴν
2409 5738 2530 5788 ἀντὶ
2572 5738 2670 5807 τῆς
2704 5738 3046 5809 πορφυρίδος.
3079 5740 3173 5791 καὶ
3212 5739 3303 5793 διά
3342 5738 3548 5809 ταύτης
3590 5738 3858 5810 λάμψασα

2187 5824 2481 5893 μειζόνωςς
2516 5825 2789 5889 Βασιλίδες
2819 5826 2916 5895 μὲν
2949 5826 3053 5897 γὰρ
3073 5826 3264 5881 πολλαὶ
3300 5826 3559 5890 πολλάκις
3588 5827 3857 5896 ἐγένοντο,

2185 5910 2241 5963 αἲ
2272 5911 2370 5979 τῆς
2402 5914 2592 5983 στολῆς
2625 5914 2793 5983 αὐτῆς
2840 5916 2933 5967 καὶ
2972 5915 3080 5967 τῶν
3108 5915 3452 5987 διαδημάτων
3489 5913 3859 5985 ἐκοινώνησαν

2189 5998 2367 6069 μόνον,
2413 6001 2505 6055 καὶ
2540 6001 2636 6073 τῆς
2674 6000 2829 6071 δόξης
2863 6002 2961 6077 τῆς
2996 6001 3315 6076 βασιλικῆς·
3346 6000 3549 6075 ταύτης
3588 6002 3643 6057 δὲ
3683 6001 3856 6076 μόνης
