4118 6328
209 384 312 440 ιω

208 490 411 548 tatet‘n?
442 503 511 545 att
565 486 797 546 civitatis
826 481 1201 539 alacritatem?
1224 494 1293 534 an
1322 475 1681 549 lmperatricis
1707 489 1802 529 aa-

205 585 346 640 lam?
371 599 439 638 an
464 581 769 656 principum
790 574 1155 635 concursum?
1177 590 1245 626 an
1269 569 1470 625 diaboli
1493 563 1806 623 inl’amiauﬂ

202 697 270 733 an
295 679 605 735 dznmpuum
635 672 885 729 cladem?
917 668 1179 725 Ecclesia:
1204 664 1545 721 nobilitatem
1564 700 1579 727 ,
1622 658 1802 714 crucis

201 776 489 833 virtutem.
518 764 773 824 (ῖωείΙίιί
821 758 1102 825 miracula,
1132 756 1306 813 Patris
1330 753 1557 826 gloriam
1577 793 1594 819 ,
1624 748 1801 821 Spiri-

201 865 563 939 tusagratiam.
586 859 769 931 populi
799 857 963 913 totius
985 854 1340 923 voluptatem.
1366 848 1601 905 civitatis
1621 844 1806 903 exsul-

200 962 436 1015 tatioues
459 1000 475 1022 ,
510 953 897 1010 monachorum
942 960 1139 1013 catus,
1162 948 1430 1016 virginum
1457 941 1655 999 choros
1675 982 1690 1005 .
1717 954 1805 995 sa-

199 1054 480 1108 cerdotum
506 1049 746 1113 onliueq,
774 1044 1115 1101 «curiarium
1140 1042 1378 1095 virorum
1414 1032 1800 1098 constantiam,

199 1159 481 1200 servorum
503 1184 517 1207 ,
546 1141 842 1195 liberorum
864 1176 881 1200 ,
908 1135 1241 1206 principum.
1270 1129 1641 1191 subditorum,
1666 1138 1799 1193 pau-

200 1254 235 1305 p
266 1253 388 1290 runt
407 1278 426 1302 ,
454 1232 687 1290 divitum
708 1271 724 1296 ,
757 1229 1189 1300 peregrinorum,
1218 1221 1459 1279 civium?
1484 1218 1804 1290 Opportune

194 1332 264 1383 de
298 1329 556 1384 omnibus
588 1326 798 1381 dicatur
833 1339 846 1377 :
887 1321 1019 1391 Quis
1060 1319 1297 1387 loquetur
1337 1314 1591 1386 potentius
1643 1319 1757 1363 luas
1780 1350 1798 1376 ,

196 1423 452 1485 Domine.
483 1420 692 1474 anilitas
720 1416 873 1487 [utier
900 1430 1074 1469 omnes
1104 1409 1282 1466 hrrida
1308 1418 1423 1462 tuas
1450 1404 1625 1478 (Pati.
1674 1402 1796 1461 105.

192 1516 289 1585 2)?
309 1513 567 1571 Mulieres
595 1513 647 1565 in
677 1509 930 1565 thalamis
960 1514 1260 1569 venantes,
1279 1510 1334 1557 et
1348 1515 1471 1555 cera
1496 1513 1568 1553 ml
1592 1496 1798 1563 lliorcs,

192 1593 404 1663 relictis
422 1603 632 1660 uadibus
660 1611 715 1658 et
744 1599 901 1657 tectis
921 1640 942 1666 ,
966 1613 1093 1654 eum
1125 1592 1519 1651 robustissimis
1561 1589 1798 1645 virorum

196 1699 484 1754 alacritate
500 1694 805 1757 certabant,
828 1701 1037 1747 tantum
1056 1688 1265 1743 itineris
1284 1683 1510 1756 pedibus
1527 1694 1796 1744 emcnstc;

193 1810 300 1849 tua
317 1792 551 1863 juvenes
567 1786 755 1854 modo,
778 1785 874 1842 sed
898 1785 1060 1841 etiam
1084 1798 1261 1836 auus:
1294 1794 1467 1851 neque
1486 1787 1694 1833 natura:
1718 1776 1799 1829 iu-

191 1887 443 1951 ﬂrmitas,
467 1900 641 1955 neque
681 1883 853 1938 solita:
891 1879 1010 1934 vilic
1034 1876 1308 1941 mollities,
1352 1889 1528 1943 neque
1562 1870 1795 1927 celebri—

191 1980 318 2035 tatis
355 1992 555 2049 pompa
601 1972 990 2046 impedimento
1022 1971 1195 2026 luere.
1232 1966 1507 2035 Principes
1538 1965 1637 2035 ipsi
1671 1980 1790 2019 rur-

190 2086 311 2126 sum
341 2070 549 2127 relictis
575 2066 851 2131 curribus,
883 2061 1165 2137 lictoribus
1188 2070 1243 2117 et
1276 2058 1623 2122 satelhtihus,
1650 2055 1793 2127 plebi

188 2178 310 2219 sese
348 2163 712 2219 adntiseuere.
747 2157 953 2229 Ecquid
975 2154 1232 2211 mulieres
1263 2150 1644 2223 principesque
1678 2163 1798 2205 me-

188 2270 420 2321 morem,
446 2252 662 2325 quando
689 2251 779 2307 illa
815 2251 927 2321 ipsa
957 2264 1077 2321 qua:
1104 2245 1351 2302 diadema
1390 2255 1562 2316 gestat
1584 2255 1639 2298 et
1662 2260 1794 2316 pur-

188 2364 317 2419 pura
346 2347 608 2410 induitur,
640 2359 731 2416 per
761 2352 927 2399 tutam
956 2342 1096 2397 viam
1129 2358 1197 2397 ne
1228 2339 1494 2395 tantillum
1520 2336 1736 2410 quidem
1760 2352 1791 2391 a

189 2439 431 2511 reliquiis
451 2437 693 2509 separari
716 2436 917 2504 voluit;
946 2419 1271 2491 sedancilla:
1289 2434 1693 2489 instarsauetos
1713 2444 1793 2486 se-

186 2534 476 2606 quebatur,
510 2531 722 2587 thecam
744 2538 798 2587 et
818 2530 997 2585 velum
1026 2529 1429 2600 superpositum
1458 2535 1708 2596 tangens,
1734 2534 1792 2580 et

187 2642 404 2682 omnem
467 2624 761 2681 humanum
815 2626 1010 2680 fastum
1058 2624 1297 2687 calcans,
1335 2634 1498 2692 atque
1554 2622 1606 2675 in
1656 2621 1790 2676 ututi

190 2720 380 2775 theatri
410 2717 592 2773 medio
610 2734 640 2771 a
667 2715 866 2789 populo
894 2715 1174 2771 videbatur
1196 2715 1309 2780 illa,
1332 2729 1493 2786 quam
1524 2730 1593 2770 ne
1616 2730 1789 2768 eunu-

186 2812 301 2866 chis
315 2810 535 2883 quidem
555 2809 828 2875 manibus,
844 2807 934 2880 qui
956 2809 1009 2864 in
1037 2807 1382 2879 imperatoria
1400 2807 1616 2862 aluntur
1641 2808 1785 2869 aula.

184 2905 501 2975 conspicere
514 2901 666 2958 licet.
680 2900 788 2957 Sed
809 2912 1107 2975 martyrum
1124 2916 1280 2955 amor
1299 2915 1440 2971 pene
1474 2900 1788 2979 tyrannicus

187 3005 239 3052 ιιι
266 2996 510 3054 caritatis
533 2995 747 3051 ﬂamma
768 2995 867 3066 ipsi
896 3005 954 3049 ut
978 2994 1155 3049 larvas
1169 3008 1360 3050 omnes
1378 2994 1501 3049 illas
1528 2993 1790 3064 abjiceret

184 3091 375 3154 suasit,
431 3098 600 3160 utque
643 3095 831 3158 aperte
870 3102 1030 3143 suum
1074 3102 1205 3159 erga
1247 3097 1470 3142 saucios
1515 3094 1787 3158 martyres

185 3182 422 3238 studium
448 3180 751 3238 exhiberet.
783 3178 1091 3236 Recordata
1122 3179 1322 3252 quippe
1348 3189 1434 3236 est
1458 3179 1604 3237 beati
1631 3180 1790 3236 Davi-

186 3277 301 3343 dis,
322 3278 416 3349 qni
445 3270 510 3333 et
537 3291 777 3347 purpura
802 3276 1126 3331 induebatur
1156 3286 1212 3330 et
1239 3275 1485 3331 diadema
1514 3275 1695 3349 gestat
1707 3282 1787 3343 at.

185 3383 568 3441 sceptrumque
598 3368 877 3425 obtinebat
901 3370 953 3425 in
986 3368 1311 3425 liebmlcum
1336 3369 1623 3441 pupulum.
1648 3384 1788 3440 quo-

185 3460 326 3516 niam
360 3461 454 3518 ille
482 3475 663 3517 arcam
686 3459 1068 3528 traml'erebat,
1119 3461 1205 3517 illa
1236 3469 1345 3516 tota
1381 3475 1545 3517 scena
1592 3461 1785 3516 relicta

183 3552 412 3610 saltabat
438 3562 496 3609 et
517 3550 749 3609 choreas
769 3552 962 3625 agebat
980 3594 996 3620 ,
1027 3553 1277 3624 tripbdiis
1306 3552 1497 3609 ludens
1549 3550 1781 3623 magnis,

184 3658 247 3702 ae
290 3661 384 3719 per
413 3645 586 3702 saltus
607 3645 852 3702 la‘tiliatn
893 3662 1056 3717 quam
1087 3646 1154 3701 de
1184 3648 1262 3702 rei
1309 3646 1624 3703 celebritate
1648 3661 1787 3701 cou-

180 3739 433 3810 cipiebat,
465 3738 820 3812 signiﬁcabat.
856 3739 1014 3809 Quod
1063 3739 1108 3795 si
1164 3740 1218 3796 in
1266 3741 1456 3796 umbra
1504 3750 1562 3798 et
1618 3742 1785 3813 llgura

180 3835 387 3888 tantum
430 3830 703 3888 fervorem
749 3832 1043 3889 ostendere
1073 3846 1169 3903 per
1194 3840 1338 3899 erat,
1366 3842 1571 3903 quanto
1613 3832 1787 3905 magis

186 3930 238 3983 iu
267 3938 511 4001 tempore
531 3928 719 3999 gratia:
748 3939 800 3983 et
832 3928 1113 3984 veritatis?
1132 3928 1566 4001 quandoquidem
1588 3938 1644 3983 et
1670 3927 1786 3984 haec

183 4037 361 4077 aream
402 4021 768 4077 transferebat
824 4021 982 4093 longe
1034 4022 1466 4093 praestantiorem
1501 4021 1590 4075 illa
1624 4021 1785 4076 Davi-

185 4120 267 4170 dis
294 4132 441 4174 area.
488 4114 677 4188 Neque
704 4115 848 4172 enim
903 4113 1019 4171 haec
1069 4114 1280 4171 tabulas
1329 4113 1491 4189 habet
1519 4114 1782 4185 lapideas,

186 4209 278 4264 sed
309 4208 517 4264 tabulas
534 4209 869 4280 spirituales,
890 4219 945 4265 et
966 4209 1197 4280 gratiam
1223 4207 1533 4272 ﬂorentem,
1557 4208 1788 4264 donum-

182 4318 285 4379 que
316 4302 693 4372 resplendens.
716 4311 773 4357 et
814 4316 936 4356 ossa
982 4316 1107 4357 eum
1163 4302 1295 4372 ipsis
1321 4300 1591 4356 solaribus
1620 4300 1785 4355 radiis

181 4396 388 4467 tnlgore
450 4396 781 4467 pugnantia,
841 4394 953 4451 imo
1005 4392 1429 4465 splendidiorem
1481 4392 1785 4449 emittentia
1848 4466 1851 4467 ν

184 4485 467 4556 lutgorem.
519 4486 764 4542 Solarem
814 4501 1051 4556 namque
1094 4486 1339 4541 videntes
1383 4484 1592 4540 radium
1651 4485 1785 4540 nihil

179 4582 463 4648 patiuntur
484 4579 791 4645 dazmoues;
834 4579 933 4635 sed
979 4580 1323 4649 splendorem
1354 4579 1481 4635 ltinc
1522 4581 1783 4637 exsilit-u-

186 4682 290 4727 tem
323 4689 433 4727 non
474 4671 711 4727 ferentes
751 4679 1093 4726 cactecautur
1120 4678 1175 4725 et
1200 4670 1432 4739 fugiunt,
1465 4685 1627 4742 atque
1658 4689 1786 4742 ιιι-οι

184 4766 267 4819 cui
291 4779 349 4820 se
380 4764 647 4833 recipiunt
674 4781 689 4819 :
725 4774 867 4817 tanta
894 4762 978 4816 vis
1004 4768 1189 4823 estvel
1204 4764 1403 4818 cineris
1431 4776 1744 4821 sanctorum
1767 4783 1785 4823 :

181 4875 302 4927 quc
330 4874 441 4913 non
470 4868 676 4913 tantum
712 4858 855 4911 intus
885 4856 937 4910 itt
969 4856 1214 4928 reliquiis
1234 4858 1335 4913 sita
1359 4869 1463 4924 est,
1495 4861 1588 4915 sed
1618 4862 1784 4917 etiam

183 4950 409 5007 ulterius
454 4966 763 5021 progressa.
800 4951 1035 5018 impurus
1084 4949 1205 5003 illas
1252 4961 1545 5020 potestates
1596 4953 1786 5023 ἀξίη-1ο

182 5045 243 5099 tit
269 5045 367 5117 (α),
399 5058 450 5101 et
475 5061 571 5100 eos
598 5060 836 5115 quicum
882 5043 985 5099 iide
1010 5043 1301 5108 accedunt.
1345 5060 1469 5100 cum
1517 5057 1788 5117 [otestate

181 5139 347 5191 multa
376 5138 705 5192 sanctiﬁcat.

255 5231 610 5302 lnzprralricis
640 5240 823 5301 pietas.
851 5259 925 5276 -
956 5229 1081 5285 Ideo
1110 5231 1310 5286 Christi
1334 5246 1521 5286 amans
1541 5231 1785 5303 impera-

186 5323 288 5379 tris
315 5326 571 5396 reliquias
592 5328 918 5395 sequebatur
934 5365 949 5388 ,
980 5324 1336 5395 tangebatque
1363 5325 1671 5398 frequenter
1692 5328 1787 5383 be-

186 5419 551 5473 nedictionem
596 5418 699 5471 sibi
729 5416 1029 5481 attraltens,
1053 5427 1217 5488 atque
1240 5416 1306 5471 ad
1338 5418 1619 5488 pulchrum
1652 5421 1785 5477 illud

189 5514 569 5583 splrilualeque
595 5511 984 5566 commercium
1006 5550 1027 5576 ,
1055 5522 1267 5565 ceteros
1298 5527 1489 5567 omnes
1533 5513 1786 5567 institue-

188 5606 276 5662 bat
302 5618 357 5664 et
386 5608 620 5664 docebat
664 5616 724 5661 ut
767 5621 832 5661 ex
879 5604 981 5660 boe
1009 5603 1157 5661 fonte
1191 5605 1502 5669 haurirent,
1554 5623 1624 5665 es
1678 5624 1785 5679 quo

186 5712 395 5770 ientper
423 5700 672 5757 hauritur
700 5708 759 5755 et
786 5715 1075 5769 numquam
1105 5710 1418 5755 evacuatur.
1451 5698 1603 5755 Sicut
1633 5703 1779 5754 enim

242 5883 317 5938 (si
340 5881 530 5936 Similia
554 5882 781 5931 dicuntur
804 5888 843 5931 ι.
869 5879 917 5928 2.
938 5880 1033 5931 col.
1057 5879 1143 5934 99.
1167 5878 1277 5939 817,
1304 5878 1413 5932 669.

509 5968 786 6034 Panos.
827 5973 950 6037 Cn.
1004 5972 1229 6038 LXlll.

851 370 894 429 u
933 365 1447 435 uomuspum
1488 360 1858 431 POSTQUAM
1899 356 2255 431 umqum
2299 354 2879 426 usurvttuttmc.

3420 359 3523 416 δτι

1918 468 2167 526 fontium.
2194 467 2395 525 ﬂuenta
2437 469 2741 524 scaturiunt
2793 483 2898 525 nec
2924 466 3064 524 intra
3094 470 3347 541 proprios
3374 484 3531 530 smus

1910 564 2281 627 continentur.
2312 560 2410 618 sed
2455 561 2735 617 exundant
2775 571 2832 618 et
2884 562 3323 635 superetﬂuunt:
3353 566 3427 622 ita
3468 579 3533 624 at

1910 656 2149 729 Spiritus
2191 656 2388 729 gratia,
2417 672 2544 728 qme
2584 657 2638 710 in
2681 656 2897 713 ossibus
2921 656 3122 713 insidet
3148 673 3217 713 ae
3244 671 3369 714 cum
3392 674 3529 714 satu

1908 749 2012 804 etis
2044 746 2331 813 inhabitat,
2379 757 2437 803 et
2479 746 2535 802 in
2579 746 2719 803 alios
2749 746 3097 818 profunditur
3123 748 3215 820 qui
3262 764 3390 805 cum
3418 752 3531 808 lida

1912 840 2035 895 illos
2064 849 2386 911 sequuntur,
2410 848 2574 910 atque
2601 838 2671 895 ab
2698 840 2880 895 anima
2909 843 2963 899 in
3003 855 3205 913 corpus
3235 842 3528 914 redundat,

1908 943 1966 990 et
1991 948 2023 991 a
2052 948 2287 1004 corpore
2310 934 2365 989 in
2395 934 2741 1000 vestimenta,
2772 949 2804 987 a
2835 934 3175 991 vestimentis
3202 936 3255 990 in
3281 937 3528 1004 calceos.

1907 1026 2158 1082 aealeeis
2205 1026 2259 1081 iit
2290 1025 2514 1082 umbras
2558 1025 2822 1082 excurrit.
2854 1026 3088 1098 Ideoque
3136 1045 3245 1085 non
3294 1045 3527 1103 corpora

1908 1130 2118 1175 tantum
2176 1127 2490 1174 sanctorum
2555 1116 2929 1189 apostolorum
3011 1132 3313 1191 operantur
3342 1164 3360 1190 ,
3429 1124 3526 1183 sul

1906 1212 2072 1269 etiam
2124 1211 2341 1268 sudat-ia
2389 1222 2450 1268 et
2486 1210 2823 1268 semicinctia
2870 1211 3033 1283 (Αιι.
3090 1212 3178 1271 19.
3216 1215 3364 1286 12);
3416 1217 3528 1272 imo

1908 1308 2117 1361 umbra:
2170 1304 2316 1362 Petri
2361 1306 2497 1377 ipsis
2542 1306 2849 1364 viventibus
2898 1307 3107 1378 majora
3155 1310 3528 1380 operahautur

1905 1396 2250 1472 (tc¢.5.t5).
2272 1396 2471 1455 Ielote
2505 1413 2726 1470 quoque
2767 1398 2965 1469 injecta
2996 1408 3389 1473 supra'corpus
3419 1394 3525 1463 Eli-

1904 1493 2022 1557 sti,
2053 1492 2326 1566 duplicem
2355 1493 2454 1564 ipsi
2485 1494 2714 1564 gratiam
2748 1494 2960 1551 induxit
2985 1494 3067 1569 (5.
3094 1496 3223 1569 Περ.
3259 1498 3349 1555 19.
3386 1498 3475 1573 19)
3502 1516 3522 1559 :

1905 1601 2013 1640 non
2051 1585 2197 1640 enim
2238 1600 2441 1657 corpus
2482 1584 2667 1641 Eliszei
2713 1595 2946 1653 emtum,
2998 1588 3096 1643 sed
3144 1590 3312 1646 etiam
3352 1584 3521 1647 vestir-

1905 1686 2146 1733 utentum
2176 1674 2312 1734 illud
2338 1677 2560 1748 plenum
2605 1678 2780 1749 gratia
2826 1690 2965 1735 erat.
2996 1679 3237 1753 ideoque
3263 1683 3316 1738 iu
3346 1685 3525 1741 tribus

1905 1770 2089 1843 poet-is
2136 1772 2370 1826 ﬂamma:
2399 1782 2590 1826 natura
2621 1787 2731 1827 non
2760 1773 2941 1829 solum
2970 1773 3118 1845 ipsos
3144 1776 3380 1833 reverita
3410 1787 3517 1846 est.

1898 1863 1997 1920 sed
2023 1863 2188 1919 etiam
2217 1862 2458 1935 ipsorum
2485 1863 2700 1920 calceos
2725 1862 2889 1936 (Dan.
2927 1866 2963 1922 5
3009 1864 3130 1936 9i).
3168 1866 3235 1924 Et
3259 1868 3520 1926 Eli-trum

1899 1974 2078 2027 neque
2119 1968 2395 2014 mortuum
2439 1957 2523 2014 vis
2567 1958 2656 2013 illa
2705 1958 2952 2015 deseruit
2987 1977 3005 2016 ε
3037 1959 3270 2032 injectus
3318 1967 3523 2035 quippe

1902 2059 2149 2104 mortuus
2188 2049 2242 2103 iu
2290 2048 2600 2119 sepulcrum
2646 2048 2947 2122 prophetat,
2972 2064 3003 2105 a
3034 2061 3212 2111 morte
3254 2052 3521 2111 liberatas

1899 2150 1983 2199 est
2014 2141 2095 2215 (ι.
2127 2140 2260 2214 Reg.
2295 2142 2381 2199 [3.
2411 2139 2532 2212 il).
2564 2142 2657 2199 Sic
2699 2153 2760 2198 et
2803 2142 2966 2200 hodie
2994 2143 3195 2201 factum
3225 2155 3349 2205 est:
3377 2146 3513 2204 dum

1897 2237 2044 2293 enim
2076 2235 2320 2307 reliquize
2347 2246 2713 2308 gestarentur.
2743 2237 3056 2296 dzemouunt
3088 2241 3359 2308 incendia.
3393 2243 3518 2299 ulu-

1901 2332 2043 2386 latus
2069 2341 2126 2387 et
2146 2331 2568 2387 lamentationes
2596 2332 2834 2405 undique
2861 2331 3193 2403 ferebantur,
3226 2336 3518 2394 exsiliente

1894 2425 2102 2481 ossium
2126 2424 2279 2481 radio
2301 2437 2355 2483 et
2382 2426 2818 2484 adversariarum
2847 2439 3174 2500 potestatum
3195 2431 3516 2504 phalangem

1891 2519 2255 2578 incendente.

1974 2619 2034 2675 2.
2070 2617 2368 2690 Propterea
2401 2620 2621 2677 exsulto
2672 2626 2729 2676 et
2768 2635 2888 2692 pra
2938 2620 3222 2691 voluptate
3271 2620 3515 2678 volatum

1902 2727 2132 2770 assumo
2158 2713 2284 2785 quia
2312 2713 2593 2770 desertum
2632 2714 2917 2771 civitatem
2957 2714 3242 2777 eﬂ‘ecistis.
3268 2716 3397 2786 quia
3428 2715 3519 2772 dl-

1898 2806 2071 2862 vitias
2107 2804 2371 2862 Ecclesia:
2408 2804 2570 2863 nobis
2612 2805 2777 2862 hodie
2810 2806 3166 2863 esbibuistis.
3201 2807 3347 2864 Ecce
3377 2817 3517 2880 quos

1898 2912 2062 2962 oves,
2090 2905 2147 2953 et
2187 2900 2460 2967 nusquam
2500 2897 2698 2968 lupus;
2735 2904 2871 2968 quot
2916 2898 3196 2962 vinea».et
3236 2913 3514 2970 nusquam

1896 2983 2097 3055 spina;
2142 2996 2278 3056 quot
2318 2986 2509 3056 spica,
2555 2995 2615 3041 ct
2662 3004 2935 3059 nusquam
2986 2988 3221 3046 zizania.
3261 2988 3413 3046 Mare
3443 2987 3517 3047 ab

1901 3073 2045 3130 urbe
2077 3072 2147 3128 ad
2180 3074 2331 3129 hunc
2378 3091 2557 3146 usque
2595 3076 2777 3131 locum
2820 3088 3110 3135 extensum
3143 3089 3260 3147 est;
3291 3095 3445 3135 mare
3481 3093 3517 3137 a

1898 3166 2172 3223 ﬂuctuum
2199 3169 2461 3239 procellis
2492 3168 2760 3236 liberum,
2795 3171 3147 3244 naufragium
3180 3186 3291 3226 non
3314 3169 3532 3241 habet,

1901 3273 1939 3314 a
1978 3260 2225 3331 seopulis
2261 3274 2497 3316 vacuum
2536 3268 2652 3330 est;
2692 3277 2850 3320 mare
2884 3262 3037 3319 omni
3073 3262 3239 3320 melle
3268 3262 3513 3329 dulcius.

1901 3351 2087 3423 magis
2114 3351 2359 3424 potabile
2394 3367 2560 3424 quam
2596 3368 2754 3425 aqua:
2790 3355 3087 3426 potabiles.
3118 3352 3310 3428 Neque
3347 3354 3517 3412 aber-

1890 3449 2100 3504 taverit
2122 3449 2215 3519 qui
2256 3448 2363 3504 hoc
2390 3462 2543 3503 mare
2566 3448 2733 3504 etiam
2760 3446 2986 3504 ﬂuvium
3014 3448 3158 3521 ignis
3183 3452 3467 3509 Vocttverit
3488 3470 3512 3505 ς

1888 3542 1968 3597 ita
1984 3556 2180 3612 nempe
2195 3538 2480 3612 lampades
2497 3554 2617 3611 qua:
2630 3550 2800 3618 noctu
2827 3539 3140 3614 frequentes
3154 3557 3225 3600 ac
3239 3544 3518 3601 continua

1886 3634 1960 3690 ad
1983 3648 2156 3705 usque
2186 3635 2508 3707 martyrium
2539 3633 2643 3689 boe
2672 3633 3012 3701 ferebantur.
3026 3633 3177 3692 ﬂuvii
3206 3637 3349 3709 ignei
3378 3638 3518 3697 ima-

1888 3729 2076 3800 ginem
2106 3726 2422 3783 videntibus
2445 3727 2809 3784 exhibebant.
2833 3728 2906 3785 Et
2935 3730 3057 3787 ba-e
3071 3730 3292 3803 quidem
3311 3744 3514 3799 noctu;

1887 3818 1985 3875 die
2007 3828 2192 3875 autem
2218 3817 2573 3876 illucescente
2592 3819 2716 3875 alia:
2736 3836 2955 3877 rursum
2988 3823 3265 3894 lampades
3290 3828 3516 3898 conspi-

1886 3912 2213 3969 ciebantur:
2231 3913 2569 3986 illasquippe
2596 3916 2676 3971 sol
2708 3916 2896 3973 oriens
2916 3918 3205 3991 obtegebat
3231 3931 3288 3977 et
3315 3922 3517 3979 obscuo

1891 4009 2070 4064 tiores
2089 4007 2393 4073 reddebat;
2422 4009 2553 4065 istas
2581 4026 2732 4078 vero,
2751 4028 2873 4083 qua:
2902 4014 2955 4067 in
2988 4014 3332 4085 singulorum
3362 4032 3516 4073 men.

1892 4101 2042 4158 tibus
2070 4100 2299 4173 l‘ulgent,
2327 4102 2569 4160 latiores
2585 4104 2916 4162 Ostendebat
2944 4125 2958 4161 :
2990 4124 3116 4163 nam
3149 4110 3275 4181 igne
3299 4112 3396 4167 illo
3418 4114 3515 4184 qui

1890 4206 2116 4267 apparet
2138 4196 2427 4251 ardentior
2443 4208 2563 4252 erat
2581 4196 2671 4253 ille
2687 4197 2779 4269 qui
2804 4200 2857 4253 in
2880 4197 3165 4257 alacritate
3183 4213 3362 4259 vcstta
3380 4220 3513 4262 con-

1890 4288 2035 4343 sistit
2050 4305 2065 4341 τ
2078 4297 2137 4343 et
2151 4288 2349 4359 singuli
2360 4287 2634 4360 duplicem
2650 4290 2962 4361 lampadem
2975 4293 3283 4364 gestabant.
3300 4296 3516 4369 igneam

1895 4381 2046 4441 illam
2075 4391 2239 4435 noctu
2262 4419 2280 4448 ,
2310 4397 2431 4436 eam
2464 4397 2597 4438 vero
2620 4398 2744 4453 qua:
2774 4384 2829 4439 in
2859 4384 3143 4441 alacritate
3170 4400 3351 4445 vestra
3376 4392 3518 4447 resi-

1891 4472 1984 4527 tlct
2025 4482 2081 4529 et
2126 4482 2289 4528 noctu
2334 4483 2393 4528 et
2435 4474 2680 4531 interdiu
2710 4494 2725 4532 :
2756 4476 2865 4533 into
2914 4494 3046 4534 vero
3080 4497 3259 4553 neque
3292 4497 3511 4542 noctetn

1892 4566 2040 4621 illam
2071 4581 2210 4622 voco
2244 4584 2257 4619 :
2288 4582 2416 4622 cum
2446 4566 2539 4624 die
2573 4565 2811 4641 namque
2838 4574 3212 4642 euneertabat,
3244 4576 3375 4632 dum
3414 4594 3516 4637 vos

1890 4657 2032 4714 lucis
2066 4659 2206 4714 tilios
2242 4658 2643 4725 circumferret,
2676 4670 2739 4717 et
2780 4663 2958 4720 stellis
2988 4664 3292 4725 innumeris
3319 4669 3516 4729 lucife-

1891 4769 2066 4825 roque
2089 4753 2496 4825 splendidiores
2526 4755 2833 4813 exhiberet.
2866 4757 3340 4827 Quemadmodum
3361 4766 3514 4823 enim

1886 4846 2095 4903 ebriosi
2144 4848 2463 4905 nectcmin
2512 4847 2661 4904 diem
2690 4853 3173 4911 cottvertuuttsic
3212 4865 3270 4910 et
3296 4867 3515 4915 noctem

1887 4941 2140 4997 efﬁciunt
2184 4941 2333 4997 diem
2371 4940 2405 4997 ii
2448 4944 2541 5015 qui
2592 4944 2873 5017 pervigilia
2903 4957 3075 5017 agunt
3114 4950 3508 5021 expergefacti.

1893 5036 2132 5106 Ideoque
2160 5052 2258 5106 per
2288 5045 2458 5091 totam
2506 5047 2723 5094 noctem
2771 5043 3152 5111 propheticum
3184 5043 3318 5100 illud
3344 5060 3514 5105 eaus-

1894 5128 2025 5185 baut
2046 5149 2059 5182 :
2078 5128 2203 5185 Nox
2230 5130 2547 5185 illuminatio
2577 5149 2690 5187 mea
2707 5133 2761 5187 in
2787 5133 2989 5190 deliciis
3013 5138 3173 5204 meis;
3201 5148 3251 5192 et
3293 5139 3515 5200 latebra

1890 5240 1996 5279 non
2014 5225 2422 5280 obscurabuntur
2449 5244 2483 5279 rt
2509 5235 2579 5293 te,
2605 5238 2652 5282 et
2678 5245 2786 5283 ηοω
2803 5234 2935 5284 sicut
2958 5231 3069 5284 diu
3085 5231 3466 5290 illutuiuabilur
3496 5250 3517 5298 ξ

1890 5320 2024 5374 sicut
2050 5328 2099 5373 et
2126 5320 2347 5373 tenebrte
2365 5320 2500 5391 ejus,
2535 5324 2608 5375 ita
2637 5331 2685 5375 el
2710 5324 2882 5377 lumen
2908 5325 3022 5396 ejus
3048 5322 3224 5393 (Ρωι.
3255 5329 3383 5385 155.
3418 5330 3512 5385 11.

1896 5416 2011 5485 12).
2045 5413 2167 5481 Quo
2195 5416 2341 5469 enim
2372 5416 2462 5470 die
2501 5432 2614 5471 non
2654 5417 2832 5473 lartior
2862 5418 2961 5473 fuit
2990 5436 3097 5475 nox
3134 5422 3221 5477 illa
3252 5424 3511 5479 omnibus

1891 5517 2045 5561 tanto
2070 5507 2269 5578 gaudio
2300 5506 2698 5563 exsultantibus
2722 5550 2738 5576 ,
2772 5510 3041 5579 spirituali
3084 5512 3271 5569 laetitia
3317 5516 3513 5586 plenis.

1891 5612 1974 5657 tot
2014 5600 2201 5655 eﬂ'usis
2227 5602 2461 5670 populis,
2494 5603 2583 5671 qui
2615 5614 2673 5658 et
2701 5605 2802 5658 via:
2839 5611 2897 5660 et
2929 5603 3032 5660 fori
3062 5606 3271 5663 aditum
3293 5609 3514 5664 claude-

1890 5692 2061 5747 bant?
2088 5692 2273 5764 Neque
2298 5696 2445 5748 enim
2478 5706 2690 5764 poterat
2729 5697 2935 5755 nudum
2964 5698 3146 5756 solum
3184 5700 3382 5771 videri,
3415 5704 3513 5757 sed

1894 5794 2059 5841 totam
2089 5788 2230 5841 viam
2258 5804 2446 5857 corpot
2461 5788 2582 5844 ibus
2598 5789 2856 5849 humanis
2884 5796 3216 5866 aperientes,
3235 5799 3333 5855 sed
3354 5816 3515 5860 unum

1893 5888 2146 5936 catenam
2196 5896 2416 5939 auream
2447 5885 2855 5957 etcoutiuuatu,
2888 5888 3111 5945 ﬂuvium
3142 5907 3309 5950 muttit
3343 5894 3511 5955 multo

3091 5978 3177 6052 23
