4124 6336
666 442 757 496 ΓΗ

668 556 870 623 impetu
890 552 1218 604 manantem,
1246 552 1336 607 per
1358 545 1525 588 totum
1545 532 1645 587 iter
1669 525 2017 585 exhibuistis:
2048 532 2101 578 et
2121 536 2238 575 sur-

668 617 786 699 sum
810 639 1024 712 quidem
1051 637 1101 689 in
1119 632 1306 689 ca-luni
1324 627 1644 697 asiiicicntes
1661 624 1840 678 lunam
1862 617 2169 672 videbamus
2188 621 2242 669 et

667 707 851 792 stellas
882 734 934 788 in
963 729 1160 791 medio,
1194 707 1328 778 infra
1378 736 1506 775 vero
1552 716 1789 773 ﬁdelium
1819 709 2238 770 multitudinem,

652 844 722 886 ‘et
740 833 859 885 luna
879 820 1290 897 splendidiorem
1309 818 1362 871 in
1388 814 1562 871 medio
1581 808 1974 882 lmperatricem
2003 813 2241 859 euntem.

671 924 818 977 Sicut
838 921 980 973 cuitu
1000 913 1170 968 stella:
1201 908 1483 965 inferio;es
1509 899 1905 974 praestantiora
1931 904 2056 950 sunt
2085 906 2245 960 supe-

674 1013 940 1071 rioribus;
982 1006 1059 1059 sic
1086 1012 1142 1058 et
1188 1002 1301 1056 haec
1333 1000 1498 1052 multo
1523 994 1693 1049 laztior
1718 1002 1769 1046 et
1798 985 2102 1060 praeclarior
2128 992 2245 1038 erat

672 1105 777 1159 illa.
808 1099 945 1167 Quid
972 1096 1113 1153 enini
1137 1094 1160 1149 ?
1190 1103 1393 1148 tantum
1416 1097 1501 1144 est
1527 1088 1668 1149 luna,
1688 1084 1731 1137 si
1759 1087 2098 1149 comparetur
2121 1088 2243 1128 cum

668 1197 873 1255 anima,
905 1194 957 1245 in
985 1188 1240 1257 dignitate
1268 1190 1410 1237 tanta
1443 1178 1749 1240 constituta,
1782 1181 1925 1226 tanta
1959 1168 2061 1222 fide
2088 1180 2246 1221 orna-

670 1287 758 1340 ta?
790 1284 924 1352 Quid
955 1282 1095 1336 enim
1117 1278 1234 1348 (ιυίη.
1258 1276 1306 1329 in
1333 1272 1417 1325 illa
1446 1269 1594 1340 prius
1623 1260 2040 1320 admireturhn
2071 1258 2243 1313 zelum

671 1382 788 1449 ipso
801 1349 920 1447 igne
934 1364 1342 1429 ferventiorcm?
1359 1381 1424 1418 an
1444 1362 1600 1417 [idem
1618 1358 1898 1413 adamante
1919 1349 2246 1407 firmiorem?

655 1488 737 1524 an
763 1464 1137 1523 contritionettt
1162 1460 1322 1513 animi
1348 1467 1401 1511 et
1429 1452 1801 1514 humilitatem,
1825 1461 1927 1516 qua
1954 1458 2140 1499 omnes
2157 1459 2246 1495 su-

672 1560 910 1632 peravit?
938 1557 1221 1625 Imperium
1242 1545 1778 1622 quidem,diademata
1805 1552 1857 1597 et
1878 1555 2090 1596 omnem
2121 1537 2246 1592 hinc

670 1654 797 1709 oriri
841 1652 1052 1707 solitum
1094 1648 1287 1701 fastum
1334 1638 1766 1698 constantissime
1806 1635 2041 1704 abiecit;
2075 1632 2247 1687 induit

673 1761 803 1800 vero
831 1760 926 1813 pro
945 1756 1174 1812 purpura
1199 1735 1513 1792 humilitatis
1536 1741 1756 1795 vestem,
1777 1738 1830 1783 et
1849 1743 1943 1798 per
1969 1728 2107 1781 hanc
2138 1741 2249 1778 nia-

669 1842 753 1910 gis
803 1836 1132 1907 resplendet.
1177 1833 1308 1887 Nam
1353 1828 1715 1900 imperatrices
1744 1823 1956 1892 quidem
1987 1819 2165 1874 multa:
2198 1828 2247 1869 et

672 1944 814 1999 smpe
836 1927 1068 1993 fuerunt,
1095 1939 1214 1993 qua:
1240 1921 1403 1976 vestis
1426 1931 1479 1974 et
1504 1917 1861 1972 diadematuni
1880 1924 1932 1967 et
1961 1913 2246 1980 imperato-

673 2023 765 2074 rire
810 2020 991 2089 glori:e
1038 2018 1210 2070 solum
1240 2014 1527 2083 participes
1572 2008 1788 2063 fuerunt
1819 2022 1832 2058 :
1867 2004 2027 2073 huius
2068 2011 2243 2057 autem

669 2116 837 2169 solius
863 2113 961 2167 fuit
987 2111 1222 2167 eximius
1252 2108 1340 2161 ille
1369 2114 1610 2168 ornatus,
1640 2102 1806 2155 solius
1834 2099 1936 2151 hoc
1965 2106 2241 2164 tropaeum.

675 2208 799 2261 llznc
851 2218 1080 2273 namque
1138 2200 1248 2255 sola
1300 2197 1610 2266 imperatrix
1657 2207 1775 2246 cum
1825 2200 1971 2243 tanto
2020 2187 2244 2251 honore,

663 2299 849 2353 studio
876 2308 1035 2367 atque
1064 2295 1259 2364 pietate
1288 2300 1552 2360 martyres
1575 2286 1826 2341 comitata
1863 2292 1969 2344 est,
2000 2279 2138 2349 plebi
2169 2278 2249 2331 iti-

674 2393 955 2455 tertuixta,
981 2404 1104 2443 cum
1152 2385 1440 2440 satellitum
1486 2394 1644 2435 omne
1688 2379 2002 2439 amovissel,
2037 2382 2089 2428 et
2140 2371 2249 2427 fere

672 2499 885 2539 onmem
914 2479 1231 2537 conditionis
1282 2474 1687 2545 inaequalitatem
1719 2484 1839 2523 cum
1888 2466 2049 2520 multa
2092 2479 2240 2517 exsu-

679 2576 912 2644 peraiitia
952 2572 1253 2641 ahjecisset.
1283 2566 1405 2621 ldeo
1431 2578 1538 2618 non
1580 2560 1751 2616 minus
1781 2574 1938 2629 quam
1990 2564 2249 2626 martyres

675 2667 869 2735 populo
917 2662 1131 2733 profuit.
1169 2653 1630 2727 Quemadmodum
1678 2651 1819 2704 enim
1869 2647 2127 2716 reliquias
2169 2660 2253 2698 as-

677 2757 947 2829 picicbant
983 2768 1171 2808 omnes
1193 2794 1207 2818 ,
1242 2753 1310 2805 ita
1340 2748 1455 2818 ejus
1500 2745 1865 2799 assiduitatem
1920 2741 2252 2795 mirabantur

673 2860 728 2903 et
756 2848 949 2902 divites
979 2854 1033 2901 et
1068 2857 1348 2915 pauperes,
1384 2838 1624 2892 videntes
1656 2836 1800 2889 illam
1832 2836 1948 2889 sine
1976 2832 2248 2886 intermis-

674 2942 825 2995 sione
852 2955 946 3009 per
974 2946 1178 2991 tantum
1224 2933 1320 2987 via:
1368 2931 1597 3000 spatium
1625 2927 1835 2982 ossibus
1861 2925 2249 2987 adhaerentem,

664 3050 777 3087 nee
805 3046 1054 3100 umquam
1074 3027 1340 3082 defessam
1364 3024 1445 3077 vel
1476 3020 1823 3083 resilientem,
1846 3018 1938 3073 sed
1957 3032 2095 3071 arca:
2113 3031 2254 3070 sem-

679 3142 772 3194 per
798 3124 1117 3177 adstantem.
1145 3118 1430 3187 Propterea
1460 3124 1511 3167 tc
1561 3115 1768 3166 beatam
1815 3109 2104 3179 praedicare
2148 3122 2253 3161 non

676 3228 980 3279 cessamus;
1014 3226 1187 3281 neque
1228 3224 1325 3264 nos
1370 3217 1595 3271 tantum,
1629 3197 1723 3258 sed
1764 3204 1923 3259 etiam
1950 3202 2136 3255 futurte
2160 3215 2256 3271 ge-

682 3308 990 3362 nerationes
1015 3318 1224 3357 omnes.
2124 3276 2129 3279 Α

750 3402 803 3455 5.
824 3398 954 3453 Nam
977 3413 1094 3467 qua:
1118 3394 1203 3449 hic
1219 3401 1366 3464 gesta
1390 3388 1745 3446 suntaudient
1762 3386 1894 3441 llum
1912 3386 2055 3440 orbis
2081 3395 2133 3440 et
2148 3393 2256 3440 tota

677 3502 930 3565 quantam
954 3490 1037 3545 sol
1065 3490 1284 3558 respicit
1316 3495 1493 3549 terra;
1526 3482 1747 3537 audient
1769 3482 1893 3535 item
1926 3479 1999 3533 illi
2026 3479 2115 3549 qui
2138 3488 2260 3548 post

678 3604 779 3643 nos
801 3584 960 3640 futuri
988 3593 1128 3647 sunt,
1155 3590 1206 3635 et
1234 3580 1323 3651 qui
1356 3586 1476 3647 post
1498 3576 1650 3642 illos;
1678 3588 1742 3629 ac
1770 3588 1883 3628 rem
1912 3582 2119 3643 gestam
2141 3572 2259 3626 nul-

681 3679 794 3732 lum
824 3686 1032 3743 tempus
1059 3671 1309 3726 oblivioni
1333 3666 1605 3722 mandabit
1622 3706 1637 3731 ,
1656 3665 1763 3719 Deo
1783 3664 1976 3733 ubique
1996 3673 2257 3717 terrarum

686 3781 739 3823 et
771 3784 862 3839 per
890 3782 1079 3822 ouuics
1126 3764 1331 3818 tuturas
1374 3759 1749 3831 generationes
1797 3771 1910 3811 rem
1941 3770 2060 3809 cum
2090 3754 2259 3809 multo

686 3858 969 3927 splendore
983 3850 1377 3911 celebran:e.Si
1396 3852 1537 3905 enim
1558 3848 1793 3903 mulieris
1815 3847 2112 3902 meretricis
2129 3832 2262 3915 opus

684 3953 750 4005 ad
777 3950 1034 4005 terminos
1056 3961 1221 4018 usque
1236 3945 1383 3999 orbis
1410 3940 1712 3996 annuntiari
1727 3938 1935 3993 curavit
1962 3948 2015 3992 et
2044 3938 2263 3991 inunor.

687 4045 806 4097 talis
824 4043 1093 4095 memorie
1120 4038 1350 4094 reddidit
1376 4054 1389 4091 :
1418 4034 1586 4090 multo
1613 4033 1780 4103 magis
1798 4032 2263 4101 tuodesue,gravis

684 4145 739 4188 et
755 4144 913 4189 casta-
927 4132 1185 4196 mulieris,
1203 4144 1322 4199 quae
1342 4128 1395 4182 in
1415 4126 1643 4196 Imperio
1659 4136 1859 4179 tantam
1878 4124 2119 4177 exhibuit
2147 4123 2262 4191 pie-

684 4239 871 4294 tatem,
890 4242 995 4281 nen
1025 4227 1165 4281 sinet
1181 4238 1318 4293 opus
1337 4223 1531 4279 latere;
1560 4216 1653 4273 sed
1689 4227 1739 4273 te
1768 4217 1974 4271 beatam
2005 4216 2262 4284 praedira-

685 4325 818 4377 bunt
846 4333 1055 4383 attines,
1076 4316 1218 4386 quod
1243 4324 1458 4369 sanctos
1488 4311 1720 4381 hospitio
1740 4308 1997 4378 excipias,
2016 4306 2157 4377 quod
2179 4321 2265 4360 ec-

691 4413 869 4469 desiis
906 4409 1274 4480 patrocineris,
1320 4405 1462 4475 qno‘d
1490 4405 1606 4459 zelo
1637 4403 1810 4473 parsis
1840 4400 2117 4471 apostolis.
2151 4400 2263 4454 Etsi

689 4506 833 4559 enim
862 4511 1107 4555 naturam
1128 4499 1315 4553 sortita
1345 4511 1407 4551 es
1436 4494 1719 4549 femineam
1740 4532 1757 4559 ,
1789 4501 1843 4546 at
1872 4493 1997 4546 licet
2026 4491 2116 4545 tibi
2144 4504 2265 4544 cum

690 4594 946 4667 apostolis
966 4594 1130 4663 gestis
1169 4597 1500 4646 cmicertarc.
1521 4582 1959 4655 Quandoquidem
1987 4592 2111 4637 tunc
2133 4596 2267 4653 quoe

692 4702 795 4759 que
819 4688 905 4741 illa
938 4685 1141 4741 thbe
1170 4682 1342 4755 (Rom.
1365 4682 1450 4736 16.
1470 4681 1683 4751 1),‹]ιιν
1703 4677 1978 4732 doctorem
1997 4676 2142 4730 orbis
2170 4690 2269 4731 ex-

682 4779 1074 4849 eepit,ipsique
1101 4776 1428 4846 patrocinia:
1446 4784 1550 4839 est,
1582 4770 1776 4826 mulier
1796 4770 2164 4841 eratejusdem
2193 4778 2272 4827 te-

690 4888 814 4929 cum
834 4879 1059 4937 natura,
1075 4877 1129 4923 et
1147 4876 1324 4922 tamen
1345 4881 1512 4935 usque
1533 4865 1667 4920 adeo
1680 4864 1841 4929 fulsit,
1862 4870 1920 4916 ut
1935 4873 2153 4917 sanctus
2178 4862 2269 4917 ille

698 4964 825 5020 cmlo
848 4961 1043 5034 dignus
1064 4970 1119 5015 et
1151 4959 1515 5029 apostolorum
1542 4958 1778 5011 omnium
1811 4957 2078 5010 maximus
2101 4955 2268 5023 ipsam

691 5056 987 5111 celebraret
1016 5068 1079 5107 ac
1107 5052 1327 5117 diceret,
1350 5050 1553 5104 Adstitit
1581 5049 1773 5116 multis,
1793 5058 1837 5101 et
1860 5048 1982 5101 milii
2011 5048 2128 5120 ipsi.
2150 5047 2267 5101 Pri-

693 5147 843 5203 scilla
872 5161 1083 5218 quoque
1115 5142 1355 5199 feminini
1381 5155 1542 5197 sexus
1567 5152 1683 5196 erat
1707 5159 1722 5196 :
1750 5157 1929 5196 verum
1952 5141 2001 5195 id
2034 5158 2139 5194 non
2162 5141 2268 5195 im-

698 5240 1000 5308 pedimento
1022 5237 1141 5304 fuit,
1161 5238 1289 5308 quin
1323 5237 1407 5290 illa
1435 5234 1796 5290 celebraretur
1818 5242 1868 5287 et
1890 5232 2020 5303 quin
2040 5234 2267 5287 imnuir-

697 5332 817 5384 talis
836 5330 951 5401 eius
972 5338 1115 5385 esset
1140 5330 1416 5386 memoria.
1436 5326 1584 5383 Alius
1611 5342 1822 5398 quoque
1846 5336 1972 5382 tunc
2004 5336 2120 5381 erat
2147 5342 2270 5380 niu-

697 5427 886 5481 lierum
902 5424 1121 5492 chorus,
1134 5439 1250 5493 qua:
1267 5422 1426 5476 vitam
1448 5420 1713 5476 ducebant
1729 5418 2095 5489 apostolicam.
2115 5418 2266 5475 lden-

696 5536 799 5585 que
840 5534 937 5575 nos
993 5533 1202 5589 quoque
1250 5532 1355 5571 non
1401 5515 1787 5580 aberrabimus,
1832 5513 1879 5567 si
1921 5524 1972 5569 te
2000 5529 2118 5568 cum
2166 5513 2272 5567 illis

1450 424 1506 479 S.
1533 416 1808 476 ιυΑδΝιε
1844 407 2317 470 CHRYSOSTOMI
2359 404 2673 463 ARClllEP.
2719 398 3254 459 CONSTANTlNOP.

3830 388 3944 443 δῖε

2347 531 2781 580 annunieremus,
2802 517 2920 586 quia
2943 524 2995 567 tu
3018 513 3379 568 Ecclesiarum
3391 506 3630 563 omnium
3649 513 3835 575 portus
3853 516 3933 558 es.

2349 622 2399 665 et
2426 610 2673 681 prwsenti
2700 622 2863 679 regno
2880 618 3046 661 uteris
3062 606 3124 659 ad
3147 604 3378 658 futurum
3399 616 3620 673 regnum
3652 597 3940 669 acquiren-

2347 702 2496 767 dum,
2524 702 2779 757 ecclesias
2803 700 3035 769 erigens,
3051 698 3359 753 sacerdotes
3386 695 3676 759 honorans,
3708 686 3941 745 bmreti-

2347 810 2531 849 corum
2557 808 2794 849 errorem
2822 792 3141 856 dissolvens,
3186 801 3453 861 martyres
3491 786 3789 857 excipiens,
3821 798 3937 837 non

2347 886 2414 941 ad
2448 903 2711 952 mensam,
2745 885 2836 941 sed
2870 886 3079 949 animo;
3111 900 3216 939 non
3249 884 3414 943 domi.
3445 881 3539 937 sed
3568 880 3793 943 aﬂ‘ectu;
3828 879 3944 931 itno

2350 980 2525 1049 potius
2578 989 2631 1034 et
2680 979 2732 1031 in
2782 979 2944 1033 domo
2990 986 3044 1032 et
3094 976 3305 1031 amictu.
3354 976 3517 1030 Maria
3554 987 3768 1045 quoque
3806 970 3942 1023 olim

2351 1074 2602 1144 populum
2634 1073 2878 1133 ducebat,
2902 1087 3021 1126 ossa
3051 1070 3270 1140 Joscphi
3302 1069 3552 1133 alfcrcns,
3580 1075 3635 1121 ct
3662 1064 3941 1121 canticum

2350 1168 2545 1221 cecinit
2592 1165 2783 1237 (Exod.
2828 1166 2915 1218 15.
2946 1164 3043 1231 20)
3080 1181 3093 1217 :
3133 1162 3227 1217 sed
3269 1161 3356 1216 illa
3401 1159 3617 1230 quidem
3655 1164 3943 1227 postquam

2349 1260 2583 1333 Egyptii
2633 1261 2684 1313 in
2729 1274 2873 1313 mare
2916 1257 3148 1312 demersi
3196 1265 3359 1318 sunt;
3391 1263 3443 1306 tu
3487 1267 3615 1306 vero
3650 1258 3941 1320 postquam

2350 1353 2622 1409 d:emones
2670 1352 2911 1406 sull'ocati
2957 1350 3105 1405 fuere
3156 1368 3169 1401 :
3217 1348 3305 1402 illa
3353 1346 3632 1401 Pharaone
3677 1342 3734 1397 in
3788 1354 3943 1394 mare

2351 1448 2630 1511 demerso,
2668 1456 2721 1501 tu
2773 1457 2955 1499 autem
3006 1444 3224 1498 diabolo
3264 1440 3512 1509 dejecm;
3557 1438 3645 1492 illa
3687 1434 3942 1505 cymbala

2350 1542 2575 1607 habens,
2610 1552 2662 1593 tu
2699 1548 2931 1592 mentem
2966 1546 3020 1591 et
3060 1536 3294 1588 animam
3341 1533 3459 1602 plus
3498 1544 3657 1600 quam
3688 1528 3814 1581 tuba
3844 1541 3942 1579 so-

2352 1643 2605 1697 nantem;
2642 1632 2727 1685 illa
2760 1629 2959 1685 Judmis
2994 1627 3256 1691 liberatis,
3291 1634 3344 1678 tu
3377 1622 3615 1677 Ecclesia
3644 1626 3939 1674 coronata:

2353 1731 2436 1783 illa
2470 1726 2726 1796 pepulum
2775 1738 2939 1777 unum
2980 1719 3217 1775 edncens
3253 1717 3411 1771 unius
3439 1715 3655 1785 lingum,
3695 1723 3748 1764 tu
3780 1710 3942 1763 innu-

2352 1836 2533 1876 meros
2578 1820 2803 1873 diversae
2846 1817 3040 1886 lingua:
3084 1812 3330 1883 papulas.
3364 1809 3577 1864 Etenim
3624 1806 3943 1859 innumeros

2353 1914 2506 1967 nobis
2549 1911 2779 1966 eduxisti
2810 1908 3027 1971 choros,
3069 1906 3229 1958 alium
3273 1902 3537 1963 Romana,
3567 1898 3732 1951 alium
3775 1893 3939 1966 Syra,

2353 2008 2514 2060 alium
2561 2003 2811 2067 barbara,
2852 2000 3011 2055 alium
3058 1996 3243 2053 Grteea
3287 2009 3421 2049 voce
3466 1990 3684 2046 Davidis
3728 1987 3942 2044 cantica

2356 2098 2676 2167 pulsantes:
2707 2093 3051 2161 diversasque
3098 2097 3288 2155 gentes
3328 2100 3390 2139 ac
3432 2083 3677 2139 diversos
3739 2080 3947 2135 choros

2360 2188 2543 2241 videre
2570 2194 2686 2240 erat
2728 2199 2884 2238 unam
2915 2182 3174 2236 citharam
3207 2191 3396 2232 omnes
3430 2174 3709 2237 habentes,
3745 2186 3946 2240 nempe

2357 2280 2593 2344 Davidis,
2610 2294 2670 2331 ac
2689 2275 2941 2347 precibus
2958 2274 3069 2329 suis
3088 2282 3137 2328 te
3152 2279 3493 2326 coronantes.
3511 2265 3837 2321 Festivitatis
3852 2263 3949 2315 hu-

2350 2373 2437 2443 jus
2469 2372 2651 2425 ltetitia
2684 2368 2986 2439 requirebat
3024 2362 3483 2435 religiosissimum
3538 2359 3945 2427 imperatorem,

2355 2466 2445 2536 qui
2502 2464 2715 2535 pictatis
2769 2472 3005 2517 aratnnn
3064 2468 3237 2513 tecum
3288 2454 3451 2509 trahit
3482 2469 3494 2507 :
3523 2451 3618 2507 sed
3650 2450 3700 2504 id
3727 2462 3949 2520 quoque

2359 2559 2654 2630 prudentia:
2674 2565 2777 2611 tuo:
2797 2554 2913 2618 fuit,
2933 2553 3074 2624 quod
3106 2552 3253 2605 illum
3273 2547 3432 2603 hodie
3450 2545 3593 2601 domi
3622 2541 3949 2604 detinueris,

2358 2662 2413 2707 et
2463 2654 2514 2706 in
2556 2652 2697 2706 diem
2749 2646 3043 2703 craStinum
3097 2645 3212 2713 ejus
3269 2641 3559 2695 adventura
3602 2633 3947 2707 promiseris.

2358 2746 2489 2801 Nam
2532 2759 2598 2799 ne
2641 2749 2819 2796 tantus
2863 2738 3103 2808 equitum
3134 2748 3414 2798 numerus,
3444 2743 3577 2785 neve
3606 2734 3951 2782 armatorum

2358 2840 2586 2895 militum
2616 2834 2894 2895 tumultus,
2926 2828 3244 2900 virginibus,
3268 2825 3499 2888 antibus,
3525 2821 3953 2887 senioribusque

2361 2932 2485 2986 viris
2504 2928 2802 2985 molestiam
2826 2924 3057 2989 afferret,
3082 2922 3379 2990 festumque
3395 2916 3536 2972 diem
3555 2913 3814 2974 turbaret.
3832 2926 3955 2966 rem

2361 3022 2643 3094 prudentia
2662 3034 2757 3075 sua
2771 3019 2980 3089 dignam
2998 3015 3193 3068 faciens
3212 3010 3547 3081 imperatrix,
3572 3005 3954 3063 celebritatem

2358 3117 2561 3173 divisit.
2596 3114 2727 3168 Nam
2771 3113 2813 3165 si
2859 3108 3016 3164 ambo
3046 3107 3205 3161 hodie
3235 3104 3532 3167 venissent,
3561 3113 3683 3155 cras
3712 3097 3956 3153 celebri—

2364 3212 2486 3267 tatis
2518 3209 2638 3263 [inis
2672 3206 2856 3261 fuisset
2890 3222 2902 3258 :
2932 3213 2988 3257 ut
3015 3210 3191 3254 autem
3219 3208 3275 3252 et
3302 3196 3355 3250 in
3385 3194 3473 3249 die
3515 3191 3764 3263 prtesenti
3792 3190 3955 3260 quie-

2363 3314 2469 3359 tem
2495 3302 2669 3365 daret,
2704 3309 2756 3352 et
2796 3295 2977 3351 addito
3003 3292 3091 3346 die
3130 3290 3367 3344 crastino
3404 3284 3689 3356 largiorem
3726 3290 3951 3352 pararet

2362 3396 2625 3459 lzetitiam,
2642 3391 2839 3445 reniita
2858 3383 3142 3457 disposuit,
3160 3392 3215 3436 ut
3237 3380 3449 3451 liturgia
3474 3378 3795 3448 imperatore
3816 3391 3957 3445 pra!-

2367 3499 2519 3541 sente
2550 3486 2699 3539 ﬁeret
2734 3501 2745 3534 :
2775 3490 2829 3535 et
2853 3479 3013 3532 hodie
3063 3478 3176 3545 ipsa
3227 3475 3467 3538 veniens,
3501 3468 3752 3540 promisit
3795 3467 3960 3521 nobis

2367 3581 2511 3634 illum
2534 3578 2618 3632 die
2641 3573 2877 3630 crastino
2900 3580 3179 3625 venturum
3206 3580 3347 3620 esse.
3372 3565 3520 3621 Sicut
3542 3563 3685 3618 enim
3709 3576 3833 3616 cum
3867 3560 3961 3614 illo

2366 3670 2572 3742 imperii
2623 3678 2846 3722 consors
2886 3672 2989 3727 est,
3013 3661 3085 3715 ita
3110 3669 3165 3713 et
3191 3661 3242 3713 in
3268 3659 3465 3728 pietate
3490 3669 3738 3726 quoque;
3775 3668 3962 3723 neque

2367 3765 2625 3838 permittit
2645 3777 2767 3815 eum
2792 3766 2938 3813 recte
2958 3756 3215 3809 factorum
3239 3767 3346 3807 non
3366 3763 3483 3805 esse
3504 3748 3848 3820 participem,
3864 3746 3963 3799 sed

2367 3859 2564 3927 ubique
2589 3862 2891 3910 consortem
2921 3850 3069 3903 illum
3092 3845 3308 3915 accipit.
3338 3842 3603 3911 Quoniam
3626 3840 3788 3912 igitur
3809 3840 3965 3894 cele-

2366 3951 2537 4007 britas
2560 3947 2673 4003 lucc
2702 3942 2990 4017 spiritualis
3014 3942 3066 3995 in
3097 3948 3411 4009 sequentem
3435 3948 3650 4006 quoque
3680 3933 3825 3988 diem
3869 3948 3966 3987 ex-

2370 4044 2513 4099 tendi
2555 4042 2745 4105 debet,
2776 4039 2915 4094 idem
2965 4050 3149 4091 rursus
3176 4032 3410 4088 studium
3452 4030 3840 4097 exhibeamus,
3874 4040 3964 4094 ut,

2369 4138 2505 4191 sicut
2537 4135 2692 4188 hodie
2716 4133 2853 4185 hanc
2895 4130 3091 4185 Christi
3128 4135 3397 4181 amantem
3440 4139 3565 4179 cum
3592 4123 3800 4178 civibus
3825 4124 3970 4177 vidi-

2371 4246 2508 4295 mus,
2538 4230 2615 4283 sic
2661 4227 2749 4282 die
2773 4226 3007 4279 crastino
3049 4223 3355 4289 religiosum
3398 4221 3776 4291 imperatorem
3838 4236 3968 4273 eum

2370 4324 2608 4379 exercitu
2638 4321 2912 4373 videamus
2952 4314 3298 4369 accedentem
3323 4354 3337 4380 ,
3367 4321 3421 4367 et
3448 4311 3591 4367 idem
3633 4311 3966 4366 sacrificium

2376 4415 2488 4469 Deo
2528 4428 2651 4466 cum
2702 4410 2900 4480 pietate
2943 4406 3262 4461 olferentem
3302 4420 3369 4458 ex
3415 4404 3533 4458 zelo
3574 4416 3772 4470 nempe
3806 4413 3868 4455 et
3894 4414 3967 4465 ex

2378 4506 2503 4566 ﬁde.
2539 4512 2591 4559 et
2616 4502 2854 4570 acceptis
2881 4500 3086 4555 sanctis
3112 4497 3449 4569 martyribus
3476 4508 3700 4565 precum
3728 4507 3968 4547 consor-

2379 4598 2548 4661 tibus,
2573 4596 2676 4650 illis
2699 4607 3051 4665 apprecamur
3072 4590 3235 4644 vitatu
3260 4590 3597 4649 diuturnam,
3622 4594 3969 4639 senectutem

2377 4696 2660 4765 vigentem,
2680 4688 2817 4742 ﬁlios
2835 4696 2889 4741 et
2913 4684 3054 4739 iilios
3070 4681 3334 4744 tiliorum;
3358 4693 3422 4734 ac
3450 4694 3558 4749 pne
3582 4675 3667 4731 his
3688 4677 3970 4734 omnibus.

2376 4796 2433 4841 ut
2454 4784 2601 4839 zelus
2624 4783 2722 4837 iste
2751 4786 3024 4847 augeatur,
3042 4773 3212 4843 pietas
3228 4779 3518 4833 accrescat,
3539 4777 3596 4823 et
3622 4769 3693 4823 ita
3718 4783 3971 4839 pricseu-

2378 4889 2485 4933 tem
2516 4880 2675 4929 vitam
2695 4869 3009 4939 transigant,
3039 4874 3095 4920 ut
3117 4880 3212 4935 per
3242 4862 3446 4917 inﬁnita
3467 4861 3661 4916 Sicelila
3692 4876 3814 4915 cum
3850 4862 3963 4914 uui-

2376 4970 2556 5042 genito
2578 4967 2669 5021 Dei
2696 4964 2829 5018 Filio
2857 4968 3117 5030 regnent:
3154 4972 3275 5011 nam
3320 4955 3380 5010 Si
3422 4955 3667 5025 patimur,
3701 4953 3900 5023 inquit,
3930 4961 3974 5004 et

2378 5058 2794 5131 conregimbimtts
2824 5053 2842 5125 (
2870 5052 2925 5107 9..
2960 5052 3090 5107 Tim.
3121 5050 3175 5103 2.
3210 5049 3277 5103 12
3304 5047 3355 5121 );
3398 5057 3559 5117 atque
3599 5054 3803 5099 :rterna
3832 5045 3974 5099 boiia

2378 5166 2769 5223 consequemur
2796 5166 2807 5201 :
2832 5147 3023 5217 quibus
3045 5144 3247 5198 utinam
3290 5156 3479 5197 omnes
3513 5140 3823 5209 dignentur,
3847 5156 3972 5211 gra-

2380 5249 2451 5302 tia
2474 5258 2523 5300 et
2554 5242 2879 5313 benignitate
2913 5237 3121 5293 Domini
3147 5235 3316 5290 nostri
3347 5234 3471 5288 Jesu
3495 5232 3720 5297 Christi,
3740 5233 3830 5288 cui
3852 5246 3974 5289 cum

2384 5346 2539 5400 Patre
2563 5340 2752 5413 gloria,
2787 5350 2888 5391 una
2920 5348 3042 5389 cum
3089 5338 3276 5387 sancto
3314 5328 3540 5399 Spiritu,
3572 5340 3716 5383 nunc
3751 5336 3811 5383 et
3836 5341 3975 5383 sctu-

2390 5453 2504 5505 per,
2546 5444 2599 5487 et
2632 5434 2680 5486 in
2729 5427 2920 5484 szrcula
2952 5424 3299 5479 seculorum.
3334 5422 3525 5476 Anien.
