4124 6336
656 436 746 490 ΠΙ

656 550 859 617 impetu
879 545 1207 599 manantem,
1235 547 1325 602 per
1347 540 1515 583 totum
1534 527 1633 582 iter
1658 520 2006 581 exhibuistis:
2037 527 2090 573 et
2111 531 2227 571 sur-

658 612 775 694 sum
798 634 1013 707 quidem
1041 631 1091 684 in
1108 626 1295 683 ca-lnm
1313 622 1633 692 asiiicientes
1650 619 1829 672 lunam
1851 612 2158 667 videbamus
2176 616 2231 665 et

657 704 840 787 stellas
871 729 923 783 in
953 724 1149 785 medio,
1183 718 1317 772 intra
1367 730 1495 770 vero
1541 712 1778 767 ﬁdelimn
1808 704 2227 765 multitudinem,

640 838 710 880 'et
729 827 848 880 luna
867 815 1279 892 splendidiorem
1298 812 1351 865 in
1377 809 1551 866 medio
1570 803 1962 877 lmperatricem
1992 808 2231 854 euntem.

660 918 807 971 Sicut
827 915 969 968 enim
988 908 1159 963 stella:
1190 904 1472 959 inferiores
1498 894 1893 968 prmstantiores
1920 898 2045 945 sunt
2074 901 2234 955 supe-

663 1007 928 1065 rioribus;
971 1001 1048 1054 sic
1074 1006 1131 1053 et
1176 997 1290 1050 tunc
1321 994 1487 1047 mmto
1512 990 1681 1044 lattior
1707 996 1758 1041 et
1787 980 2091 1055 przeclarior
2116 987 2234 1033 erat

661 1100 766 1154 illa.
797 1093 933 1162 Quid
961 1091 1101 1147 enim
1126 1089 1149 1144 ?
1179 1098 1383 1142 tantum
1405 1092 1490 1139 est
1516 1083 1657 1144 luna,
1676 1079 1720 1132 si
1747 1082 2087 1145 comparetur
2110 1084 2232 1123 cum

657 1192 861 1250 anima,
894 1188 945 1239 in
974 1183 1229 1252 dignitate
1256 1185 1399 1232 tanta
1432 1174 1738 1235 constituta,
1770 1176 1914 1222 tanta
1948 1163 2050 1217 ﬁde
2076 1175 2234 1216 orna-

659 1281 747 1333 ta?
778 1278 913 1347 Quid
944 1276 1084 1330 enim
1106 1273 1222 1342 quis
1246 1272 1295 1323 in
1322 1267 1405 1320 illa
1435 1264 1583 1334 prius
1611 1256 1942 1315 admiretur?
1961 1271 2029 1309 an
2060 1253 2232 1308 zelum

660 1376 776 1442 ipso
790 1376 908 1441 igne
923 1359 1330 1423 ierventiorcm?
1348 1376 1412 1413 an
1433 1357 1588 1411 ﬁdem
1607 1353 1887 1408 adamante
1908 1344 2234 1403 ﬁrmiorem?

644 1482 725 1518 an
752 1460 1125 1517 contritionem
1151 1454 1309 1507 animi
1337 1462 1389 1505 et
1417 1447 1789 1509 humilitatem,
1812 1456 1915 1511 qua
1942 1454 2128 1495 omnes
2145 1454 2235 1491 su-

661 1555 899 1627 peravit?
928 1551 1209 1620 imperium
1230 1540 1766 1616 quidem,diademata
1793 1547 1845 1592 et
1866 1550 2078 1591 onmem
2110 1532 2235 1587 hinc

658 1649 786 1703 oriri
829 1646 1041 1700 solitum
1084 1643 1274 1695 fastum
1323 1633 1754 1695 constantissime
1794 1630 2029 1699 abjccit;
2064 1627 2236 1683 induit

662 1755 792 1794 vero
819 1754 915 1808 pro
934 1750 1163 1805 purpura
1187 1730 1501 1786 humilitatis
1524 1736 1745 1791 vestem,
1765 1734 1818 1778 et
1836 1739 1931 1793 per
1957 1723 2095 1776 hanc
2126 1737 2237 1773 ma-

658 1835 742 1903 gis
791 1831 1121 1901 resplendet.
1165 1827 1297 1881 Nam
1341 1822 1703 1895 imperatrices
1733 1818 1944 1888 quidem
1975 1814 2153 1869 multa:
2186 1823 2235 1865 et

661 1938 803 1993 smpe
825 1920 1057 1986 fuerunt,
1084 1933 1202 1987 quae
1228 1915 1391 1971 vestis
1415 1924 1467 1968 et
1492 1912 1849 1966 diadematum
1868 1919 1920 1961 et
1949 1908 2233 1976 imperatu-

661 2017 753 2068 ria:
797 2014 980 2083 gloria:
1026 2011 1198 2065 solum
1230 2008 1516 2077 participes
1561 2002 1775 2057 fuerunt
1807 2018 1820 2053 :
1854 2000 2014 2069 hujus
2056 2007 2231 2052 autem

658 2110 825 2164 solius
851 2107 949 2161 fuit
975 2105 1210 2160 eximius
1241 2101 1329 2156 ille
1356 2108 1599 2163 ornatus,
1628 2097 1795 2149 solius
1822 2094 1924 2146 hoc
1953 2102 2228 2160 tropaeum.

663 2202 787 2256 ιιιυο
838 2213 1069 2267 namque
1126 2195 1236 2250 soia
1289 2192 1599 2261 imperatrix
1645 2202 1763 2241 cum
1813 2194 1958 2237 tanto
2008 2181 2232 2247 honore,

651 2293 837 2347 studio
863 2302 1023 2361 atque
1052 2289 1247 2359 pietate
1275 2294 1540 2355 martyres
1562 2281 1813 2336 comitata
1851 2287 1956 2340 est,
1988 2274 2126 2345 plebi
2157 2274 2237 2327 in-

662 2387 1092 2450 termixta,cum
1139 2380 1427 2435 satellitum
1473 2389 1631 2429 onme
1676 2374 1989 2435 amovisset,
2026 2378 2077 2424 et
2128 2368 2237 2423 fere

660 2494 873 2533 onmem
902 2474 1218 2531 conditionis
1270 2469 1675 2540 inaequalitatem
1707 2480 1827 2519 cum
1875 2462 2036 2516 multa
2080 2474 2227 2514 exsu~

667 2570 899 2638 perantia
940 2566 1241 2636 ahjecisset.
1271 2561 1393 2616 ideo
1419 2573 1526 2613 non
1567 2555 1739 2611 minus
1769 2570 1926 2624 quam
1978 2561 2237 2622 martyres

664 2660 858 2729 populo
905 2656 1119 2727 profuit.
1157 2648 1619 2721 Quemadmodum
1666 2646 1807 2699 enim
1857 2643 2115 2712 reliquias
2156 2657 2239 2694 as—

664 2751 935 2823 piciebant
971 2762 1195 2813 omnes,
1230 2747 1298 2800 ita
1327 2742 1443 2813 ejus
1488 2740 1852 2795 assiduitatem
1907 2737 2239 2791 mirabantur

661 2855 717 2897 et
744 2842 937 2896 divites
967 2848 1020 2895 et
1056 2852 1336 2909 pauperes,
1372 2834 1612 2887 videntes
1644 2833 1788 2885 illam
1819 2833 1935 2885 sine
1965 2828 2235 2882 intermis-

662 2936 812 2990 sione
840 2949 934 3003 per
961 2941 1165 2985 tantum
1211 2929 1308 2982 via:
1356 2926 1585 2995 spatium
1613 2923 1823 2977 ossibus
1848 2921 2235 2984 adha'reutem,

652 3044 765 3081 nec
794 3041 1042 3095 umquam
1062 3022 1329 3077 defessam
1352 3019 1432 3072 vel
1463 3016 1810 3079 resilientem,
1834 3013 1925 3068 sed
1944 3028 2083 3068 arca:
2100 3027 2241 3066 sem-

667 3136 760 3189 per
786 3118 1104 3171 adstantem.
1132 3113 1418 3182 Propterea
1448 3118 1499 3163 te
1550 3110 1755 3162 beatam
1803 3104 2091 3175 praedicare
2135 3119 2240 3159 non

664 3224 968 3274 cessamus;
1002 3220 1173 3276 neque
1216 3219 1313 3259 nos
1358 3212 1583 3267 tantum,
1616 3193 1711 3253 scil
1752 3200 1910 3255 etiam
1937 3198 2123 3252 futura:
2146 3211 2243 3268 ge-

671 3303 978 3357 nerationes
1003 3312 1211 3352 omnes.
2110 3274 2113 3275 ν

738 3397 791 3449 '5.
812 3393 941 3448 Nam
964 3408 1081 3461 qua:
1106 3389 1190 3443 hic
1206 3395 1354 3459 gesta
1378 3383 1732 3442 suutaudient
1750 3382 1881 3437 lines
1899 3382 2042 3436 orbis
2068 3391 2119 3437 et
2134 3390 2243 3437 tota

666 3497 917 3560 quantam
941 3485 1025 3541 sol
1052 3486 1272 3553 respicit
1304 3492 1481 3545 terra;
1514 3479 1735 3532 audient
1756 3478 1880 3530 item
1913 3476 1986 3529 illi
2013 3476 2101 3546 qui
2124 3485 2246 3545 post

667 3598 766 3637 nos
787 3579 947 3635 futuri
975 3588 1115 3643 sunt,
1142 3585 1193 3631 et
1222 3576 1311 3646 qui
1343 3582 1463 3644 post
1485 3572 1637 3639 illos;
1666 3584 1729 3625 ac
1756 3584 1871 3624 rem
1899 3578 2104 3639 gestam
2128 3569 2246 3623 nui-

668 3674 781 3726 lum
811 3681 1020 3738 tempus
1046 3666 1296 3722 oblivioni
1320 3662 1592 3717 mandabit
1610 3702 1624 3727 ,
1644 3662 1750 3715 Deo
1770 3660 1963 3730 ubique
1982 3669 2244 3714 terrarum

674 3776 726 3818 et
757 3779 850 3833 per
877 3776 1065 3816 omnes
1114 3758 1317 3813 iuturas
1362 3756 1736 3827 generationes
1783 3768 1897 3809 rem
1928 3766 2047 3805 cum
2077 3752 2245 3806 multo

674 3853 956 3923 splendore
970 3846 1365 3907 celebran:e.Si
1382 3848 1525 3902 enim
1544 3844 1780 3899 mulieris
1802 3843 2099 3898 meretricis
2115 3830 2248 3913 opus

671 3947 737 4000 ad
763 3945 1020 4000 terminos
1042 3957 1208 4014 usque
1223 3941 1370 3995 orbis
1397 3935 1921 3993 aununtiaricuravit
1949 3945 2002 3989 et
2031 3935 2250 3987 immor-

674 4040 792 4092 tniis
811 4038 1079 4090 memoria:
1106 4033 1337 4089 reddidit
1363 4050 1376 4086 :
1404 4030 1572 4086 multo
1598 4030 1767 4099 magis
1785 4028 2249 4097 niodest:e,gravis

671 4141 725 4183 ct
742 4139 899 4183 casta:
913 4128 1172 4191 mulieris,
1190 4140 1308 4194 qua:
1329 4124 1381 4177 in
1403 4122 1629 4192 Imperio
1647 4132 1845 4175 tamam
1864 4120 2105 4174 exhibuit
2134 4120 2248 4188 pie-

670 4234 857 4288 tatem,
877 4236 982 4277 uon
1011 4219 1517 4289 sinetopuslatere;
1546 4213 1639 4269 sed
1675 4223 1725 4268 te
1754 4214 1960 4267 beatam
1991 4212 2248 4281 prtedit-a-

671 4320 804 4372 hunt
832 4329 1041 4378 omnes,
1062 4312 1204 4381 quod
1230 4320 1445 4365 sanctos
1475 4306 1706 4377 hospitio
1727 4304 1983 4374 excipias,
2002 4304 2144 4374 quod
2164 4319 2251 4357 ec-

677 4409 855 4464 desiis
892 4404 1261 4476 patrocineris,
1306 4399 1449 4471 quo‘d
1477 4401 1593 4454 zelo
1623 4399 1796 4469 parsis
1826 4398 2103 4468 apostolis.
2137 4398 2250 4452 Etsi

674 4501 818 4554 enim
848 4506 1092 4551 naturam
1115 4495 1300 4548 sortita
1331 4506 1394 4547 es
1422 4490 1705 4545 femineam
1726 4528 1742 4554 ,
1775 4498 1829 4542 at
1857 4489 1983 4543 licet
2012 4488 2102 4542 tibi
2129 4502 2251 4541 cum

676 4590 931 4663 apostolis
952 4589 1116 4659 gestis
1155 4593 1486 4641 concert-ire.
1506 4579 1945 4651 Quandoquidem
1974 4590 2097 4635 tunc
2118 4594 2253 4650 quoe

677 4696 780 4754 que
804 4683 891 4735 illa
923 4680 1126 4736 Phtnbe
1156 4677 1327 4749 (Rom.
1350 4678 1435 4731 16.
1455 4677 1532 4747 1),
1550 4690 1669 4745 quae
1689 4672 1965 4729 doctorem
1983 4673 2127 4728 orbis
2156 4688 2255 4728 es-

667 4774 1060 4844 cepit,ipsique
1087 4770 1414 4841 patrocinaia
1431 4780 1536 4834 est,
1568 4767 1761 4822 mulier
1782 4766 2150 4838 eratejusdem
2179 4776 2257 4825 te.

675 4882 799 4923 cum
818 4874 1044 4932 naturas,
1060 4872 1115 4917 et
1132 4870 1309 4917 tamen
1331 4877 1498 4931 usque
1518 4861 1653 4915 adeo
1666 4861 1828 4926 fulsit,
1848 4867 1907 4913 ut
1920 4870 2138 4914 sanctus
2164 4860 2255 4915 ille

683 4958 809 5015 nmio
834 4956 1029 5028 dignus
1049 4965 1104 5011 et
1136 4954 1501 5024 apostolorum
1528 4954 1764 5006 onmiutn
1797 4954 2064 5006 maximus
2087 4953 2254 5021 ipsam

676 5050 972 5106 celebraret
1001 5062 1064 5103 ac
1092 5046 1313 5112 diceret,
1336 5046 1539 5099 Adstitit
1567 5045 1759 5113 multis,
1778 5054 1823 5098 et
1845 5045 1967 5097 mihi
1997 5045 2114 5117 ipsi.
2136 5044 2253 5099 Pri-

678 5142 828 5198 scilla
856 5156 1067 5213 quoque
1100 5138 1340 5195 feminini
1366 5152 1527 5193 sexus
1553 5148 1666 5192 erat
1693 5155 1707 5193 :
1736 5153 1915 5192 verum
1936 5139 1986 5192 id
2020 5155 2125 5191 non
2148 5138 2254 5193 im-

682 5234 985 5304 pedimento
1006 5233 1125 5299 fuit,
1146 5233 1274 5304 quin
1308 5233 1392 5286 illa
1421 5230 1781 5286 celebraretur
1803 5238 1853 5285 et
1876 5228 2006 5300 quin
2026 5232 2253 5285 immur-

681 5328 802 5380 talis
821 5326 935 5397 ejus
957 5333 1099 5380 esset
1125 5326 1401 5381 memoria.
1422 5322 1569 5379 Alius
1596 5338 1807 5394 quoque
1831 5332 1958 5380 tunc
1989 5334 2106 5379 erat
2132 5340 2254 5379 mu-

682 5422 871 5476 lierum
886 5420 1105 5488 chorus,
1118 5434 1235 5489 qua:
1252 5418 1411 5473 vitam
1433 5417 1699 5473 ducebant
1714 5416 2080 5486 apostolicam.
2100 5417 2251 5473 ideo-

679 5532 783 5581 que
823 5530 921 5570 nos
978 5529 1187 5585 quoque
1235 5528 1339 5567 non
1386 5512 1772 5577 aberrabimus,
1817 5511 1863 5564 si
1906 5521 1957 5567 te
1985 5527 2103 5567 eum
2152 5512 2257 5566 illis

1439 411 1797 473 5.1038le
1833 402 2307 465 CHRYSOSTOMI
2349 400 2663 457 ARCHIEP.
2708 393 3244 454 CONRTANTINOI'.

3816 385 3931 440 47-2

2336 527 2771 577 annumeremus,
2792 513 2910 582 quia
2932 520 2985 563 tu
3008 509 3368 563 Eeclesiarum
3381 503 3617 560 omnium
3636 511 3820 571 portus
3836 515 3917 557 es.

2338 616 2387 661 et
2415 605 2663 677 prwsenti
2690 618 2853 675 regno
2870 613 3036 657 utens
3051 602 3113 655 ad
3136 600 3367 654 futurum
3388 613 3608 669 regnum
3639 596 3924 667 acquiren-

2336 697 2485 763 dum,
2514 697 2768 753 ecclesias
2792 696 3024 765 erigens,
3041 694 3349 750 sacerdotes
3374 691 3664 756 honorans,
3696 684 3926 742 hzereti-

2336 804 2521 845 eorum
2547 804 2783 845 errorem
2811 788 3130 851 dissolvens,
3175 797 3441 857 martyres
3481 783 3773 853 excipiens,
3805 796 3920 834 non

2336 881 2403 937 ad
2438 898 2701 948 mensam,
2734 881 2825 937 sed
2859 882 3069 945 animo;
3100 896 3205 935 non
3237 880 3403 938 domi.
3434 878 3528 933 scd
3557 876 3777 941 aﬁ'ectu;
3812 876 3927 929 imo

2339 975 2515 1044 potius
2568 984 2621 1029 et
2669 974 2721 1027 in
2771 975 2933 1028 domo
2979 981 3033 1028 et
3083 971 3294 1027 affectu.
3343 972 3506 1027 Maria
3542 984 3754 1042 quoque
3790 968 3926 1020 olim

2340 1070 2591 1139 populum
2624 1068 2867 1129 ducebat,
2891 1082 3010 1122 ossa
3040 1066 3259 1136 Joscphi
3291 1065 3540 1130 aﬁ'ercns,
3568 1072 3621 1117 ct
3649 1061 3924 1118 canticum

2339 1163 2533 1216 cecinit
2580 1160 2771 1233 (Exod.
2816 1162 2904 1214 15.
2935 1159 3031 1227 ‘20)
3069 1176 3082 1213 :
3122 1159 3215 1212 sed
3258 1158 3345 1212 illa
3389 1156 3605 1226 quidem
3642 1161 3926 1224 postquam

2338 1256 2571 1328 [Egyptii
2622 1256 2673 1309 in
2717 1270 2862 1309 mare
2904 1252 3136 1308 demersi
3184 1261 3347 1314 sunt;
3380 1259 3431 1302 tu
3475 1263 3603 1303 vero
3637 1254 3922 1317 postquam

2338 1348 2611 1404 dzcmones
2658 1348 2900 1403 suii’ucati
2946 1346 3094 1401 fuere
3145 1364 3158 1397 :
3206 1345 3293 1399 illa
3341 1343 3620 1398 Pharaone
3665 1340 3719 1394 in
3772 1352 3925 1391 mare

2339 1444 2619 1506 demerso,
2657 1452 2710 1496 tu
2762 1453 2943 1496 autem
2995 1440 3212 1493 diabolo
3252 1437 3500 1506 dejeclo;
3544 1434 3632 1489 illa
3674 1431 3924 1503 cymbala

2339 1537 2564 1602 habens,
2599 1548 2651 1588 tu
2687 1545 2919 1588 mentem
2954 1542 3008 1587 et
3049 1532 3282 1584 animam
3329 1529 3447 1598 plus
3486 1541 3643 1597 quam
3675 1526 3798 1579 tuba
3830 1539 3924 1577 sn-

2341 1638 2593 1692 nantem;
2631 1628 2716 1681 illa
2748 1625 2948 1681 Judmis
2982 1622 3245 1687 liberatis,
3279 1632 3332 1675 tu
3365 1619 3603 1674 Ecclesia
3631 1623 3921 1672 coronata:

2341 1726 2425 1778 illa
2459 1722 2715 1792 pupulum
2764 1734 2927 1773 unum
2968 1716 3205 1771 edocens
3242 1714 3399 1768 unius
3428 1712 3643 1782 linguai,
3682 1720 3733 1762 tu
3765 1708 3923 1761 inuu-

2340 1832 2521 1871 meros
2566 1815 2791 1869 diversae
2834 1812 3029 1882 lingua:
3072 1808 3318 1880 pupulos.
3353 1806 3565 1861 Etenim
3611 1804 3925 1857 innumeros

2342 1910 2495 1963 nobis
2537 1906 2767 1962 eduxisti
2798 1904 3016 1967 choros,
3058 1902 3217 1955 alium
3261 1899 3524 1960 Romana,
3555 1896 3718 1949 alium
3760 1892 3920 1965 Syra,

2341 2004 2503 2057 alium
2548 1999 2799 2063 barbara,
2839 1997 3000 2051 alium
3046 1993 3231 2049 Grzeca
3276 2006 3408 2046 voce
3453 1988 3671 2044 Davidis
3713 1986 3923 2041 cantica

2345 2094 2664 2163 pulsantes:
2696 2089 3039 2157 diversasque
3085 2093 3277 2152 gentes
3316 2096 3378 2136 ac
3420 2081 3663 2136 diversos
3725 2078 3927 2133 choros

2348 2185 2531 2237 videre
2558 2190 2673 2237 erat
2716 2195 2872 2234 unam
2903 2179 3162 2233 citharam
3195 2189 3384 2229 omnes
3418 2172 3695 2233 habentes,
3731 2185 3925 2238 nempe

2344 2276 2580 2340 Davidis,
2598 2290 2658 2327 ac
2677 2272 2930 2343 precibus
2945 2271 3057 2326 suis
3076 2279 3125 2324 te
3141 2275 3479 2324 coronantes.
3498 2262 3822 2318 Festivitatis
3836 2261 3928 2313 lu;-

2337 2369 2425 2439 jus
2457 2368 2639 2422 hetitia
2671 2365 2973 2435 requirebat
3012 2360 3470 2432 religiosissimum
3525 2357 3921 2424 imperatorem,

2343 2462 2433 2533 qui
2490 2460 2703 2531 pictatis
2756 2469 2993 2514 aratrum
3052 2464 3225 2510 tecum
3276 2451 3439 2506 trahit
3469 2467 3482 2504 :
3511 2449 3604 2504 sed
3636 2447 3686 2502 id
3712 2460 3926 2517 qunque

2347 2555 2641 2627 prudentia:
2662 2562 2764 2607 tua:
2785 2550 2900 2615 fuit,
2921 2549 3061 2621 quod
3093 2548 3240 2602 illum
3260 2544 3420 2600 hodie
3436 2542 3580 2597 domi
3608 2539 3925 2603 detinueris,

2346 2659 2400 2703 et
2450 2650 2501 2703 iu
2542 2648 2684 2703 diem
2737 2643 3030 2699 crastinum
3085 2642 3201 2710 ejus
3257 2637 3545 2692 adventum
3589 2630 3922 2704 promiseris.

2346 2742 2476 2797 Nam
2519 2755 2585 2795 ne
2628 2746 2806 2793 tantus
2850 2735 3090 2805 equitum
3122 2745 3401 2795 numerus,
3431 2740 3563 2782 neve
3592 2733 3926 2779 armatorum

2344 2836 2573 2891 militum
2603 2830 2881 2893 tumultus,
2914 2826 3232 2898 virginibus,
3256 2822 3486 2886 antibus,
3512 2818 3928 2885 senioribusque

2348 2929 2472 2983 viris
2490 2924 2789 2983 molestiam
2813 2921 3045 2987 afferret,
3069 2919 3367 2987 festumque
3382 2914 3523 2970 diem
3540 2912 3797 2971 turbaret,
3814 2924 3928 2964 rem

2348 3018 2630 3091 prudentia
2650 3031 2745 3072 sua
2757 3015 2967 3087 dignam
2985 3012 3181 3067 faciens
3199 3008 3533 3079 imperatris,
3559 3004 3928 3061 celebritatem

2345 3114 2547 3170 divisit.
2582 3111 2713 3165 Nam
2757 3110 2800 3163 si
2846 3107 3003 3161 ambo
3034 3104 3193 3159 hodie
3222 3102 3517 3165 venissent,
3547 3112 3668 3153 cras
3697 3095 3929 3151 celebri-

2351 3209 2472 3264 tatis
2505 3206 2625 3261 ﬁnis
2658 3203 2843 3259 fuisset
2877 3220 2890 3255 :
2919 3210 2975 3254 ut
3002 3208 3178 3252 autem
3206 3205 3262 3250 et
3290 3194 3341 3247 in
3372 3192 3459 3247 die
3501 3189 3748 3261 praesenti
3777 3188 3930 3258 quie-

2350 3311 2455 3356 tem
2482 3300 2655 3362 daret,
2690 3307 2743 3349 et
2783 3292 2963 3349 addito
2990 3290 3077 3345 die
3117 3288 3354 3342 crastino
3391 3282 3675 3354 largiorem
3711 3288 3925 3350 pararet

2350 3393 2611 3456 imtitiam,
2628 3388 2826 3443 remita
2845 3381 3129 3455 disposuit,
3147 3390 3202 3435 ul
3224 3379 3436 3450 liturgia
3460 3377 3780 3447 imperatore
3798 3390 3931 3443 prae-

2354 3496 2505 3539 sente
2536 3483 2687 3536 ﬁeret
2719 3498 2731 3532 :
2761 3488 2816 3533 et
2840 3476 2999 3530 hodie
3050 3476 3163 3543 ipsa
3214 3473 3454 3536 veniens,
3487 3467 3736 3539 promisit
3779 3462 3934 3520 nobis

2354 3578 2497 3631 illum
2521 3575 2605 3629 die
2628 3572 2863 3627 crastino
2887 3578 3166 3623 venturum
3194 3579 3332 3619 esse.
3358 3563 3506 3619 Sicut
3528 3561 3670 3617 enim
3694 3575 3816 3615 cum
3846 3560 3936 3613 illo

2352 3668 2558 3740 imperii
2610 3676 2833 3720 consors
2872 3671 2975 3725 est,
2999 3659 3072 3713 ita
3097 3667 3151 3712 et
3177 3659 3228 3712 in
3254 3657 3451 3727 pietate
3476 3668 3722 3725 quoque;
3759 3667 3936 3722 neque

2354 3762 2611 3835 permittit
2631 3775 2754 3814 eum
2778 3765 2925 3811 recte
2945 3755 3201 3808 factorum
3225 3766 3332 3805 non
3352 3762 3469 3803 esse
3490 3747 3827 3819 participem,
3842 3746 3939 3798 sed

2353 3858 2550 3926 ubique
2574 3860 2877 3908 consortem
2908 3848 3057 3902 illum
3079 3844 3294 3914 accipit.
3324 3841 3589 3911 Quoniam
3612 3840 3772 3911 igitur
3794 3839 3939 3893 ccli--

2353 3949 2522 4005 britas
2546 3945 2660 4001 lucc
2688 3941 2977 4015 spiritualis
2999 3941 3052 3993 in
3083 3947 3397 4008 sequentem
3421 3948 3635 4006 quoque
3664 3932 3807 3987 diem
3846 3948 3941 3986 ex-

2356 4042 2498 4097 tendi
2540 4040 2731 4103 debet,
2762 4038 2901 4092 idem
2951 4049 3136 4089 rursus
3162 4031 3396 4087 studium
3437 4030 3819 4096 exhibeamus,
3850 4039 3938 4092 ut,

2356 4136 2493 4189 sicut
2523 4134 2678 4186 hodie
2701 4132 2839 4184 hanc
2881 4128 3078 4183 Christi
3114 4134 3383 4181 amantem
3426 4139 3550 4178 cum
3577 4122 3783 4178 civibus
3807 4123 3945 4177 vidi-

2356 4245 2495 4293 mus,
2524 4228 2601 4281 sic
2646 4226 2735 4281 die
2759 4225 2993 4278 crastino
3035 4222 3342 4287 religiosum
3384 4220 3759 4291 imperatorem
3818 4234 3942 4272 emn

2356 4322 2593 4375 exercitu
2624 4320 2898 4371 videmnus
2937 4313 3283 4369 accedentem
3309 4354 3323 4379 ,
3352 4322 3407 4366 et
3434 4311 3575 4367 idem
3618 4310 3941 4366 sacriﬁcium

2362 4412 2473 4467 Deo
2514 4426 2636 4464 cum
2688 4408 2885 4479 pietate
2929 4406 3248 4460 otl'ercntem
3288 4420 3355 4458 ex
3400 4404 3518 4457 zelo
3560 4415 3753 4470 nempe
3789 4411 3843 4454 et
3868 4414 3941 4464 es

2364 4505 2488 4565 ﬁde,
2524 4511 2577 4557 et
2602 4501 2839 4569 acceptis
2865 4500 3072 4555 sanctis
3098 4497 3435 4569 martyribus
3462 4509 3684 4565 precum
3712 4506 3944 4546 consor-

2365 4596 2533 4660 tibus,
2558 4595 2661 4649 illis
2684 4607 3036 4665 apprecemur
3058 4590 3221 4644 vitam
3246 4589 3581 4649 diuturnam,
3606 4593 3945 4640 senectutem

2362 4693 2645 4764 vigentem,
2665 4688 2803 4742 ﬁlios
2820 4696 2875 4741 et
2898 4684 3039 4739 ﬁlios
3055 4681 3320 4745 ﬁliorum;
3344 4694 3408 4734 ac
3435 4694 3542 4749 pra:
3566 4676 3650 4732 his
3672 4677 3945 4735 omnibus.

2362 4795 2419 4840 ut
2439 4783 2585 4839 zelus
2608 4782 2708 4836 iste
2736 4786 3009 4848 augeatur,
3027 4774 3198 4843 pietas
3214 4779 3502 4833 accrescat,
3524 4778 3580 4824 et
3606 4769 3675 4823 ita
3701 4783 3947 4839 praesen-

2364 4887 2470 4931 tem
2500 4879 2661 4930 vitam
2679 4869 2996 4940 transigant,
3025 4876 3081 4921 ut
3102 4880 3198 4936 per
3228 4863 3431 4919 inﬁnita
3451 4861 3645 4917 saecula
3675 4876 3797 4916 cum
3826 4861 3939 4913 u..i-

2361 4969 2540 5041 genito
2563 4966 2653 5021 Dei
2681 4964 2815 5018 Filio
2843 4969 3103 5031 regnent:
3140 4974 3262 5012 nam
3306 4956 3366 5012 Si
3408 4956 3650 5026 patimur,
3685 4953 3873 5023 inquit,
3905 4961 3951 5005 et

2362 5058 2779 5130 conreguabimns
2810 5054 2827 5126 (
2855 5054 2911 5109 2.
2946 5052 3076 5107 Tim.
3106 5052 3161 5105 2.
3196 5050 3263 5104 1‘2
3289 5049 3341 5122 );
3383 5058 3543 5119 atque
3583 5054 3784 5100 aeterna
3812 5046 3951 5098 bona

2364 5168 2754 5223 consequemur
2781 5168 2792 5203 :
2817 5148 3008 5218 quibus
3031 5146 3233 5200 utinam
3276 5157 3463 5198 omnes
3498 5140 3800 5211 dignemur,
3824 5156 3950 5210 gra-

2365 5247 2436 5301 tia
2460 5257 2508 5300 et
2538 5244 2864 5313 benignitate
2899 5238 3106 5294 Domini
3133 5237 3301 5292 nostri
3332 5235 3455 5290 Jesu
3479 5233 3805 5298 Christi,cni
3827 5245 3952 5288 eum

2368 5344 2523 5399 Patre
2548 5341 2738 5412 gloria,
2773 5350 2874 5391 una
2905 5350 3027 5391 eum
3074 5340 3262 5389 sancto
3299 5330 3524 5401 Spiritu,
3557 5341 3698 5385 nunc
3732 5336 3787 5384 et
3812 5341 3954 5383 scm-

2375 5453 2489 5504 per,
2532 5444 2584 5488 et
2617 5435 2665 5487 in
2714 5428 2905 5485 szccuia
2937 5426 3284 5481 sa‘culorum.
3320 5424 3509 5479 Amen.
