4124 6336
183 393 271 451 173
1038 379 1104 437 Ill
1146 373 1452 445 ﬂOlllLH,
1496 370 1695 429 Dl'Jl'A
1741 365 2133 427 PMSENTE
2176 364 2653 423 IMI‘ER\TOIiE.

3393 360 3512 417 8Ἶὶ

178 513 3256 567 M'W

1550 582 1903 646 HOMILIA
1946 580 2059 645 ΙΙΙ.

178 756 443 833 Ejusdem.
480 751 771 824 Insequenti
796 750 877 804 die
902 745 1200 801 adt-erriente
1227 742 1529 811 imperatore
1552 733 1602 786 iu
1631 746 1771 784 urar-

246 851 440 923 ryriarnr
481 864 570 903 aerr
619 845 886 901 ecclesiam
942 838 1169 911 apostoli
1194 846 1243 889 et
1272 830 1509 902 martyris
1542 826 1772 891 Theium,

243 920 359 1015 quae
380 945 480 998 sita
506 950 579 996 est
608 940 661 993 in
687 936 904 1008 Drypia,
942 949 1057 987 cum
1104 929 1386 984 recessisset
1426 935 1544 979 ante
1567 920 1774 977 concio-

245 1052 382 1097 nem.
397 1035 507 1089 Iure
532 1031 744 1086 Irontilia
772 1029 943 1085 habita
962 1035 1035 1080 est
1058 1023 1129 1077 ad
1158 1018 1337 1092 populi
1359 1026 1561 1074 eretum.

249 1130 297 1184 t.
333 1125 659 1183 Benedictus
687 1122 831 1178 Deus
864 1138 879 1175 :
910 1126 1126 1190 quanta:
1147 1122 1271 1168 sunt
1291 1118 1588 1183 martyrum
1609 1105 1781 1161 virtu-

174 1223 294 1279 tes!
327 1218 446 1277 beri
473 1216 628 1274 nobis
655 1214 728 1270 illi
758 1221 924 1268 totam
953 1209 1225 1266 civitatem
1252 1220 1375 1262 enm
1414 1199 1777 1272 iurperatriee,

179 1315 342 1371 hodie
400 1313 781 1382 imperatorem
838 1319 960 1361 cunt
998 1300 1238 1357 exercitu
1286 1305 1341 1354 et
1384 1296 1584 1367 pietate
1613 1290 1779 1347 multa

172 1408 331 1462 nobis
362 1411 718 1465 auram-runt,
753 1415 858 1455 non
889 1394 1119 1451 vinculis
1157 1390 1251 1448 sed
1292 1398 1483 1444 eatena
1513 1382 1777 1447 caritatis,

171 1511 363 1554 catena
411 1512 533 1569 qua:
582 1505 873 1562 numquam
921 1486 1205 1558 rumpitur.
1251 1481 1362 1537 lloc
1388 1486 1566 1534 autem
1613 1476 1779 1531 mira-

176 1597 281 1652 bile
326 1568 443 1657 cst,
477 1604 583 1647 non
630 1586 772 1659 quod
804 1582 1011 1641 venerit
1040 1582 1354 1650 iurperator,
1370 1572 1466 1631 sed
1488 1568 1630 1644 quod
1656 1583 1779 1624 cum

176 1702 367 1759 magna
422 1683 734 1747 alacritate;
773 1692 880 1734 non
912 1672 1253 1736 necessitate,
1280 1667 1377 1725 sed
1405 1664 1638 1729 all‘rctu;
1673 1675 1779 1715 non

174 1756 402 1857 mitam
431 1780 711 1852 punireris,
738 1774 833 1831 sed
860 1770 1087 1845 gratiam
1117 1766 1389 1836 accipiens
1418 1779 1432 1816 :
1460 1770 1516 1817 et
1543 1758 1634 1829 qui
1682 1756 1781 1812 be-

178 1848 369 1933 ireticia
399 1848 654 1929 omnibus
688 1883 783 1940 per
829 1865 1019 1923 orbem
1050 1860 1293 1926 confert,
1321 1854 1467 1911 venit
1500 1848 1781 1907 .beneticia

177 1990 205 2023 ιι
236 1969 443 2025 sanctis
474 1966 622 2021 biscc
654 1974 985 2033 rnaguosqrre
1006 1957 1268 2013 bonorum
1302 1951 1505 2006 fruetus
1533 1954 1784 2016 acceptu-

178 2080 286 2120 rus.
318 2062 554 2132 Ideoque
584 2069 638 2115 et
668 2058 783 2128 ipse
814 2052 1141 2111 diademate.
1166 2058 1219 2104 et
1269 2045 1529 2103 satellites
1566 2053 1777 2104 omnes,

177 2159 262 2212 alii
284 2156 516 2230 clypeis,
540 2153 629 2207 alii
649 2151 851 2206 lanceis
872 2145 1156 2217 depositis,
1176 2152 1231 2197 et
1252 2140 1390 2195 fastu
1414 2137 1508 2193 illo
1530 2134 1781 2207 depulso,

177 2266 295 2303 cum
325 2229 565 2303 demisso
591 2245 772 2298 animo
812 2252 1096 2296 accessere
1140 2247 1352 2296 onmcs,
1381 2229 1533 2301 quasi
1562 2244 1593 2282 a
1635 2238 1779 2285 terra

178 2346 229 2401 in
258 2345 453 2400 easltnu
492 2338 746 2412 ingressi,
795 2336 883 2390 ubi
919 2333 1233 2405 dignitates,
1279 2325 1559 2398 splendor,
1590 2332 1642 2378 et
1671 2328 1780 2375 tota

178 2440 262 2493 illa
291 2436 615 2507 dignitatum
644 2446 803 2487 scena
831 2428 1066 2499 ejicitur,
1096 2425 1219 2479 vitae
1244 2431 1424 2477 autem
1470 2415 1778 2487 exemplum

178 2540 233 2586 et
274 2527 491 2584 virtutis
549 2525 757 2581 fructus
800 2531 1007 2578 tantum
1060 2517 1338 2587 ell'ulgeut.
1389 2511 1543 2581 Quod
1599 2511 1644 2567 si
1695 2508 1783 2565 lric

181 2632 321 2677 tanta
366 2630 446 2676 est
480 2628 778 2691 martyrum
826 2616 1020 2680 virtus,
1070 2610 1244 2681 cogita
1292 2616 1490 2679 quanta
1538 2604 1591 2659 in
1634 2601 1781 2658 caelis

178 2716 353 2771 futura
399 2716 469 2771 sit
502 2730 517 2768 :
549 2712 594 2767 si
643 2711 696 2766 in
759 2723 994 2780 agonum
1039 2713 1094 2760 et
1136 2702 1491 2760 certamirmrn
1535 2707 1782 2765 tempore

181 2812 314 2867 tales
344 2820 472 2863 sunt
497 2807 736 2876 ipsorqu
766 2803 1043 2863 honores;
1080 2798 1131 2853 in
1165 2794 1511 2867 prmruiorutu
1536 2800 1782 2858 letnpore

177 2904 359 2977 qualia
406 2900 593 2957 bravia
636 2896 834 2953 erunt?
865 2893 1078 2950 Etenim
1124 2898 1310 2945 nostra
1341 2902 1447 2941 non
1486 2892 1611 2939 sunt
1640 2898 1781 2952 ιιι-ιω·-

179 3000 350 3056 sentis
399 2996 525 3051 vine
567 2992 829 3050 limitibus
876 2987 1325 3055 circumscripta:
1372 2980 1469 3038 sed
1508 2979 1575 3032 nd
1619 2977 1781 3032 aliam

179 3086 644 3161 vitanr‘prmseuti
691 3084 971 3140 meliorem
1017 3090 1389 3150 properamus,
1450 3081 1507 3127 et
1545 3070 1613 3126 ad
1659 3070 1782 3125 leno

177 3189 386 3260 gioretn
424 3198 577 3254 spem
620 3176 1019 3241 contendimus,
1052 3181 1109 3229 et
1152 3170 1219 3227 ad
1262 3169 1527 3225 bonorum
1582 3164 1786 3218 baben-

174 3284 315 3336 tium
390 3273 781 3332 usuml’ructum
835 3267 1217 3324 immortalem.
1267 3262 1329 3319 In
1390 3260 1499 3317 duo
1552 3268 1813 3326 namque

179 3388 291 3427 arva
322 3372 467 3427 Deus
511 3369 675 3423 vitam
711 3375 950 3419 nostram
976 3357 1201 3421 divisit;
1237 3366 1581 3426 prtesensque
1609 3364 1783 3405 atrum

178 3464 513 3520 laboriosum
568 3458 836 3521 reddidit,
885 3453 1123 3510 futurum
1173 3464 1304 3505 vero
1350 3460 1519 3502 suave
1559 3452 1614 3499 et
1659 3440 1783 3496 inli-

178 3560 351 3615 uitum
382 3572 399 3621 ;
432 3564 494 3610 ut
531 3562 653 3625 post
692 3549 935 3607 modicos
964 3545 1053 3602 hic
1091 3541 1399 3600 exautlatos
1430 3536 1644 3593 labores
1687 3536 1786 3589 inr-

181 3650 503 3705 mortalibus
553 3644 661 3701 illie
712 3645 951 3697 lruaruur
994 3635 1231 3694 coronis.
1287 3631 1515 3690 Volebat
1565 3629 1794 3701 quidem-

179 3743 267 3799 ille
288 3739 476 3797 s'tatim
499 3737 568 3793 ab
588 3734 813 3793 exordio
842 3731 906 3786 ad
940 3731 1087 3786 illam
1115 3743 1213 3783 nos
1233 3726 1430 3783 ducere
1453 3723 1618 3778 vitam
1641 3737 1666 3788 ;.
1687 3720 1783 3776 sed

179 3854 278 3893 nos
308 3851 422 3891 non
471 3831 842 3905 permisimus,
876 3824 1194 3897 iguaviaqtte
1241 3828 1425 3875 nostra
1456 3818 1657 3871 multas
1683 3828 1784 3870 tre-

180 3933 400 3988 suinrns
428 3941 629 3988 moras,
663 3933 719 3979 et
773 3937 869 3992 per
907 3920 1173 3990 ingratum
1205 3915 1443 3970 animum
1474 3911 1789 3966 diuturnam

180 4026 326 4082 illam
359 4021 678 4079 dilationem
712 4015 867 4071 nobis
904 4009 1370 4081 comparaviruus.
1394 4004 1462 4059 Et
1487 4004 1588 4059 hoc
1604 4018 1666 4057 ex
1697 4002 1782 4067 iis,

178 4136 298 4191 qua:
329 4117 405 4173 ab
431 4103 583 4171 initio
613 4112 769 4167 nobis
810 4109 930 4164 data
961 4106 1194 4167 fuerant,
1232 4104 1446 4171 planum
1489 4098 1666 4154 facere
1691 4111 1785 4152 co-

182 4214 380 4270 nabor.
425 4208 563 4265 Nam
586 4208 666 4263 sic
696 4206 840 4261 Dens
872 4201 1151 4258 nobiscum
1185 4198 1332 4269 agit:
1358 4211 1481 4251 cum
1506 4193 1782 4265 quidpiam

178 4309 302 4365 boui
356 4303 517 4360 nobis
560 4300 897 4372 prsestiturus
925 4304 1031 4360 est,
1060 4290 1268 4347 etiamsi
1302 4289 1502 4360 indigni
1536 4286 1655 4357 ejus
1684 4285 1782 4341 be-

180 4400 473 4458 neﬁcentia
518 4393 817 4456 videamur,
854 4398 1033 4443 tamen
1081 4400 1179 4454 per
1207 4384 1385 4437 omnia
1434 4378 1693 4444 ostendit,
1723 4392 1784 4433 se

178 4495 403 4568 quidem
434 4487 688 4553 voluisse,
716 4482 812 4539 sed
839 4497 935 4552 per
962 4479 1233 4551 ignaviam
1259 4463 1499 4531 nostram
1523 4472 1786 4527 accidisse

179 4565 237 4645 ut
278 4587 350 4643 ab
380 4602 450 4640 eo
477 4581 620 4655 quod
650 4578 742 4635 ille
788 4574 1003 4631 volebat
1037 4569 1431 4627 exeideremus.
1484 4565 1596 4620 Hoc
1639 4575 1785 4620 certe

178 4682 331 4737 initio
370 4676 523 4734 ft‘cit.

254 4770 500 4827 "ominis
547 4766 775 4838 dignitas
828 4764 881 4817 in
940 4770 1075 4816 statu
1128 4754 1448 4811 irritarentur.
1511 4751 1786 4807 Peccatum

177 4870 364 4923 Δάαιηὶ
399 4863 659 4919 hominem
684 4862 751 4914 ad
772 4857 1118 4914 sublirrriorcm
1144 4862 1334 4907 statum
1360 4849 1539 4903 evexit.
1564 4846 1785 4901 —Cuut

178 4965 321 5020 euirrr
355 4960 640 5015 hominem
656 4954 961 5011 eﬂ'orntarit
976 4951 1139 5009 Deus.
1154 4947 1333 5003 Statim
1359 4959 1463 4998 non
1487 4943 1783 5007 laboribus,

179 5074 283 5113 non
330 5053 597 5118 miserim,
627 5065 732 5105 non
762 5046 936 5102 dolori
980 5044 1280 5100 obnoxium
1327 5038 1473 5102 fet-it,
1507 5052 1613 5091 non
1642 5049 1789 5090 mor-

179 5154 338 5209 talem
382 5144 631 5205 condidit
657 5158 672 5208 ;
711 5140 809 5197 sed
841 5153 942 5195 nec
980 5135 1210 5192 tristitia:
1238 5147 1337 5189 nec
1366 5128 1657 5185 sudoribus
1688 5142 1789 5183 nec

177 5244 335 5301 morti
372 5253 507 5296 turre
535 5237 785 5292 addietrrs
825 5242 961 5288 erat.
991 5228 1177 5300 Neque
1204 5226 1373 5289 enim,
1408 5222 1607 5278 nisi-ab
1632 5221 1787 5277 initio

178 5340 279 5395 hoc
309 5339 390 5395 illi
420 5330 822 5396 concessisset,
853 5334 977 5397 post
999 5318 1481 5393 transgressionem
1508 5315 1575 5371 ad
1620 5315 1783 5370 talem

180 5434 327 5490 illum
386 5427 729 5501 puuitionem
771 5437 836 5477 ac
872 5417 1194 5490 supplicium
1225 5412 1616 5469 damnavisset.
1646 5411 1783 5468 Cum

181 5529 361 5599 itaque
379 5524 471 5579 Iris
498 5520 740 5577 nondum
764 5514 1034 5571 obnoxius
1058 5522 1223 5577 esset,
1243 5511 1535 5581 plusquam
1557 5506 1640 5563 sol
1670 5507 1787 5577 ipse

182 5621 447 5693 fulgebat,
474 5614 719 5669 restibus
743 5607 939 5675 nudus,
968 5607 1137 5680 gloria
1158 5602 1543 5661 circumdatus.
1571 5600 1785 5656 Etenim

182 5716 280 5769 true
305 5725 531 5784 quoque
571 5702 913 5763 beatitudinis
941 5703 1058 5772 ejus
1084 5702 1293 5771 signum
1322 5706 1443 5753 erat
1468 5698 1784 5761 maximum,

183 5810 320 5881 quod
355 5821 462 5863 nec
486 5803 731 5861 restibus
760 5808 943 5875 egeret
970 5813 1165 5867 neque
1194 5802 1506 5866 tegunwnto
1550 5806 1649 5849 nec
1678 5793 1788 5848 alio

181 5907 371 5976 qur-iris
418 5900 646 5968 amictu,
689 5895 786 5954 sed
813 5910 1008 5968 Carpus
1039 5893 1264 5951 διήκει-ει
1306 5891 1498 5947 borum
1542 5890 1787 5947 omnium

1887 742 1988 783 rrsrr
2035 730 2305 798 superius.
2349 726 2536 799 Neque
2581 725 2709 781 hinc
2758 725 2956 783 solum.
2982 724 3171 779 beatus
3213 733 3371 783 erat:
3399 722 3497 778 sed

1884 824 2027 894 qrrod
2059 832 2215 877 antea
2250 821 2345 877 Dei
2372 821 2642 877 frueretur
2669 817 2967 889 colloquio,
2997 827 3053 873 et
3082 816 3337 885 loquendi
3372 830 3513 870 eum.

1886 914 2007 987 ipso
2035 913 2282 969 libertate
2306 910 2590 985 gauderet.
2619 908 2688 965 Ει
2712 909 2888 979 angeli
2916 908 3136 980 quirir'tu
3169 908 3501 970 iretttebarrt,

1883 1007 2178 1064 Clrerubim
2196 1015 2252 1062 et
2275 1004 2562 1074 Serapbirn
2586 1020 2653 1061 ne
2674 1002 2947 1058 audebant
2968 1002 3187 1072 quidem
3207 1001 3455 1073 aspicere
3486 1018 3500 1053 :

1887 1100 2003 1171 ipse
2033 1115 2164 1156 vero
2192 1109 2248 1154 ut
2275 1100 2484 1155 amicus
2523 1112 2651 1153 cum
2690 1095 2867 1151 amico
2911 1094 3209 1165 colloquia.
3234 1110 3359 1149 cum
3406 1093 3500 1148 illo

1888 1194 2168 1250 miscebat.
2204 1193 2418 1249 Etenim
2465 1191 2683 1264 quando
2714 1191 2992 1246 lrrutornrrr
3038 1190 3358 1244 animalium
3403 1203 3498 1255 ge-

1887 1303 2020 1343 nera
2045 1287 2309 1352 condidit,
2341 1287 2409 1341 ad
2442 1287 2619 1357 ipsum
2652 1285 2741 1340 illa
2767 1284 3108 1350 adduxit,.et
3130 1285 3244 1355 ipse
3274 1284 3499 1340 nomina

1888 1379 2023 1450 ipsis
2074 1379 2331 1452 imposuit
2358 1379 2376 1451 (
2405 1378 2535 1435 Gen.
2566 1378 2622 1434 2.
2652 1378 2721 1435 l9
2753 1377 2795 1451 ),
2826 1394 2950 1450 qua:
3004 1379 3287 1435 immutata
3345 1395 3495 1433 ruan-

1887 1483 2028 1527 sere.
2060 1469 2193 1527 Nam
2223 1470 2329 1527 hoc
2370 1485 2586 1542 quoque
2612 1470 2906 1526 maximum
2936 1480 3055 1525 emt
3083 1469 3307 1527 herroris
3338 1471 3439 1542 ipsi
3467 1489 3501 1523 ιι

1890 1562 1999 1619 Deo
2016 1563 2244 1635 przcstiti
2262 1564 2496 1635 signum,
2511 1580 2618 1620 non
2637 1562 2780 1635 quod
2800 1564 2973 1634 ipsum
2989 1564 3204 1620 nomina
3222 1564 3499 1637 imponere

1882 1654 2127 1727 jusserit,
2158 1656 2257 1713 sed
2286 1657 2430 1728 quod
2458 1658 2643 1725 etiam,
2680 1668 2963 1730 postquam
2997 1657 3161 1713 homo
3181 1657 3284 1714 sibi
3315 1657 3513 1714 datam.

1888 1747 2063 1821 legent
2094 1758 2390 1817 everterat,
2418 1749 2563 1807 Deus
2594 1750 2882 1817 boum-ent,
2912 1766 3073 1820 qrrerrr
3106 1750 3207 1821 ipsi
3248 1760 3379 1809 ante
3415 1751 3495 1806 le-

1886 1857 2007 1912 gem
2053 1853 2421 1910 concesserat,
2469 1842 2955 1910 non.abstrrlerit;
3002 1844 3098 1900 sed
3148 1843 3315 1901 Omne
3360 1848 3513 1910 r‘prort.

1888 1937 2085 1991 vocarit
2113 1937 2300 2001 Adam,
2333 1938 2430 1992 Irae
2458 1954 2641 1993 nomen
2661 1949 2733 1993 est
2762 1939 2866 2009 ipsi
2892 1938 3103 2010 (Ibid).
3143 1938 3333 1995 Viden‘
3364 1958 3499 2010 quo-

1889 2029 2052 2085 tnodo
2076 2030 2281 2085 nrrllurn
2306 2029 2378 2086 ibi
2396 2042 2541 2087 esset
2561 2033 2842 2102 prmscntis
2868 2033 2996 2087 vine
3016 2034 3323 2105 symbolum
3346 2034 3516 2090 ?nou.

1885 2132 2033 2177 artes
2087 2122 2183 2187 ibi,
2229 2137 2353 2178 non.
2379 2123 2724 2189 enrrurrercia,
2774 2141 2881 2180 non
2910 2126 3171 2191 a‘diticia,
3204 2144 3310 2183 non
3342 2127 3499 2184 indu-

1889 2224 2090 2279 menta,
2125 2230 2233 2269 non
2264 2215 2641 2284 calceos,,norr
2689 2226 2919 2279 tectum.
2949 2233 3059 2273 non
3085 2235 3354 2288 mensam,
3388 2238 3515 2278 non.

1888 2305 2153 2371 laborem,
2180 2307 2581 2373 non.dolorcm,
2611 2323 2717 2364 non
2740 2321 2995 2376 mortem,
3016 2325 3123 2365 uorr
3151 2312 3298 2367 aliud
3335 2315 3503 2369 rnatu-

1888 2416 2008 2456 rum
2036 2414 2231 2472 agmen
2255 2400 2454 2471 videris
2475 2416 2491 2465 ;
2515 2402 2610 2456 sed
2639 2402 2919 2473 splendida
2951 2412 3103 2457 erant
3135 2419 3185 2473 pr
3200 2407 3419 2473 omnia,
3445 2418 3502 2463 ιιι

1888 2494 2009 2550 laeta
2032 2494 2317 2561 Vestibula,
2339 2505 2394 2550 et
2416 2495 2625 2550 irritinur
2648 2494 2715 2550 ad
2742 2495 3023 2552 meliorem
3050 2497 3210 2552 titam
3237 2498 3497 2557 ducebat.

1886 2588 1994 2647 Sed
2049 2589 2100 2644 id
2136 2605 2241 2644 non
2277 2589 2520 2660 permisit
2569 2588 2762 2655 Adrrtn,
2789 2605 2911 2643 cum
2968 2591 3175 2661 ignavia
3230 2607 3360 2647 usus
3401 2608 3502 2648 ex-

1890 2682 2162 2755 plieabili,
2185 2683 2463 2753 jrrssorurn
2510 2682 2612 2737 sibi
2657 2683 2919 2737 terminos
2968 2683 3276 2750 transiluit,
3322 2702 3500 2757 neque

1886 2780 1959 2835 ab
1989 2795 2097 2835 uno
2119 2778 2392 2834 abstinere
2416 2779 2563 2850 ligno
2586 2779 2843 2833 sustinuit
2869 2797 2882 2833 :
2910 2789 3149 2835 attamen
3175 2780 3257 2835 sic
3282 2797 3500 2851 qumpro

1888 2872 2055 2927 multa
2100 2872 2192 2928 Dei
2228 2872 2531 2941 benignitas
2572 2872 2895 2927 ostenditur.
2942 2872 3105 2926 Solet.
3137 2872 3281 2926 enim
3314 2872 3455 2926 Deus
3481 2915 3497 2935 ,

1887 2966 2106 3039 quando
2154 2982 2183 3020 a
2232 2967 2485 3037 quopiam
2540 2980 2635 3035 per
2688 2966 2954 3034 igrrariatu
3005 2965 3212 3035 delapsi
3261 2979 3451 3022 sumus
3482 3008 3497 3030 ,

1889 3060 2068 3115 omnia
2098 3059 2298 3125 facere,
2336 3074 2436 3114 nee
2467 3071 2593 3113 ante
2618 3058 2907 3122 absistere,
2932 3074 3091 3129 quant
3121 3076 3221 3114 nos
3236 3062 3302 3114 arl
3328 3062 3501 3115 multo

1891 3154 2095 3225 majora
2138 3154 2202 3209 iis
2246 3169 2367 3225 qua:
2397 3153 2678 3208 amisimus
2721 3152 2976 3208 extulerit
3010 3170 3024 3208 :
3058 3152 3107 3207 id
3136 3155 3282 3225 quod
3332 3156 3499 3210 etiam

1890 3258 2019 3305 tunc
2058 3246 2280 3303 factum.
2316 3245 2633 3302 EXCidittJlS
2673 3246 2817 3301 enim
2870 3261 2935 3300 es
2968 3248 3238 3316 paradiso,
3266 3256 3320 3303 et
3348 3242 3503 3304 :tce'e.

1892 3344 2067 3408 pimus
2087 3342 2280 3399 ca'lutu
2308 3359 2322 3396 :
2349 3340 2577 3410 ideoque
2598 3339 2799 3395 damno
2822 3342 2998 3410 majus
3019 3352 3102 3396 est
3129 3344 3360 3398 lux-rum.
3391 3344 3498 3400 Sed

1890 3453 1998 3492 non
2052 3436 2232 3491 statim
2284 3433 2415 3488 illud
2466 3434 2813 3503 accepimus;
2866 3433 3025 3502 idque
3076 3449 3145 3490 ex
3189 3436 3309 3506 ejus
3368 3453 3499 3492 r-uta

1889 3540 1943 3586 et.
1973 3528 2310 3600 providentia
2341 3526 2546 3582 factum
2574 3536 2674 3580 est.
2710 3525 2847 3593 Quia
2876 3528 3020 3581 enim
3070 3521 3281 3582 dixerat
3314 3529 3499 3582 iniuri-

1888 3637 2006 3690 cus,
2045 3621 2203 3677 Erilis
2246 3622 2375 3676 sicut
2416 3620 2493 3673 dri
2540 3617 2696 3693 (Gen.
2745 3621 2800 3673 3.
2835 3618 2930 3687 5),
2975 3630 3029 3673 et
3072 3621 3219 3691 ip~os
3269 3622 3360 3675 tali
3404 3637 3504 3691 spe

1890 3716 2203 3780 irritaverat,
2232 3722 2290 3768 ut
2336 3720 2717 3784 exspectarent
2760 3728 2820 3765 se
2850 3710 2961 3765 Deo
3005 3726 3162 3781 pares
3193 3714 3329 3777 iure.
3363 3724 3418 3767 r-t
3449 3730 3516 3769 ιιι

1889 3808 2255 3883 arrogantiam
2306 3806 2455 3875 ipsos
2500 3805 2767 3860 allexerat
2818 3813 2871 3858 et
2913 3804 2979 3857 ad
3028 3804 3290 3873 rtrnjtrt'etrt
3340 3822 3503 3877 quam

1838 3910 1845 3917 '
1891 3914 2081 3958 natura
2111 3915 2207 3955 sua
2235 3897 2405 3954 ferret
2438 3897 2751 3967 opinionem
2784 3913 2799 3950 :
2838 3895 3147 3965 lmjusruodi
3178 3898 3328 3951 ulcus
3364 3916 3507 3967 rer..-

1893 4005 1980 4052 tus
2024 4007 2223 4051 curans
2250 3993 2417 4057 DettS,
2459 3991 2641 4045 statim
2668 3989 2733 4043 ad
2776 3998 2991 4059 tempus
3040 3991 3170 4044 sinit
3225 3990 3276 4044 iu
3329 4002 3505 4047 ιιιυιω

1893 4090 2121 4156 versari,
2154 4098 2213 4144 ut
2253 4087 2631 4159 experimento
2655 4084 2855 4141 diaboli
2887 4084 3173 4140 censiliutu
3208 4086 3503 4145 edisceret.

1892 4199 1947 4245 et
1979 4188 2146 4259 probe
2176 4186 2418 4241 irrstitnta
2457 4186 2660 4248 anima,
2691 4196 2891 4251 corpus
2918 4180 3229 4236 irurnortale
3255 4197 3507 4237 assume-

1893 4296 1995 4343 ret.
2041 4282 2259 4337 Interim
2310 4293 2440 4351 ergo
2488 4277 2702 4332 volebat
2758 4274 2903 4331 Deus
2959 4276 3153 4330 mortis
3206 4285 3412 4331 metunt
3455 4278 3507 4331 iu

1892 4378 2076 4435 animo
2124 4375 2327 4444 vigere,
2372 4369 2778 4439 terribilemque
2807 4382 2925 4423 rem
2955 4364 3161 4431 putari.

1962 4470 2019 4526 2.
2060 4467 2145 4524 De
2171 4465 2339 4522 Abelis
2368 4467 2524 4519 crede.
2577 4461 2904 4519 ltanrrectio
2930 4464 3111 4533 futura
3142 4462 3369 4519 obscure
3387 4465 3496 4533 pri-

1892 4581 2032 4619 mum
2059 4556 2516 4616 indicata.——ldeo
2544 4556 2769 4612 Abclem
2801 4555 2950 4625 prius
2981 4554 3420 4626 lttot'i‘ret'tttisil,
3446 4566 3514 4613 ut

1890 4659 1980 4731 qui
2029 4656 2412 4728 prmaricatrrs
2462 4651 2658 4717 fuerat,
2687 4665 2757 4706 ex
2782 4650 2901 4721 ipso
2928 4649 3046 4705 visu
3082 4649 3320 4707 disceret
3347 4653 3509 4721 quiri-

1893 4769 2017 4808 nam
2041 4765 2189 4808 mors
2205 4760 2371 4816 esset,
2387 4759 2442 4804 et
2463 4762 2624 4819 quam
2646 4746 2826 4818 gravis
2855 4759 3200 4816 onerosaque
3223 4762 3311 4803 res
3338 4758 3512 4803 esset.

1894 4849 2025 4905 Nam
2049 4848 2093 4902 si
2121 4847 2237 4917 ipse
2260 4846 2465 4916 primus
2508 4854 2754 4897 mortuus
2800 4851 2969 4908 esset,
3015 4852 3261 4896 naturam
3292 4845 3368 4898 rei
3399 4861 3508 4900 uorr

1895 4944 2156 5008 novisset,
2185 4956 2307 4995 cum
2338 4955 2445 4993 non
2474 4938 2641 4992 alirtm
2670 4934 2894 4991 vidisset
2920 4945 3194 4991 rnortuunr
3217 4954 3393 4992 :rurne
3422 4956 3515 4993 atr-

1898 5050 2005 5095 teru
2031 5039 2145 5109 ipse
2167 5035 2385 5109 quidem
2408 5035 2582 5099 vivus,
2603 5033 2655 5086 in
2676 5030 2783 5085 alio
2799 5042 2984 5086 autem
3015 5046 3247 5102 corpore
3273 5043 3517 5089 mortem

1897 5138 2087 5193 videns
2120 5135 2211 5189 lilii
2240 5147 2441 5203 corpus
2467 5139 2849 5202 occupantem,
2877 5129 3186 5185 accuratius
3224 5142 3278 5182 et
3307 5130 3519 5183 clarius

1895 5215 2866 5294 puuitiouismagnitudinemdidicit.
2898 5214 3134 5282 ldquue
3165 5229 3271 5269 non
3301 5222 3511 5270 tantum

1895 5314 1951 5372 in
1978 5315 2182 5377 alieno,
2217 5312 2311 5369 sed
2343 5322 2400 5367 et
2426 5310 2480 5366 in
2525 5308 2615 5364 lilii
2642 5307 2727 5364 sui
2748 5322 2978 5376 corpore
3005 5308 3056 5360 id
3081 5305 3234 5371 vidit,
3269 5306 3359 5360 ubi
3381 5324 3520 5362 eum.

1896 5413 2011 5481 ipsa
2052 5411 2127 5465 rei
2173 5419 2361 5464 natura
2407 5406 2719 5479 tyrannicas
2757 5405 2927 5474 patris
2951 5400 3179 5458 allectus
3199 5404 3520 5473 graviorem.

1894 5503 2143 5576 pariebat
2182 5500 2463 5565 dolorem,
2508 5497 2784 5567 etiamque
2812 5511 2937 5552 cum
2987 5493 3107 5565 ipsa
3150 5505 3342 5553 natura
3399 5496 3510 5549 vir-

1899 5610 1985 5655 tus
2015 5597 2140 5661 lilii;
2172 5611 2295 5650 cum
2338 5595 2539 5648 virtute
2577 5589 2677 5645 llus
2704 5604 2922 5661 quoqrre
2957 5588 3156 5643 relatis.
3189 5586 3305 5643 Non
3361 5589 3515 5643 enim

1897 5695 1950 5751 in
1990 5700 2292 5759 senectute,
2351 5688 2446 5744 sed
2484 5688 2536 5740 iu
2578 5686 2697 5756 ipso
2744 5684 3047 5755 juventutis
3089 5686 3275 5753 vigore
3333 5694 3511 5739 murto

1897 5791 2139 5855 sublatus
2169 5796 2271 5843 est.
2297 5784 2376 5840 Ad
2409 5782 2529 5838 bzrc
2548 5798 2677 5835 vero
2695 5779 2876 5834 omnia
2906 5792 2935 5832 a
2969 5776 3135 5832 fratre
3171 5791 3271 5832 suo
3300 5778 3352 5830 rd
3388 5792 3505 5845 μοι.

1896 5902 1988 5945 sus
2019 5885 2213 5952 luerat,
2248 5890 2301 5937 et
2328 5896 2355 5934 ει
2381 5878 2543 5935 fratre
2566 5874 2828 5932 scelerate
2847 5880 2900 5928 et
2932 5871 3115 5943 iniquo
3158 5882 3368 5944 agente.
3408 5871 3510 5927 l'es
