4124 6336
658 346 764 407 ιιτό

659 469 775 521 lucc
816 463 959 521 enim
988 458 1164 517 omnia
1217 456 1466 513 terribilis
1499 452 1685 507 mortis
1729 450 1937 521 Species
1965 446 2228 503 reddeba-

658 568 745 613 tur
765 570 819 613 et
845 564 1060 625 aspectu
1091 551 1378 621 lugubrior,
1410 557 1461 601 et
1502 548 1553 600 in
1587 545 1792 599 Adamo
1816 543 2025 612 gravior
2055 541 2229 593 luctus

656 650 1019 706 concitabalur
1044 687 1057 710 ,
1100 660 1217 698 cum
1250 639 1663 709 unumquodque
1710 651 1893 691 eorum
1941 648 2059 703 qua:
2087 632 2228 685 dixi-

658 758 780 797 mus
834 753 1075 811 magnam
1108 736 1426 791 accenderet
1458 733 1725 786 fornacem
1767 738 1821 783 et
1864 726 2225 781 ardentiore".

658 839 924 891 ﬂammam
956 834 1227 895 eftieeret,
1258 830 1584 896 duceretque
1636 826 1687 878 in
1732 832 1986 892 quantum
2028 817 2225 872 malum

660 930 830 996 ipsum
862 924 1133 994 iniecisset
1159 922 1425 975 diabolus.
1455 918 1583 971 Nam
1628 916 1669 970 si
1702 930 1799 968 nos
1820 957 1833 976 ,
1864 912 1950 982 qui
1983 909 2226 980 quotidie

658 1030 898 1071 mortuos
930 1015 1172 1068 videmus
1201 1054 1214 1078 ,
1259 1012 1531 1066 turbamur
1558 1052 1570 1073 ,
1603 1003 2004 1074 expavescimus
2028 1044 2040 1064 ,
2077 1014 2227 1054 eom-

659 1108 967 1174 prituimur;
997 1121 1091 1158 nec
1122 1120 1216 1157 nos
1248 1111 1465 1164 tantum,
1499 1098 1590 1153 sed
1620 1098 1779 1151 etiam
1813 1095 1844 1147 ii
1876 1094 1965 1162 qui
1988 1092 2229 1161 superci-

655 1201 723 1252 lia
766 1199 1025 1252 extollunt
1060 1205 1218 1265 atque
1264 1196 1313 1246 in
1348 1192 1550 1260 magnis
1581 1198 1860 1243 versantur
1885 1182 2231 1253 dignitatibus

658 1302 711 1343 et
741 1291 1010 1354 inﬂantur,
1034 1288 1078 1342 si
1101 1289 1311 1354 veniant
1330 1284 1393 1337 ad
1415 1284 1571 1336 [unus
1593 1281 1754 1337 etiam
1783 1279 1973 1332 mortui
2000 1274 2230 1344 vulgaris

656 1385 1012 1447 conditionis,
1060 1346 1179 1451 ipsoi
1225 1388 1440 1451 aspectu
1489 1376 1953 1445 comprimuntur,
2001 1380 2054 1424 et
2096 1384 2230 1439 quo-

657 1478 738 1529 vis
781 1477 884 1528 alio
937 1475 1244 1528 lmmiliures
1277 1470 1569 1527 redduntur
1598 1488 1608 1522 ε
1640 1465 1766 1538 quid
1810 1462 2100 1519 verisimile
2151 1469 2233 1514 est

657 1584 870 1637 passum
920 1583 1039 1622 esse
1095 1567 1239 1621 illum
1288 1565 1375 1633 qui
1427 1558 1947 1628 mortumnprimmn
1996 1552 2229 1617 videbat,

658 1667 713 1712 et
762 1661 813 1712 in
872 1660 999 1725 lilii,
1055 1658 1162 1712 imo
1207 1658 1324 1711 talis
1372 1656 1500 1721 lilii,
1544 1664 1807 1724 corpore;
1865 1649 1953 1719 qui
1997 1644 2230 1700 nondum

658 1769 724 1807 ex
783 1760 1113 1806 mortuorum
1184 1749 1476 1819 frequentia
1536 1747 1603 1799 de
1667 1752 1810 1798 tanto
1873 1741 2013 1795 malo
2059 1737 2230 1806 cogita

664 1856 850 1910 verat,
896 1860 957 1898 ex
1012 1845 1083 1898 rei
1138 1841 1415 1896 insolentia
1464 1840 1690 1892 maxime
1738 1830 2230 1902 turbaretur?qnid

661 1954 873 2010 passum
944 1950 1064 1989 esse
1123 1933 1407 1987 verisimile
1455 1941 1536 1985 est
1575 1974 1588 1997 ,
1639 1945 1758 1984 eum
1813 1927 2017 1980 videret
2084 1925 2229 1978 illum

663 2049 761 2087 nec
828 2046 1008 2084 vocem
1067 2028 1289 2092 audire,
1351 2040 1446 2078 nec
1504 2034 1674 2076 tactus
1727 2036 1940 2075 sensmn
2000 2031 2231 2087 capere,

662 2141 759 2177 nec
812 2122 1058 2195 lacrymis
1113 2129 1165 2172 et
1222 2117 1503 2187 gemitibus
1554 2113 1749 2168 moveri
1803 2128 1900 2165 nec
1941 2110 2074 2179 patri
2125 2110 2235 2163 do—

662 2215 790 2268 lt-nti
842 2212 1129 2265 condolere
1190 2225 1285 2263 nec
1336 2216 1587 2260 eortsueta
1641 2203 1852 2258 facere?
1902 2203 2108 2257 Etenim
2170 2215 2236 2254 ne

666 2314 982 2375 praesentem
1038 2316 1217 2355 rerum
1273 2310 1466 2351 statum
1522 2295 1864 2357 consideres;
1920 2294 2011 2348 sed
2062 2294 2229 2360 cogita

663 2397 802 2465 qttod
833 2405 957 2451 tunc
989 2393 1213 2464 primum
1264 2389 1423 2443 huno
1454 2400 1724 2443 mortuum
1757 2386 1978 2451 viderit,
2010 2396 2062 2438 et
2094 2384 2232 2451 qttod

664 2491 855 2541 timore
885 2502 1075 2555 inagna
1106 2485 1373 2551 multaque
1404 2482 1803 2550 perturbatione
1855 2479 2090 2547 repletus
2124 2476 2234 2527 fue-

664 2579 751 2632 rit.
788 2582 1032 2631 Attamen
1062 2584 1245 2645 postea
1273 2572 1649 2627 consolationis
1676 2571 1887 2625 modum
1921 2568 2237 2637 exeogitavit

665 2670 805 2722 licus
840 2685 853 2721 :
888 2682 1057 2735 neque
1088 2666 1231 2719 enim
1268 2674 1468 2717 tantum
1500 2663 1710 2717 volebat
1756 2673 1809 2715 ut
1851 2669 2021 2715 metus
2051 2659 2235 2712 mortis

663 2760 945 2812 adderetur
976 2797 991 2824 ,
1046 2756 1139 2811 sed
1189 2756 1349 2809 etiam
1392 2766 1446 2809 ut
1488 2753 1772 2824 quamdam
1816 2751 2235 2806 consolationem

665 2853 825 2905 bumo
868 2849 1188 2920 perciperet.
1220 2848 1549 2914 Quamnam?
1596 2848 1637 2900 A
1676 2848 2078 2900 resurrectiOne.
2131 2844 2235 2899 Sed

664 2945 808 2996 illam
844 2960 946 2996 non
990 2941 1167 2995 statim
1210 2939 1422 3009 quidem
1472 2938 1650 3003 dedit,
1700 2954 1881 2992 verum
1924 2938 2039 3006 ejus
2086 2950 2234 3005 spem

662 3035 889 3088 obscure
944 3040 996 3086 et
1039 3032 1188 3101 quasi
1239 3032 1289 3084 in
1337 3030 1619 3099 arnigmate
1676 3029 1897 3098 aperuit.
1950 3027 2236 3099 Postquam

663 3126 804 3178 enim
851 3132 1026 3178 metus
1060 3122 1290 3177 multum
1322 3130 1509 3175 auctus
1562 3118 1660 3174 fuit
1712 3119 2044 3188 hominisque
2084 3133 2235 3171 men-

663 3227 769 3269 tem
796 3214 1087 3279 concussit,
1128 3223 1511 3282 ostensumque
1560 3211 1658 3267 fuit
1712 3211 1837 3283 quid
1882 3226 2025 3265 mors
2072 3218 2231 3274 esset,

663 3326 823 3379 quam
855 3308 1049 3377 gravis,
1081 3322 1239 3379 quam
1271 3309 1518 3375 molesta,
1550 3325 1712 3378 quam
1756 3322 2003 3369 onerosa,
2037 3322 2138 3360 non
2171 3307 2237 3362 ab

666 3408 885 3470 aSpeetu
934 3400 1146 3463 solum,
1190 3398 1283 3454 sed
1338 3399 1497 3454 etiam
1552 3399 1620 3453 ab
1678 3400 1742 3453 iis
1796 3415 1913 3468 qua:
1961 3410 2239 3469 aspectum

664 3502 959 3562 sequuntur
980 3531 995 3557 ,
1028 3506 1056 3544 a
1117 3492 1420 3557 vermibus,
1448 3505 1476 3542 a
1523 3490 1709 3545 fauore
1734 3532 1748 3556 ,
1778 3506 1805 3542 a
1857 3490 2005 3543 sanie
2027 3532 2039 3554 ,
2076 3506 2104 3543 a
2157 3492 2236 3543 ci-

667 3600 826 3647 nere,
879 3583 1105 3652 aliisque
1154 3582 1436 3649 omnibus,
1476 3597 1593 3651 qua:
1648 3584 1698 3635 itt
1750 3592 1962 3635 mortuo
2012 3596 2237 3650 corpore

667 3678 1017 3734 observantur
1053 3693 1069 3731 :
1108 3692 1227 3730 cum
1293 3677 1469 3745 itaque
1514 3677 1671 3730 timor
1717 3684 1906 3729 auctus
1950 3685 2123 3739 esset,
2181 3684 2237 3729 et

667 3774 902 3827 animum
956 3769 1509 3832 commoveret,vide
1562 3769 1830 3839 quomodo
1878 3769 2036 3823 etiam
2089 3784 2237 3836 spem

668 3865 1076 3919 resurrectionis
1106 3872 1287 3933 postea
1322 3862 1571 3929 inducat,
1600 3861 1886 3917 involutam
1927 3861 2139 3931 quidem
2186 3869 2240 3914 et

665 3958 985 4021 obscuram,
1023 3955 1114 4010 sed
1150 3954 1352 4008 inducit
1383 3962 1580 4007 tamen.
1625 3952 1753 4006 Nam
1805 3952 2077 4006 Enoclmm
2108 3991 2121 4015 ,
2150 3952 2245 4018 qui

670 4060 853 4118 postea
888 4048 985 4102 fuit
1014 4090 1030 4111 ,
1076 4048 1208 4101 mori
1255 4062 1358 4100 non
1413 4045 1690 4116 permisit;
1721 4045 1955 4115 dicitque
1995 4043 2191 4099 Paulus
2226 4062 2237 4096 :

669 4140 802 4193 Fide
832 4140 1009 4193 Enoch
1055 4142 1331 4192 translatus
1369 4148 1479 4203 est,
1524 4150 1577 4191 ut
1617 4154 1717 4190 non
1765 4138 1951 4190 rideret
1994 4147 2200 4190 mortem
2226 4178 2239 4203 ,

669 4243 715 4283 et
747 4247 845 4284 non
873 4232 1216 4285 inveniebatur
1237 4270 1252 4294 ,
1296 4230 1414 4297 quia
1443 4230 1699 4282 transtulit
1730 4245 1841 4282 eum
1873 4227 2009 4283 Deus
2049 4228 2239 4299 (Hebr.

671 4328 759 4379 11.
804 4324 879 4396 5).
926 4324 1223 4379 Transtulit
1249 4339 1370 4379 eum
1396 4366 1411 4389 ,
1460 4340 1559 4378 nec
1592 4324 1725 4377 inuri
1759 4324 1997 4392 permisit
2025 4342 2037 4378 :
2072 4339 2244 4393 neque

674 4427 849 4469 tamen
906 4416 1259 4469 immortalem
1312 4416 1523 4469 interim
1576 4415 1722 4469 illum
1758 4414 1909 4481 fecit,
1944 4424 2001 4468 ut
2044 4426 2243 4470 metunt

674 4529 776 4563 non
822 4512 1084 4575 solveret,
1118 4511 1210 4564 sed
1245 4520 1451 4576 manet,
1499 4526 1595 4565 nec
1630 4513 1856 4565 moritur
1889 4528 1901 4563 :
1937 4527 2108 4582 neque
2163 4523 2243 4565 ta-

674 4620 791 4655 men
834 4613 917 4657 est
948 4604 1297 4671 immortalis,
1329 4604 1423 4657 sed
1478 4605 1529 4656 in
1586 4604 1794 4657 mortali
1827 4620 2050 4674 corpore
2078 4605 2246 4674 longi.

673 4696 908 4748 tudinem
942 4696 1060 4749 vita:
1112 4695 1210 4763 ipsi
1262 4696 1483 4765 largitus
1526 4705 1649 4749 est:
1684 4698 1907 4752 obscure
1936 4739 1949 4760 ,
1997 4708 2052 4751 ut
2096 4699 2245 4762 dixi,

672 4806 821 4854 apt-tit
869 4797 994 4841 ante
1042 4789 1489 4842 resurrectionem
1554 4788 1822 4857 aperiens.
1876 4790 1996 4843 ideo
2044 4791 2247 4859 justum

675 4883 808 4934 inuri
860 4883 1032 4952 prium
1080 4881 1347 4936 concessit
1388 4900 1401 4935 :
1451 4897 1570 4935 nam
1624 4895 1815 4951 praeter
1854 4884 2067 4937 allatam
2125 4900 2251 4939 cau-

673 4993 818 5039 sam,
852 4992 954 5029 non
983 4976 1310 5032 aberravcrit
1355 4975 1443 5045 qui
1477 4976 1612 5028 hanc
1638 4977 1798 5029 etiam
1826 4977 2030 5032 aﬂ‘erct.
2062 4978 2251 5045 Quam-

674 5067 836 5120 nam?
870 5066 996 5119 Eam
1022 5084 1138 5135 qua:
1177 5067 1370 5135 petitur
1394 5082 1456 5120 ex
1491 5069 1901 5123 resurrectione.
1930 5068 2060 5137 Quia
2106 5070 2246 5125 enim

675 5174 821 5214 mors
853 5175 955 5212 non
1008 5169 1263 5228 perpetuo
1304 5170 1583 5231 regnatura
1645 5171 1797 5223 erat,
1847 5160 1965 5217 ideo
2019 5163 2248 5233 primunt

675 5251 792 5319 ejus
844 5250 1239 5305 fundamentum
1293 5254 1620 5323 primamque
1669 5252 1940 5319 radicem,
1972 5254 2022 5307 in
2051 5254 2247 5323 justiti-

676 5347 887 5399 eatione
913 5345 1067 5415 deligi
1114 5347 1354 5412 curavit,
1386 5357 1443 5400 ιιι
1470 5346 1869 5401 fundamentum
1903 5363 2005 5401 non
2029 5347 2245 5403 tinuum

675 5449 930 5492 maneret.
963 5438 1111 5494 Sicut
1150 5440 1292 5493 enim
1340 5452 1610 5509 peccatum
1651 5450 1734 5494 est
1785 5442 1971 5495 mortis
2019 5441 2248 5495 alimen-

679 5542 813 5593 tnto,
837 5532 903 5585 ita
933 5541 985 5587 et
1006 5532 1314 5602 justiﬁeatio
1336 5541 1417 5587 est
1444 5534 1632 5588 mortis
1678 5533 1906 5588 snblatio
1926 5542 1979 5589 et
2003 5535 2242 5589 abolitio.

677 5623 955 5677 Concessit
1000 5624 1157 5693 igitur
1207 5633 1265 5678 ut
1308 5624 1352 5678 is
1390 5624 1477 5693 qui
1520 5625 1718 5693 primus
1747 5626 2043 5680 moriturus
2087 5636 2203 5680 erat
2233 5669 2246 5691 ,

680 5716 847 5769 iustus
876 5726 1015 5769 esset
1040 5758 1053 5781 ,
1078 5717 1145 5771 ab
1168 5716 1316 5771 initio
1341 5731 1438 5769 nos
1456 5715 1751 5786 alloquens,
1776 5717 2073 5788 bonamque
2094 5734 2244 5789 spem

678 5808 935 5863 exhibens
961 5850 973 5872 ,
1007 5810 1394 5880 ostendensque
1423 5825 1480 5865 se
1509 5825 1675 5881 genus
1705 5820 1941 5865 nostrum
1984 5811 2033 5865 in
2068 5824 2237 5867 morte

1364 344 1420 396 S.
1460 336 1738 396 JO.\NNIS
1775 328 2254 390 CIIRYSOSTOMI
2294 327 2617 385 ARCHIEP.
2658 323 3195 381 CONSTANTINOP.

3817 324 3923 383 ἆἿῖ

2337 459 2444 499 non
2473 442 2783 499 relicturum
2810 455 2963 496 esse:
2988 450 3313 511 quapropter
3338 437 3729 495 debilissimum
3765 444 3926 497 morti

2337 535 2739 591 fundamentum
2796 534 2988 603 posuit.

2408 628 2461 682 5.
2507 626 2709 681 Deinde
2737 635 2853 695 post
2882 625 3157 680 Enocbntn
3191 626 3241 679 in
3274 624 3383 680 Noe
3402 641 3609 680 rursum
3628 622 3737 679 alio
3762 625 3928 681 modo

2339 720 2493 774 nobis
2515 720 2923 773 resurrectionis
2944 718 3177 787 speciem
3201 718 3365 771 dedit.
3391 718 3594 772 Etenim
3624 734 3691 772 an
3709 718 3925 772 melior]

2339 820 2463 863 tunc
2492 825 2649 879 quam
2680 810 2872 863 mortui
2900 810 3203 863 conditione
3243 820 3356 863 erat
3393 809 3525 874 Noe,
3554 811 3604 863 in
3658 811 3926 880 profundo

2341 912 2427 956 tan
2440 911 2511 966 to,
2532 906 2582 955 in
2605 901 2834 955 tenebris
2849 909 2901 953 et
2919 902 2969 953 in
2987 914 3200 955 estrcere
3217 904 3499 956 conclusus
3515 902 3539 953 Ἰ
3558 904 3803 956 Attamen
3826 903 3925 956 im-

2340 1008 2523 1046 mensa
2550 992 2636 1045 illa
2660 995 2979 1063 maria,qu:e
3004 994 3261 1046 montium
3278 996 3553 1047 cacumina
3580 997 3920 1065 Operiebant,

2340 1085 2486 1139 illum
2514 1085 2603 1153 qui
2630 1083 2680 1137 in
2708 1100 2831 1137 area
2856 1094 2971 1138 erat
2998 1126 3011 1146 ,
3042 1100 3145 1137 non
3176 1084 3562 1154 absorpserunt
3587 1104 3600 1150 ;
3633 1086 3726 1141 sed
3768 1088 3922 1156 quasi

2337 1193 2401 1232 ex
2434 1189 2605 1231 morte
2637 1191 2947 1247 resurgens,
2978 1178 3055 1231 sic
3088 1194 3150 1231 ex
3182 1178 3433 1232 diuturna
3477 1180 3563 1232 illa
3596 1189 3921 1250 tempestate

2339 1282 2465 1326 tunc
2492 1272 2629 1325 exiit
2662 1271 2774 1327 Noe
2796 1312 2809 1335 ,
2848 1271 2901 1325 in
2943 1271 3117 1325 salute
3144 1286 3235 1324 sua
3267 1275 3677 1327 resurrectionis
3730 1275 3924 1345 imagi-

2336 1380 2456 1418 nem
2480 1361 2759 1418 exhibens.
2789 1363 2913 1417 Post
2936 1363 3085 1417 illum
3114 1380 3296 1418 rursus
3326 1361 3666 1435 (procedente
3690 1382 3924 1435 namque

2337 1463 2577 1525 tempore
2625 1456 2881 1510 clariores
2926 1458 3336 1511 resurrectionis
3366 1458 3626 1528 imagines
3669 1461 3923 1515 ostende-

2340 1545 2557 1609 bantur,
2602 1547 2655 1600 in
2686 1546 2817 1601 Jona
2848 1563 3061 1617 quoque
3092 1548 3325 1617 idipsnm
3354 1549 3511 1605 fecit-
3532 1551 3663 1605 Tres
3691 1567 3924 1623 namque

2337 1636 2452 1691 dies
2480 1639 2529 1691 itt
2564 1649 2749 1693 ventre
2775 1640 2879 1693 ccti
2913 1638 3072 1693 trium
3102 1641 3307 1695 dierum
3336 1640 3387 1695 iit
3418 1654 3590 1697 morte
3621 1646 3920 1714 symbolum

2337 1741 2528 1795 erant;
2576 1742 2629 1786 et
2675 1731 2920 1786 liberalia
2957 1747 2987 1787 ι
3032 1743 3151 1786 ceto
3200 1738 3603 1790 resurrectionis
3656 1738 3923 1792 Dominici

2342 1825 2587 1892 corporis
2636 1827 2832 1894 przevia
2876 1825 3184 1894 pra-dicatio
3233 1836 3364 1880 erat.
3420 1830 3759 1899 Qnapmpter
3812 1834 3923 1901 ipse

2338 1913 2587 1969 dicebat:
2642 1915 2912 1970 Generatio
2964 1918 3073 1970 hau:
3117 1921 3314 1989 signum
3369 1924 3582 1990 quierit,
3630 1936 3675 1977 et
3720 1926 3923 1993 signant

2339 2024 2437 2060 non
2468 2009 2670 2061 dabitur
2700 2011 2743 2062 ei
2786 2010 2881 2062 nisi
2924 2011 3125 2079 signum
3167 2011 3360 2065 Jona':
3405 2016 3533 2067 sicut
3578 2017 3705 2068 enim
3758 2018 3923 2072 Jonas

2338 2103 2390 2154 in
2420 2112 2588 2155 ventre
2624 2104 2718 2155 ceti
2743 2105 2901 2157 tribus
2945 2107 3121 2158 diebus
3164 2118 3207 2159 et
3242 2108 3397 2160 tribas
3428 2111 3651 2163 noctibus
3683 2114 3782 2181 fuit
3806 2156 3819 2178 ,
3851 2118 3923 2168 sic

2340 2197 2432 2247 erit
2457 2192 2627 2247 Filius
2662 2197 2878 2249 hominis
2910 2199 2960 2249 in
2989 2200 3138 2251 corde
3170 2213 3312 2253 terrm
3343 2202 3500 2255 tribus
3527 2205 3698 2259 diebus
3728 2217 3774 2259 et
3818 2210 3915 2261 tri-

2339 2287 2427 2339 bus
2452 2288 2674 2341 noctibus
2703 2286 2911 2357 (Matth.
2942 2289 3027 2343 η.
3052 2292 3138 2344 59.
3174 2292 3279 2359 40).
3314 2292 3472 2347 Isaaci
3504 2312 3712 2365 quoque
3744 2312 3919 2354 ortum

2340 2396 2444 2435 non
2498 2383 2823 2435 aberraret-it
2854 2385 2940 2450 qui
2994 2386 3397 2439 resurrectionis
3428 2386 3645 2457 figuram
3691 2408 3812 2446 esse
3842 2394 3924 2447 di-

2340 2476 2496 2527 xerit.
2546 2474 2744 2527 ldcireo
2790 2475 2985 2528 Paulus
3015 2493 3224 2545 quoque
3254 2496 3310 2531 ea
3355 2496 3473 2549 qua:
3504 2494 3677 2535 ortum
3709 2486 3825 2551 ejus
3856 2503 3922 2539 ex

2340 2566 2509 2619 sterili
2552 2576 2795 2635 spectant
2836 2582 3091 2621 enat-rans
3119 2612 3131 2630 ,
3167 2584 3285 2623 cum
3319 2572 3541 2626 dixisset
3576 2586 3776 2641 patrem
3806 2581 3924 2645 ejus

2339 2670 2537 2726 przeter
2565 2675 2713 2727 Spem
2746 2661 2795 2713 in
2847 2675 2939 2730 spe
2971 2662 3261 2717 credidisse
3304 2664 3477 2734 (Rom.
3512 2668 3560 2721 4.
3598 2669 3700 2733 l8),
3747 2688 3925 2741 neque

2341 2753 2393 2805 in
2424 2752 2525 2806 fide
2576 2751 2899 2806 inlirmatum
2933 2753 3094 2808 fuisse
3119 2796 3131 2817 ,
3168 2772 3287 2809 cum
3331 2759 3697 2814 consideraret
3722 2776 3925 2831 Corpus

2340 2858 2490 2896 suum
2523 2853 2823 2898 emortuum
2855 2854 2906 2898 et
2936 2856 3234 2900 emortuam
3263 2850 3472 2903 volvam
3514 2852 3657 2905 Sara:
3684 2870 3695 2907 :
3735 2855 3797 2906 In
3842 2872 3924 2907 re-

2341 2938 2670 3006 promissione
2721 2940 2872 2992 etiam
2918 2938 3052 3003 Dei,
3095 2943 3297 3010 inquit,
3329 2960 3428 2995 non
3480 2944 3728 2998 ha’sitarit
3780 2948 3921 3017 digi-

2341 3032 2548 3095 dentia;
2587 3032 2675 3084 sed
2725 3037 3039 3101 confortatus
3069 3044 3142 3087 est
3190 3034 3293 3102 [ide
3315 3077 3329 3101 ,
3362 3036 3491 3089 dans
3520 3038 3736 3107 gloriam
3764 3038 3919 3104 Deo;

2341 3123 2626 3193 plenissime
2669 3125 2830 3177 sciens
2878 3124 2995 3194 quia
3038 3142 3363 3197 quarumque
3410 3131 3681 3197 promist,
3739 3143 3923 3201 potens

2339 3223 2409 3268 est
2438 3224 2486 3267 et
2515 3216 2702 3281 facere.
2735 3214 2963 3285 ideoque
2994 3218 3259 3285 subjunxit
3294 3237 3305 3272 :
3340 3219 3458 3273 Non
3489 3233 3560 3274 est
3601 3237 3767 3275 autem
3798 3228 3925 3277 scri-

2339 3316 2483 3373 ptum
2510 3318 2700 3359 tantum
2731 3318 2935 3377 propter
2964 3311 3131 3377 ipsum
3157 3351 3171 3373 ,
3220 3312 3307 3364 sed
3333 3322 3379 3365 et
3406 3324 3613 3383 propter
3649 3332 3739 3369 nos
3766 3359 3778 3379 ,
3811 3321 3927 3388 qui-

2340 3396 2431 3450 but
2478 3397 2793 3467 reputabitur
2838 3400 3155 3454 credentibus
3211 3403 3262 3457 in
3311 3421 3425 3457 eum
3464 3446 3477 3467 ,
3532 3408 3617 3470 qui
3668 3413 3928 3465 sumtuvit

2338 3489 2516 3543 Jesum
2560 3489 2817 3545 Christum
2848 3492 3128 3547 Dominum
3170 3508 3394 3550 nostrum
3434 3516 3465 3551 a
3506 3503 3713 3556 mortuis
3759 3503 3933 3571 (Ibid.

2348 3596 2394 3633 υ.
2430 3581 2533 3636 v22.
2577 3582 2694 3653 24).
2751 3585 2929 3636 l‘alam
2983 3587 3161 3655 itaque
3191 3599 3269 3642 est
3302 3588 3466 3644 lsaaci
3497 3605 3671 3647 ortum
3702 3596 3925 3665 figuram

2342 3673 2506 3729 fuisse
2540 3677 2951 3731 resurrectionis
2980 3678 3206 3735 Christi.
3237 3682 3291 3734 Si
3327 3684 3469 3736 enim
3503 3684 3666 3754 figura
3697 3705 3804 3741 non
3834 3705 3925 3743 es-

2342 3777 2444 3832 set,
2474 3782 2578 3821 tton
2616 3768 2983 3837 subjunxisset
3007 3813 3019 3835 ,
3055 3772 3176 3826 Non
3224 3783 3293 3827 est
3322 3786 3485 3829 autent
3516 3778 3759 3849 scriptam
3814 3791 3930 3833 tan-

2344 3869 2445 3913 tum
2477 3874 2682 3931 propter
2704 3864 2867 3931 ipsum
2893 3904 2909 3931 ,
2936 3866 3021 3918 sed
3054 3867 3206 3919 etiam
3236 3879 3443 3938 prapter
3478 3886 3567 3922 nos
3591 3910 3606 3935 ,
3636 3871 3815 3940 quibus
3842 3890 3929 3927 re-

2345 3956 2620 4027 putabitur.
2671 3958 2804 4029 Typi
2858 3963 3001 4014 enim
3046 3977 3141 4015 seu
3192 3963 3375 4032 ligone
3420 3979 3526 4018 non
3559 3974 3776 4035 propter
3808 3968 3932 4021 illos

2348 4060 2546 4104 tantum
2590 4052 2899 4107 scribuntur
2928 4054 3015 4123 qni
3045 4055 3330 4124 figurarum
3364 4066 3605 4127 tempore
3641 4076 3747 4127 quo
3795 4059 3934 4117 fiunt

2346 4143 2635 4213 accipiunt,
2672 4145 2765 4200 sed
2799 4157 3017 4216 propter
3043 4150 3159 4203 ilics
3186 4151 3347 4204 etiam
3375 4152 3464 4220 qui
3508 4167 3575 4206 ex
3622 4153 3727 4207 illis
3756 4154 3935 4210 lucra-

2349 4237 2452 4291 turi
2477 4247 2603 4292 sunt
2629 4238 2681 4292 in
2716 4241 2999 4308 p0steriori
3037 4251 3295 4311 tempore.
3327 4242 3560 4314 ideoque
3602 4246 3727 4299 alibi
3757 4247 3929 4301 dicit:

2352 4328 2477 4383 Haec
2501 4341 2667 4385 autem
2712 4333 2775 4385 in-
2808 4334 2973 4405 ﬁgura
3026 4337 3378 4407 contingebant
3407 4339 3512 4391 illis
3540 4355 3558 4393 :
3590 4340 3783 4410 scripta
3809 4350 3931 4395 sunt

2349 4433 2517 4477 autem
2547 4425 2614 4477 ad
2646 4430 3017 4495 correptionem
3049 4438 3272 4481 itoslram
3296 4472 3309 4492 ,
3340 4430 3389 4482 in
3434 4447 3558 4500 quos
3604 4432 3726 4499 ﬁnes
3771 4449 3935 4486 siccu-

2350 4514 2513 4566 lorunt
2540 4516 2839 4569 devenerunt
2872 4519 2946 4588 (Ι.
2976 4519 3094 4572 Cor.
3140 4518 3227 4574 10.
3262 4518 3370 4591 il).
3418 4521 3561 4575 Eltas
3603 4537 3708 4589 quo
3730 4539 3812 4590 ,ut:
3842 4541 3933 4578 as-

2350 4619 2596 4678 sumptus
2653 4610 2789 4665 lianc
2839 4612 2989 4665 nutris
3037 4628 3186 4684 spem
3240 4616 3653 4670 resurrectionis
3700 4619 3933 4687 aperuit.

2350 4700 2453 4755 Sed
2502 4703 2587 4755 illa
2633 4704 2847 4772 quidem
2887 4709 3036 4775 quasi
3072 4709 3122 4760 in
3156 4709 3317 4778 tignra
3350 4719 3503 4763 erant
3533 4725 3546 4764 :
3579 4725 3700 4763 cum
3749 4720 3935 4765 autem

2354 4796 2657 4865 uuigenitus
2689 4797 2780 4852 Dei
2812 4797 2978 4852 Filius
3006 4799 3216 4853 advenit
3249 4812 3367 4872 post
3400 4786 3563 4856 multa
3596 4814 3650 4857 et
3691 4804 3939 4856 inonmeo

2356 4904 2413 4941 ra
2446 4888 2640 4942 swcula
2670 4931 2681 4949 ,
2712 4890 2764 4943 iu
2796 4889 2911 4958 ipsa
2946 4908 3003 4945 re
3028 4893 3181 4946 nobis
3211 4896 3662 4951 resurrectionem
3700 4897 3939 4950 ostendit

2355 4996 2451 5051 per
2502 4982 2774 5051 pr0prium
2820 4997 3052 5052 corpus,
3099 4985 3381 5041 abSolvens
3439 4987 3613 5055 ipsum
3662 5004 3691 5041 a
3747 4991 3939 5043 mortis

2356 5078 2639 5149 tyrannide
2668 5095 2681 5131 :
2717 5078 2945 5148 ideoque
2971 5080 3044 5133 ait
3075 5097 3087 5132 :
3119 5080 3345 5135 Christus
3396 5095 3627 5137 mortuus
3672 5096 3719 5139 et
3763 5102 3937 5140 resur-

2354 5188 2475 5241 gens
2503 5187 2568 5225 ea:
2614 5174 2824 5225 mortuis
2855 5214 2868 5236 ,
2904 5174 3019 5243 jam
3046 5190 3145 5226 non
3178 5177 3389 5228 moritur
3415 5192 3433 5229 :
3474 5178 3609 5246 quod
3635 5179 3765 5231 enim
3797 5197 3939 5233 mor-

2354 5273 2471 5319 tuus
2497 5275 2566 5319 est
2597 5276 2822 5333 peccato,
2853 5278 3081 5319 mortuus
3106 5276 3177 5319 cst
3208 5269 3360 5320 semel
3393 5266 3566 5333 (Rom.
3597 5269 3650 5323 6.
3685 5270 3737 5324 9.
3772 5271 3881 5338 10),

2428 5352 2481 5407 4.
2524 5350 2629 5407 Sed
2658 5352 2708 5404 in
2740 5352 3041 5419 primordiis
3069 5352 3280 5421 quidem
3312 5353 3424 5409 lta'c
3448 5354 3672 5408 obscure
3703 5354 3940 5414 ﬁebant:

2359 5442 2763 5496 resurrectionis
2790 5443 2930 5496 enim
2957 5457 3079 5512 spes
3100 5444 3248 5511 quasi
3274 5444 3324 5497 itt
3351 5446 3632 5515 :rnigmate
3655 5445 3945 5501 exitibel-a-

2362 5542 2446 5587 tur
2474 5534 2623 5587 nobis
2651 5550 2744 5602 per
2771 5535 3043 5587 linocbum
3066 5550 3081 5599 ;
3107 5536 3290 5589 mortis
3325 5552 3453 5591 vero
3481 5538 3676 5591 Solutio
3699 5554 3789 5606 per
3807 5540 3945 5595 Alte-

2363 5628 2465 5681 Iem
2496 5646 2508 5680 :
2542 5628 2653 5682 lucc
2679 5638 2852 5682 autem
2878 5628 3037 5682 ambo
3063 5631 3225 5689 clare.
3246 5631 3542 5690 manifeste.
3562 5633 3779 5687 tunnino
3806 5642 3857 5686 et
3895 5636 3943 5688 in

2361 5720 2584 5774 veritate
2626 5737 2717 5788 per
2752 5721 3079 5791 unigenitum
3113 5721 3201 5775 Dei
3237 5720 3422 5776 Filium
3462 5723 3593 5777 facta
3626 5735 3764 5776 sont.
3797 5723 3948 5781 lit-de

2366 5815 2525 5871 etiam
2571 5824 2858 5882 inarttruu:
2911 5814 3188 5871 multitudo
3216 5814 3366 5870 nobis
3413 5816 3753 5886 germinaxit,
3781 5831 3949 5872 morte
