4124 6336
293 386 388 449 ιη

286 505 459 560 sohtta
502 504 559 552 et
596 490 997 552 resurrectione
1039 487 1295 558 fulgente.
1342 482 1633 552 Propterea
1671 492 1885 550 quoque

288 608 530 667 presens
556 590 662 645 vita
692 586 957 644 laboriosa
990 582 1127 638 facta
1164 587 1249 635 est
1288 587 1343 633 et
1383 575 1566 631 multis
1600 571 1889 667 sudoribus

286 661 442 759 plena
465 692 559 751 ;nt
578 681 702 738 hinc
725 676 1020 735 crassiores
1046 672 1291 727 homines
1311 668 1401 739 qui
1427 667 1587 759 rebus
1600 661 1886 759 prms‘etiti-

285 753 386 837 bus
430 790 557 833 sese
601 774 834 829 libenter
866 767 1100 830 dedunt,
1130 759 1377 834 depulsi,
1409 766 1465 814 et
1486 757 1556 812 ob
1577 758 1702 811 vita:
1728 753 1889 824 hujus

283 866 591 926 molestiam
638 862 945 918 fatiscentes
965 901 981 920 .
1028 854 1329 924 voluptates
1371 860 1426 907 et
1471 848 1719 905 aﬂ‘ectum
1759 859 1886 915 erga

284 969 612 1036 pra'scntem
631 955 790 1009 vitam
805 950 1067 1021 fugerent,
1081 956 1242 1016 alque
1257 942 1321 997 ad
1340 941 1591 1036 calorum
1608 944 1889 1036 currerent

282 1029 531 1112 amorem
556 1089 572 1114 ,
610 1055 667 1102 et
705 1044 771 1099 ad
812 1043 954 1109 illam
993 1039 1305 1095 festinarent
1332 1035 1495 1089 diem.
1531 1029 1889 1106 Philosophus

284 1144 433 1202 enim
477 1150 533 1198 et
570 1135 816 1196 sublimis
858 1134 939 1188 vir
986 1147 1091 1186 non
1139 1142 1277 1199 opus
1322 1124 1540 1181 habebit
1584 1118 1885 1192 bujusmodi

285 1234 537 1300 monitis,
561 1229 655 1287 sed
675 1227 918 1299 cogitans
932 1224 1134 1295 quanta
1156 1235 1243 1277 res
1264 1219 1331 1275 sit
1354 1230 1577 1289 regnum
1598 1214 1883 1279 caelorum;

287 1328 400 1384 into
423 1334 551 1381 ante
574 1336 819 1395 regnum,
847 1324 1106 1390 quantum
1133 1315 1351 1370 sitcum
1377 1310 1487 1366 Deo
1510 1318 1565 1365 et
1588 1322 1709 1364 eum
1733 1303 1889 1361 Chri-

286 1429 374 1474 sto
400 1432 528 1475 esse
553 1416 571 1486 (
592 1414 695 1469 hoc
719 1412 917 1484 quippe
944 1407 1093 1465 omni
1122 1418 1288 1476 regno
1315 1400 1487 1472 majus
1512 1399 1652 1471 est).
1683 1395 1887 1453 nullam

286 1524 404 1565 rem
434 1513 754 1579 praesentem
780 1515 998 1558 suavem
1032 1498 1260 1563 sentiet;
1286 1492 1381 1550 sed
1410 1492 1526 1548 ha-c
1549 1489 1885 1581 despiciens,

288 1603 460 1673 magis
479 1586 639 1674 quam
668 1597 911 1654 umbram
934 1595 1023 1650 illa
1046 1596 1443 1665 pratercurret.
1471 1587 1733 1657 Quoniam
1757 1600 1869 1639 vt-rt

288 1693 440 1750 multi
466 1734 481 1749 .
512 1690 660 1747 carni
700 1686 996 1745 servientes
1035 1692 1091 1741 et
1134 1698 1168 1740 a
1216 1678 1500 1755 tyrannide
1542 1677 1884 1733 siecularium

287 1799 469 1839 rerum
501 1779 707 1837 detenti
730 1821 747 1846 ,
777 1779 915 1834 sicut
955 1775 1009 1831 in
1042 1773 1289 1830 cavernis
1329 1771 1600 1826 latitantes
1637 1767 1764 1823 fera:
1787 1808 1801 1831 ,
1830 1766 1886 1822 in

287 1877 372 1931 his
413 1877 644 1931 libenter
683 1880 967 1929 versantur
1001 1888 1015 1925 :
1046 1868 1260 1923 illorum
1298 1880 1425 1936 erga
1460 1864 1610 1920 ista-e
1638 1861 1887 1917 allectum

286 1967 636 2031 exscindens,
661 1966 825 2019 multa
852 1962 957 2018 illis
984 1960 1154 2017 tristia
1176 1958 1418 2024 immisit,
1442 1957 1693 2019 timores,
1707 1969 1883 2018 curas,

286 2061 701 2122 satlicitudincs.
730 2055 1045 2118 certamina,
1076 2051 1334 2123 pericula,
1364 2064 1639 2122 pavorem,
1668 2056 1723 2104 et
1750 2048 1887 2101 mu!-

288 2164 399 2208 tttut
429 2150 793 2221 corporalium
823 2146 1107 2203 aﬂ'ectuum
1139 2158 1330 2217 agmen
1351 2184 1367 2210 ,
1398 2152 1560 2213 atque
1590 2140 1732 2195 illaut
1761 2146 1885 2195 eor-

288 2262 480 2319 porum
496 2243 845 2301 obsidionem
862 2282 877 2307 ,
909 2240 1116 2309 aliaque
1140 2239 1304 2293 multa
1323 2278 1340 2305 ,
1369 2251 1487 2306 quze
1513 2248 1763 2289 sermone
1789 2247 1884 2288 ex-

288 2339 447 2412 primi
480 2353 589 2394 non
620 2343 845 2409 possunt
872 2351 887 2389 :
918 2341 976 2388 ut
1007 2333 1149 2387 illam
1180 2330 1367 2385 saltent
1397 2328 1656 2384 malorum
1691 2342 1723 2380 ιι
1746 2326 1886 2380 diem

288 2432 660 2495 formidantes,
680 2430 745 2485 ad
770 2425 1113 2498 tranquillum
1133 2432 1343 2496 portum
1360 2421 1630 2492 appellere
1646 2420 1884 2489 cupiant,

286 2536 342 2584 et
367 2528 660 2583 serenitate
700 2521 802 2579 frui
834 2528 1089 2592 perpetua
1113 2560 1128 2584 ,
1163 2532 1284 2590 qua:
1310 2532 1416 2571 non
1446 2514 1581 2569 mala
1606 2513 1758 2569 boni.
1786 2510 1885 2567 ad-

286 2618 453 2675 mixta
493 2615 689 2671 haheat
711 2654 728 2681 ,
758 2610 854 2668 sed
892 2611 1031 2666 bona
1072 2623 1200 2681 pura
1227 2648 1242 2672 ,
1272 2622 1392 2677 qum
1423 2619 1547 2660 vere
1586 2602 1723 2658 bona
1755 2604 1882 2657 sint.

916 368 983 426 IV
1027 366 1333 433 ιιοιιιιυι.
1373 361 1745 423 Αυινεῐιεεδ
1784 359 1913 419 EOS
1948 358 2069 431 QUI
2106 356 2242 416 NON
2281 357 2727 424 ADFUERANT,
2766 356 2926 414 ETC.

3492 350 3609 413 878

1992 475 2127 533 Nam
2158 490 2279 546 qua
2306 473 2393 531 hic
2418 475 2666 531 videntur
2696 474 2834 530 bona
2863 474 3016 539 esse,
3045 480 3104 527 ut
3127 470 3366 537 divitiae.
3395 470 3603 542 gloria.

1994 568 2254 641 potentia,
2278 571 2492 625 nomina
2516 578 2641 624 sunt
2662 566 2924 624 bonorum
2944 575 3000 623 et
3018 566 3305 623 contrariis
3320 564 3558 622 admixta
3582 582 3599 617 :

1990 679 2111 738 quae
2136 679 2268 720 vero
2298 664 2427 729 illic,
2455 664 2667 720 sincera
2689 670 2742 718 et
2767 677 2896 732 pura
2923 670 3071 727 sunt,
3096 675 3204 717 non
3236 657 3455 715 nomine
3482 665 3606 714 tan-

1992 767 2143 825 tum,
2189 755 2287 813 sed
2329 772 2391 813 re
2433 754 2824 813 beatitudinem
2868 754 3147 817 habentia.
3195 751 3266 811 Ut
3308 769 3438 824 ergo
3481 750 3604 809 haec

1990 862 2420 920 consequamur,
2448 848 2765 905 cmulemur
2794 855 3089 920 martyrum
3117 844 3372 902 virtutem
3392 888 3407 909 .
3438 843 3601 902 forti-

1993 938 2233 995 tudinem
2256 980 2273 1006 ,
2306 939 2482 994 zelum
2508 979 2525 1005 ,
2559 938 2717 995 ﬁdem
2742 978 2760 1005 ,
2800 938 3146 1008 praesentium
3182 946 3557 1008 contemptum
3581 976 3602 1003 .

1993 1031 2292 1088 futurorum
2310 1030 2659 1087 desiderium.
2678 1030 2911 1087 Possunt
2926 1030 3072 1087 enim
3089 1030 3204 1087 haec
3214 1031 3376 1087 etiam
3391 1031 3603 1103 absque

1992 1125 2414 1195 persequutione
2454 1124 2636 1180 omnia
2675 1122 2941 1180 exhiberi.
2981 1123 3207 1181 Etiamsi
3249 1125 3396 1181 enim
3437 1139 3602 1196 rogus

1991 1230 2099 1271 non
2147 1216 2457 1287 propositus
2493 1216 2600 1284 sit,
2630 1226 2686 1271 at
2724 1215 3053 1272 desiderium
3089 1216 3245 1273 adest
3279 1217 3597 1277 ardentius:

1992 1307 2203 1362 etiamsi
2231 1307 2532 1364 belluarum
2560 1308 2751 1364 dentes
2776 1324 2885 1364 non
2912 1307 3110 1375 adsint,
3133 1320 3189 1364 at
3209 1310 3423 1365 animus
3444 1309 3602 1366 adest

1992 1396 2168 1453 bellua
2212 1398 2461 1469 gravior;
2491 1398 2701 1455 etiamsi
2736 1399 3020 1456 carnifices
3048 1415 3156 1455 non
3187 1400 3365 1456 adsint
3392 1400 3483 1471 qui
3512 1401 3598 1456 la-

1991 1499 2105 1546 tera
2136 1490 2427 1546 dilacerent
2450 1532 2467 1557 ,
2496 1501 2553 1545 at
2579 1492 2739 1548 instat
2772 1491 2969 1547 invidia
2995 1492 3184 1564 quovis
3208 1493 3463 1551 carniﬁce
3487 1511 3597 1550 str-

1990 1582 2127 1648 vior,
2156 1597 2278 1653 qua:
2306 1581 2545 1638 animum
2573 1583 2816 1639 devorat.
2846 1583 3073 1654 Oportet
3099 1583 3262 1655 igitur
3284 1600 3383 1642 nos
3406 1598 3595 1643 contra

1990 1672 2109 1730 lure
2137 1675 2300 1730 animi
2331 1675 2457 1730 vitia
2486 1686 2767 1748 promptos
2796 1687 2851 1733 et
2882 1676 3171 1747 expeditos
3195 1719 3213 1745 ,
3246 1688 3301 1735 et
3350 1680 3596 1749 philoso-

1989 1766 2223 1838 phorum
2279 1768 2574 1824 ratiociniis
2624 1768 2905 1835 munitos,
2945 1769 3015 1823 ita
3064 1779 3387 1839 pmsentem
3428 1772 3595 1827 vitam

1990 1859 2311 1931 transigere,
2348 1870 2404 1915 et
2433 1874 2650 1931 semper
2671 1859 2739 1914 ad
2771 1860 3085 1915 certandum
3114 1871 3331 1931 paratos
3354 1877 3511 1927 esse;
3540 1871 3599 1916 ttt

1991 1960 2273 2021 postquam
2315 1950 2524 2006 tantillo
2555 1961 2797 2023 tempore
2834 1950 3263 2007 laboraverimus
3286 1994 3300 2018 ,
3337 1934 3599 2025 palpeino

1990 2057 2349 2108 coronemur,
2378 2054 2433 2100 et
2462 2044 2857 2101 immortalibus
2888 2044 3126 2102 fruamur
3156 2047 3311 2103 bouis
3332 2090 3348 2116 ,
3381 2064 3599 2120 semper

1990 2154 2111 2195 eum
2141 2139 2368 2195 Domino
2390 2148 2685 2204 versantes.
2710 2149 2766 2197 et
2789 2140 3061 2197 consortio
3086 2141 3177 2198 illo
3196 2156 3411 2198 omnem
3437 2160 3596 2200 men-

1992 2240 2099 2289 tem
2122 2241 2176 2289 et
2199 2232 2575 2304 cogitationem
2600 2246 2894 2304 superante
2919 2233 3198 2291 fruentes:
3221 2237 3366 2307 quod
3390 2238 3596 2297 utinam

1992 2342 2092 2383 nos
2113 2340 2305 2383 omnes
2327 2342 2741 2398 consequamur,
2768 2329 2937 2400 gratia
2956 2340 3012 2387 et
3033 2330 3362 2402 benignitate
3386 2333 3597 2389 Domini

1992 2418 2163 2475 nostri
2182 2418 2309 2475 Jesu
2330 2418 2550 2487 Christi,
2576 2435 2674 2491 per
2692 2435 2854 2491 quem
2879 2429 3078 2477 etcum
3100 2438 3208 2494 quo
3228 2422 3373 2480 Patri
3394 2426 3559 2495 gloria
3578 2468 3596 2493 ,

1991 2528 2095 2568 una
2123 2529 2245 2570 eum
2274 2513 2475 2584 Spiritu
2503 2524 2713 2582 sancto,
2738 2531 2881 2573 nunc
2901 2525 2959 2574 et
2982 2531 3223 2590 semper,
3245 2529 3297 2575 et
3326 2521 3378 2575 in
3401 2522 3600 2578 smeula

1994 2606 2335 2661 sa‘culorutn.
2364 2609 2556 2662 Amen.

287 2720 3572 2752 ww

1757 2786 2107 2852 HOMILIA
2124 2790 2257 2853 ειν.

292 2922 525 2982 Hontilia
555 2919 834 2977 Itortatoria
862 2918 1052 2999 habita.
1075 2916 1130 2971 in
1173 2914 1363 2986 teutplo
1390 2923 1582 2969 sancti:
1609 2914 1892 2968 Anastasio:

358 3020 605 3075 adversus
631 3031 718 3071 eos
744 3015 830 3085 qui
866 3028 969 3067 non
995 3011 1268 3082 adfuerant
1290 3027 1309 3076 ,-
1336 3026 1397 3064 ac
1435 3007 1799 3063 demonstratio
1828 3006 1891 3061 de

360 3108 609 3184 agonibus
634 3118 681 3163 et
706 3104 1065 3162 certaminibus
1091 3103 1223 3158 beati
1254 3113 1300 3157 et
1316 3102 1447 3173 justi
1476 3099 1615 3156 Jobi.

363 3198 413 3260 ῐ.
459 3201 538 3257 De
562 3201 854 3256 auditorum
886 3197 1143 3269 paucitate
1174 3193 1735 3266 queritur.—Qttanto
1762 3207 1890 3263 pau-

290 3295 466 3352 ciores
507 3294 670 3350 solito
709 3301 835 3347 sunt
881 3289 918 3345 ii
961 3289 1051 3359 qui
1093 3294 1504 3351 convenerunt,
1534 3295 1683 3340 tanto
1711 3297 1760 3340 ct
1794 3298 1893 3341 nos

292 3388 500 3459 majore
529 3395 743 3441 utemur
768 3381 1064 3438 alacritate.
1108 3378 1292 3452 Neque
1317 3378 1459 3433 enim
1490 3393 1702 3447 :equunt
1735 3376 1895 3431 fuerit

292 3478 596 3536 absentium
635 3476 917 3547 segnitiem
960 3472 1195 3529 studium
1239 3480 1482 3527 nosttutn
1527 3469 1889 3535 labefactare;

293 3571 404 3628 imo
438 3578 721 3643 propterea
762 3567 1043 3622 lautiorem
1069 3565 1230 3620 etiam
1264 3566 1597 3636 apponcmus
1628 3578 1891 3629 metuam,

294 3675 352 3717 ιιι
380 3661 471 3727 qui
500 3675 607 3717 non
637 3658 929 3714 adfuerunt
953 3666 1213 3729 quantum
1246 3655 1425 3711 damni
1458 3656 1602 3726 passi
1656 3657 1763 3711 sint
1799 3670 1892 3709 ex-

295 3754 597 3826 perimento
634 3751 909 3807 discentes
932 3789 949 3815 ,
984 3748 1339 3804 studiosiores
1368 3756 1550 3818 postea
1597 3748 1708 3801 sint
1749 3746 1890 3802 circa

292 3853 592 3901 conventus
616 3853 849 3899 nostros.
873 3841 999 3898 Ideo
1020 3841 1180 3896 etiam
1199 3854 1279 3896 cat
1295 3841 1478 3895 itatem
1499 3851 1731 3905 vestiam
1765 3854 1895 3910 rogo

293 3936 457 3995 dictis
484 3934 776 3992 attendatis
804 3949 822 3990 :
849 3933 927 3990 sic
956 3933 1097 3988 enim
1126 3932 1321 4003 duplex
1349 3931 1501 3986 vobis
1532 3931 1735 3985 lucrum
1767 3946 1895 4000 pro-

297 4032 509 4088 veniet:
529 4028 842 4097 absentibus
870 4027 1014 4083 enim
1041 4025 1182 4082 dicta
1208 4024 1523 4092 referentes,
1542 4023 1895 4079 studiosiores

297 4126 417 4181 illos
443 4122 709 4189 efficietis,
741 4132 797 4177 et
823 4128 1053 4175 vestram
1080 4119 1314 4173 animam
1344 4116 1698 4188 philosophia:
1727 4117 1897 4182 magis

302 4220 544 4276 deditam
585 4216 845 4273 reddetis.
886 4209 1357 4280 Quemadmodum
1402 4204 1549 4261 enim
1592 4214 1755 4261 terra
1793 4218 1892 4257 na-

304 4319 429 4366 tura
470 4311 517 4365 si
560 4308 888 4378 negligatur,
920 4303 1118 4361 herbas
1154 4302 1355 4359 emittit
1405 4299 1605 4369 malas;
1643 4300 1729 4356 sin
1760 4314 1892 4357 vero

302 4402 609 4472 frequenter
628 4398 982 4472 agrtcolartnn
1002 4394 1248 4450 manibus
1270 4392 1493 4456 fruatur,
1518 4395 1743 4448 fructum
1773 4394 1895 4449 red-

301 4495 380 4549 dit
412 4501 676 4548 maturttm
706 4509 720 4545 :
750 4491 829 4546 sic
866 4502 922 4544 et
948 4487 1179 4543 hominis
1199 4488 1399 4552 anima,
1428 4502 1548 4557 quae
1580 4487 1630 4540 itt
1668 4486 1895 4558 segnitie

300 4584 464 4655 jacet,
488 4582 804 4639 delictorum
828 4580 1008 4651 spinas
1026 4578 1185 4651 parit,
1204 4594 1323 4648 qua:
1352 4593 1479 4631 vero
1508 4577 1747 4633 studiose
1768 4579 1900 4632 coli-

303 4688 410 4737 tur.
442 4686 746 4733 comantem
774 4674 987 4729 virtutis
1015 4671 1403 4728 fert‘frut-tmn.
1421 4671 1546 4727 Ideo
1570 4686 1783 4743 quoque
1810 4687 1897 4725 sa~

302 4771 457 4841 piens
474 4767 690 4840 quidam
718 4767 992 4831 admonet,
1015 4766 1225 4822 dicens:
1249 4764 1410 4830 Quasi
1427 4780 1547 4834 ager
1571 4774 1641 4819 est
1673 4766 1748 4818 vir
1776 4765 1905 4819 stul-

304 4875 408 4929 tus,
443 4872 490 4918 et
518 4862 664 4931 quasi
690 4862 836 4915 vinea
862 4861 936 4915 vir
964 4869 1129 4914 mente
1155 4874 1370 4921 carens;
1391 4858 1433 4911 si
1462 4858 1724 4922 reliqueris
1750 4872 1862 4920 cum
1882 4898 1899 4924 ,

304 4966 516 5023 arescet,
542 4966 693 5027 atque
718 4953 980 5010 inutilibus
1007 4951 1172 5008 herbis
1199 4951 1479 5007 luxuriabit
1496 4949 1678 5019 (Prov.
1696 4950 1787 5007 24.
1810 4953 1899 5008 '50.

304 5049 372 5107 ει
396 5051 441 5122 ).
487 5048 566 5105 Ne
608 5047 767 5120 igitur
806 5045 909 5102 hoc
948 5060 1091 5101 nunc
1128 5043 1379 5105 eveniat,
1412 5040 1722 5114 frequenter
1752 5042 1901 5098 verbi

306 5147 500 5202 falcem
526 5144 904 5212 immittitnus;
936 5154 991 5200 et
1014 5145 1059 5199 si
1087 5142 1211 5215 quid
1232 5142 1356 5198 mali
1385 5144 1669 5213 germinet,
1687 5142 1904 5214 assidue

304 5248 686 5312 amputamus;
718 5237 767 5293 si
804 5237 932 5306 quid
962 5246 1139 5292 autem
1179 5246 1563 5308 opportunum,
1585 5236 1629 5290 si
1674 5235 1902 5293 fructum

308 5332 517 5385 habens
539 5371 556 5394 ,
594 5328 859 5385 uutritt'tus
896 5334 952 5383 et
994 5328 1277 5400 irrigamus
1298 5368 1313 5394 ,
1345 5336 1401 5382 et
1431 5327 1497 5381 ad
1543 5329 1902 5382 maturitatem

303 5425 667 5491 adducimus,
706 5421 980 5478 assiduam
1023 5422 1102 5477 rei
1146 5436 1331 5478 curam
1372 5420 1650 5477 habentes.
1698 5420 1905 5491 Duplici

304 5517 450 5573 enim
475 5557 493 5582 ,
526 5515 637 5570 imo
663 5513 859 5586 triplici
890 5528 1109 5585 egemus
1149 5503 1518 5583 providentia;
1547 5512 1722 5583 primo
1744 5553 1761 5578 ,
1792 5520 1845 5566 ttt
1875 5528 1906 5568 a

304 5608 547 5678 nequitia
591 5606 916 5671 liberemur;
947 5603 1186 5661 secundo
1206 5646 1222 5671 ,
1254 5612 1310 5659 nt
1343 5604 1592 5660 virtutem
1623 5602 1905 5674 possidea-

306 5715 457 5761 ntus;
492 5698 560 5753 ad
593 5697 710 5754 hcc
732 5712 881 5762 vero.
907 5706 968 5753 ut
994 5696 1309 5767 acquisitam
1337 5695 1590 5751 virtutem
1614 5711 1903 5753 conserve-

306 5794 469 5846 ntus‘:
501 5788 593 5847 ubi
620 5788 853 5846 maxime
875 5788 1037 5844 etiam
1066 5787 1235 5844 multo
1264 5787 1447 5843 labore
1475 5797 1562 5844 est
1587 5803 1745 5858 opus.
1773 5786 1903 5844 Nam

307 5882 574 5956 malignus
598 5880 816 5940 demeti
846 5880 982 5938 bona
1004 5879 1355 5953 operantibus
1381 5880 1536 5939 nobis
1565 5882 1734 5955 magis
1764 5882 1901 5940 iuvi-

1995 2914 2125 2981 det,
2169 2923 2226 2973 et
2269 2914 2408 2973 bene
2452 2926 2743 2987 operantes
2775 2916 2978 2975 invadit
3007 2936 3021 2976 :
3050 2935 3115 2977 ac
3155 2923 3298 2978 sicut
3337 2924 3525 2994 piratae
3554 2928 3601 2982 si

1993 3020 2156 3079 quam
2186 3009 2362 3063 navim
2387 3008 2607 3064 videant
2631 3025 2793 3066 arena
2821 3021 3097 3079 onustam,
3126 3025 3487 3085 prmtereuut;
3516 3019 3600 3074 sin

1994 3115 2125 3158 vero
2141 3102 2383 3158 sarcinas
2398 3104 2662 3173 pretiosas
2675 3114 2730 3159 et
2752 3103 2967 3160 divitias
2990 3103 3275 3175 ferentem,
3306 3108 3445 3165 hanc
3469 3110 3604 3166 adeo

1996 3194 2230 3263 riuntur,
2261 3194 2399 3252 infra
2425 3194 2781 3266 perferentes,
2804 3212 3037 3277 superne
3063 3212 3458 3270 oppugnantes,
3483 3202 3599 3257 nul-

1997 3289 2213 3359 Iamque
2238 3288 2541 3344 machinam
2572 3304 2677 3344 non
2705 3289 2964 3345 adhibent
2989 3309 3003 3347 :
3032 3291 3102 3345 ita
3128 3301 3183 3347 et
3209 3293 3453 3348 dialmlus
3482 3294 3606 3350 illos

1998 3384 2233 3439 maxime
2270 3381 2469 3438 adoriri
2510 3383 2688 3451 solet,
2720 3384 2810 3455 qui
2851 3384 3062 3439 virtutis
3099 3386 3310 3459 copiam
3352 3403 3601 3459 magnam

1997 3463 2357 3545 collegerunt,
2389 3474 2627 3546 ipsisque
2656 3476 2900 3532 invidere
2925 3486 2980 3532 et
3011 3478 3234 3534 insidias
3262 3489 3493 3537 struere.

2084 3564 2253 3623 Virtus
2280 3568 2577 3639 impugnata
2602 3569 2661 3639 ﬁt
2687 3570 2958 3639 potentior.
2980 3570 3172 3626 —'l‘ot
3192 3572 3334 3627 enim
3358 3573 3607 3631 homines

2000 3657 2054 3714 in
2081 3660 2213 3715 orbe
2241 3668 2397 3716 erant
2420 3659 2541 3716 Jobi
2573 3670 2849 3731 tempore;
2878 3670 2935 3717 et
2965 3672 3142 3717 tamen
3168 3664 3428 3722 adversus
3455 3667 3604 3722 illum

1999 3752 2174 3808 solum
2218 3767 2340 3809 sese
2386 3754 2620 3809 accinxit
2662 3754 2946 3820 diabolus,
2993 3755 3377 3828 machinasque
3416 3774 3608 3815 omnes

2001 3855 2188 3903 contra
2208 3844 2355 3901 illum
2380 3846 2564 3901 movit.
2583 3846 2688 3903 Sed
2709 3861 2813 3903 non
2834 3848 3005 3917 potuit
3022 3848 3218 3905 inferre
3235 3851 3564 3919 naufragium
3587 3867 3604 3918 ;

2002 3938 2132 4007 qttin
2169 3938 2329 3992 etiam
2372 3938 2630 4007 majorem
2675 3938 2942 3994 sarcinam
2983 3938 3161 3995 effecit
3193 3949 3248 3995 ct
3284 3942 3607 4011 ampliorem

2004 4031 2448 4101 negotiationem.
2468 4029 2745 4100 Ejusmodi
2776 4030 2919 4086 enim
2948 4042 3030 4086 est
3061 4032 3231 4087 virtus
3260 4033 3607 4105 :impugnata

2006 4125 2280 4196 potentior
2298 4124 2550 4188 eflicitur,
2573 4134 2627 4179 et
2650 4124 2859 4181 insidiis
2882 4124 3122 4198 impetita
3142 4128 3307 4182 tutior
3321 4128 3499 4183 evadit
3522 4148 3535 4183 ;
3558 4129 3610 4186 id

2002 4215 2145 4285 quod
2166 4224 2223 4271 et
2245 4217 2296 4281 in
2320 4215 2476 4271 beato
2498 4218 2589 4272 illo
2610 4217 2854 4290 contigit,
2878 4218 2968 4289 qui
2993 4218 3227 4291 undique
3247 4230 3610 4292 oppugnatus,

2007 4306 2212 4362 firmior
2236 4308 2497 4375 consdtit,
2521 4316 2575 4363 et
2600 4308 2745 4365 mille
2769 4308 2893 4363 telis
2913 4310 3159 4379 exceptis
3179 4327 3287 4365 non
3309 4310 3489 4376 cessit,
3514 4312 3610 4369 sed

2004 4399 2202 4456 diaboli
2247 4400 2554 4471 pharetram
2594 4400 2902 4469 evacuavit;
2944 4402 3061 4471 ipse
3098 4417 3230 4458 vero
3268 4418 3377 4458 non
3417 4405 3611 4460 cecidit

2004 4508 2181 4564 neque
2202 4492 2578 4562 supplantatus
2596 4503 2712 4549 est:
2735 4492 2828 4549 sed
2852 4494 2989 4549 sicut
3008 4490 3244 4565 optimus
3259 4497 3607 4567 gubernator.

2008 4598 2109 4639 nec
2135 4584 2345 4639 furente
2364 4585 2497 4639 mari
2520 4593 2575 4639 et
2594 4586 2876 4641 concitatis
2898 4585 3146 4641 fluctibus
3169 4588 3610 4659 imtnergebatur,

2008 4690 2186 4747 neque
2223 4678 2275 4730 in
2307 4677 2597 4748 tranquillo
2627 4688 2873 4748 tempore
2904 4679 3260 4748 negligentior
3287 4681 3459 4737 factus
3488 4693 3573 4738 est
3600 4701 3614 4748 ;

2008 4769 2104 4823 sed
2138 4769 2191 4823 in
2223 4782 2451 4840 utroque
2478 4780 2781 4840 temporum
2808 4769 3121 4827 discrimine
3152 4787 3338 4843 parent
3365 4776 3620 4831 servabat

2008 4873 2183 4918 artem
2216 4882 2230 4917 :
2257 4876 2311 4919 et
2338 4879 2513 4936 neque
2538 4863 2739 4919 divitize
2771 4866 2945 4934 ipsum
2977 4865 3255 4933 inﬂabant,
3286 4883 3462 4940 neque
3485 4886 3620 4941 pau-

2012 4965 2193 5027 pertas
2232 4956 2347 5026 ejus
2386 4956 2623 5011 animum
2660 4956 3014 5027 deprimebat.
3046 4957 3159 5014 Nec
3188 4958 3349 5030 igitur
3376 4976 3497 5017 cum
3533 4978 3621 5018 res

2015 5050 2087 5105 illi
2133 5065 2389 5122 prospere
2419 5051 2709 5117 cederent,
2742 5052 2924 5123 segnis
2961 5059 3117 5119 erat;
3152 5069 3327 5125 neque
3356 5068 3478 5109 cum
3514 5066 3623 5110 tota

2013 5142 2208 5198 domus
2235 5142 2355 5213 ejus
2380 5158 2572 5200 eversa
2626 5152 2773 5199 esset
2811 5153 2865 5199 et
2920 5145 3173 5201 universa
3221 5146 3274 5201 in
3322 5148 3617 5216 perniciem

2018 5235 2230 5299 ierunt,
2262 5236 2508 5299 turbatus
2531 5244 2647 5303 est,
2674 5251 2777 5293 nec
2800 5253 2830 5292 a
2860 5237 3060 5292 virtute
3086 5240 3499 5310 constantiaque
3526 5258 3621 5296 sua

2017 5328 2260 5385 deﬂexit.-
2308 5329 2777 5398 Audiantdivites,
2793 5330 3013 5387 audiant
3033 5345 3299 5402 pauperes
3324 5352 3337 5389 :
3363 5334 3627 5391 ambobus

2017 5421 2162 5477 enim
2178 5420 2294 5476 haec
2315 5422 2756 5479 enarratio'utilis
2770 5433 2855 5479 est
2874 5442 2887 5477 :
2904 5424 3012 5479 into
3029 5440 3159 5482 vero
3180 5426 3433 5483 omnibus
3455 5430 3629 5483 homi-

2015 5514 2173 5569 nibus
2191 5514 2305 5571 bare
2322 5515 2544 5572 historia
2562 5518 2846 5575 utilitatem
2866 5517 3037 5585 affert,
3050 5530 3157 5575 tam
3178 5521 3243 5576 iis
3258 5521 3349 5591 qui
3369 5537 3628 5592 prospere

2018 5623 2133 5665 rem
2151 5617 2510 5681 agunt,quatn
2532 5610 2596 5665 iis
2614 5612 2703 5681 qui
2723 5613 2776 5667 in
2803 5614 3111 5670 calamitate
3135 5623 3440 5671 versantur.
3464 5616 3629 5673 Utra-

2019 5715 2127 5770 que
2147 5701 2291 5756 enitn
2309 5717 2458 5756 arma
2475 5711 2728 5769 tractans,
2754 5705 2969 5775 pietatis
2985 5715 3239 5775 certator,
3254 5709 3401 5763 orbis
3428 5708 3634 5765 athleta

2015 5804 2303 5849 coronatus
2323 5836 2338 5859 ,
2367 5794 2421 5849 iu
2453 5805 2680 5868 utroque
2704 5798 3003 5854 certamine
3035 5806 3296 5867 tmpautm
3328 5801 3532 5863 erexit;
3564 5812 3619 5857 et

2017 5888 2070 5945 iu
2098 5889 2243 5946 omni
2286 5888 2410 5946 belli
2452 5906 2651 5962 genere
2683 5892 2930 5950 dtctnouc
2960 5892 3052 5949 illo
3084 5893 3322 5951 irruente
3346 5934 3363 5961 ,
3394 5894 3447 5951 in
3477 5896 3623 5952 omni
