4124 6336
486 289 591 353 ΠΩ

490 417 780 474 certamine
808 416 980 471 stabat
1007 454 1022 480 ,
1048 423 1104 469 et
1139 413 1189 466 in
1216 410 1461 465 omnibus
1490 408 1657 461 victor
1698 398 2062 474 proclamaba-

497 521 578 567 tur
604 529 618 565 :
642 524 704 565 ac
724 509 860 564 sicut
890 507 1042 581 miles
1064 517 1353 575 generosus
1379 502 1465 571 qui
1495 500 1654 555 sciret
1680 507 1839 551 noctu
1865 505 2064 563 pugna.

502 618 555 659 re
578 643 597 669 ,
628 616 807 656 muros
836 610 1138 667 oppugnare
1163 637 1177 659 ,
1210 593 1382 648 navali
1416 590 1707 647 certamine
1745 585 2030 652 conﬂigere
2054 622 2069 647 ,

500 692 664 762 pedes
687 699 1010 750 concertare,
1038 700 1189 753 arcu,
1220 685 1421 748 lancea,
1448 680 1628 743 funda,
1660 678 1799 742 telis,
1824 674 2074 743 omnique

504 798 688 855 pugna:
707 796 899 851 genere
919 778 1253 833 adversarios
1272 789 1523 845 superare
1544 783 1596 829 et
1617 771 1809 839 ubique
1831 770 2071 821 vincere:

503 877 581 929 sic
620 876 777 929 etiam
823 887 1115 943 generosus
1162 870 1249 924 ille
1288 867 1530 939 quamvis
1573 865 1914 920 tentationem
1954 874 2075 914 cum

502 965 812 1020 fortitudine
840 979 1027 1033 magna
1056 964 1190 1027 tulit,
1221 976 1249 1015 a
1280 968 1659 1033 paupertate,a
1690 956 1848 1017 fame,
1876 969 1903 1006 a
1935 967 2077 1006 mor-

505 1058 610 1121 ho.
638 1071 669 1112 ι
712 1056 894 1111 dolore
921 1097 936 1122 ,
980 1073 1009 1107 a
1055 1056 1282 1108 filiorum
1326 1050 1594 1121 pernicie,
1641 1050 1708 1102 ab
1750 1045 1968 1108 amicis,
2013 1041 2081 1094 ab

506 1150 735 1205 inimicis
759 1192 774 1215 ,
808 1149 877 1203 ab
912 1162 1077 1202 uxore
1101 1188 1115 1210 ,
1147 1162 1174 1197 a
1218 1146 1385 1199 servis
1431 1152 1686 1213 paratam.
1720 1139 1899 1208 Neque
1940 1136 2080 1191 enim

508 1246 737 1298 humana
767 1244 1038 1314 calamitas
1070 1240 1171 1293 ulla
1203 1246 1321 1301 est,
1365 1251 1483 1307 quae
1515 1251 1619 1289 non
1654 1235 1704 1287 in
1744 1247 1936 1301 corpus
1967 1229 2083 1297 ejus

513 1336 712 1392 inﬂicta
761 1337 934 1390 fuerit.
983 1336 1229 1388 Attamen
1278 1331 1477 1384 retibus
1515 1328 1760 1381 omnibus
1799 1333 1852 1378 et
1889 1321 2083 1377 diaboli

512 1428 685 1485 illiciis
726 1428 965 1497 superior
995 1425 1090 1478 luit
1119 1442 1131 1477 :
1159 1423 1405 1493 quodque
1442 1420 1733 1475 mirabilius
1760 1425 1842 1471 est
1862 1458 1875 1482 ,
1908 1414 2083 1469 omnia

514 1522 565 1575 in
597 1520 742 1575 illum
776 1518 1083 1583 irruebant,
1118 1514 1292 1570 omnia
1320 1530 1439 1569 cum
1468 1510 1839 1581 exsuperantia
1866 1550 1880 1575 ,
1910 1505 2085 1561 omnia

516 1626 621 1665 uno
649 1620 908 1679 tempore.

586 1702 639 1755 2.
672 1700 747 1755 Nc
772 1701 912 1756 enim
940 1698 1039 1753 hoc
1065 1698 1234 1753 solum
1262 1695 1567 1752 consideres
1587 1735 1600 1758 ,
1628 1691 1767 1763 quod
1798 1698 1935 1745 tanta
1964 1703 2089 1760 pas-

518 1810 609 1849 sus
631 1793 719 1860 sit,
744 1792 835 1847 sed
863 1793 1016 1853 adde,
1044 1807 1146 1845 non
1173 1790 1443 1860 paulatim,
1470 1801 1639 1856 neque
1664 1784 1789 1838 dato
1815 1781 2091 1838 intervallo

519 1886 645 1947 ullo.
676 1884 769 1938 sed
800 1883 971 1937 omnia
1001 1881 1153 1936 simul
1181 1890 1234 1936 et
1260 1895 1363 1935 uno
1394 1892 1647 1947 tempore.
1684 1875 1795 1930 Non
1826 1875 2091 1929 modicum
2126 1896 2127 1899 η

518 1982 695 2030 autem
732 1974 857 2029 illud
895 1984 975 2029 est
1010 1973 1359 2028 tentationum
1389 1971 1807 2025 additamentum
1839 1985 1851 2019 :
1883 1967 1933 2021 in
1964 1966 2093 2021 reli-

520 2068 639 2135 quis
668 2067 809 2123 euim
852 2066 1152 2120 hominibus
1188 2065 1413 2133 primum
1446 2076 1603 2116 nemo
1634 2060 1929 2114 inveniatur
1953 2098 1967 2122 ,
2006 2058 2094 2127 qui

522 2160 698 2212 omnia
728 2158 886 2212 simul
917 2158 1141 2225 patiatur
1160 2196 1174 2221 ,
1204 2155 1296 2209 sed
1326 2155 1369 2208 si
1395 2170 1513 2208 cum
1546 2160 1853 2222 paupertate
1877 2165 2096 2204 concer-

524 2262 637 2315 tet,
682 2250 817 2304 bona
866 2258 1040 2316 tamen
1082 2247 1383 2301 valetudine
1430 2245 1656 2311 fruitur;
1702 2245 1746 2298 si
1792 2250 2099 2311 panpertate

523 2340 681 2396 simul
738 2351 789 2394 et
841 2340 1026 2393 morbo
1070 2336 1550 2401 circumveniatur,
1596 2344 1649 2388 at
1691 2349 1834 2403 saepe
1879 2348 2098 2386 uxorem

527 2434 687 2489 habet
723 2433 789 2488 ad
828 2435 1005 2503 gravia
1047 2432 1291 2501 patienda
1330 2430 1576 2485 solatium
1605 2428 1948 2491 atl'erentem,
1982 2440 2102 2495 qua:

529 2536 714 2596 portus
742 2527 904 2578 instar
930 2525 1029 2591 ipsi
1058 2525 1160 2588 sit;
1192 2523 1273 2577 sin
1304 2538 1401 2577 nec
1427 2536 1651 2576 uxorem
1681 2518 1874 2573 habeat
1905 2517 2060 2571 talem
2084 2558 2099 2581 ,

529 2629 583 2671 at
623 2633 727 2671 non
768 2633 883 2671 eam
926 2626 1100 2670 tamen
1135 2630 1251 2685 quae
1286 2615 1355 2667 ita
1397 2612 1693 2683 perniciosa
1720 2609 1992 2675 consulat;
2022 2608 2102 2661 siu

528 2714 687 2765 etiam
717 2710 784 2765 ita
815 2708 1107 2778 perniciosa
1135 2706 1525 2771 consulentem,
1553 2714 1607 2758 at
1631 2719 1734 2759 non
1763 2703 1898 2756 filios
1918 2715 2106 2756 omnes

532 2819 639 2858 uno
665 2802 917 2873 temporis
959 2811 1229 2857 momento
1255 2798 1545 2865 amittit;si
1571 2798 1727 2853 etiam
1772 2806 2108 2864 uuotempo-

532 2896 609 2950 ris
639 2902 909 2949 momento
931 2933 947 2956 ,
973 2901 1027 2945 at
1046 2908 1149 2948 non
1186 2892 1277 2947 tali
1303 2892 1495 2956 modo;
1523 2890 1569 2945 si
1594 2888 1684 2944 illo
1704 2887 1883 2954 modo,
1905 2896 1959 2940 et
1978 2885 2111 2939 ami-

534 3002 630 3042 cos
656 2986 817 3041 habet
841 2986 931 3055 qui
957 3002 1015 3041 se
1043 2984 1419 3050 consolentur;
1450 2984 1494 3038 si
1533 2971 1646 3037 non
1664 2981 2029 3043 consolentur,
2058 2986 2111 3031 at

536 3097 645 3137 non
693 3080 968 3136 domestici
1027 3079 1312 3145 insultant;
1342 3079 1425 3134 sin
1472 3078 1749 3141 insultant,
1790 3085 1845 3129 at
1884 3090 1987 3128 non
2036 3073 2110 3128 illi

536 3174 695 3227 etiam
746 3173 798 3226 in
838 3171 1026 3227 faciem
1068 3180 1404 3242 conspuunt;
1449 3170 1494 3226 si
1532 3179 1709 3226 autem
1761 3171 1835 3224 illi
1866 3170 2024 3223 etiam
2058 3168 2110 3223 in

536 3266 725 3320 faciem
750 3271 1065 3333 conspuaiit,
1097 3275 1153 3318 at
1181 3280 1286 3317 non
1326 3262 1416 3319 ille
1452 3262 1543 3317 tali
1592 3261 1779 3315 morbo
1805 3263 2109 3324 detinetur;

538 3358 583 3413 si
632 3357 721 3411 tali
772 3356 960 3413 morbo
1007 3356 1298 3417 detinetur.
1352 3363 1530 3409 tamen
1559 3353 1829 3409 dotnicilio
1881 3362 1933 3409 et
1975 3352 2113 3407 lecto

538 3451 767 3515 fruitur;
800 3464 973 3519 neque
1013 3448 1066 3501 in
1099 3450 1222 3504 ﬁmo
1251 3446 1441 3513 sedet;
1489 3448 1533 3501 si
1582 3447 1766 3501 intimo
1808 3444 2011 3509 sedeat,
2060 3453 2114 3499 at

524 3542 708 3597 habet
729 3541 818 3611 qui
846 3540 943 3595 sibi
975 3555 1211 3605 manum,
1250 3541 1557 3610 porrigant;
1604 3539 1649 3594 si
1690 3555 1793 3592 non
1839 3538 1998 3592 habet
2023 3537 2112 3607 qui

542 3636 643 3691 sibi
692 3648 905 3689 manum
958 3632 1251 3702 porrigant,
1290 3640 1343 3686 at
1388 3649 1491 3686 non
1527 3632 1685 3685 habet
1724 3632 1811 3700 qui
1841 3638 2024 3685 contra
2055 3644 2113 3684 se

544 3726 882 3782 invehantur.
911 3724 1005 3779 llic
1031 3734 1205 3779 autem
1241 3723 1327 3776 illa
1357 3723 1533 3777 omnia
1565 3724 1843 3787 sustinuit;
1872 3723 2118 3792 quodque

546 3820 841 3874 mirabilius
880 3828 997 3881 est,
1031 3810 1083 3871 ui
1108 3818 1217 3887 jam
1248 3817 1387 3882 dixi,
1432 3818 1607 3870 omnia
1660 3816 1814 3870 simul
1844 3834 1856 3869 2
1881 3817 2020 3885 quod
2069 3816 2119 3869 id

545 3912 710 3968 efﬁcit
757 3921 813 3967 ut
867 3912 1004 3967 mala
1047 3911 1208 3981 duplo
1256 3923 1309 3965 et
1374 3910 1533 3981 triplo
1588 3909 1786 3978 majora
1840 3910 2117 3963 videantur

546 4020 690 4069 csse,
735 4003 946 4073 quando
986 4004 1031 4057 is
1066 4004 1155 4073 qui
1187 4018 1305 4057 cum
1336 4002 1489 4056 malis
1514 4012 1783 4056 concertat
1807 4041 1821 4065 ,
1855 4017 1918 4055 ne
1944 4002 2119 4069 respi-

548 4098 700 4153 randi
751 4095 963 4167 quidem
1005 4095 1249 4148 solatium
1287 4093 1470 4160 habet,
1525 4094 1617 4149 sed
1657 4110 1721 4147 ex
1774 4095 2124 4151 continuitute

550 4189 733 4245 inﬂicti
774 4189 893 4241 mali
925 4189 1091 4257 major
1124 4188 1275 4242 dolor
1304 4198 1358 4242 et
1386 4187 1709 4256 perturbatio
1740 4190 1910 4241 oritur
1940 4208 1951 4240 ε
1982 4190 2121 4259 quod

554 4282 639 4334 hic
678 4280 915 4349 contigit.
974 4277 1103 4332 Nam
1148 4278 1324 4331 ovium
1377 4278 1665 4346 perniciem
1719 4288 1773 4332 et
1824 4278 2124 4333 incendium

552 4372 759 4440 excepit
797 4371 955 4426 boum
992 4368 1174 4439 rapina
1199 4413 1212 4434 ,
1254 4381 1305 4425 et
1336 4372 1473 4425 hanc
1501 4371 1805 4439 asinorum;
1839 4371 1975 4427 hanc
2001 4389 2127 4429 vero

552 4465 874 4519 camelorum
898 4474 1111 4532 captura
1133 4471 1187 4516 et
1212 4476 1487 4517 servorum
1510 4462 1717 4527 czedes;
1751 4464 1904 4518 istam
1925 4480 2050 4520 vero
2076 4468 2127 4519 li-

555 4561 741 4612 liormn
766 4558 1043 4628 pernicies,
1063 4566 1115 4611 et
1139 4555 1371 4611 terribile
1395 4556 1519 4609 illud
1548 4557 1920 4629 insolitumque
1942 4556 2130 4617 lllOrliS

553 4664 724 4721 genus
751 4648 1155 4717 horribilius-que
1178 4648 1479 4717 sepulcrum
1507 4648 1752 4719 (idipsum
1775 4652 1915 4705 enim
1939 4660 1993 4705 et
2016 4655 2130 4708 exi-

557 4744 687 4797 tium
716 4750 771 4796 et
807 4739 1105 4809 sepulcrum
1148 4739 1279 4810 fuit)
1308 4749 1361 4794 et
1390 4755 1571 4794 mensa
1596 4782 1611 4808 ,
1640 4757 1758 4812 quae
1787 4758 1926 4798 nunc
1953 4745 2127 4805 cibum

556 4834 819 4889 sumentia
854 4846 1076 4902 corpora
1103 4872 1118 4897 ,
1160 4846 1301 4886 nunc
1327 4832 1538 4886 concisa
1581 4836 1819 4903 excepit;
1851 4847 1902 4891 et
1941 4838 2131 4904 phialae

554 4936 712 4993 atque
740 4925 921 4993 pocula
945 4939 1064 4979 eum
1085 4925 1209 4978 vino
1232 4924 1541 4993 sanguinem
1563 4927 1896 4995 excipientia,
1923 4941 1975 4983 et
1999 4945 2129 4985 cou-

557 5018 666 5071 cisa
699 5018 952 5070 membra.
988 5017 1231 5069 Attamen
1272 5026 1387 5084 post
1419 5015 1555 5071 hanc
1579 5032 1792 5087 gravem
1823 5022 2129 5090 tragwdiam

558 5108 799 5177 graviora
826 5108 927 5161 alia
958 5121 1139 5160 rursus
1164 5123 1284 5161 eum
1317 5118 1532 5162 manent
1556 5148 1569 5170 ,
1598 5122 1719 5162 cum
1745 5125 1811 5165 ne
1840 5114 1919 5166 vel
1952 5116 2128 5168 tantil-

562 5201 668 5253 lum
716 5201 1046 5267 rospirassct.
1088 5200 1219 5254 Hinc
1259 5202 1401 5254 enim
1444 5203 1700 5256 vermium
1744 5206 2088 5275 scaturigines
2113 5249 2130 5275 ,

560 5292 725 5346 saniei
757 5291 971 5353 ﬂuenta,
1002 5292 1051 5345 in
1081 5293 1203 5345 timo
1232 5293 1409 5355 sedes,
1444 5302 1577 5348 testa
1603 5310 1719 5363 quae
1748 5295 1907 5351 latera
1942 5298 2130 5365 radat,

560 5388 837 5438 vulnerum
864 5382 1038 5448 fmtor,
1063 5385 1149 5453 qui
1174 5400 1372 5437 novum
1396 5385 1521 5439 illud
1549 5386 1700 5442 famis
1720 5404 1883 5457 genus
1906 5388 2135 5455 induxit,

561 5491 623 5530 ac
648 5493 711 5529 ne
739 5486 1027 5546 priesentes
1047 5475 1260 5545 quidem
1282 5474 1432 5531 cibos
1454 5488 1669 5548 tangere
1690 5482 1868 5533 sitiens
1887 5524 1899 5545 ,
1922 5485 2138 5549 grai-ius

563 5567 674 5635 ipsa
705 5570 840 5623 fame
873 5567 1137 5622 fastidium
1166 5567 1444 5623 inducebat
1475 5586 1487 5622 :
1515 5581 1568 5623 et
1599 5569 1712 5626 haec
1741 5588 1844 5625 non
1870 5573 2095 5628 duorum
2115 5616 2131 5639 ,

564 5674 670 5714 non
696 5659 913 5723 decem,
941 5674 1045 5713 non
1072 5659 1254 5729 viginti
1276 5701 1291 5724 ,
1325 5674 1429 5713 non
1454 5670 1664 5715 centum
1691 5663 1896 5718 dierum
1927 5665 2131 5734 spatio,

563 5751 654 5806 sed
684 5750 923 5822 plurimis
950 5753 1235 5810 mensibus.
1270 5752 1453 5824 Neque
1480 5752 1565 5809 hic
1583 5763 1840 5810 steterunt
1864 5772 2134 5827 corporea:

1166 284 1225 340 S.
1263 276 1537 337 JOANNIS
1571 265 2043 330 CBRYSOSTOMI
2087 263 2403 320 ARClllEP.
2444 257 2979 318 CONSTJNTINOP.

3654 256 3759 309 ιθσ

2180 404 2510 459 calamitates
2540 422 2551 455 :
2582 400 2675 456 sed
2704 417 2822 455 cum
2855 402 2904 453 in
2940 400 3039 453 hoc
3069 406 3206 452 statu
3236 397 3321 451 ille
3358 405 3493 451 esset
3525 404 3580 452 et
3610 400 3757 451 undi-

2180 513 2280 567 que
2310 498 2654 559 cruciaretur,
2686 495 2845 553 intus,
2874 492 3227 556 extrinsecus,
3254 493 3432 546 uxoris
3457 492 3617 544 etiam
3652 508 3757 543 nut-

2180 590 2352 643 china:
2398 604 2519 641 eum
2567 584 3029 655 aggredicbantur.
3082 582 3347 638 [hutnonis
3381 582 3541 635 telum
3572 581 3758 635 effecta

2181 681 2370 748 conjux
2401 719 2414 743 ,
2448 679 2619 731 virum
2669 690 2825 730 suum
2872 676 3046 745 lingua
3077 675 3307 743 impetit,
3338 684 3387 729 et
3432 682 3589 742 pacto
3631 674 3759 727 inito

2183 787 2300 826 eum
2344 770 2577 834 dabolo,
2629 769 2775 821 illum
2819 768 2938 822 telis
2986 776 3281 837 oppugnat,
3338 766 3399 818 iis
3430 782 3549 834 qua:
3602 780 3759 834 supra

2184 865 2413 919 diximus
2440 863 2805 918 accrbioribus
2840 869 2893 915 et
2920 860 3406 931 perniciosioribus.
3458 859 3639 929 Neque
3680 860 3764 916 hic

2189 955 2281 1009 fuit
2317 956 2664 1010 certaminum
2718 951 2875 1015 finis;
2906 951 2997 1005 sed
3042 950 3185 1004 initia
3218 966 3400 1004 rursus
3425 962 3470 1006 et
3508 952 3762 1020 promnia

2187 1048 2317 1101 aciei
2373 1055 2547 1101 erant.
2606 1045 2736 1111 Quia
2796 1044 2936 1098 enim
2996 1043 3125 1097 nihil
3182 1043 3302 1097 inde
3356 1044 3590 1098 lucratus
3655 1057 3767 1099 erit

2188 1140 2451 1203 diabolus,
2509 1140 2799 1192 amicorum
2855 1137 3052 1191 chorus
3094 1137 3363 1201 accessit,
3410 1140 3494 1207 qui
3541 1140 3765 1192 commi-

2188 1233 2477 1288 serantium
2528 1230 2708 1300 specie
2752 1229 3084 1283 inimiCorum
3129 1244 3279 1284 more
3336 1230 3574 1284 insiliunt
3606 1232 3653 1284 in
3682 1232 3767 1300 ja-

2190 1336 2419 1385 ccutem,
2442 1334 2494 1377 et
2523 1322 2704 1377 ulcera
2746 1319 3006 1377 refricant
3043 1321 3143 1375 sibi
3185 1332 3369 1375 nmtuo
3400 1325 3773 1389 succedentes,

2192 1432 2363 1486 neque
2392 1418 2653 1483 rCSpirare
2697 1414 2953 1477 sinentes,
2990 1414 3168 1467 multis
3205 1412 3421 1468 circulis
3452 1415 3623 1484 ipsum
3662 1416 3770 1469 cir-

2191 1511 2506 1566 cuiudantcs
2556 1507 2935 1579 crudelemque
2992 1516 3209 1576 agentes
3264 1507 3536 1562 choreum.
3593 1509 3779 1564 Dicam

2194 1602 2352 1656 etiam
2413 1600 2585 1655 noctis
2660 1598 3047 1654 intolerabilem
3096 1599 3486 1664 tentationem,
3542 1616 3660 1669 qua:
3720 1610 3778 1656 et

2196 1692 2306 1763 ipsa
2340 1707 2472 1746 nova
2522 1691 2841 1760 insolitaque
2886 1691 3038 1745 erat?
3074 1691 3293 1746 Cicteris
3333 1708 3561 1762 namque
3601 1692 3774 1746 homi-

2196 1784 2352 1839 nibus
2372 1786 2645 1849 omnibus,
2680 1784 2803 1839 licet
2827 1784 3101 1838 innumera
3134 1785 3399 1853 patiantur
3418 1786 3624 1855 gravia,
3656 1787 3778 1839 licet

2199 1881 2250 1937 iu
2278 1896 2493 1935 carcere
2520 1880 2777 1945 habitent,
2810 1880 2929 1934 licet
2958 1888 3145 1934 catena
3175 1881 3628 1949 constringuntur,
3658 1881 3779 1934 licet

2199 1971 2525 2028 Calamitates
2572 1970 2887 2041 deplorent,
2937 1971 3059 2025 licet
3104 1972 3345 2042 corporis
3393 1973 3778 2027 mutilationem

2203 2068 2468 2135 patiantur
2489 2106 2503 2129 ,
2530 2064 2653 2118 licet
2683 2064 2821 2119 fame
2852 2073 3157 2133 premantur
3185 2072 3238 2118 ct
3266 2067 3453 2119 morbo
3481 2065 3779 2119 laboribus-

2201 2173 2303 2228 que
2326 2167 2377 2211 et
2399 2156 2682 2221 aerumnis;
2710 2165 2943 2211 attamen
2969 2171 3070 2210 uox
3093 2155 3381 2210 adveniens
3403 2156 3783 2210 consolationis

2205 2251 2544 2321 pharmacum
2594 2249 2849 2317 adducit,
2894 2265 3089 2318 corpus
3130 2248 3400 2303 laboribus
3438 2265 3699 2309 vacuum.
3732 2259 3787 2304 et

2203 2346 2434 2399 animam
2477 2358 2504 2395 a
2545 2341 2687 2396 curis
2729 2341 2946 2395 liberam
2986 2339 3259 2393 dimittens
3292 2358 3305 2395 :
3338 2339 3460 2395 huic
3492 2356 3620 2394 vero
3663 2350 3788 2394 tuuc

2205 2439 2365 2493 etiam
2400 2444 2581 2505 portus
2612 2434 2662 2489 in
2695 2433 2971 2503 scopulum
3003 2448 3187 2487 versus
3212 2442 3292 2487 est
3317 2472 3331 2496 ,
3365 2441 3417 2487 et
3446 2434 3788 2502 pharmacum

2207 2527 2305 2584 fuit
2360 2530 2526 2590 ulcus,
2587 2525 2883 2580 consolatio
2926 2524 3184 2594 gravioris
3222 2523 3667 2591 terribiliorisque
3693 2524 3790 2579 do-

2208 2621 2338 2678 loris
2400 2618 2842 2681 additamentum,
2915 2626 3203 2686 tempestas
3254 2615 3352 2685 ipsi
3418 2617 3519 2670 fuit
3583 2617 3635 2670 in
3692 2632 3790 2670 no-

2208 2723 2318 2777 cte,
2350 2729 2467 2781 qua:
2519 2711 2726 2764 czetcris
2773 2708 3072 2763 hominibus
3125 2709 3262 2778 parit
3306 2707 3786 2778 tranquillitatem:

2211 2814 2266 2859 et
2288 2802 2518 2871 fugiebat
2547 2800 2760 2871 quidem
2793 2800 2881 2856 ille
2911 2800 3059 2869 quasi
3085 2815 3113 2853 a
3145 2799 3387 2855 ﬂuctibus
3412 2816 3439 2853 a
3467 2800 3554 2855 die
3576 2843 3589 2867 ,
3617 2802 3684 2855 ob
3710 2802 3791 2855 in-

2215 2895 2516 2950 tolerabiles
2548 2894 2667 2948 illos
2693 2893 2941 2959 dolores;
2974 2893 3175 2948 invenit
3204 2901 3378 2947 autem
3411 2892 3601 2947 fluctus
3627 2893 3791 2949 decu-

2213 3002 2403 3043 manos
2426 3028 2442 3053 ,
2476 2986 2703 3041 vortices
2726 3026 2741 3053 ,
2776 2994 2952 3055 petras
2978 2993 3031 3039 et
3059 3000 3183 3039 saxa
3218 2984 3431 3039 latentia
3456 3025 3472 3052 ,
3506 2984 3575 3040 ita
3606 2996 3661 3040 ut
3685 2987 3793 3057 jam

2213 3080 2318 3135 diei
2352 3079 2545 3133 ﬂuctus
2572 3086 2797 3147 Optaret.
2829 3077 2949 3132 Ideo
2975 3080 3135 3133 etiam
3164 3077 3297 3148 ipse,
3331 3078 3433 3132 hoc
3464 3095 3655 3133 novum
3688 3096 3796 3133 ma-

2216 3173 2325 3228 lum
2364 3186 2622 3227 etiarrans
2642 3214 2656 3237 ,
2690 3170 2951 3226 clamabat
2988 3172 3174 3227 dicens
3204 3189 3218 3225 :
3248 3171 3309 3226 Si
3345 3173 3577 3227 accubent
3598 3214 3615 3239 ,
3644 3175 3755 3228 dico
3779 3217 3795 3240 ,

2219 3264 2435 3329 Quando
2477 3263 2582 3316 dies
2625 3263 2757 3315 erit?
2796 3263 2838 3316 si
2879 3279 3082 3333 surgant
3108 3305 3123 3329 ,
3164 3264 3312 3325 dico,
3350 3262 3566 3329 Quando
3596 3281 3798 3335 vespera

2218 3361 2237 3429 (
2265 3357 2362 3413 Job
2391 3358 2443 3411 7.
2482 3357 2515 3411 4
2540 3355 2594 3426 )?
2623 3356 2735 3425 Qua
2770 3356 2839 3411 de
2868 3371 3027 3410 causa
3052 3397 3067 3420 .
3099 3356 3185 3411 die
3227 3355 3396 3410 mihi?
3441 3361 3561 3411 nam
3604 3360 3667 3411 in
3715 3359 3799 3414 die

2220 3448 2433 3520 quidem
2474 3447 2594 3516 jure
2634 3454 2843 3501 noctem
2894 3446 3120 3516 requiris
3149 3466 3163 3503 :
3196 3461 3475 3516 vestieratn
3523 3450 3665 3503 enim
3715 3450 3801 3504 iile

2221 3553 2429 3599 noctem
2473 3548 2649 3607 vocat,
2679 3555 2798 3611 qua:
2845 3556 2874 3593 a
2923 3540 3130 3595 diurnis
3180 3541 3335 3595 malis
3370 3526 3478 3595 dati
3517 3542 3753 3613 requiem
3786 3564 3796 3596 :

2222 3653 2341 3691 cum
2370 3646 2545 3689 autem
2577 3650 2686 3688 nox
2720 3632 2957 3696 advenit,
2989 3642 3116 3687 tunc
3148 3633 3301 3687 adest
3338 3635 3722 3704 tranquillitas,
3751 3646 3802 3689 et

2225 3730 2471 3785 dolorum
2503 3726 3031 3795 sollicitudinumque
3075 3726 3300 3781 oblivio.
3329 3726 3437 3781 Cur
3466 3742 3593 3797 ergo
3622 3744 3805 3784 rursus

2224 3823 2364 3877 diem
2410 3821 2675 3891 requiris?
2727 3820 2859 3887 Quia
2909 3818 3038 3873 mihi
3085 3834 3188 3873 uox
3235 3820 3320 3874 die
3365 3820 3639 3874 molestior
3680 3834 3802 3877 est:

2226 3931 2397 3984 neque
2435 3916 2575 3967 enim
2622 3908 2747 3967 milii
2778 3912 3163 3966 immunitatem
3207 3929 3234 3963 a
3266 3912 3533 3967 laboribus
3567 3925 3803 3984 praislat,

2226 4009 2320 4063 sed
2353 4023 2535 4063 eorum
2572 4015 2915 4076 augmentum
2946 4014 3000 4058 et
3042 4004 3301 4059 tumultus
3328 4015 3486 4075 atque
3526 4006 3804 4074 perturba-

2228 4102 2400 4155 tiones
2430 4118 2443 4154 :
2476 4110 2635 4169 atque
2678 4099 2779 4154 hoc
2819 4097 2991 4169 ipsum
3030 4098 3308 4153 declarans
3348 4098 3558 4154 dicebat
3592 4118 3604 4152 :
3635 4099 3811 4155 Terris

2229 4210 2305 4246 me
2341 4193 2392 4245 in
2430 4190 2721 4255 insomniis,
2755 4199 2799 4243 et
2826 4191 2878 4243 in
2907 4190 3022 4245 visis
3052 4206 3131 4243 me
3158 4190 3389 4256 perrellis
3417 4189 3576 4263 (Ibid.
3618 4206 3659 4242 υ.
3704 4194 3807 4262 Η).

2231 4284 2438 4339 Etenim
2471 4284 2864 4353 perterrebatur
2895 4282 3186 4336 tremendis
3221 4282 3321 4336 illis
3354 4285 3629 4338 nocturnis
3664 4286 3811 4349 visis,

2231 4375 2565 4433 intolerando
2594 4376 2783 4430 timore
2802 4417 2816 4439 ,
2850 4374 3044 4429 mentis
3071 4389 3294 4429 excessu
3327 4385 3535 4431 terrore
3563 4378 3807 4433 obrutus.

2302 4470 2357 4525 5.
2401 4470 2588 4523 Annon
2637 4466 2993 4536 defatigamini
3032 4468 3310 4523 audientes
3360 4476 3465 4523 tam
3509 4469 3811 4541 frequentes

2232 4562 2348 4616 illas
2394 4558 2761 4615 calamitates?
2820 4561 2884 4613 At
2939 4560 3026 4614 ille
3086 4561 3293 4631 patiens
3345 4577 3452 4616 non
3514 4562 3809 4620 fatiscehat.

2232 4652 2586 4721 Quamobrem
2615 4667 2741 4720 rogo
2766 4652 3039 4707 caritatem
3073 4663 3320 4719 vestram,
3345 4653 3518 4708 adlme
3548 4656 3810 4724 paululum

2232 4743 2547 4814 exspectetis
2597 4759 2612 4794 :
2656 4741 2890 4796 nondum
2936 4742 3077 4796 enim
3129 4742 3591 4810 totumdiximus,
3646 4762 3811 4816 neque

2235 4837 2533 4892 addidimus
2584 4835 2802 4889 alterunt
2869 4838 3317 4904 exsuperantiam.
3381 4837 3553 4893 Unum
3603 4841 3814 4907 quidem

2236 4938 2373 4992 erat,
2408 4927 2546 4997 quod
2597 4928 2771 4980 omnia
2828 4928 2962 4980 maia
3013 4944 3133 4997 qua:
3193 4930 3497 4985 hominibus
3545 4932 3813 5000 accidunt,

2237 5038 2398 5074 unum
2442 5036 2633 5088 corpus
2690 5019 2949 5088 perferret
2993 5036 3006 5073 :
3048 5020 3191 5075 aliud
3244 5038 3391 5086 vero,
3444 5024 3585 5094 quod
3640 5027 3813 5080 omnia

2238 5114 2414 5175 simul,
2444 5129 2540 5167 nec
2557 5114 2635 5166 vel
2660 5112 2931 5166 minimam
2972 5112 3201 5168 habebat
3230 5116 3464 5183 requiem
3496 5118 3575 5170 vel
3606 5118 3815 5174 dilatio-

2240 5225 2382 5262 nem.
2442 5207 2678 5261 Tertium
2722 5207 2920 5261 addere
2959 5208 3079 5261 volo
3124 5225 3139 5262 :
3190 5210 3457 5278 quodnam
3519 5212 3645 5266 illud
3698 5215 3815 5268 (st?

2239 5300 2389 5369 Quod
2444 5300 2706 5353 dictorum
2760 5298 2965 5371 singula
3024 5316 3129 5381 non
3190 5300 3348 5355 modo
3400 5303 3554 5358 simul
3609 5304 3814 5375 ingrue-

2240 5403 2392 5459 runt,
2445 5394 2539 5447 sed
2592 5394 2750 5446 etiam
2807 5406 2928 5446 cum
2986 5392 3036 5446 vi
3090 5409 3278 5461 magna
3326 5407 3377 5449 et
3432 5400 3812 5454 vehementia:

2241 5501 2362 5539 nam
2409 5493 2687 5554 paupertas
2724 5484 2842 5552 ejus
2870 5491 2985 5538 erat
3032 5489 3179 5539 omni
3218 5499 3523 5556 paupertate
3567 5492 3816 5559 gravior;

2242 5576 2459 5630 morbus
2504 5576 2650 5640 item,
2697 5575 2873 5643 sedes,
2928 5574 3156 5632 ﬁliorum
3203 5580 3483 5648 pernicies,
3530 5582 3815 5639 bonarum-

2241 5684 2345 5738 que
2396 5669 2653 5723 omnium.
2706 5667 2981 5739 Perpende
3031 5680 3207 5724 autem
3238 5690 3249 5725 :
3282 5674 3508 5742 perdidit
3558 5680 3816 5745 quispiam

2244 5760 2381 5816 bona
2429 5779 2520 5815 sua
2545 5761 2565 5813 τ’
2593 5771 2646 5816 at
2674 5778 2777 5817 non
2812 5762 3018 5833 penitus
3062 5763 3263 5830 omnia,
3304 5781 3475 5837 neque
3517 5769 3605 5821 tali
3637 5773 3811 5823 modo.
