4124 6336
341 396 439 457 111

342 510 538 573 Amisit
582 509 759 568 Ilios?
810 516 865 562 at
904 519 1197 576 numquam
1248 516 1356 557 uno
1397 506 1674 555 momento
1728 506 1939 556 omnes,

342 619 519 677 neque
574 612 692 670 tot,
745 614 921 671 neque
981 598 1134 653 tales.
1194 596 1252 652 111
1304 593 1551 649 morbum
1605 587 1833 644 incidit?
1890 594 1947 640 at

340 712 448 755 non
476 696 658 759 talem,
685 692 781 749 sed
824 690 907 747 vel
956 688 1092 746 febri
1140 686 1422 752 laboravit,
1454 683 1539 739 vel
1585 680 1944 742 mutilatioue,

340 790 423 845 vel
450 786 804 857 similialiquo
824 792 1193 852 consuetoque
1213 776 1422 835 morbo.
1453 774 1548 831 llla
1578 782 1758 829 autem
1792 770 1944 842 plaga

340 882 556 939 insolita
585 887 719 945 erat,
751 892 869 949 qum
884 874 977 932 uni
1009 871 1229 945 patienti
1259 880 1385 927 110111
1406 877 1568 924 esset.
1589 864 1778 921 Nullus
1802 862 1944 918 enim

340 990 522 1031 sermo
541 972 811 1044 explicare
840 966 1011 1040 possit
1031 980 1191 1038 quam
1218 962 1410 1020 acerba
1433 967 1615 1016 essent
1646 958 1825 1013 ulcera
1854 953 1944 1010 illa

339 1078 394 1125 et
419 1075 679 1139 quantum
719 1064 978 1121 iub-mut
1002 1060 1228 1117 vulnera
1256 1056 1543 1123 dolorem;
1575 1052 1670 1109 sed
1700 1051 1832 1107 satis
1860 1058 1947 1105 est

340 1161 543 1219 dixisse
584 1159 708 1231 quis
731 1158 933 1213 malum
970 1153 1245 1219 indixerit,
1278 1160 1333 1207 et
1362 1163 1524 1221 quam
1552 1146 1872 1203 exulcerato
1897 1142 1945 1200 is

340 1255 527 1311 animo
552 1262 718 1319 esset,
750 1260 807 1306 ut
837 1249 1007 1321 plaga:
1049 1243 1364 1319 magnitudo
1405 1240 1742 1300 ostendatur.
1794 1237 1943 1295 Nova

342 1353 468 1408 item
490 1361 547 1410 et
562 1350 773 1407 insolita
798 1356 917 1405 erat
941 1345 1059 1418 ejus
1080 1345 1259 1402 sedes.
1286 1341 1470 1415 Neque
1490 1339 1635 1399 enim
1659 1338 1797 1395 ullus
1820 1353 1942 1395 11111⁴

338 1460 499 1516 quam
530 1458 731 1515 pauper
758 1442 838 1516 sic
864 1440 1011 1496 sedit
1030 1439 1177 1495 omni
1209 1447 1453 1508 tempore
1478 1434 1582 1491 sub
1607 1433 1730 1502 dio,
1764 1443 1822 1489 ut
1852 1432 1945 1489 ille

337 1514 587 1602 sedebat,
606 1514 847 1591 vestibus
870 1532 1120 1597 nudatus,
1141 1540 1281 1587 tecto
1298 1530 1537 1601 privatus
1552 1528 1722 1597 omni,
1743 1526 1795 1582 in
1814 1525 1944 1583 limo

337 1628 539 1685 sedens
560 1626 835 1684 vermibus
863 1632 1101 1680 scatens.
1131 1621 1290 1694 Szt‘pe
1318 1622 1499 1678 evenit
1520 1629 1577 1677 ut
1593 1619 1717 1691 quis
1744 1619 1941 1675 malum

338 1720 563 1777 haberet
596 1733 818 1773 uxorem
841 1716 967 1773 :sed
988 1716 1131 1771 nulla
1155 1730 1407 1786 umquam
1428 1722 1535 1769 tam
1559 1712 1804 1784 improba
1846 1712 1943 1767 fuit

337 1830 457 1885 qna-
486 1812 539 1867 itt
570 1820 715 1866 tanta
754 1809 1062 1865 calamitate
1100 1808 1273 1863 virum
1315 1806 1706 1873 insectaretur,
1738 1816 1794 1861 ct
1831 1804 1943 1877 gla-

336 1907 482 1962 dium
514 1913 728 1959 acueret
758 1902 1021 1957 adversus
1048 1902 1286 1957 animam
1321 1899 1507 1971 ipsius,
1535 1899 1768 1970 taliaque
1808 1914 1937 1954 con-

336 2002 454 2059 silia
480 2002 652 2056 daret.
690 1998 1001 2054 Amicorum
1029 2011 1246 2067 quoque
1286 2005 1336 2049 et
1363 1994 1793 2050 domesticorum
1820 1994 1942 2048 ani-

335 2110 485 2152 mum
514 2091 802 2151 considera
832 2108 845 2144 :
881 2088 1035 2146 famis
1076 2103 1292 2161 quoque
1330 2102 1528 2143 novum
1557 2101 1757 2158 genus,
1798 2085 1942 2158 quod

338 2195 524 2241 mensa
559 2184 798 2255 apposita
829 2182 957 2237 nihil
982 2191 1199 2252 gustare
1234 2188 1417 2251 posset
1468 2179 1653 2235 Dicam
1697 2190 1752 2235 et
1780 2194 1943 2250 quaro

340 2285 448 2331 tam
489 2274 866 2349 hyperbolen?
919 2274 1134 2329 divitias
1184 2287 1379 2345 nempe
1426 2281 1479 2329 et
1532 2271 1942 2343 prosperitatem

341 2368 641 2439 pristinam.
689 2366 821 2422 Nam
861 2364 952 2438 qui
981 2366 1049 2420 ab
1094 2364 1247 2419 initio
1299 2366 1351 2418 in
1392 2372 1710 2435 paupertate
1766 2362 1942 2428 visit,

341 2459 550 2515 facilith
588 2457 691 2513 fert
729 2458 897 2523 illam,
928 2466 1111 2529 utpote
1151 2454 1243 2529 qui
1286 2456 1485 2511 malum
1520 2454 1647 2511 illud
1676 2454 1770 2511 diu
1802 2455 1946 2511 tule-

342 2554 411 2609 rit
439 2568 454 2606 :
480 2552 571 2623 qui
603 2559 781 2607 autem
811 2565 878 2606 es
922 2558 1068 2604 tanta
1098 2547 1373 2618 opulentia
1403 2547 1658 2620 delapsus
1682 2555 1789 2613 est,
1816 2562 1942 2603 eum

342 2653 527 2717 utpote
553 2660 652 2700 nec
679 2654 985 2715 expertum,
1009 2658 1110 2699 nec
1140 2651 1458 2699 nascentem
1480 2642 1624 2697 illam
1650 2640 1945 2699 verisimile

341 2749 427 2795 est
465 2739 681 2809 gravius
728 2738 984 2801 sensisse,
1044 2736 1292 2793 acerbius
1342 2736 1617 2801 doluisse,
1662 2743 1731 2791 et
1773 2735 1943 2806 magis

358 2834 627 2889 turbatum
656 2831 841 2887 fuisse.
883 2830 1143 2899 Quintum
1187 2832 1351 2885 etiam
1380 2828 1487 2885 dici
1530 2831 1699 2899 possit
1726 2846 1740 2882 :
1768 2827 1939 2899 quod-

343 2943 466 2983 nuu
495 2926 659 2981 illud?
690 2927 746 2981 In
774 2926 894 2981 altis
920 2926 1165 2997 quidem,
1189 2923 1390 2996 singuli
1410 2922 1659 2979 homines
1686 2924 1777 2995 qui
1800 2922 1943 2978 mul-

344 3030 520 3073 torum
544 3016 644 3073 sibi
697 3017 961 3073 malormn
1013 3016 1218 3073 conscii
1248 3025 1395 3082 sunt,
1447 3030 1670 3072 causam
1718 3024 1938 3081 norunt,

340 3110 496 3179 cujus
541 3124 703 3165 causa
762 3110 1067 3180 patiuntur;
1121 3108 1284 3180 idque
1342 3122 1449 3164 non
1505 3123 1694 3179 parum
1746 3117 1829 3163 est
1872 3107 1942 3163 ad

339 3202 764 3257 consolationem
795 3220 811 3257 :
855 3202 944 3258 ille
976 3216 1106 3257 vero
1126 3217 1302 3272 neque
1332 3201 1436 3257 1100
1460 3202 1677 3272 quidem
1705 3202 1943 3273 cogitare

341 3304 570 3366 poterat,
588 3293 729 3365 quod
746 3293 1066 3350 delictorum
1086 3305 1535 3366 peccatorumque
1551 3310 1738 3367 panos
1752 3296 1905 3352 daret
1924 3313 1938 3349 :

340 3396 395 3441 et
419 3386 520 3442 hoc
540 3386 774 3442 maxime
802 3386 1146 3442 ratiocinium
1175 3387 1295 3456 ejus
1333 3387 1602 3444 turbabat.
1634 3387 1769 3444 Cum
1795 3390 1940 3445 enim

340 3480 505 3535 vitam
535 3495 685 3534 suam
716 3480 1093 3550 perpendehat
1119 3489 1174 3536 et
1213 3480 1601 3535 conscientiam
1633 3496 1783 3535 suam
1824 3480 1943 3551 plus

340 3586 500 3640 quam
530 3571 612 3627 sol
656 3571 1000 3647 elfulgentcm
1047 3587 1111 3627 ac
1150 3582 1296 3627 recte
1330 3570 1597 3627 factorum
1640 3572 1941 3628 multitudi-

339 3679 484 3727 nem,
515 3674 737 3718 noverat
762 3678 821 3718 se
861 3663 1077 3719 coronis
1104 3672 1161 3718 et
1205 3664 1390 3719 bravio
1430 3674 1485 3718 et
1515 3664 1749 3735 pranuiis
1789 3665 1942 3719 inmt-

339 3757 503 3811 meris
528 3770 650 3811 esse
678 3754 898 3825 dignum
928 3772 943 3811 :
976 3770 1098 3811 cum
1122 3770 1252 3811 vero
1278 3769 1474 3825 corpus
1494 3769 1648 3809 suum
1682 3757 1941 3825 respicie-

338 3848 451 3913 bat,
486 3847 685 3912 ulcera,
712 3857 768 3903 et
796 3848 975 3902 omnia
1002 3862 1121 3918 qua:
1151 3848 1253 3903 sibi
1283 3847 1634 3915 acciderant;
1662 3847 1852 3904 videns
1882 3865 1942 3905 se

335 3940 581 4010 graviora
620 3940 747 4010 pati,
780 3956 940 4011 quam
980 3940 1071 4010 qni
1120 3951 1363 3996 extrema
1411 3941 1617 3997 scelera
1662 3953 1942 4012 perpetra-

340 4042 480 4099 rant,
512 4034 712 4088 nullam
738 4048 956 4087 causam
990 4033 1235 4089 invenire
1277 4043 1331 4090 et
1364 4032 1548 4090 dicere
1588 4043 1801 4104 poterat
1843 4052 1943 4092 cur

340 4129 464 4184 talia
490 4138 783 4199 pateretur.
817 4126 940 4183 ldeo
959 4127 1119 4198 igitur
1133 4129 1201 4182 ad
1226 4128 1826 4200 incomprehensibilem
1848 4123 1940 4183 Dei

338 4221 801 4293 dispensationem
821 4220 1134 4289 confugiens
1150 4221 1363 4275 dicebat
1387 4238 1399 4274 :
1418 4221 1565 4276 Sicut
1584 4219 1807 4275 Domino
1829 4222 1945 4289 pla-

339 4318 464 4383 cuit,
487 4318 559 4369 ita
588 4318 779 4387 factum
804 4325 877 4368 est
908 4313 1027 4385 (Job
1066 4318 1109 4369 l.
1150 4314 1266 4385 21).
1291 4314 1358 4370 Et
1385 4330 1607 4370 uxorem
1638 4314 1942 4384 reprimens

341 4425 438 4479 pro
466 4408 714 4462 facultate
742 4406 1003 4461 rationem
1036 4408 1369 4478 exprompsit.
1393 4424 1510 4478 qua!
1541 4406 1793 4476 pietatem
1824 4404 1943 4474 ejus

340 4503 630 4559 admodum
661 4501 1001 4564 ostendebat,
1021 4503 1099 4557 sic
1127 4502 1313 4558 dicens
1338 4520 1351 4556 :
1376 4505 1435 4556 Si
1462 4502 1595 4555 bona
1625 4499 1941 4569 suscepimus

338 4618 371 4653 a
402 4597 647 4663 Domino,
677 4598 812 4651 mala
839 4614 939 4650 non
961 4596 1317 4651 sustinebimus
1344 4594 1498 4665 (Job.
1531 4592 1586 4655 2-,
1616 4590 1750 4665 l0)?

410 4695 542 4747 Ante
581 4692 801 4763 gratiam
839 4690 994 4743 virtus
1036 4689 1291 4760 difﬁcilior
1327 4697 1453 4743 erat.
1484 4686 1755 4742 —-Aliam
1805 4698 1944 4755 quo-

341 4801 446 4856 que
485 4786 661 4840 dicam
706 4783 1073 4857 hyperbolen.
1116 4798 1234 4854 qum
1277 4782 1535 4836 athletam
1582 4780 1733 4834 illum
1776 4778 1947 4833 Inari-

343 4895 431 4934 me
471 4888 696 4934 coronet
737 4892 801 4931 ac
839 4878 1116 4946 praedicet,
1157 4875 1513 4945 ostendatque
1545 4874 1686 4928 illius
1707 4873 1941 4927 animam

342 4972 629 5027 sublimem
661 4970 727 5024 ad
772 4969 964 5024 caelum
1006 4983 1170 5038 usque
1217 4967 1636 5037 pertingentem.
1683 4963 1942 5033 Qntenatn

342 5064 505 5134 igitur
533 5062 621 5116 illa
650 5061 776 5115 est?
806 5059 1087 5130 Temporis
1112 5058 1415 5113 didereutia
1453 5077 1465 5114 :
1500 5073 1623 5113 cum
1650 5057 1793 5112 enim
1820 5065 1947 5111 ante

340 5156 568 5227 gratiam
599 5160 654 5207 et
679 5162 804 5207 ante
836 5152 1008 5221 legem
1038 5151 1353 5213 exsutisset,
1396 5150 1487 5203 tali
1534 5160 1711 5205 tamen
1754 5148 1947 5219 plenus

341 5257 460 5303 erat
490 5245 849 5318 philosophia.
892 5243 1009 5299 Non
1057 5259 1245 5313 parum
1292 5252 1471 5297 autem
1517 5243 1647 5297 illud
1697 5252 1801 5306 est,
1850 5242 1946 5297 sed

341 5338 486 5413 quod
528 5347 824 5394 sescentas.
849 5337 1281 5407 possitlnectere
1323 5350 1574 5390 coronas.
1620 5334 1946 5389 Eorumdem

342 5436 489 5491 enim
520 5442 667 5490 recte
695 5433 958 5487 factorum
988 5446 1093 5484 non
1121 5428 1326 5484 0111110111
1350 5437 1476 5482 sunt
1497 5426 1801 5491 mercedes,
1824 5442 1945 5481 cum

345 5528 484 5583 alius
513 5526 731 5597 quidem
774 5523 963 5595 priscis
996 5522 1327 5591 temporibus
1369 5520 1491 5605 talia
1523 5522 1774 5590 patravit,
1812 5519 1949 5573 alius

345 5631 524 5677 autem
554 5622 742 5674 intimo
768 5632 916 5681 arvo;
948 5617 1043 5671 sed
1080 5614 1245 5684 priori
1275 5610 1718 5687 lottgrfmajorcs.
1765 5610 1949 5680 Neque

344 5715 488 5771 enim
527 5728 624 5783 par
655 5726 742 5766 res
782 5720 885 5775 est,
935 5718 1218 5779 postquam
1255 5703 1501 5773 Chrisius
1528 5704 1767 5768 advenit,
1812 5714 1951 5773 post-

342 5823 505 5879 quam
552 5812 634 5861 tot
686 5814 939 5873 tantaque
983 5800 1224 5863 exhibuit
1268 5808 1316 5854 et
1375 5796 1584 5852 monuit
1626 5804 1679 5850 ct
1716 5796 1953 5866 111111010-

348 5902 546 5972 pit-andi
580 5899 805 5960 consilia
837 5898 985 5956 dedit
1028 5895 1283 5970 praclarc
1314 5907 1470 5963 agerc
1517 5900 1571 5949 et
1621 5903 1745 5949 ante
1783 5892 1951 5964 ipf-ius

990 387 1056 445 IV
1098 383 1404 451 110111111,
1447 377 1811 439 1011115115
1852 374 1942 433 E0

2050 374 2135 445 [UI
2177 377 2319 437 NON
2359 376 2810 447 ADFUERAIVT,
2854 377 3008 436 ETC.

3570 376 3679 432 ικξ

2055 490 2347 548 adventum
2368 503 2424 549 et
2456 504 2582 549 ante
2611 493 2784 565 legem
2822 503 2879 549 et
2906 491 3198 564 prophetas
3229 492 3354 551 talis
3384 505 3669 566 proraiam.

2054 578 2665 657 Propterea'postquam
2711 586 2955 654 advenit,
2988 585 3252 657 majorem
3284 586 3540 645 virtutem
3581 605 3668 646 re-

2052 676 2253 747 qnirit,
2295 676 2483 733 dicens
2514 694 2528 731 :
2565 675 2687 732 Nisi
2721 676 3058 733 abundaverit
3084 678 3294 751 justitia
3334 688 3501 735 uestra
3548 682 3667 750 plus

2051 786 2207 842 quam
2251 770 2553 826 Scribarum
2597 780 2647 826 et
2700 769 3107 839 Pharisa'orum,
3160 790 3264 828 non
3306 772 3563 830 intrabitis
3610 777 3667 828 in

2052 879 2266 935 regnum
2290 865 2533 920 stolarum
2565 864 2787 941 (Matth.
2816 866 2870 922 5.
2901 865 3018 937 20).
3051 865 3264 934 Quanto
3310 868 3487 938 major
3518 869 3667 927 enim

2054 956 2153 1012 fuit
2183 959 2449 1023 doctrina,
2489 968 2638 1014 tanto
2667 958 2900 1030 majores
2920 970 2974 1015 et
2996 958 3252 1030 jnstiores
3270 959 3484 1016 virtutis
3508 976 3666 1017 men-

2051 1065 2191 1106 sura:
2214 1053 2404 1123 posiae
2446 1063 2592 1107 sunt.
2633 1055 2702 1108 At
2754 1052 2840 1108 hic
2887 1069 2995 1108 non
3049 1053 3294 1110 doctrina
3348 1055 3650 1131 institutus,

2052 1158 2160 1198 non
2191 1144 2411 1217 scriptis
2439 1144 2708 1212 eruditus,
2749 1162 2857 1201 non
2890 1145 3062 1211 libris,
3092 1162 3215 1203 cum
3248 1147 3427 1204 nullos
3456 1148 3665 1204 similes

2051 1238 2294 1305 vidisset,
2330 1253 2432 1294 nec
2454 1248 2638 1309 posset
2664 1237 2733 1295 ad
2758 1239 3039 1311 superiora
3065 1248 3314 1313 tempora
3352 1256 3661 1308 recurrere.

2050 1338 2105 1386 et
2133 1330 2387 1400 prtcclara
2410 1331 2663 1401 exempla
2690 1331 3043 1387 considerare
3067 1350 3083 1399 ;
3113 1332 3353 1389 nondum
3376 1332 3522 1391 enim
3544 1340 3666 1391 erat

2048 1426 2340 1495 scriptura,
2368 1438 2468 1481 nec
2508 1425 2730 1481 historia
2758 1441 2878 1496 quae
2907 1441 2998 1482 res
3023 1435 3205 1498 gestas
3247 1426 3525 1494 traderet;
3563 1428 3663 1484 sed

2050 1519 2103 1573 in
2134 1518 2216 1573 via
2245 1534 2355 1575 non
2386 1518 2534 1584 trita,
2568 1519 2622 1573 in
2656 1518 2789 1573 mari
2816 1518 2871 1574 in
2901 1533 3012 1590 quo
3042 1519 3225 1575 tmllus
3251 1520 3655 1591 cnavigavcrat.

2050 1611 2102 1666 in
2137 1620 2281 1666 tanta
2308 1609 2566 1681 nequitia:
2603 1610 2859 1681 caligine,
2891 1611 3043 1667 solus
3081 1620 3136 1668 et
3169 1612 3375 1683 primus
3404 1613 3497 1670 ille
3532 1620 3663 1670 tune

2049 1702 2188 1758 hanc
2210 1702 2563 1774 philosophia:
2591 1702 2731 1757 viam
2748 1703 2982 1773 aperuit,
3004 1702 3057 1758 in
3076 1718 3287 1759 summa
3314 1704 3514 1761 virtute
3533 1718 3673 1761 cum.

2048 1794 2427 1865 etsuperantia
2481 1810 2732 1851 sumnms
2786 1793 3114 1852 declaratus.
3179 1794 3349 1853 Valde
3402 1812 3659 1870 magnum

2046 1891 2246 1962 quippe
2260 1898 2345 1946 est
2375 1888 2458 1944 vel
2491 1888 2733 1944 minores
2755 1888 2971 1945 virtutis
3003 1898 3187 1960 partes
3217 1900 3367 1947 recte
3393 1891 3614 1963 exsequi
3642 1882 3658 1953 ξ

2049 1983 2208 2053 longe
2226 1981 2400 2052 majus
2417 1988 2596 2037 autem
2618 1980 2671 2037 in
2690 1995 2902 2037 summo
2917 1996 3233 2052 supremum
3247 1982 3488 2039 omnium
3502 1998 3625 2040 esse
3642 2001 3657 2039 :

2048 2074 2191 2145 quod
2213 2083 2395 2129 autem
2426 2073 2683 2146 patientia
2716 2073 3045 2128 sitomnium
3070 2088 3348 2144 suprema,
3375 2091 3536 2131 nemo
3562 2090 3661 2132 ne-

2048 2167 2274 2239 gavcrit.
2302 2166 2430 2222 Htec
2453 2166 2613 2238 igitur
2629 2181 2751 2222 cum
2776 2166 2892 2237 ipse
2915 2165 3168 2223 diabolus
3189 2166 3380 2233 sciret,
3403 2167 3622 2225 dicebat
3641 2184 3657 2226 :

2050 2260 2248 2316 Pellem
2272 2275 2366 2331 pro
2391 2259 2545 2330 pelle.
2588 2267 2636 2313 et
2663 2258 2835 2313 omnia
2862 2274 2978 2330 qute
3006 2258 3154 2313 habet
3194 2258 3367 2325 homo,
3397 2260 3537 2315 dabit
3567 2278 3662 2331 pro

2047 2352 2223 2406 anima
2252 2367 2346 2405 sua
2375 2366 2395 2404 :
2413 2350 2505 2404 sed
2533 2350 2672 2404 mitte
2723 2366 2934 2404 tuauuut
2962 2357 3125 2417 tuam,
3167 2361 3218 2405 et
3257 2361 3410 2423 tange
3454 2368 3661 2407 carnem

2048 2444 2159 2514 (jus
2181 2440 2302 2511 (Job
2330 2440 2386 2495 9..
2422 2441 2502 2511 4).
2537 2439 2694 2498 Unde
2725 2441 2900 2511 palam
2934 2450 3018 2497 est
3063 2440 3204 2497 hanc
3247 2443 3500 2500 virtutem
3536 2459 3663 2503 esse

2048 2534 2288 2588 omnium
2328 2545 2664 2600 supremam,
2718 2546 2948 2603 qumque
3006 2532 3147 2588 virili
3194 2542 3250 2588 ct
3290 2532 3466 2591 ferrea
3524 2551 3662 2607 opus

2050 2626 2249 2683 habeat
2286 2626 2504 2693 anima;
2538 2626 2806 2696 siquidem
2850 2625 3035 2683 videre
3079 2642 3271 2698 posses
3298 2640 3533 2701 quantus
3572 2630 3664 2687 ille

2048 2729 2168 2777 erat
2215 2720 2269 2776 in
2329 2718 2745 2776 tcntationibus.
2798 2718 2933 2774 Rem
2983 2719 3132 2776 enim
3178 2735 3361 2776 Sermo
3409 2733 3664 2782 amuntte

2047 2812 2310 2868 exhibere
2338 2826 2446 2867 non
2479 2811 2672 2882 potuit.
2710 2810 2962 2866 Dolorem
2991 2813 3159 2879 enim,
3196 2814 3459 2884 supplicia
3483 2857 3497 2881 ,
3527 2829 3667 2875 mo-

2050 2905 2190 2963 roris
2216 2904 2582 2980 tyrannidem,
2620 2916 2676 2961 01
2702 2904 3167 2975 perturbationem
3198 2920 3265 2963 ex
3307 2916 3386 2963 tot
3417 2909 3663 2967 tristibus

2048 3002 2213 3058 rebus
2256 3008 2454 3066 ortam,
2500 3000 2644 3055 nulla
2691 3001 2773 3055 vis
2818 3001 3091 3056 sermonis
3136 2999 3335 3057 efferre
3362 3002 3441 3058 sic
3482 3013 3662 3074 potest

2046 3093 2412 3160 audientibus,
2442 3102 2500 3148 ut
2548 3092 2662 3163 ipsa
2705 3108 2889 3148 rerum
2933 3094 3294 3164 experientia.

2119 3187 2176 3243 4.
2217 3186 2332 3258 Age
2356 3199 2488 3257 ergo
2510 3185 2662 3241 illum
2693 3185 2787 3240 tibi
2830 3185 2994 3241 etiam
3020 3187 3336 3243 monstrabo
3360 3188 3489 3262 (hoc
3513 3190 3660 3247 enim

2049 3294 2157 3334 non
2183 3278 2594 3341 modicum'est,
2627 3276 2724 3332 sed
2757 3277 2941 3332 animo
2967 3277 3129 3334 valde
3169 3279 3493 3351 philosopho
3520 3297 3662 3353 epos

2050 3370 2319 3443 habentis)
2343 3369 2396 3424 in
2423 3368 2630 3424 divitiis
2653 3378 2708 3424 et
2732 3370 2783 3423 in
2808 3369 3087 3442 opulentia
3120 3387 3369 3443 magnam
3396 3374 3662 3433 exhiben-

2050 3472 2158 3519 tem
2173 3460 2594 3533 philosophiam.
2619 3461 2809 3530 Qualis
2833 3461 2998 3532 igitur
3017 3472 3133 3517 erat
3157 3478 3278 3518 cum
3304 3463 3457 3521 dives
3474 3476 3621 3523 esset
3635 3469 3663 3526 1

2046 3553 2365 3610 Communis
2384 3552 2626 3606 omnium
2654 3561 2861 3621 portus,
2886 3553 3188 3607 communis
3219 3556 3458 3610 onmium
3484 3567 3658 3627 pater.

2045 3645 2351 3703 communis
2381 3643 2655 3709 medicus;
2705 3644 2817 3699 imo
2856 3644 3069 3700 medico
3100 3642 3273 3717 inajor
3305 3665 3320 3702 :
3349 3648 3474 3703 audi
3506 3666 3662 3706 nam-

2046 3754 2153 3811 que
2180 3754 2304 3795 eum
2342 3737 2615 3793 dicentem
2652 3755 2666 3792 :
2703 3735 2815 3808 Ego
2853 3753 2996 3790 eram
3032 3739 3211 3792 oculus
3254 3753 3526 3806 cccorum,
3570 3748 3660 3813 pes

2045 3830 2504 3903 claudorunt‘llob
2532 3830 2621 3886 29.
2653 3830 2769 3902 15).
2802 3829 2994 3886 Yiden'
3035 3832 3309 3900 quomodo
3333 3834 3543 3891 medico
3586 3838 3658 3893 sit

2048 3926 2261 3996 major?
2278 3918 2492 3980 Natura:
2518 3925 2689 3981 vicem
2712 3925 2906 3997 agebat
2923 3941 3049 3995 erga
3075 3927 3297 3982 mutilos
3319 3937 3373 3983 et
3396 3907 3659 3985 mam-os?

2046 4018 2276 4089 etquod
2311 4032 2416 4072 non
2466 4027 2717 4088 poterant
2753 4015 2947 4071 medici
2985 4026 3103 4073 arte
3146 4012 3442 4089 corrigere,
3483 4020 3534 4075 id
3567 4020 3661 4078 ille

2047 4111 2326 4167 rcllcicbat
2354 4109 2749 4172 consolatione,
2777 4110 2845 4163 ob
2874 4109 3098 4163 multant
3130 4110 3273 4167 circa
3304 4111 3425 4167 illos
3462 4114 3660 4170 sollici-

2050 4203 2289 4258 tudinem
2319 4203 2687 4257 membrorum
2718 4202 2887 4257 viccm
2920 4201 3052 4270 ipsis
3078 4217 3295 4271 gerens.
3326 4203 3459 4260 Nam
3500 4208 3657 4277 quasi

2047 4297 2188 4362 sani,
2216 4294 2446 4364 pedibus
2492 4294 2751 4359 valentes,
2800 4306 2853 4347 et
2901 4293 3148 4351 videntes
3178 4296 3446 4367 degebant
3488 4299 3519 4354 ii
3562 4302 3654 4371 qui

2048 4386 2133 4442 his
2161 4386 2402 4441 mulctati
2429 4392 2585 4440 erant
2610 4384 2886 4450 tucmbris,
2916 4402 3021 4441 non
3054 4388 3352 4444 sentientes
3384 4390 3663 4449 claudica-

2052 4481 2252 4535 tionem
2286 4494 2462 4548 neque
2490 4478 2792 4532 caecitatem
2834 4479 2904 4531 ob
2948 4493 3194 4549 magnam
3231 4479 3349 4550 ejus
3373 4483 3661 4549 provide"-

2052 4573 2200 4629 tiam.
2230 4572 2571 4641 Quapropter
2600 4585 2705 4624 non
2737 4570 2891 4635 dixit,
2928 4569 3043 4639 Ego
3067 4570 3322 4625 consolor
3346 4572 3574 4629 claudos
3603 4588 3660 4632 et

2048 4678 2224 4722 ca-cos
2258 4682 2270 4719 :
2302 4663 2420 4728 sed,
2456 4662 2557 4717 Pes
2578 4673 2625 4715 et
2651 4662 2828 4716 oculus
2861 4661 3075 4715 illorum
3119 4680 3294 4727 erant;
3341 4672 3395 4717 et
3441 4680 3659 4730 rursus.

2051 4759 2164 4832 Ego
2194 4775 2332 4813 eram
2358 4769 2501 4827 pater
2528 4756 2880 4825 impotentium
2905 4751 3066 4822 (Ibid.
3147 4750 3261 4819 16).
3354 4753 3540 4824 Neque
3576 4758 3662 4812 hic

2052 4852 2201 4918 dicit,
2230 4845 2890 4915 Consolabarorphanos;
2921 4845 3039 4908 scd,
3071 4842 3459 4901 Paterillornm
3480 4866 3618 4902 eram
3642 4866 3662 4904 :

2054 4945 2181 5001 hinc
2208 4941 2503 4997 ostendens
2530 4954 2589 4994 se
2620 4955 2727 4993 non
2757 4937 2948 4991 sit-isse
2985 4952 3081 4991 eos
3113 4936 3195 4991 vel
3230 4937 3281 4991 111
3318 4955 3537 4993 sensum
3571 4957 3665 4997 ve.

2054 5040 2169 5095 nire
2196 5036 2341 5108 quod
2373 5032 2603 5104 orphaui
2626 5040 2832 5095 essent,
2869 5043 3042 5101 neque
3081 5030 3393 5099 permisisse
3424 5043 3480 5085 ut
3508 5033 3664 5089 triste

2055 5132 2183 5189 illud
2209 5140 2496 5203 appareret
2528 5144 2539 5183 :
2572 5124 3025 5199 quemadmodmn
3047 5134 3101 5179 et
3130 5124 3237 5178 illic
3264 5123 3563 5180 crcitatem
3596 5143 3665 5181 ne

2054 5226 2315 5283 sentirent
2344 5224 2472 5279 01001
2498 5222 2547 5276 vi
2580 5217 2935 5292 providentia:
2963 5231 3078 5272 suae
3098 5216 3388 5281 efﬁciebat,
3412 5218 3538 5272 dum
3570 5220 3658 5273 in-

2054 5317 2337 5376 commoda
2387 5315 2646 5371 auferret.
2678 5312 2864 5382 Neque
2909 5324 3137 5381 corpora
3168 5310 3343 5363 solum
3386 5324 3576 5365 manca
3609 5320 3665 5366 et

2058 5412 2244 5467 mutila
2285 5409 2529 5471 curabat,
2565 5421 2741 5477 neque
2786 5402 3063 5475 orphauos
3108 5411 3337 5467 tantum,
3382 5402 3510 5457 dum
3560 5402 3668 5459 illis

2059 5505 2448 5564 membrorum,
2494 5501 2578 5555 his
2630 5506 2914 5570 parentum
2947 5496 3065 5552 vice
3094 5495 3315 5560 aderat;
3365 5496 3462 5549 sed
3501 5496 3667 5550 etiam

2059 5598 2223 5670 judex
2274 5612 2303 5650 a
2358 5596 2540 5663 seipse
2588 5595 2917 5647 constitutos
2967 5587 3143 5644 fuerat
3176 5587 3288 5643 imo
3333 5587 3452 5657 plus
3506 5601 3671 5657 quam

2061 5692 2226 5764 iudex
2252 5706 2268 5757 ;
2301 5706 2423 5744 natn
2453 5688 2529 5741 ait
2558 5704 2570 5740 :
2603 5682 2822 5739 Causam
2848 5697 3002 5753 quam
3020 5678 3306 5735 nesciebam
3335 5679 3635 5750 investigari
3654 5720 3670 5745 ,

2059 5796 2107 5840 et
2135 5783 2365 5857 confregi
2384 5781 2544 5834 multis
2562 5778 2878 5847 iniquorum,
2907 5784 2953 5828 et
2974 5788 3037 5829 ex
3058 5772 3227 5826 medio
3256 5772 3482 5826 dentium
3495 5786 3673 5825 eorum

2067 5884 2293 5957 prtcdam
2336 5874 2501 5945 eripui
2551 5868 2739 5943 (Ibid.
2783 5867 2875 5925 ΞΣ).
2927 5866 2993 5924 17
3024 5867 3064 5938 ).
3115 5863 3232 5923 1100
3275 5863 3448 5922 multo
3494 5862 3676 5935 majus
