4124 6336
530 401 634 455 ,ιὶὶῧ

534 529 617 572 est
668 532 825 588 quam
876 514 1078 586 judicia
1134 512 1391 567 officium.
1457 511 1671 589 iudices
1729 509 1870 564 enim
1930 506 2115 561 sedent

536 618 910 679 exspectantes
950 608 1036 678 qui
1064 606 1309 676 iujuriam
1343 606 1483 675 passi
1536 614 1658 658 sunt
1688 621 1700 667 ;
1753 612 1806 655 et
1838 610 2113 671 postquam

538 700 613 756 illi
666 701 931 767 supplices
959 706 1320 757 acceSseruut,
1368 705 1490 751 tunc
1520 710 1671 749 suum
1698 693 1937 764 praebent
1963 690 2115 745 auxi-

540 793 663 843 lium
722 791 792 844 illi
845 790 932 860 qui
992 790 1129 843 inter
1186 787 1394 858 judiecs
1455 787 1684 841 maxime
1741 784 1888 854 probi
1944 793 2118 849 sunt;

542 886 718 949 plures
744 879 1006 949 siquidem
1037 896 1136 934 nec
1177 879 1303 932 illud
1340 887 1591 945 prmstant
1623 895 1635 929 :
1669 875 1753 930 hic
1798 889 1925 929 vero
1954 874 2115 927 etiam

539 976 773 1043 optimos
819 973 934 1027 illos
975 974 1100 1027 vicit
1136 981 1188 1027 et
1230 972 1385 1041 longe
1425 969 1712 1037 superavit.
1765 966 1945 1032 Neque
1975 968 2115 1020 enim

538 1065 885 1133 exspectabat
934 1065 1107 1119 donec
1172 1063 1203 1116 ii
1261 1064 1348 1131 qui
1400 1060 1589 1129 injuria
1630 1059 2001 1114 alticiebantur
2050 1058 2115 1111 ad

540 1175 597 1210 se
628 1158 891 1222 venirent,
949 1171 1119 1226 neque
1165 1165 1441 1225 postquam
1494 1152 1566 1206 illi
1622 1150 1888 1220 supplices
1938 1164 2116 1203 acces-

534 1260 742 1315 serant,
767 1252 831 1304 ad
858 1266 1012 1319 opem
1042 1249 1312 1304 ferendam
1348 1246 1628 1317 pergebat;
1655 1244 1749 1299 sed
1780 1244 1864 1298 ille
1914 1260 2119 1312 pra-ve-

538 1342 691 1395 niens
722 1342 978 1395 circuibat
999 1354 1242 1410 quaerens
1273 1354 1366 1393 eos
1389 1340 1475 1407 qui
1506 1337 1615 1391 lmsi
1664 1334 1891 1399 fuerant;
1922 1344 1975 1388 et
2012 1348 2115 1386 non

538 1434 697 1487 modo
719 1448 978 1504 qttmretis,
1008 1433 1099 1487 sed
1125 1448 1243 1487 cum
1273 1433 1433 1485 multa
1462 1430 1752 1500 vigilantia,
1778 1445 1896 1481 cum
1928 1442 2115 1496 magna

537 1526 913 1579 sollicitudine.
938 1526 990 1580 Id
1017 1541 1143 1580 vero
1175 1526 1317 1579 clare
1354 1525 1588 1588 noveris,
1612 1524 1653 1575 si
1681 1522 1805 1574 dicti
1837 1521 1937 1574 vim
1973 1521 2115 1574 didi-

535 1619 691 1671 ceris.
722 1616 835 1671 Non
868 1618 1008 1671 enim
1054 1617 1213 1679 dixit,
1263 1616 1530 1682 Qumsivi;
1574 1614 1687 1674 sed.
1725 1613 1941 1668 Causam
1968 1629 2117 1681 quam

510 1710 815 1763 .nescicbam
844 1711 1175 1779 iuvestigavi;
1210 1710 1257 1763 id
1284 1720 1384 1771 est,
1418 1709 1735 1772 cxaminavi,
1763 1711 1971 1761 curiose
1995 1722 2117 1776 pcr-

537 1802 725 1869 quisivi
758 1817 875 1855 cum
908 1804 1282 1863 sollicitudine,
1312 1804 1487 1855 omnia
1520 1818 1735 1855 movere
1763 1818 1865 1855 non
1890 1801 2114 1866 ce~savi,

541 1904 594 1945 ut
622 1897 971 1963 compcrirem
1018 1910 1082 1948 an
1129 1896 1248 1964 quis
1280 1897 1507 1948 latenter
1533 1894 1722 1962 injuria
1761 1896 1916 1948 larsus
1960 1893 2111 1948 foret.

545 1988 788 2041 Yidi~tin’
816 1989 1024 2059 vigilem
1054 1990 1286 2042 anitnutn
1314 1989 1336 2041 ?
1369 1988 1487 2042 vide
1514 2003 1725 2058 quoque
1755 1976 2117 2041 fortitudinem

541 2090 593 2132 et
639 2095 817 2133 curam
854 2102 865 2134 :
900 2082 962 2133 Ιῐι
1010 2082 1219 2134 contrivi
1261 2083 1421 2135 molas
1468 2083 1774 2145 iniquorum.
1820 2080 1967 2133 Illam
2014 2082 2117 2133 vim

539 2172 840 2226 mordacem
873 2173 1026 2238 solvi,
1064 2174 1252 2242 inquit,
1282 2183 1338 2227 nt
1368 2174 1430 2227 ad
1485 2175 1641 2227 aliam
1691 2174 1985 2227 faciendam
2016 2174 2118 2225 ini-

535 2267 791 2333 quitatem
817 2268 926 2333 jam
948 2267 1151 2321 inutilis
1180 2269 1267 2321 sit.
1303 2270 1502 2323 Ambos
1528 2271 1700 2339 itaque
1726 2269 1964 2338 juvabat,
1999 2268 2116 2321 illos

539 2374 603 2410 ne
633 2358 769 2411 male
798 2367 1126 2427 paterentur,
1170 2358 1265 2413 hos
1298 2376 1362 2413 ne
1396 2360 1531 2414 male
1562 2360 1795 2414 facerent
1827 2360 2120 2429 impediens

537 2458 589 2499 et
617 2448 998 2503 moderatiores
1031 2450 1277 2503 reddens.
1323 2450 1487 2504 Porro
1525 2451 1872 2505 constantiam
1910 2460 1963 2504 et
2002 2464 2122 2519 per-

538 2542 889 2593 severantiam
923 2561 935 2595 :
971 2540 1032 2593 Et
1055 2558 1116 2595 ex
1155 2543 1315 2595 medio
1343 2542 1567 2594 dentium
1595 2559 1767 2596 eorum
1797 2543 1959 2613 eripui
1987 2558 2118 2611 pra--

539 2632 677 2683 dant.
732 2632 913 2701 Neque
963 2632 1103 2687 enim
1159 2631 1725 2703 desperabam,ueque
1773 2633 2117 2699 desistebam,

538 2725 635 2777 etsi
668 2741 751 2777 res
770 2726 877 2793 jam
904 2736 1053 2794 eapta
1079 2735 1193 2779 erat
1216 2742 1230 2791 ;
1262 2726 1354 2779 sed
1382 2727 1522 2796 quod
1543 2728 1650 2795 jam
1674 2727 1980 2797 absorptum
2007 2741 2121 2784 erat

537 2816 898 2883 retraliebam,
928 2820 1158 2887 pastoris
1192 2819 1378 2888 optimi
1417 2829 1471 2874 et
1500 2820 1672 2890 vigilis
1704 2819 2118 2876 sollicitudinem

536 2921 660 2974 erga
691 2922 979 2963 conservos
1010 2907 1291 2963 exhibens.

609 3000 728 3053 Jobi
784 3002 1063 3056 humilitas.
1107 3031 1180 3043 —-
1227 3003 1435 3071 Quanta
1488 3018 1617 3057 vero
1671 3004 1943 3060 humilitas
1978 3006 2121 3076 ~ejus

549 3104 690 3147 esset
716 3094 908 3162 cogita.
971 3095 1031 3149 Si
1058 3105 1225 3147 autem
1267 3096 1470 3161 despexi
1515 3097 1769 3166 judicium
1812 3098 1995 3166 [amuli
2027 3101 2122 3152 mei

540 3195 583 3236 et
634 3185 852 3245 ancillw,
900 3185 1019 3238 dum
1070 3185 1360 3252 iudicantur
1390 3189 1654 3240 adversum
1686 3205 1782 3242 me.
1818 3189 1953 3256 Quid
1990 3192 2122 3243 enim

540 3277 724 3346 faciam
782 3278 826 3329 si
882 3278 1213 3331 visitationem
1281 3295 1440 3331 meam
1512 3280 1665 3349 faciat
1720 3279 1901 3335 Deus?
1953 3299 2121 3336 annon

540 3382 595 3422 ut
647 3386 737 3439 ego
774 3371 844 3439 _in
894 3380 1061 3423 rentre
1105 3372 1199 3440 fui,
1249 3382 1293 3424 et
1333 3373 1429 3441 ipsi
1469 3376 1672 3441 fuerunt
1717 3374 1865 3439 (Job
1902 3377 1986 3429 51.
2032 3379 2126 3433 15-

544 3464 609 3517 15
628 3461 684 3532 )?
707 3460 1003 3516 Contr-itum
1028 3463 1263 3516 animum
1289 3462 1488 3525 vidisti,
1506 3474 1557 3516 ct
1578 3474 1817 3517 naturam
1848 3465 2120 3522 hominum

544 3565 787 3607 accurate
818 3553 1246 3607 considerantem
1278 3568 1341 3605 ac
1368 3555 1626 3607 scientem
1659 3556 1784 3623 quid
1820 3558 1883 3609 sit
1912 3574 2118 3623 servus,

544 3645 670 3714 quid
701 3644 853 3708 liber,
902 3643 954 3697 id
980 3642 1119 3711 quod
1152 3660 1178 3695 a
1210 3645 1389 3699 multis
1419 3645 1812 3699 circumfertur.
1850 3648 1994 3703 lianc
2022 3651 2121 3719 igi-

552 3746 637 3789 tur
665 3736 881 3804 ejiciens
927 3736 1337 3804 inmqualitatetn
1386 3754 1412 3789 a
1455 3740 1563 3806 pari
1609 3741 1862 3793 natalium
1894 3741 2119 3809 honore,

547 3831 615 3883 de
659 3830 992 3898 philosophia
1049 3845 1347 3891 sermonem
1404 3830 1619 3885 inducit.
1659 3832 1913 3904 Quodque
1967 3837 2126 3889 mira—

548 3922 654 3975 bile
676 3922 724 3973 in
751 3922 840 3974 illo
858 3930 958 3986 est,
1000 3922 1099 3973 hoc
1125 3921 1325 3975 faciens
1354 3937 1455 3975 non
1484 3939 1545 3976 ex
1579 3923 1873 3980 lmmilitate
1897 3943 1954 3981 se
1986 3930 2125 3998 loqui

546 4012 802 4079 putabat,
846 4011 936 4063 sed
983 4010 1218 4063 debitum
1278 4012 1522 4079 implere.
1573 4012 1905 4085 Quapropter
1956 4022 2125 4071 ratio-

548 4102 745 4154 cinium
781 4102 954 4170 posuit
997 4115 1100 4169 quo
1147 4100 1449 4154 hominibus
1496 4104 1742 4157 omnibus
1785 4108 2036 4175 suadeat,
2072 4120 2129 4164 ut

551 4208 656 4247 non
689 4194 845 4245 altius
877 4192 1084 4258 sapiant
1112 4208 1268 4261 quam
1294 4194 1453 4258 servi,
1480 4194 1686 4247 etiamsi
1709 4196 1901 4251 millies
1923 4200 2123 4254 domini

548 4285 671 4337 sint.
708 4283 832 4337 ll.rc
871 4285 1065 4353 quippe
1106 4285 1339 4346 nomina,
1391 4299 1579 4340 servus
1622 4299 1674 4341 et
1707 4289 1859 4353 liber,
1914 4294 2125 4347 nomina

551 4386 754 4429 tantum
786 4385 908 4429 sunt
938 4392 992 4428 re
1020 4391 1181 4428 vacua
1217 4393 1228 4426 :
1266 4380 1493 4431 servitus
1514 4390 1687 4433 autem
1723 4383 1771 4434 in
1803 4399 2040 4453 peccato,
2073 4400 2126 4443 ct

548 4468 765 4521 libertas
798 4466 848 4519 in
874 4466 1077 4534 justitia
1106 4466 1376 4520 delinitur.
1414 4470 1549 4538 Ergo
1578 4486 1673 4525 nos
1715 4476 1791 4528 sic
1823 4474 2125 4533 humiliabi-

550 4560 699 4611 mus?
728 4574 906 4611 annon
948 4574 1073 4611 vero
1103 4558 1473 4615 desiderabilis
1502 4565 1846 4636 amabilisque
1869 4571 1955 4625 ille
1996 4584 2079 4627 est
2104 4574 2126 4625 ?

551 4652 722 4705 Etiam
772 4650 1012 4704 amabilis
1072 4666 1085 4701 :
1139 4661 1191 4704 et
1259 4651 1344 4705 hic
1404 4653 1749 4723 hyperbolem
1815 4664 2124 4719 consideres

552 4745 725 4797 velim.
762 4742 1213 4807 Qm-madmodum
1256 4745 1396 4797 enim
1444 4746 1494 4799 in
1545 4750 2033 4809 nuilestiisviriliter
2074 4767 2127 4810 ct

550 4852 672 4889 eum
734 4835 1043 4889 fortizudine
1095 4852 1280 4905 magna
1333 4838 1472 4892 illata
1522 4843 1657 4896 mala
1708 4845 1827 4899 tulit
1882 4866 1893 4901 :
1946 4850 2015 4901 ita
2074 4862 2128 4905 et

549 4933 600 4983 in
651 4928 999 4997 prosperitate
1042 4928 1260 4984 virtutes
1305 4932 1542 5001 singulas
1587 4939 1827 5005 apprime
1867 4945 2123 5011 exercuit,

552 5038 658 5076 non
704 5023 1041 5077 mediocriter
1082 5037 1180 5077 nec
1234 5035 1554 5096 utcumque,
1606 5032 1697 5084 sed
1749 5034 1814 5087 ad
1863 5051 2126 5094 summum

551 5119 721 5183 ipsum
767 5117 1080 5170 ascendens.
1113 5116 1171 5171 Si
1196 5134 1309 5172 vero
1336 5136 1468 5189 stupe
1502 5123 1719 5178 diam-int
1747 5129 1951 5183 ancilla:
1982 5150 2121 5198 mem,

552 5210 677 5275 Quis
725 5212 807 5261 det
852 5210 990 5264 nobis
1037 5212 1098 5264 de
1137 5211 1371 5267 carnibus
1418 5216 1521 5268 suis
1553 5228 1603 5268 ut
1640 5225 1967 5276 saturentur?
2012 5243 2126 5279 cum

550 5300 696 5353 valde
740 5302 897 5353 bonus
928 5320 1014 5373 ego
1042 5304 1136 5356 sint
1169 5302 1289 5375 (Job
1326 5307 1409 5361 l5.
1440 5308 1552 5377 5t).
1584 5310 1677 5366 llic
1703 5329 1938 5371 amorem
1968 5334 2126 5375 enar-

548 5404 627 5445 rat
670 5390 986 5448 lamnlornm
1020 5396 1570 5469 Vehementissimum,
1616 5406 1737 5474 qui,
1778 5409 1842 5461 ad
1891 5411 2124 5467 furorem

548 5502 715 5554 usque
736 5497 1004 5541 amatores
1029 5489 1279 5545 ardentes
1308 5504 1482 5559 crant,
1515 5511 1579 5549 ex
1608 5499 1768 5552 tundo
1794 5504 1997 5558 scilicet
2020 5524 2126 5574 quo

545 5592 669 5644 erga
699 5577 820 5630 illos
849 5592 906 5630 se
944 5580 1181 5649 gerebat.
1218 5583 1289 5638 Ita
1321 5587 1483 5651 enim,
1530 5587 1719 5658 inquit,
1770 5594 1895 5646 mihi
1928 5597 2122 5652 addit-ti

545 5676 717 5731 erant,
766 5668 833 5721 ita
871 5668 1037 5735 aflixi,
1081 5672 1147 5725 ita
1197 5689 1280 5729 me
1323 5680 1591 5744 amabant,
1648 5692 1701 5736 ut
1751 5699 2007 5755 cuperent
2038 5692 2120 5745 vel

546 5756 674 5825 ipsis
707 5760 909 5826 impleri
939 5764 1207 5831 carnibus,
1256 5767 1503 5842 ipsasque
1552 5774 1831 5847 devorare,
1867 5782 2006 5850 quod
2038 5801 2121 5839 nte

542 5852 747 5909 ardenti
768 5872 947 5913 amore
972 5858 1269 5931 diligerent.

1272 398 1323 453 S.
1368 393 1641 451 JOANNIS
1675 384 2146 449 CllM’SOSTOMl
2188 383 2496 440 ARCHIEP.
2538 382 3066 441 CONSTANTINOP.

3716 387 3821 442 484

2298 503 2351 557 5.
2397 502 2535 569 Quid
2561 520 2687 558 vero
2713 504 2814 559 dici
2848 506 3015 573 possit
3038 503 3103 560 de
3134 515 3440 575 contemptu
3472 505 3818 562 divitiarum?

2224 612 2345 649 nam
2391 597 2526 652 hanc
2566 614 2776 667 quoque
2815 599 2907 653 ille
2958 599 3212 654 virtutem
3259 602 3502 670 apprime
3547 604 3812 660 exercuit.

2223 690 2337 747 Non
2388 693 2546 747 modo
2585 693 2726 747 enim
2774 696 2979 748 alienas
3032 711 3137 749 non
3189 696 3625 767 concupiscebat,
3670 698 3812 768 quod

2224 785 2375 838 Iltttlli
2392 801 2531 840 nunc
2556 786 2772 848 faciunt,
2792 788 2884 841 sed
2906 803 3077 856 neque
3092 804 3238 855 suas,
3254 806 3440 844 verum
3461 790 3528 845 ab
3554 790 3634 845 his
3652 791 3812 846 etiam

2223 892 2342 931 eum
2378 880 2754 947 exsuperantia
2790 881 2953 933 multa
2984 896 3043 935 se
3074 883 3377 936 continuit:
3411 883 3635 954 ideoque
3662 885 3813 939 dicc-

2225 970 2313 1023 bat
2344 988 2355 1021 :
2391 971 2453 1024 Si
2485 971 2684 1024 [tutatus
2721 990 2834 1026 sunt
2876 990 2990 1027 cum
3020 976 3190 1028 multa!
3227 978 3352 1030 milii
3380 980 3569 1049 fuerint
3599 981 3808 1045 divitior,

2226 1076 2384 1127 neque
2422 1062 2585 1132 lapidi
2621 1066 2841 1131 pretioso
2877 1066 3069 1133 conﬁdi
3126 1066 3249 1135 (Job
3284 1070 3371 1124 3|.
3406 1070 3499 1125 25.
3526 1071 3638 1140 26).
3671 1072 3809 1140 ρεια-

2225 1164 2442 1224 propter
2471 1173 2591 1210 cum
2625 1157 2846 1211 sublata:
2894 1160 2991 1227 ipsi
3032 1159 3203 1227 fuere,
3235 1162 3498 1231 jacturam
3536 1166 3623 1220 ille
3654 1166 3804 1221 facil-

2226 1247 2352 1304 lime
2401 1251 2516 1303 tulit
2546 1268 2559 1315 ;
2593 1266 2824 1320 cumque
2855 1252 3124 1318 adessent,
3160 1255 3559 1329 eleemosynam
3591 1260 3811 1331 largiter

2221 1342 2496 1409 erogabat,
2541 1342 2789 1396 omnibus
2834 1344 3109 1399 dexteram
3160 1348 3438 1417 porrigens
3485 1351 3809 1422 domumque

2223 1448 2371 1486 suam
2401 1435 2668 1501 aperiens.
2702 1435 2885 1505 Neque
2917 1437 2966 1490 id
3001 1436 3249 1501 faciebat,
3280 1442 3420 1511 quod
3456 1445 3605 1498 multi
3636 1445 3811 1502 Solent

2222 1530 2310 1596 qui
2360 1530 2572 1584 curiose
2630 1533 2902 1602 inquirunt
2934 1548 2961 1585 a
2996 1535 3338 1604 pctentilms,
3397 1539 3613 1606 quinam
3663 1541 3807 1595 sint:

2223 1622 2336 1685 sed,
2379 1623 2553 1675 Janua
2595 1640 2727 1690 mea,
2781 1625 2971 1694 inquit,
3018 1629 3155 1679 omni
3200 1630 3416 1682 venienti
3458 1641 3635 1699 aperta
3682 1642 3809 1687 erat.

2230 1713 2249 1764 Ι
2258 1715 2430 1779 n/irmi
2452 1716 2582 1767 enim
2612 1733 2705 1783 ope
2732 1734 2839 1770 mea
2870 1735 2968 1770 non
3000 1720 3324 1787 privabantur
3348 1737 3365 1775 :
3390 1730 3683 1791 peregrinus
3711 1742 3808 1779 non

2223 1806 2575 1875 egrediebatur
2611 1824 2672 1861 ea:
2698 1810 2863 1879 janua
2885 1826 2994 1862 mea
3022 1812 3136 1864 sinu
3163 1829 3319 1865 racuo
3354 1813 3512 1881 (Ibid.
3547 1817 3634 1870 51.
3671 1817 3739 1871 59
3765 1828 3811 1871 ct

2223 1898 2336 1969 5i).
2382 1897 2566 1952 Vidisti
2596 1900 2937 1968 largitatem?
2963 1902 3135 1956 vidiin
3181 1904 3562 1959 humanitatem
3586 1950 3598 1970 ,
3635 1909 3808 1964 vidisti

2224 1991 2625 2059 benignitatem,
2655 1992 3047 2048 humilitatem?
3075 1995 3163 2050 Vis
3183 1998 3341 2051 etiam
3371 2001 3674 2056 casdtatem
3699 2002 3811 2057 edi-

2223 2082 2412 2135 Scere?
2447 2081 2622 2152 Pcpigi
2653 2084 2837 2150 fwdus,
2872 2087 3059 2153 inquit,
3086 2104 3200 2141 cum
3223 2090 3380 2142 oculis
3400 2092 3541 2154 meis,
3570 2103 3706 2147 utne
3729 2112 3812 2147 co-

2224 2177 2437 2246 gitarem
2479 2178 2679 2245 quidem
2722 2177 2784 2230 de
2823 2179 3013 2247 virgine
3041 2181 3207 2233 aliena
3254 2182 3416 2251 (Ibid.
3508 2181 3594 2250 1).
3683 2188 3810 2255 Qum

2226 2281 2407 2339 postea
2441 2274 2660 2326 veniens
2689 2273 2949 2328 ‘Christus
2990 2278 3268 2346 ιιγςιιρριιίι,
3302 2293 3361 2329 ea
3394 2280 3505 2347 ipse
3554 2295 3611 2334 re
3659 2297 3810 2336 exse-

2223 2374 2418 2431 quutus
2450 2374 2552 2419 est.
2586 2365 2774 2420 Vidisti
2806 2367 2953 2420 illum
2995 2367 3212 2422 divitem
3232 2369 3255 2419 ’ἶ
3289 2370 3463 2424 vidisti
3497 2388 3805 2442 pauperem,

2224 2456 2399 2509 vidisti
2448 2457 2582 2511 bene
2612 2458 2899 2519 valentem,
2936 2460 3109 2513 vidiin
3144 2462 3385 2527 a-grum?
3416 2463 3588 2516 vidisti
3620 2480 3705 2519 res
3736 2465 3807 2519 illi

2224 2565 2320 2618 pro
2351 2559 2472 2602 voto
2500 2552 3077 2605 succedentes?vidisti
3110 2554 3255 2606 illum
3284 2558 3521 2609 omnium
3544 2556 3807 2625 jacturam

2225 2642 2451 2697 fecisse?
2486 2644 2659 2697 vidisti
2690 2646 2899 2713 qualem
2932 2661 2990 2699 se
3012 2646 3313 2701 c\bibuerit
3340 2664 3464 2717 erga
3492 2651 3649 2715 ﬁlios,
3683 2667 3806 2723 εισι

2224 2735 2471 2796 famulos,
2502 2752 2629 2805 erga
2658 2737 2848 2806 injuria
2878 2738 3096 2792 alit-etos
3121 2782 3134 2802 ,
3162 2755 3287 2811 erga
3313 2742 3577 2810 pupillos?
3604 2744 3665 2798 Si
3696 2761 3807 2797 vero

2222 2826 2455 2880 abiisscm
2504 2845 2617 2881 cum
2660 2830 2947 2883 irrisoribus
3040 2834 3209 2904 (Ibid.
3270 2834 3348 2903 5),
3380 2834 3547 2905 inquit
3575 2854 3585 2888 :
3613 2836 3663 2890 id
3704 2848 3805 2901 est,

2222 2918 2405 2989 Neque
2430 2921 2543 2975 hare
2579 2923 2847 2975 consortia
2883 2925 3208 2991 qumrebam,
3240 2941 3546 2981 scurrarum
3593 2945 3804 2999 nempe.

2225 3010 2291 3063 Et
2319 3011 2419 3065 hoc
2446 3014 2792 3067 continentia:
2819 3030 2924 3067 non
2960 3031 3178 3083 parvum
3206 3027 3289 3072 est
3318 3020 3547 3086 signum.
3581 3020 3805 3076 Omnem

2224 3104 2420 3173 quippe
2450 3106 2700 3159 virtutem
2746 3116 2981 3161 sectatus
3011 3119 3092 3162 est
3121 3126 3135 3164 :
3171 3120 3224 3165 et
3252 3126 3371 3165 cum
3412 3114 3461 3165 in
3509 3122 3650 3167 tanta
3679 3130 3810 3184 opu-

2225 3188 2385 3242 lentia
2412 3201 2575 3255 esset,
2609 3194 2913 3247 accuratius
2939 3210 2996 3248 se
3023 3197 3264 3264 gerebat,
3295 3213 3454 3268 quam
3485 3198 3519 3252 ii
3550 3202 3638 3269 qui
3677 3202 3807 3257 nihil
3888 3266 3889 3269 η

2226 3280 2483 3335 baberent
2513 3298 2525 3335 :
2556 3298 2659 3335 non
2690 3286 2831 3337 enim
2857 3286 2943 3339 ille
2968 3288 3057 3355 qui
3092 3288 3222 3341 nihil
3257 3290 3505 3354 habebat,
3532 3303 3811 3365 tantopere

2224 3386 2252 3424 a
2298 3374 2640 3440 pecuniarum
2689 3390 2875 3429 amore
2915 3378 3124 3432 alienus
3151 3390 3284 3445 crat,
3315 3392 3573 3452 quantum
3609 3385 3696 3439 hic
3721 3387 3809 3454 qui

2228 3475 2301 3519 tot
2332 3476 2584 3537 tantaque
2618 3470 2941 3537 possidebat.
2973 3470 3181 3541 Ubique
3204 3476 3344 3529 enim
3378 3478 3538 3530 animi
3564 3481 3809 3548 proposi-

2228 3568 2335 3611 tum
2380 3572 2462 3613 est
2500 3561 2637 3630 quod
2668 3574 2976 3617 coronatur.
3020 3564 3086 3618 Et
3123 3565 3188 3620 ad
3228 3566 3398 3635 ipsum
3442 3572 3811 3638 temperantiae

2224 3653 2436 3707 Culmen
2472 3654 2561 3709 ille
2593 3657 2931 3721 ascenderat,
2963 3667 3013 3711 et
3044 3659 3293 3714 virtutem
3325 3676 3444 3715 cum
3473 3664 3811 3719 accuratioue

2226 3747 2535 3814 congruenti
2567 3761 2890 3818 CX~Ct]tltlllls
2920 3750 3113 3804 fuerat.

2302 3840 2425 3893 lla-c
2451 3840 2727 3902 :t-mulare,
2763 3842 2976 3907 dilecte,
3013 3843 3126 3898 ha'c
3158 3845 3401 3907 imitare;
3435 3856 3486 3901 et
3516 3847 3653 3903 hanc
3683 3851 3811 3902 ima-

2228 3934 2402 4001 ginem
2436 3933 2526 3985 tibi
2552 3933 2815 4002 depictam
2847 3951 3148 4004 assumens,
3180 3938 3229 3990 in
3260 3940 3588 3994 conscientia
3622 3953 3707 3995 tua
3729 3944 3809 3997 in~

2231 4027 2331 4093 tige
2358 4041 2370 4077 :
2401 4037 2453 4078 et
2478 4027 2520 4078 si
2550 4027 2600 4078 in
2627 4042 2858 4081 mturare
2887 4030 2980 4089 sis,
3011 4030 3076 4083 ad
3106 4030 3250 4083 illam
3281 4033 3543 4099 confuge;
3584 4035 3627 4087 si
3657 4036 3707 4089 in
3729 4035 3809 4089 di-

2230 4120 2393 4181 vitiis,
2422 4119 2542 4172 binc
2571 4121 2917 4189 pharmacuni
2948 4132 3085 4189 pete,
3121 4124 3188 4175 ita
3218 4134 3271 4177 ut
3301 4141 3472 4194 neque
3500 4138 3814 4197 paupertate

2228 4211 2565 4281 depritnaris,
2589 4231 2760 4285 neque
2778 4218 2825 4270 in
2843 4218 3041 4274 divitiis
3070 4220 3291 4275 inﬂeris.
3319 4222 3372 4276 Si
3392 4225 3528 4277 lilios
3545 4227 3789 4283 amiseris
3806 4263 3820 4286 ο

2232 4305 2351 4358 him:
2371 4310 2792 4364 consolationem
2826 4312 2989 4366 babes
3015 4332 3027 4368 :
3058 4314 3143 4369 hic
3165 4317 3305 4370 enim
3337 4320 3547 4373 culmen
3577 4322 3815 4379 invenies

2228 4410 2281 4452 et
2313 4400 2672 4455 calamitatum
2702 4412 2755 4456 ct
2772 4404 3039 4471 patientia:
3071 4423 3083 4458 :
3115 4408 3156 4461 si
3186 4408 3235 4461 in
3269 4410 3511 4463 morbmn
3537 4413 3814 4482 incideris,

2231 4495 2400 4559 regita
2429 4496 2685 4549 vermium
2715 4500 3089 4569 sI-aturigincs,
3121 4517 3255 4570 quas
3282 4518 3410 4556 caro
3441 4505 3557 4575 ejus
3586 4508 3814 4563 ebullie-

2231 4585 2351 4649 bat;
2379 4599 2432 4640 et
2460 4588 2637 4640 munia
2668 4590 2931 4656 patienter
2958 4592 3098 4646 feres
3130 4612 3141 4646 :
3172 4595 3214 4646 si
3243 4598 3443 4649 amicus
3473 4598 3563 4652 tibi
3597 4600 3817 4657 insidias

2229 4680 2517 4743 struxerit,
2549 4696 2736 4734 rursus
2761 4693 3003 4737 sanetum
3033 4685 3085 4738 in
3118 4688 3350 4740 medimn
3375 4690 3575 4755 adduc,
3602 4702 3658 4746 et
3684 4696 3813 4749 iram

2231 4779 2372 4822 tuam
2414 4773 2691 4839 supcrahis
2726 4792 2739 4827 :
2770 4775 2814 4828 si
2848 4779 2934 4845 qui
2966 4778 3087 4831 vilis
3117 4780 3267 4847 pretii
3299 4790 3349 4833 te
3383 4781 3661 4853 impetant,
3691 4802 3813 4855 per-

2230 4864 2401 4932 pende
2428 4880 2487 4918 ea
2529 4882 2646 4934 qua:
2689 4883 2715 4919 a
2751 4868 2960 4923 famulis
2992 4871 3102 4940 ipse
3149 4888 3335 4941 passus
3362 4885 3462 4941 est,
3495 4886 3550 4930 et
3593 4881 3813 4933 multam

2230 4957 2459 5025 accipies
2495 4958 2808 5014 medicinam
2854 4980 2865 5015 :
2906 4964 2949 5016 si
2998 4967 3131 5019 mala
3170 4967 3411 5035 quzedam
3443 4972 3679 5038 suspicio
3732 4976 3810 5027 iu-

2233 5050 2407 5111 vadal,
2439 5051 2608 5119 cegita
2636 5052 2721 5105 illa
2764 5069 2881 5121 ane
2904 5055 2969 5109 de
2994 5054 3093 5110 hoc
3116 5056 3369 5123 dixerint,
3405 5063 3545 5129 quod
3579 5065 3812 5119 nondum

2234 5144 2461 5209 peccatis
2512 5160 2665 5213 pares
2714 5161 2899 5214 ptenas
2941 5148 3168 5216 dederit,
3200 5162 3253 5207 et
3280 5154 3451 5223 qualia
3496 5157 3591 5225 ipsi
3626 5175 3814 5228 expro-

2231 5232 2479 5298 brarent;
2513 5246 2564 5289 ct
2604 5236 2653 5289 id
2697 5253 2909 5307 quoque
2951 5243 3120 5295 morbi
3151 5247 3449 5313 superabis.
3483 5247 3637 5304 Nulla
3672 5253 3811 5307 enim

2230 5338 2336 5385 est,
2364 5338 2420 5381 ut
2450 5329 2599 5382 initio
2625 5329 2755 5393 dixi,
2784 5332 2832 5384 in
2868 5332 3170 5389 hominibus
3212 5338 3489 5395 calamitas
3515 5360 3675 5410 quam
3710 5361 3813 5402 non

2233 5433 2419 5487 passus
2449 5421 2519 5474 sit
2546 5421 2630 5476 hic.
2658 5425 2756 5485 vir,
2787 5424 3071 5479 adamante
3104 5427 3340 5494 firmior;
3371 5431 3565 5487 famem
3600 5450 3811 5507 nempe,

2233 5521 2620 5581 paupertatem,
2638 5516 2903 5581 morbum,
2923 5518 3149 5574 ﬁliorum
3178 5524 3544 5591 amissiOnem,
3563 5539 3641 5584 tot
3657 5548 3813 5603 opum

2225 5605 2488 5673 jac-tutam
2514 5610 2669 5664 simul
2710 5611 2985 5680 excipiens
3013 5624 3067 5668 et
3110 5617 3368 5672 tolerans.
3415 5620 3478 5674 Et
3508 5636 3623 5688 post
3654 5628 3811 5681 etiam

2232 5711 2439 5767 reputa,
2465 5700 2603 5767 quod
2633 5703 2810 5755 uxoris
2853 5704 3077 5771 insidiis,
3106 5710 3397 5764 amicorum
3429 5715 3694 5771 molestiis
3718 5734 3813 5787 ap-

2230 5802 2442 5860 petitus.
2466 5807 2493 5844 a
2520 5792 2728 5847 famulis
2752 5795 3105 5866 impugnatus,
3131 5805 3417 5867 peromnia
3444 5811 3631 5876 quavis
3661 5822 3805 5881 petra

2230 5887 2428 5939 tuimur
2469 5895 2716 5941 oste-usus
2755 5898 2865 5955 cst;
2899 5902 2947 5943 ct
2981 5889 3091 5947 haec
3122 5902 3243 5949 ante
3279 5896 3448 5968 legem
3489 5910 3539 5955 ct
3564 5905 3810 5972 gratiam.
