4124 6336
197 407 299 462 £823
1073 391 1116 447 γ
1157 385 1461 452 ηοιίιωλ,
1508 381 1597 438 DE
1634 373 1828 435 STUDl

1937 370 2587 439 PII.-ESI.NTil.'-.\I,ETC.

1893 490 1968 546 Ita
2020 488 2379 549 recedamus.
2433 486 2754 541 a-uiuleutur
2791 484 3054 540 athletam
3115 484 3340 554 ejusque
3380 498 3498 537 cer-

1894 583 2093 639 tamina
2139 582 2454 638 imitemur:
2488 590 2545 636 ut
2582 590 2632 635 et
2680 577 2859 635 futura
2900 593 3299 649 consequamur
3332 575 3495 644 bona,

194 533 401 587 Etenim
448 540 515 580 ne
571 519 844 577 minimam
888 510 1110 585 quidem
1153 502 1471 563 habebimus
1511 493 1787 587 defensio-

192 640 335 687 nem,
360 621 404 675 si
428 626 549 689 post
586 614 759 686 legem
801 618 857 664 et
881 606 1110 679 gratiam
1150 609 1298 655 tanto
1331 594 1571 689 fruentes
1612 586 1783 689 dono,

191 679 370 772 minus
400 679 821 778 feramuquuam
846 702 938 756 ille
957 697 1049 770 qui
1075 696 1128 751 in
1156 688 1421 765 principio
1442 695 1499 742 et
1526 682 1659 752 ipsis
1678 679 1787 778 ini-

3386 360 3489 417 £86

1892 675 2065 749 gratia
2092 685 2147 731 et
2177 672 2515 746 benignitate
2545 674 2755 729 Domini
2786 672 2955 728 nostri
2983 672 3116 729 Iesu
3148 670 3375 731 Christi.
3407 687 3507 739 pcr

191 765 705 867 iiisvvi'taaihumante
732 805 935 853 tantam
976 765 1222 847 exhibuit
1264 777 1687 853 philosophiam.
1722 768 1791 828 Ut
1895 781 2058 867 quem
2108 773 2166 822 et
2217 780 2341 821 cum
2392 782 2501 837 quo
2557 765 2699 821 Patri
2738 765 2910 837 gloria
2939 806 2954 829 ,
3002 780 3107 818 una
3150 778 3274 819 cum
3300 773 3507 867 sancto

190 854 431 973 "et
456 854 902 954 consolationem
961 883 1262 939 habeamus
1314 876 1367 929 in
1413 867 1699 927 tristibus,
1736 869 1793 917 et
1897 858 2119 929 Spiritu,
2163 872 2308 914 nunc
2345 868 2402 915 et
2451 874 2691 930 semper,
2721 869 2777 913 ct
2823 858 2874 912 in
2926 858 3123 913 sarcula
3152 854 3496 912 seculorum.

193 957 413 1065 ait...
461 984 818 1061 philosOphim
870 975 1237 1046 disciplinam,
1286 967 1373 1022 his
1423 957 1791 1028 conscriptis,

1903 954 2098 1010 Amen.

1596 1114 1943 1184 nouum
1984 1117 2063 1177 v.
3448 1059 3497 1075 “

198 1284 449 1357 Ejusdem
474 1277 717 1334 liciuilia.
751 1270 925 1328 habita
954 1267 1006 1319 in
1038 1260 1227 1357 temple
1264 1263 1454 1357 sancta
1482 1248 1659 1357 ira!“
1682 1287 1697 1311 ν
1729 1243 1796 1357 ἀς
1902 1260 2031 1316 tiam
2067 1278 2419 1333 corrumpere
2449 1265 2666 1335 poterit.
2712 1263 2939 1331 Quando
2979 1263 3123 1319 cnim
3166 1265 3513 1333 incorruptus

268 1334 438 1433 uiridia
488 1368 812 1442 iii-mentium
861 1372 907 1417 et
949 1358 1013 1412 de
1056 1351 1261 1426 ἰσωνία
1300 1344 1584 1403 οθνκίίίίτκ
1610 1334 1796 1442 {qua
1900 1355 2110 1423 Judex,
2140 1355 2232 1427 qui
2267 1334 2461 1412 omnia
2486 1357 2632 1413 clare
2672 1358 2856 1419 novit,
2903 1366 3121 1426 peccata
3151 1367 3279 1412 ante
3319 1356 3514 1416 oculos

268 1431 334 1523 in
363 1431 705 1535 ρωιὶεηάκηι,
736 1465 781 1510 et
810 1450 946 1525 quod
988 1444 1283 1503 mulieribus
1327 1452 1477 1495 usus
1505 1448 1607 1487 non
1634 1431 1799 1500 ξαρρ-

270 1562 499 1613 dimenta
528 1554 594 1609 ait
620 1551 687 1605 ad
717 1546 916 1604 rirtutis
943 1555 1169 1597 cursum.

356 1649 525 1719 Quam
547 1641 858 1699 dulcissima
880 1646 966 1693 est
984 1633 1383 1703 Scripturarttm
1404 1620 1564 1719 lectio
1578 1627 1633 1719 et
1652 1612 1800 1719 omni

204 1710 629 1817 prato—suavior,
662 1746 824 1806 atque
853 1728 1100 1802 pomario
1128 1720 1382 1817 paradiso
1401 1710 1800 1817 delectabilior,

204 1805 441 1893 maxime
472 1845 604 1886 vero
627 1805 750 1883 cum
792 1820 1030 1893 cognitio
1054 1815 1275 1874 lectioni
1316 1811 1550 1867 additur.
1581 1805 1803 1862 Pratum

205 1930 389 1995 cnim,
430 1933 485 1979 et
530 1922 721 1977 Ilorutn
770 1911 1146 1987 pulchritudo,
1194 1916 1253 1963 et
1305 1904 1559 1961 arborum
1612 1909 1806 1995 contr,

206 1989 614 2084 mem-hedera,
645 2020 874 2082 myrtus,
900 2006 1075 2061 visum
1104 2001 1398 2061 delectant,
1421 1994 1518 2050 sed
1549 1989 1811 2084 post

209 2078 418 2184 paucos
463 2078 808 2162 marcescunt
839 2118 853 2153 :
884 2097 1287 2165 Scripturarum
1341 2097 1522 2184 autem
1575 2078 1813 2184 cognitio

212 2171 453 2261 utentem
491 2197 685 2261 munit,
724 2187 1112 2247 conscientiam
1158 2189 1371 2255 purgat,
1407 2174 1699 2235 illiberale:
1735 2171 1815 2224 af-

213 2297 391 2350 fectus
420 2289 625 2350 avellit.
652 2286 909 2340 virtutem
940 2280 1168 2351 plantat,
1209 2270 1551 2329 ratiocinium
1580 2265 1816 2322 sublime

213 2389 393 2451 effert,
443 2400 549 2440 non
584 2378 851 2454 permittit
896 2383 956 2429 ut
994 2373 1381 2440 inexspectatts
1427 2361 1686 2420 arumnis
1715 2360 1818 2414 im-

216 2456 547 2552 mergamur,
575 2472 862 2531 sublimius
892 2466 1055 2538 erigit
1078 2478 1240 2535 quam
1268 2468 1327 2515 ut
1352 2456 1552 2517 diaboli
1585 2454 1689 2552 tela

216 2544 485 2641 attingere
508 2568 731 2639 possint.
746 2563 1002 2632 adipsum
1046 2553 1302 2613 transfert
1344 2551 1562 2616 calum,
1590 2544 1825 2641 absolvit

220 2637 458 2721 annnam
481 2637 761 2715 a—vinculis
798 2652 1063 2722 corporis,
1094 2650 1244 2704 leves
1282 2645 1461 2701 reddit
1481 2642 1633 2706 alas;
1660 2637 1822 2710 quid-

221 2756 354 2829 quid
385 2753 513 2811 boni
529 2752 649 2822 quis
671 2747 889 2812 dixerit,
909 2744 963 2799 in
980 2741 1285 2798 auditorum
1311 2745 1549 2794 mentem
1564 2730 1822 2790 immittit.

224 2850 355 2907 Ideo
382 2850 505 2904 illus
530 2845 618 2918 qui
645 2844 842 2899 absunt
876 2838 1108 2895 miseros
1136 2833 1434 2906 praedicare
1474 2846 1583 2886 non
1632 2839 1824 2892 cesso,

224 2955 437 3010 vosque
461 2938 551 3010 qui
575 2935 776 2992 adestis
799 2932 990 2989 beatos
1012 2927 1289 2985 celebrare
1306 2966 1322 2990 ,
1362 2923 1486 2996 quia
1512 2920 1828 3010 thesaurum

225 3009 589 3104 colligitisqui
616 3022 813 3083 insumi
842 3038 947 3079 non
972 3028 1150 3092 potest
1176 3017 1395 3073 divitias
1428 3029 1550 3084 qua:
1591 3009 1829 3083 impendi

226 3135 527 3199 nequeunt,
542 3132 597 3178 ct
618 3119 896 3177 facultates
917 3111 1132 3171 invidiae
1153 3125 1261 3167 non
1284 3108 1564 3173 obnoxias,
1588 3114 1647 3161 ut
1666 3104 1831 3160 multa

229 3198 424 3291 repleti
451 3208 660 3281 latitia,
705 3212 928 3269 domum
968 3205 1243 3265 reccditis.
1282 3200 1424 3259 Nihil
1447 3199 1595 3259 enim
1638 3198 1711 3254 ita
1735 3213 1832 3249 vo-

230 3314 499 3384 luptatem
542 3321 732 3379 parcre
775 3310 976 3375 pctest,
1021 3306 1082 3356 ut
1124 3294 1453 3355 conscientia
1500 3305 1634 3365 pura
1659 3307 1674 3347 :
1700 3304 1833 3362 pura

230 3418 411 3465 autem
436 3403 669 3462 efﬁcitur
689 3396 1043 3460 conscientia,
1062 3392 1276 3452 etiamsi
1294 3398 1488 3448 onusta
1511 3388 1584 3444 sit
1603 3384 1836 3457 peccatis

228 3498 553 3558 innumeris.
590 3509 713 3552 cum
760 3491 1071 3563 frequenter
1112 3486 1429 3543 concionem
1459 3481 1628 3537 audit.
1651 3478 1835 3552 Neque

230 3594 376 3651 enim
403 3589 675 3662 prioribus
694 3584 907 3642 delictis
929 3596 1065 3638 nova
1089 3578 1268 3645 addit;
1294 3577 1404 3633 imo
1427 3575 1591 3633 etiam
1616 3582 1835 3644 peccata

233 3684 495 3747 absumit,
553 3690 609 3737 et
652 3679 833 3735 minus
873 3686 1199 3748 propensam
1252 3667 1431 3727 reddit
1481 3665 1715 3721 animant
1766 3662 1837 3718 ad

235 3777 458 3835 easdem
498 3791 587 3830 rrs
615 3769 1022 3844 aggrediendas.

305 3870 502 3928 Contra
524 3866 853 3938 pecuniarum
876 3861 1223 3933 cupiditatem.
1245 3856 1445 3913 Iudici!
1462 3853 1623 3930 futuri
1645 3852 1840 3909 descri-

237 3967 365 4036 ptio.
392 3961 707 4018 Auditorum
732 3954 1082 4029 Chrysostomi
1108 3952 1347 4026 gemitus.
1374 3978 1449 3994 -
1476 3946 1682 4005 Idcirco
1706 3958 1841 4016 rogo

236 4067 479 4113 vestram
503 4052 806 4114 caritatem.
830 4049 946 4105 haec
975 4044 1288 4120 frequenter
1311 4044 1377 4100 iis
1400 4040 1493 4114 qui
1519 4041 1715 4099 absunt
1739 4040 1839 4095 de-

236 4148 501 4213 cantatis,
534 4147 765 4217 illosque
804 4144 914 4199 cito
950 4139 1223 4197 reducatis
1248 4135 1317 4195 ad
1346 4147 1686 4192 communem
1729 4147 1843 4188 ma-

240 4252 377 4297 trem
401 4282 418 4305 ,
461 4254 526 4293 ac
547 4235 906 4305 spiritualium
944 4232 1217 4288 lucrorum
1242 4234 1527 4284 consortes
1564 4222 1839 4281 rcddatis:

240 4351 348 4391 non
378 4333 522 4390 enim
545 4329 979 4389 diminutionem,
1008 4323 1106 4381 sed
1129 4330 1476 4393 augmentum
1498 4320 1601 4374 hoc
1618 4332 1845 4375 consor-

240 4431 374 4484 tium
409 4426 566 4497 parit.
597 4422 729 4489 Sed,
760 4436 795 4475 ο
819 4419 1171 4492 pecuniarum
1204 4414 1466 4490 tyrannis,
1497 4428 1620 4486 qua:
1646 4413 1845 4469 multos

240 4523 470 4574 fratrum
510 4526 825 4572 nostrorum
855 4512 925 4567 ab
953 4508 1215 4569 hoc.ovili
1256 4507 1505 4563 amovet!
1540 4504 1670 4560 nihil
1696 4505 1843 4561 enim

238 4610 384 4669 aliud
409 4623 507 4665 eos
545 4607 674 4663 hinc
714 4613 949 4671 amovet,
979 4617 1139 4674 quam
1186 4599 1365 4672 gravis
1410 4596 1501 4653 ille
1540 4596 1762 4652 morbus
1790 4604 1847 4651 et

241 4715 537 4771 numquam
581 4700 847 4755 exstincta
876 4696 1067 4751 foruax
1098 4711 1112 4749 :
1142 4693 1260 4750 haec
1281 4692 1525 4757 domina,
1562 4690 1843 4761 plusquam

241 4794 471 4851 barbara
493 4833 509 4856 ,
534 4792 724 4863 quavis
749 4788 926 4845 bellua
957 4786 1211 4851 ferocior,
1254 4796 1307 4841 ct
1352 4785 1485 4855 ipsis
1509 4783 1847 4840 damonihus

239 4888 441 4951 acrior,
470 4885 720 4954 captivos
743 4896 873 4939 suos
892 4896 1078 4937 secum
1103 4894 1416 4937 assumens:
1434 4877 1558 4933 illos
1582 4893 1727 4933 nunc
1748 4894 1847 4951 per

241 4980 419 5034 furum
467 4976 803 5039 circumfert,
855 4974 1039 5046 gravia
1089 4973 1223 5029 dans
1251 4980 1520 5044 praecepta
1572 4986 1675 5028 nec
1710 4971 1846 5028 sinit

242 5090 339 5131 eoa
390 5072 477 5127 vel
533 5071 799 5126 tantillum
868 5069 1139 5140 respirare
1203 5081 1234 5121 a
1280 5064 1597 5135 perniciosis
1644 5063 1848 5119 labori-

240 5168 363 5225 bus.
397 5164 507 5221 Sed
534 5162 663 5234 quid
710 5162 945 5226 facient,
976 5176 1099 5217 cum
1127 5159 1245 5214 dies
1271 5159 1369 5214 ille
1400 5157 1661 5214 terribilis
1684 5156 1853 5213 adve-

243 5260 380 5326 niet,
405 5256 667 5328 judicium
701 5256 1094 5324 incorruptum,
1128 5260 1185 5307 et
1212 5243 1382 5305 Judex
1414 5250 1503 5319 qui
1530 5248 1705 5318 decipi
1739 5264 1846 5304 non

244 5350 463 5426 potest?
490 5365 611 5407 cum
640 5348 758 5409 vela
790 5348 1046 5403 caelorum
1069 5343 1459 5400 contrahentur
1478 5340 1581 5411 (α),
1607 5351 1662 5397 et
1681 5354 1849 5411 ange-

244 5448 421 5502 lorum
471 5443 700 5518 pnpulua
740 5456 865 5499 cum
909 5439 1098 5497 Iudice
1141 5435 1476 5494 descendet?
1506 5449 1627 5490 cum
1666 5435 1849 5490 omnia

244 5540 386 5595 nuda
415 5546 472 5593 ct
492 5547 677 5605 aperta
704 5534 900 5590 erunt?
922 5547 1097 5603 neque
1117 5531 1261 5587 enim
1282 5538 1406 5583 tunc
1426 5529 1704 5583 rhetorum
1731 5526 1848 5581 elo-

248 5628 491 5703 quentia,
523 5640 633 5683 non
662 5627 746 5683 vis
774 5626 1047 5698 pecunia,
1080 5636 1257 5693 neque
1284 5618 1431 5677 aliud
1452 5618 1664 5693 quidvis
1686 5619 1846 5688 justi-

305 5785 381 5847 (α)
409 5782 624 5847 Videtur
654 5779 879 5847 albiderc
1406 5772 1499 5825 aevi
1531 5774 1608 5824 sui
1630 5782 1849 5834 morem;

244 5839 348 5899 nam
367 5839 539 5898 velum
567 5857 697 5907 sum,
719 5850 838 5895 ante
854 5839 1048 5906 iudices
1068 5839 1452 5890 obtendebatur.

580 5942 851 6006 PATIOL.
902 5943 1017 6003 (is.
1077 5943 1297 6005 LXIII.

1911 1458 2111 1508 statuet
2141 1451 2298 1522 quasi
2321 1451 2376 1505 in
2410 1449 2647 1523 imagine
2673 1449 2924 1519 depicta;
2958 1456 3089 1502 tunc
3117 1462 3217 1502 nec
3247 1461 3362 1513 rex,
3393 1460 3493 1500 nec

1912 1544 2080 1602 idiota
2098 1554 2434 1614 comparent,
2452 1559 2559 1598 non
2576 1558 2801 1612 pauper,
2814 1556 2922 1595 uon
2939 1542 3113 1603 dives,
3132 1555 3237 1594 non
3250 1540 3488 1608 sapiens,

1910 1647 2017 1688 non
2068 1630 2362 1697 indoctus;
2406 1630 2499 1686 sed
2554 1631 2662 1687 illa:
2708 1644 2899 1685 omnes
2956 1629 3120 1685 larva
3176 1627 3517 1696 auferuntur,

1910 1734 2072 1796 atque
2119 1740 2184 1779 ex
2227 1734 2505 1795 gestorum
2556 1733 2855 1791 conspectu
2894 1738 3086 1777 omnes
3130 1722 3202 1777 ibi
3249 1724 3519 1777 visuntur.

1913 1815 2029 1872 Non
2063 1816 2395 1886 conspicitur
2424 1814 2496 1870 ibi
2540 1816 2789 1870 diadema
2836 1816 3090 1886 cingens,
3129 1832 3236 1870 non
3288 1831 3524 1883 purpura

1913 1908 2165 1975 amictus,
2196 1922 2303 1962 non
2328 1922 2493 1962 curru
2517 1917 2726 1972 vectus,
2753 1906 2845 1977 qui
2879 1906 3030 1961 mille
3058 1907 3280 1962 lictores
3308 1906 3525 1970 habent,

1917 1998 1972 2055 in
2016 1997 2136 2055 foro
2176 1997 2388 2055 turbam
2428 2009 2718 2055 arcentes:
2751 1998 2848 2055 sed
2894 1999 3045 2054 istaec
3084 1998 3265 2054 omnia
3319 1998 3526 2054 sublata

1918 2101 2081 2158 sunt,
2128 2100 2185 2148 et
2237 2091 2368 2147 nudi
2423 2092 2622 2163 singuli
2674 2091 3034 2157 inducuntur,
3093 2107 3161 2148 ex
3208 2092 3377 2162 gesds
3438 2102 3534 2146 aut

1923 2184 2181 2254 perniciei
2218 2193 2312 2241 aut
2376 2184 2568 2240 salutis
2607 2199 2829 2241 causam
2891 2184 3154 2241 habentes
3204 2202 3218 2239 :
3271 2194 3331 2241 ut
3385 2189 3533 2241 cuin.

1923 2278 2133 2350 singula
2163 2287 2314 2347 gesta
2343 2276 2568 2343 fuerint,
2597 2277 2678 2334 sic
2698 2276 2941 2333 calculus
2968 2278 3162 2332 fertur.
3195 2275 3358 2333 Multa
3381 2277 3536 2333 vobis

1924 2373 2067 2430 bona
2107 2372 2234 2427 hinc
2266 2372 2618 2442 proveniant,
2665 2369 2810 2442 quod
2849 2385 2972 2426 cum
3014 2378 3166 2425 tanto
3209 2370 3390 2426 studio
3421 2369 3539 2424 lum:

1926 2464 2092 2520 verba
2135 2464 2411 2521 audiatis:
2446 2479 2569 2519 nam
2602 2462 2937 2534 singulorum
2983 2463 3246 2534 gemitus,
3298 2473 3355 2518 et
3392 2463 3536 2533 quod

1927 2558 2137 2614 vultum
2169 2556 2516 2628 percutiatis,
2566 2555 2761 2611 borum
2811 2555 3079 2610 seminum
3128 2554 3261 2610 mihi
3302 2552 3541 2610 fructum

1931 2649 2155 2707 indicat.
2190 2649 2317 2706 Ideo
2346 2648 2577 2705 miseros
2607 2647 2849 2720 prmdico
2878 2647 3006 2703 illos
3035 2647 3127 2718 qui
3158 2648 3390 2712 absunt,
3418 2648 3543 2718 quia

1930 2759 2058 2803 cum
2104 2752 2249 2800 tanta
2296 2751 2520 2815 possent
2566 2742 2670 2799 frui
2721 2758 2877 2810 cura,
2928 2742 3203 2799 ulceribus
3230 2753 3441 2800 scatent
3490 2754 3547 2798 et

1932 2836 2249 2892 vulneribus
2275 2835 2641 2908 quotidianis,
2687 2850 2863 2903 neque
2906 2848 2969 2891 se
3011 2844 3277 2906 εει-θωνα
3317 2835 3541 2891 sciunt:

1936 2928 2168 2995 ideoque
2198 2926 2322 2983 illos
2363 2941 2527 2983 sanos
2559 2925 2675 2983 ficri
2712 2925 2930 2982 difficile
2964 2937 3064 2983 est.
3121 2924 3256 2994 Quis
3280 2927 3426 2983 enim
3452 2942 3549 2981 cus

1937 3018 2022 3075 his
2050 3018 2119 3076 de
2149 3018 2311 3074 rebus
2351 3016 2701 3090 alloquetur?
2730 3033 2799 3073 an
2851 3018 3092 3074 uxores?
3137 3018 3245 3077 Sed
3288 3034 3393 3075 una
3440 3018 3551 3073 Illis

1937 3127 2068 3170 cura
2111 3122 2196 3169 est
2243 3129 2259 3168 :
2302 3110 2372 3169 de
2423 3111 2625 3175 aureis,
2678 3110 2749 3167 de
2806 3110 3168 3180 vestimentis,
3224 3112 3295 3168 de
3341 3111 3550 3183 reliqua

1940 3206 2338 3278 magniﬁcentia
2377 3247 2392 3271 ,
2440 3214 2497 3262 et
2548 3203 2618 3262 de
2658 3204 2823 3262 domo
2866 3205 3135 3273 sollicita,
3173 3219 3271 3263 eos
3306 3206 3400 3279 qui
3441 3205 3552 3261 ilhc

1942 3299 2203 3365 habitant,
2265 3297 2495 3356 moleste
2546 3307 2803 3354 tractant.
2852 3301 2934 3355 An
2977 3297 3200 3355 famuli?
3242 3298 3550 3373 quomodo.

1940 3407 2062 3449 cum
2102 3392 2304 3448 nullam
2350 3391 2583 3447 habeant
2634 3390 2886 3464 loquendi
2937 3391 3269 3459 libertatem,
3304 3403 3361 3448 et
3388 3408 3552 3448 unam

1942 3484 2044 3557 ipsi
2091 3498 2309 3557 quoque
2356 3497 2545 3540 curam
2581 3483 2819 3540 habeant
2861 3484 3223 3541 ministerium
3257 3498 3416 3542 suum
3453 3486 3553 3542 im-

1943 3578 2163 3654 plaudi?
2188 3580 2272 3635 An
2310 3576 2559 3650 iudices?
2588 3577 2684 3635 sed
2712 3577 2844 3634 nihil
2872 3577 3016 3639 aliud
3047 3578 3121 3635 illi
3151 3587 3367 3646 curant,
3391 3596 3554 3650 quam

1944 3671 2310 3728 resurbanas.
2357 3673 2440 3727 An
2482 3667 2623 3727 forte
2659 3683 2817 3742 reges
2854 3680 2913 3727 ct
2956 3670 2993 3726 ii
3042 3670 3137 3743 qui
3179 3668 3429 3731 diadema
3456 3687 3556 3744 ge-

1945 3763 2128 3820 stant?
2176 3779 2366 3820 verum
2422 3760 2639 3819 illorum
2684 3762 2841 3819 labor
2890 3764 3071 3819 omnis
3124 3773 3373 3821 versatur
3413 3765 3556 3821 circa

1946 3856 2271 3927 imperium,
2312 3854 2609 3927 potentiam
2660 3866 2719 3913 et
2776 3854 3057 3928 pecunias.
3089 3856 3175 3912 An
3220 3856 3323 3929 ipsi
3349 3857 3558 3930 bellum

1945 3948 2334 4007 concitahuot?
2363 3955 2423 4005 at
2448 3946 2719 4019 quomodo
2750 3947 2805 4004 id
2831 3949 3047 4005 valeant
3075 3946 3137 4016 ii,
3167 3948 3258 4020 qui
3285 3964 3355 4006 ne
3381 3952 3556 4025 respi.

1947 4060 2069 4102 rare
2096 4043 2315 4118 quidem
2358 4052 2587 4115 possunt
2611 4043 2684 4100 ob
2723 4043 3061 4115 negotiorum
3101 4042 3347 4112 turbam,
3380 4044 3477 4102 sed
3508 4057 3559 4102 et

1950 4148 2163 4197 noctem
2190 4139 2445 4210 diemque
2471 4152 2537 4195 ea
2568 4136 2620 4193 in
2668 4151 2731 4195 re
2774 4136 3077 4195 insumunt.
3106 4136 3227 4210 Quo
3256 4134 3419 4211 igitur
3451 4153 3561 4193 non

1950 4233 2374 4291 miserabiliores
2423 4230 2626 4288 fuerint
2677 4231 2790 4297 illi,
2845 4230 2938 4305 qui
2995 4230 3279 4290 innumera
3336 4232 3562 4290 vulnera

1949 4326 2169 4400 quidem
2212 4327 2482 4399 accipiunt
2504 4369 2521 4393 ,
2571 4336 2630 4382 et
2666 4324 2775 4383 huc
2800 4340 2909 4381 non
2940 4324 3227 4390 accedunt,
3258 4326 3352 4383 ubi
3379 4324 3563 4384 disceo

1951 4437 2013 4479 re
2060 4420 2375 4493 pussintse,
2405 4419 2509 4476 etsi
2556 4418 2875 4476 vulneribus
2925 4417 3168 4483 affectos,
3198 4434 3360 4490 posse
3387 4420 3457 4476 ab
3498 4421 3565 4478 iis

1951 4512 2198 4579 liberari,
2227 4522 2282 4569 et
2308 4511 2667 4568 valetudinem
2715 4512 2995 4584 consequi.
3038 4512 3393 4583 Quandonam
3433 4530 3565 4585 ergo

1954 4606 2007 4662 hi
2039 4608 2273 4663 animant
2322 4621 2477 4661 suam
2520 4604 2832 4662 curabunt?
2873 4606 3179 4677 Optandum
3222 4606 3367 4662 enim
3396 4616 3567 4663 estut

1955 4704 2010 4764 ii.
2042 4699 2133 4774 qui
2169 4698 2480 4772 frequenter
2524 4699 2577 4754 in
2628 4698 2913 4755 ecclesiam
2954 4700 3322 4767 conveniunt,
3368 4709 3424 4757 et
3466 4699 3565 4756 do-

1953 4796 2127 4852 ctrina
2172 4792 2437 4865 spirituali
2466 4800 2725 4864 tantaque
2746 4806 2877 4848 cura
2914 4793 3185 4861 fruuntur,
3215 4809 3409 4865 pravas
3434 4809 3567 4851 con.

1952 4887 2313 4959 cupiscentias
2340 4886 2557 4941 vincere
2582 4894 2637 4941 et
2663 4882 2877 4942 frenare
2908 4886 3146 4957 possint,
3173 4896 3334 4960 atque
3358 4888 3427 4943 ad
3454 4889 3568 4943 vir-

1956 4982 2084 5037 tutis
2110 4977 2427 5035 exercitium
2448 4993 2509 5034 se
2532 4987 2877 5035 convertere.

2024 5068 2081 5130 ἰ.
2111 5071 2305 5131 Cautus
2343 5070 2679 5143 psalmorum.
2712 5099 2790 5115 --
2820 5068 3016 5127 Verum
3058 5087 3129 5128 ne
3156 5072 3411 5131 absentes
3446 5074 3571 5131 illos

1956 5177 2218 5241 perpetuo
2240 5166 2553 5223 incusantes
2577 5180 2608 5220 a
2646 5164 2923 5221 consuetis
2952 5180 3049 5221 vos
3074 5169 3359 5239 privemus
3381 5210 3397 5234 ,
3428 5184 3529 5240 age
3549 5211 3569 5235 ,

1951 5262 2168 5319 solitam
2213 5257 2368 5315 vobis
2408 5272 2650 5313 mensam
2687 5271 3045 5327 apponamus,
3083 5268 3140 5313 et
3188 5258 3257 5315 de
3298 5260 3564 5331 psallendi

1957 5355 2106 5409 lucro
2130 5351 2294 5407 verba
2322 5349 2605 5405 faciamus.
2627 5348 2765 5406 Ecce
2794 5366 3026 5423 namque
3052 5352 3298 5409 incidens
3328 5355 3569 5425 psalmus

1957 5447 2134 5501 varias
2177 5444 2397 5503 miscuit
2422 5456 2602 5507 voccs,
2634 5449 2690 5497 et
2743 5458 2907 5497 unum
2956 5444 3168 5500 cunctis
3198 5446 3422 5503 vocibus
3448 5462 3565 5502 mo-

1956 5538 2196 5596 dulatum
2245 5538 2513 5593 canticum
2564 5537 2617 5589 in
2664 5534 2832 5590 altum
2877 5536 3133 5593 excitavit
3182 5556 3196 5592 :
3242 5538 3473 5609 juvenes
3514 5550 3569 5595 et

1958 5647 2140 5698 senes,
2166 5629 2363 5687 divites
2400 5636 2456 5684 et
2474 5642 2771 5700 pauperes,
2796 5629 3055 5687 mulieres
3082 5641 3140 5687 et
3183 5634 3314 5699 viri,
3345 5634 3567 5689 serviet

1958 5725 2134 5792 liberi,
2154 5724 2326 5781 melos
2365 5736 2532 5778 unum
2572 5733 2763 5777 omnes
2777 5721 3116 5781 sustulimus.
3142 5724 3198 5782 Si
3220 5726 3364 5781 enim
3394 5723 3566 5781 citha-

1959 5818 2145 5875 rtedus
2170 5817 2415 5875 diversos
2456 5827 2650 5871 nervos
2684 5827 2804 5873 arte
2858 5824 3188 5887 temperans.
3233 5832 3396 5872 anuus
3428 5819 3569 5873 mul-

3155 5924 3234 5986 9.5
