4124 6336
655 354 754 407 13'?

650 482 732 527 tos
763 488 922 525 unum
949 472 1111 527 efficit
1144 489 1157 527 :
1190 470 1312 539 quid
1335 471 1547 536 mirum,
1572 471 1617 525 si
1644 470 1834 540 psalmi
1852 478 1907 525 et
1929 465 2217 537 spiritualis

648 564 841 618 cantici
892 566 969 617 vis
1024 564 1251 633 idipsum
1300 562 1467 616 fecit?
1506 561 1689 633 Neque
1716 561 1858 616 enim
1901 575 1998 614 nos
2040 562 2213 616 solum

648 668 954 725 praesentes,
992 658 1083 709 sed
1111 657 1268 710 etiam
1314 664 1581 709 mortumu
1628 670 1742 709 cum
1786 654 1920 706 vivis
1961 652 2214 706 miscuit:

647 750 740 803 lite
794 764 1021 814 namque
1064 746 1221 801 etiam
1264 748 1538 801 nobiscum
1576 746 1834 815 psallebat
1872 746 2059 799 beatus
2080 738 2213 799 Pro-

645 841 800 909 pheta
834 859 845 892 :
874 854 1189 908 quamquam
1222 840 1273 894 in
1306 840 1465 908 regiis
1491 839 1626 892 aulis
1655 837 1705 891 id
1734 853 1837 891 non
1866 838 2023 891 liceat
2050 856 2062 889 :
2091 852 2210 891 nam

645 934 713 987 ibi
743 934 889 987 sedet
931 933 1229 987 diademate
1271 944 1511 998 ornatus,
1548 932 1757 984 adstant
1800 938 1976 984 autem
2028 942 2214 983 omnes

641 1042 760 1079 cum
814 1026 1059 1090 silentio,
1103 1025 1225 1080 licet
1263 1026 1313 1079 in
1370 1024 1613 1077 tnaximis
1657 1023 2050 1092 magistratibus
2108 1021 2213 1075 sint

638 1118 932 1171 Constituti.
965 1118 1061 1173 llic
1094 1131 1223 1171 vero
1252 1132 1356 1170 non
1379 1117 1491 1179 sic;
1519 1114 1610 1169 sed
1651 1114 1886 1184 loquitur
1916 1113 2204 1183 Propheta,

637 1218 689 1261 et
710 1222 898 1263 omnes
925 1209 1328 1279 respondemus,
1361 1221 1547 1262 omnes
1592 1222 1691 1260 una
1724 1207 1968 1260 canimus
1998 1222 2009 1257 :
2038 1220 2209 1275 neque

637 1302 758 1355 licet
790 1303 873 1355 hic
918 1317 1128 1355 servmn
1180 1300 1383 1364 videre,
1431 1300 1798 1360 necliherum,
1829 1313 1925 1352 nec
1968 1299 2203 1361 divitem,

636 1410 736 1448 nec
790 1409 1091 1463 pauperem,
1128 1406 1227 1446 nec
1266 1392 1583 1460 principem,
1635 1406 1732 1443 nec
1772 1393 2069 1458 privatum;
2113 1389 2204 1442 scd

634 1487 847 1555 pellitur
893 1485 980 1539 illa
1011 1483 1282 1538 srccularis
1338 1482 1688 1552 inaequalitas,
1745 1497 1878 1536 unus
1901 1482 2094 1535 chorus
2138 1497 2205 1536 ex

632 1581 878 1633 omnibus
925 1589 1299 1648 congregatur,
1357 1578 1634 1647 :equalitas
1678 1593 1886 1647 quoque
1936 1578 2098 1630 multa
2151 1580 2201 1631 in

628 1672 847 1726 vocibus
865 1679 964 1733 est,
994 1685 1057 1724 ac
1087 1670 1273 1723 ca‘lum
1300 1680 1436 1723 terra
1463 1669 1714 1722 imitatur.
1739 1666 1905 1723 Tanta
1928 1667 2205 1723 estEccle—

627 1764 721 1818 sia:
738 1762 1007 1818 nobilitas.
1028 1761 1206 1831 Neque
1224 1762 1365 1815 enim
1388 1760 1489 1815 dici
1512 1767 1684 1828 potest
1700 1758 1972 1814 dominum
1989 1758 2200 1829 quidem

625 1873 746 1909 cmn
776 1855 933 1909 multa
979 1853 1302 1908 confidentia
1349 1852 1597 1921 psallere,
1633 1865 1843 1903 servom
1888 1858 2065 1904 autem
2116 1865 2200 1905 re-

623 1949 802 2019 primi;
825 1962 992 2018 neque
1015 1962 1244 2009 rursum,
1259 1943 1695 2015 divitemqnidem
1713 1942 1943 2013 linguam
1958 1957 2197 2010 movere,

626 2039 844 2110 pauperi
876 2050 1048 2093 autem
1078 2036 1344 2091 silentium
1375 2034 1653 2105 imperari;
1680 2050 1851 2105 neque
1882 2035 2091 2099 iterum,
2121 2036 2199 2089 vi-

622 2147 740 2184 rum
758 2128 971 2200 quidem
991 2144 1111 2183 cum
1136 2128 1321 2182 fiducia
1339 2142 1553 2193 canere,
1575 2126 1851 2181 mulierem
1873 2142 2000 2181 vero
2023 2137 2198 2182 tacere

620 2233 673 2279 et
708 2223 823 2276 sine
847 2235 978 2275 voce
998 2229 1139 2274 stare
1167 2236 1181 2274 :
1210 2219 1304 2274 sed
1348 2234 1536 2274 omnes
1574 2219 1685 2288 pari
1728 2221 1931 2275 honore
1962 2218 2198 2299 fruentes

620 2329 903 2368 commune
932 2312 1206 2367 oﬂ‘erimus
1232 2312 1571 2375 sacrificium,
1596 2327 1931 2366 communem
1966 2313 2196 2367 oblatio-

621 2423 740 2461 nem
769 2426 782 2462 :
807 2422 978 2477 neque
1020 2407 1140 2476 plus
1164 2406 1322 2460 habet
1352 2405 1437 2460 hic
1476 2421 1632 2476 quam
1663 2406 1769 2470 ille,
1796 2422 1892 2460 nec
1922 2407 2007 2461 ille
2035 2422 2195 2476 quam

620 2500 740 2566 ilic;
765 2501 856 2556 sed
882 2515 1070 2555 omnes
1089 2501 1139 2553 in
1158 2499 1344 2554 eodem
1364 2499 1585 2565 honore,
1606 2511 1654 2553 ct
1680 2515 1779 2554 una
1794 2515 1895 2554 vox
1918 2514 1947 2554 a
1966 2500 2194 2556 diversis

619 2594 813 2664 linguis
833 2594 897 2649 ad
924 2592 1069 2650 orbls
1084 2596 1396 2654 Creatorem
1443 2593 1721 2646 emittitur.
1754 2592 2062 2648 Dilferentia
2093 2608 2191 2647 au-

619 2699 725 2742 tem
756 2698 856 2753 est,
891 2702 994 2741 non
1024 2688 1077 2741 in
1107 2700 1263 2741 servo
1285 2694 1340 2739 et
1366 2684 1417 2738 in
1449 2685 1637 2749 libero,
1674 2700 1776 2738 non
1802 2685 1852 2739 in
1877 2685 2044 2740 divite
2065 2694 2117 2740 ct
2139 2686 2190 2740 in

615 2795 873 2851 paupere,
900 2796 1004 2834 non
1032 2777 1084 2832 in
1113 2778 1337 2833 muliere
1365 2787 1421 2833 et
1447 2777 1498 2831 iu
1522 2777 1659 2844 viro,
1686 2776 1778 2831 sed
1807 2777 1859 2830 in
1900 2776 2099 2841 animo,
2140 2778 2190 2831 iu

614 2889 741 2929 cura
767 2882 820 2927 et
838 2873 889 2927 in
915 2871 1143 2943 ignavia,
1167 2870 1217 2925 in
1240 2870 1368 2924 vitio
1379 2878 1434 2925 et
1450 2870 1666 2924 virtute.
1686 2868 1759 2923 Ita
1781 2868 1922 2923 enim
1944 2881 2044 2939 ego
2060 2868 2193 2923 adeo

615 2965 830 3021 divitem
855 2978 1164 3034 pauperem,
1201 2972 1255 3018 et
1280 2976 1565 3032 pauperem
1596 2960 1821 3017 divitem
1847 2973 2043 3016 vocare
2070 2976 2195 3032 pos-

614 3071 755 3125 sum,
784 3065 839 3111 et
856 3056 1132 3111 mulierem
1150 3054 1341 3120 virum,
1360 3054 1641 3124 virumque
1659 3051 1962 3123 mulierem,
1983 3061 2039 3110 et
2066 3053 2194 3109 idio-

615 3159 719 3203 tam
760 3149 1076 3219 sapientem,
1117 3147 1520 3218 sapientemque
1566 3146 1783 3202 idiotam
1810 3165 1823 3199 :
1848 3162 1954 3203 non
2008 3163 2189 3204 rerum

616 3254 859 3298 naturam
881 3242 1235 3310 confundens,
1250 3241 1343 3296 sed
1366 3244 1622 3313 optimam
1646 3241 1881 3312 regulam
1909 3242 2188 3309 inducens,

612 3352 731 3405 quae
772 3336 949 3390 omnia
996 3335 1247 3404 corrigat.
1278 3334 1343 3388 Et
1382 3332 1668 3401 quomodo,
1699 3333 1928 3403 inquies,
1962 3332 2042 3387 vir
2068 3349 2190 3388 mu-

612 3429 731 3494 lier,
762 3438 815 3482 et
860 3427 1052 3482 mulier
1080 3428 1160 3480 vir
1192 3426 1304 3481 fieri
1336 3424 1540 3497 possit?
1580 3424 1694 3479 Non
1733 3436 1931 3479 mutata
1977 3435 2185 3491 natura,

611 3521 706 3576 sed
729 3522 846 3575 vit.e
872 3521 1135 3576 instituto.
1163 3516 1296 3574 Cum
1325 3518 1469 3575 enim
1501 3518 1658 3573 video
1707 3518 1975 3572 hominem
1997 3532 2186 3572 aurqu

610 3623 925 3684 gestantem,
952 3614 1438 3685 elegantem,coma
1465 3623 1734 3677 ornatum,
1763 3612 2048 3682 unguentis
2076 3609 2187 3666 fra-

610 3718 875 3779 grantem,
906 3721 1027 3761 cum
1057 3706 1210 3761 molli
1229 3706 1451 3760 vestium
1478 3706 1697 3771 amictu,
1723 3704 1952 3759 femineo
1974 3718 2182 3774 gressu,

611 3799 817 3855 deliciis
832 3812 1051 3868 operam
1069 3798 1283 3852 dantem
1301 3816 1313 3851 :
1328 3796 1594 3867 quomodo
1611 3798 1809 3867 possim
1834 3798 1980 3852 illum
1998 3812 2189 3852 vocare

610 3894 806 3957 virum,
835 3892 921 3963 qui
944 3899 1147 3946 natura:
1165 3879 1495 3946 nobilitatem
1521 3890 1753 3960 prodidit
1768 3899 1823 3945 et
1838 3891 1891 3945 in
1908 3890 2184 3945 mulierem

610 4000 901 4041 conversus
947 3986 1063 4040 est?
1098 3984 1303 4039 Etenim
1349 4000 1415 4039 ne
1466 3983 1745 4039 mulierem
1779 3985 1995 4054 quidem
2025 3983 2075 4037 id
2111 3984 2188 4037 fa-

609 4080 837 4133 cientem
894 4079 1033 4133 intcr
1063 4079 1302 4133 viventes
1354 4077 1565 4148 Paulus
1594 4093 1879 4133 numerare
1906 4078 2183 4148 dignatur,

608 4170 704 4225 sed
726 4170 868 4225 illam
890 4171 1119 4225 secrevit
1141 4170 1206 4225 de
1234 4170 1473 4224 vivorum
1498 4144 1687 4233 clioro,
1711 4178 1764 4223 et
1787 4168 1924 4223 inter
1949 4177 2187 4223 mortuos

608 4262 902 4328 constituit,
946 4262 1131 4315 dicens
1163 4278 1176 4313 :
1213 4262 1339 4329 Qua:
1379 4272 1545 4315 autem
1584 4262 1637 4314 in
1666 4260 1860 4315 deliciis
1887 4270 1979 4325 est,
2022 4260 2187 4315 vivens

608 4363 807 4406 mortua
832 4352 937 4426 εει(
969 4354 1017 4408 1.
1042 4353 1168 4407 Tim.
1189 4355 1243 4409 5.
1264 4354 1295 4409 6
1320 4355 1339 4427 )
1368 4372 1379 4407 :
1406 4354 1673 4425 quomodo
1702 4371 1828 4425 ergo
1854 4354 1935 4408 vir
1972 4355 2087 4409 lucc
2112 4355 2188 4409 fa-

606 4448 757 4501 ciens
782 4446 834 4501 iu
859 4448 1091 4501 virorum
1114 4446 1302 4502 ordine
1324 4455 1651 4513 numeretur,
1674 4464 1793 4517 qua:
1812 4448 1858 4503 si
1879 4446 2039 4502 faciat
2061 4464 2149 4502 mu
2165 4476 2181 4487 -

607 4542 724 4606 lier,
748 4540 881 4597 adeo
903 4541 1061 4595 vitam
1091 4540 1357 4611 perdidit?
1382 4540 1460 4596 Ne
1486 4540 1611 4598 mihi
1640 4542 1781 4596 enim
1802 4541 1975 4596 virum
2004 4551 2185 4596 osten-

606 4632 702 4687 das
740 4632 807 4687 ab
846 4635 1062 4698 amictu,
1098 4649 1125 4686 a
1167 4647 1320 4695 zona,
1352 4632 1438 4687 vel
1472 4646 1539 4686 ex
1586 4646 1653 4687 eo
1706 4631 1846 4702 quod
1874 4632 2016 4687 domi
2064 4647 2184 4686 sese

606 4724 794 4778 efferat
820 4738 881 4777 ac
909 4722 1259 4779 formidabilis
1304 4728 1373 4778 sit
1411 4738 1475 4777 ac
1516 4724 1689 4778 minas
1720 4723 1968 4788 intentct,
1995 4724 2087 4779 sed
2117 4724 2185 4776 ab

607 4815 770 4867 animi
814 4814 1149 4885 philosophia
1181 4830 1341 4876 ;cum
1372 4815 1500 4868 vitia
1527 4815 1852 4885 comprimit,
1884 4823 1938 4868 et
1968 4815 2183 4869 morbos

607 4909 799 4961 animae.
828 4916 1065 4977 superat,
1112 4922 1233 4963 cum
1279 4908 1457 4962 domui
1487 4923 1600 4962 suae
1644 4907 1883 4962 interiori
1936 4907 2181 4975 imperat,

606 5002 673 5055 de
700 5003 873 5061 anima
912 5001 1122 5071 loquor,
1153 5016 1325 5072 neque
1360 5017 1389 5055 a
1416 5002 1826 5072 cogitationibus
1870 5000 2185 5055 inordinatis

608 5094 838 5149 trahitur
867 5114 880 5150 :
910 5095 1013 5149 hoc
1056 5096 1288 5150 maxime
1330 5095 1431 5149 viri
1477 5105 1577 5151 est.
1623 5095 1678 5151 Si
1722 5105 1902 5150 autem
1940 5095 2181 5151 ebrietati

608 5197 664 5241 et
683 5188 911 5257 crapula:
955 5187 1046 5243 det
1095 5203 1336 5257 operam,
1380 5204 1442 5242 ac
1466 5187 1606 5243 diem
1643 5190 1899 5261 transigat
1949 5198 2006 5244 et
2052 5207 2183 5243 con-

605 5291 783 5335 sumat
826 5280 878 5335 iu
932 5279 1411 5335 comessationibus
1437 5287 1491 5334 et
1544 5280 1819 5347 ebrietate,
1869 5297 1989 5337 cera
2040 5283 2182 5336 omni

607 5370 819 5425 mollior
843 5386 872 5424 a
904 5372 1029 5425 vitio
1053 5371 1241 5437 factus,
1280 5372 1551 5443 quomodo
1582 5383 1768 5442 potero
1816 5374 1978 5430 talem
2010 5375 2181 5428 virum

610 5476 822 5526 vocare,
843 5461 1112 5532 captivum
1129 5480 1341 5533 nempe,
1361 5478 1578 5519 servum
1600 5466 1918 5534 emptitium,
1935 5464 2185 5520 omnibus

607 5571 725 5610 sese.
746 5556 882 5612 vitiis
897 5556 1205 5624 dedentem,
1226 5557 1469 5624 fractum,
1486 5559 1803 5626 emollitum,
1822 5559 2181 5626 deliciantem,

608 5648 943 5703 abomnibns
985 5647 1285 5718 depulsum,
1316 5651 1403 5719 qui
1434 5665 1499 5704 ne
1522 5662 1665 5705 stare
1709 5651 1924 5721 quidem
1978 5652 2029 5706 in
2071 5653 2183 5707 acie

610 5742 813 5810 βε)εεὶιῖ
846 5746 923 5795 An
964 5742 1182 5795 nescitis
1212 5741 1364 5796 nobis
1396 5760 1499 5797 non
1539 5759 1659 5800 esse
1690 5745 1885 5800 bellum
1918 5754 1971 5800 et
2011 5746 2181 5801 aciem

613 5834 897 5900 parandam
927 5835 1184 5891 adversus
1219 5834 1463 5890 homines
1493 5852 1836 5906 congcneres,
1873 5837 1962 5892 sed
1991 5836 2179 5894 adver-

1361 354 1419 411 S.
1461 352 1737 410 JOANNIS
1778 349 2259 408 CllR‘iSOSTOMl
2301 352 2617 409 AliClllEl’.
2659 357 3196 417 CONSTANTINHP.

3812 362 3904 419 lRR

2324 479 2414 519 sus
2444 468 2733 526 invisibiles
2775 473 3100 539 Potestatcs,
3135 478 3389 532 adversus
3429 477 3730 533 daunonum
3775 482 3911 551 pha-

2322 559 2541 627 langas,
2586 568 2876 620 secundum
2923 569 3135 624 beatum
3187 571 3449 625 Paulum:
3484 571 3604 625 Non
3643 584 3718 626 est
3769 575 3909 628 nobis

2322 650 2457 704 lucta
2477 654 2715 711 adversus
2737 660 3030 728 sanguinem
3068 671 3114 713 ct
3139 678 3361 727 carnem,
3390 663 3477 716 sed
3502 664 3741 717 adversus
3768 667 3909 735 priu-

2320 743 2454 809 cipcs
2479 755 2524 798 et
2544 745 2818 804 Potestates
2846 750 3057 823 (Ep/tes.
3089 753 3140 807 6.
3172 755 3280 822 12).

2388 836 2442 890 ὅ.
2476 837 2586 893 lloc
2612 841 2753 895 enim
2787 845 3019 898 maxime
3041 846 3136 899 viri
3161 859 3263 901 cst.
3291 847 3390 914 Qui
3418 864 3549 920 ergo
3574 849 3761 905 forma:
3790 863 3903 905 stu~

2317 926 2442 993 det,
2491 944 2589 984 nec
2639 945 2758 987 sese
2804 935 3010 989 virilem
3064 948 3313 1006 przestat;
3359 942 3447 1009 qui
3502 952 3759 1006 ornatur,
3808 960 3906 1000 nec

2317 1017 2563 1073 virtutem
2623 1022 2717 1074 viri
2776 1024 3013 1090 exhibet,
3069 1028 3339 1095 quomodo
3389 1041 3501 1084 stet
3553 1032 3603 1085 in
3636 1034 3788 1086 acie?
3821 1036 3899 1088 vel

2316 1114 2584 1178 (ptotnodo
2614 1116 2697 1167 vir
2725 1128 2963 1182 vocetur,
2996 1135 3113 1171 cum
3140 1122 3207 1173 sit
3233 1123 3377 1175 onmi
3403 1126 3626 1179 muliere
3653 1128 3903 1180 mollior?

2318 1203 2516 1259 Eodem
2546 1216 2723 1260 autem
2757 1210 2936 1274 modo,
2985 1212 3121 1265 sicut
3152 1213 3291 1266 hunc
3334 1232 3435 1267 non
3469 1217 3641 1269 virum
3671 1235 3901 1272 vocave-

2313 1293 2433 1359 rim,
2463 1294 2556 1349 sed
2587 1298 2809 1352 muliere
2835 1300 3164 1363 molliorem;
3198 1304 3264 1355 ita
3292 1315 3345 1357 et
3369 1305 3643 1361 mulierem
3672 1310 3900 1363 viriliter

2311 1394 2587 1451 agentem,
2623 1389 2766 1441 omni
2815 1390 2929 1444 viro
2964 1394 3234 1447 fortiorem
3268 1394 3528 1459 dixerint,
3577 1399 3621 1452 si
3668 1403 3900 1469 arreptis

2310 1476 2470 1528 armis
2495 1479 2875 1545 spiritualibus,
2908 1482 3124 1537 thorace
3147 1484 3367 1553 justitim
3401 1490 3601 1551 indute,
3632 1492 3781 1559 galea
3808 1509 3895 1543 sa.

2308 1567 2463 1622 lutari
2512 1583 2818 1641 assumpta,
2868 1558 3057 1645 clypeo
3098 1578 3220 1631 fidei
3270 1590 3443 1645 lecta,
3493 1558 3897 1638 zonaivcritatis

2306 1662 2610 1726 succincta,
2659 1674 2712 1717 et
2741 1666 2917 1735 gladio
2964 1669 3181 1736 spiritus
3229 1686 3471 1740 accepto,
3518 1684 3620 1727 stet
3662 1676 3712 1729 in
3745 1680 3891 1741 acie,

2308 1750 2513 1822 fulgens
2543 1756 2739 1819 armis,
2775 1758 2903 1825 ipsis
2948 1760 3093 1812 caelis
3134 1762 3401 1815 excelsior
3444 1765 3577 1816 faeta
3622 1781 3686 1818 ex
3730 1770 3890 1821 animi

2303 1858 2463 1897 sensu
2485 1885 2499 1909 ,
2531 1844 2836 1900 dtemonum
2879 1847 3170 1920 phalangas
3209 1851 3541 1918 dissolvens,
3576 1855 3772 1909 diaboli
3806 1867 3885 1927 ty-

2302 1936 2578 1990 rannidem
2609 1939 2821 2005 tollens,
2872 1943 2996 1996 vitia
3038 1958 3404 2014 compungens
3426 1987 3440 2009 ,
3472 1945 3890 2020 densioremque

2301 2026 2388 2080 illa
2411 2044 2528 2096 qua:
2557 2028 2607 2081 in
2628 2030 2767 2085 bello
2790 2032 2845 2085 fit
2865 2044 3097 2103 stragem
3121 2036 3307 2101 edens,
3340 2053 3446 2090 non
3471 2038 3766 2102 hominum,
3794 2042 3887 2096 sed

2300 2119 2652 2175 absurdarmn
2707 2124 3082 2195 cupiditatum.
3113 2126 3303 2182 Mulier
3346 2144 3576 2200 namque
3620 2140 3674 2185 et
3724 2134 3806 2185 vir
3835 2135 3886 2188 in

2300 2215 2667 2283 corporalibus
2697 2215 2851 2271 divisi
2884 2228 3045 2283 sunt;
3081 2230 3135 2275 ct
3167 2221 3239 2275 illi
3269 2222 3482 2292 quidem
3530 2225 3630 2279 tela
3652 2266 3668 2291 ,
3699 2227 3884 2293 colus,

2298 2305 2641 2373 calathiscus,
2662 2307 2851 2363 domus
2878 2311 3117 2365 custodia
3138 2313 3460 2383 assignatur,
3485 2328 3539 2369 ut
3568 2317 3619 2369 in
3653 2317 3885 2372 thalamo

2297 2410 2507 2453 maneat
2533 2410 2586 2453 et
2614 2400 2749 2454 filios
2776 2402 3012 2465 nutriat;
3046 2404 3159 2458 viro
3199 2416 3376 2460 autem
3408 2408 3685 2461 tribunalia
3709 2450 3724 2474 ,
3758 2427 3885 2463 cott-

2296 2489 2442 2557 silia,
2486 2491 2689 2557 forum,
2721 2492 2881 2558 bella,
2916 2511 3141 2565 pugnte,
3173 2498 3318 2551 acies
3353 2516 3365 2551 :
3404 2501 3455 2555 in
3483 2500 3673 2570 pugnis
3701 2510 3881 2556 autem

2295 2582 2400 2636 illis
2420 2598 2540 2653 qua:
2575 2584 2828 2654 pietatem
2880 2596 3147 2655 spectant,
3181 2602 3467 2644 conunune
3509 2592 3748 2645 studium
3778 2604 3883 2658 est,

2294 2678 2595 2732 conununia
2648 2681 2940 2734 certamina
2972 2699 2985 2733 :
3016 2682 3368 2752 similiterque
3406 2684 3657 2739 mulieres
3703 2701 3763 2740 se
3815 2686 3882 2740 ad

2293 2784 2521 2840 pugnam
2564 2772 2880 2841 accingunt,
2917 2788 3014 2828 nec
3056 2773 3341 2843 ejiciuntur
3366 2791 3395 2829 a
3438 2777 3753 2839 certamine,
3787 2779 3883 2833 sed

2292 2872 2346 2915 et
2381 2863 2431 2914 in
2480 2862 2595 2915 acie
2627 2872 2862 2933 pugnant
2916 2876 3247 2919 coronantur
3292 2878 3345 2920 et
3399 2869 3644 2924 victrices
3681 2884 3883 2925 renun-

2296 2956 2492 3009 tiantur
2526 2964 2581 3011 et
2607 2958 2936 3011 strenuitatis
2959 2961 3175 3028 przemia
3206 2969 3488 3030 reportant
3514 2972 3675 3034 atque
3695 2962 3881 3020 bravia

2294 3057 2350 3105 et
2385 3064 2611 3105 coronas
2642 3069 2654 3104 :
2689 3060 2995 3121 lropwaque
3021 3052 3162 3123 apud
3192 3053 3309 3108 illas
3341 3055 3621 3125 splendida
3650 3067 3799 3120 sunt,
3828 3069 3883 3113 et

2292 3141 2529 3196 victoria:
2558 3142 2882 3212 frequentes.

2364 3232 2767 3289 Macaabworum
2803 3244 2963 3289 mater
2984 3246 3173 3305 quanta
3206 3254 3375 3306 passa.
3395 3268 3465 3277 —
3493 3242 3565 3292 Ac
3593 3255 3658 3294 ne
3682 3242 3880 3309 putetis

2291 3328 2405 3383 haec
2445 3327 2637 3383 fastum
2686 3345 2876 3399 sapere
2906 3342 2959 3386 et
3005 3333 3291 3388 verborum
3337 3336 3593 3399 sonitum,
3634 3344 3691 3389 et
3736 3336 3881 3391 clare

2289 3422 2467 3476 sciatis
2494 3424 2745 3478 mulieres
2772 3424 3028 3494 quasdam
3058 3441 3162 3479 non
3195 3425 3293 3479 viri
3341 3426 3501 3480 modo
3547 3428 3879 3483 Strenuiores

2290 3515 2474 3580 fuisse,
2504 3516 2596 3571 sed
2618 3518 2802 3583 etiam,
2835 3527 2891 3571 nt
2918 3519 2990 3572 ita
3020 3518 3221 3581 dicam,
3251 3519 3316 3573 ad
3340 3520 3654 3588 angelorum
3682 3524 3880 3591 impas-

2289 3610 2615 3676 sibilitatem,
2643 3622 2897 3681 quantum
2926 3613 3037 3667 fieri
3068 3623 3297 3682 poterat,
3317 3618 3657 3683 pervenisse:
3681 3617 3734 3669 in
3767 3632 3878 3670 me-

2289 3702 2433 3756 dium
2461 3702 2754 3757 adducatur
2779 3704 2891 3771 illa,
2924 3714 3113 3759 natura
3137 3705 3352 3775 quidem
3384 3706 3597 3771 mulier,
3631 3706 3724 3762 sed
3756 3724 3878 3778 qua:

2289 3810 2354 3849 ex
2377 3794 2727 3866 phi1050phize
2758 3799 2807 3850 vi
2833 3798 2995 3853 cados
3016 3799 3211 3869 attigit,
3234 3800 3651 3856 Maccabmorum
3676 3810 3875 3864 mater.

2289 3903 2407 3958 quae
2455 3890 2537 3944 bis
2598 3900 2801 3960 septem
2859 3905 3086 3946 coronas
3155 3894 3373 3957 nexuit;
3447 3905 3501 3949 et
3558 3910 3717 3965 quem
3778 3911 3876 3949 vo-

2290 3978 2454 4034 lueris
2482 3982 2703 4036 militem
2748 3981 3252 4051 bellicosissimum,
3294 3983 3643 4041 fortissimum
3680 3996 3739 4043 et
3764 4004 3876 4043 ma-

2288 4072 2633 4141 gnanimitate
2661 4074 2986 4144 prrecipuum
3018 4075 3182 4131 verbo
3214 4076 3394 4145 profer
3424 4078 3474 4131 in
3522 4078 3755 4134 medium
3777 4121 3794 4146 ,
3823 4092 3875 4134 et

2292 4172 2439 4217 tanto
2465 4165 2830 4220 sublimiorem
2876 4166 3081 4221 videbis
3133 4168 3411 4224 mulierem
3445 4169 3622 4237 illam,
3671 4187 3875 4242 quanto

2288 4255 2538 4309 caalorum
2579 4255 2809 4313 fornices
2838 4257 3037 4312 distant
3063 4274 3093 4314 a
3143 4271 3303 4314 terra.
3343 4260 3474 4316 Nam
3508 4263 3586 4317 vir
3627 4263 3782 4319 fortis
3821 4276 3875 4319 cl.

2290 4360 2550 4418 pugnator
2581 4350 2664 4404 vel
2692 4366 2846 4405 unam
2891 4353 3042 4406 timet
3086 4353 3332 4424 plagam,
3365 4364 3420 4410 et
3481 4371 3545 4409 ex
3586 4356 3677 4409 illa
3726 4372 3870 4411 mor-

2290 4453 2395 4497 tem
2442 4443 2586 4497 brevi
2631 4456 2976 4513 sequuturam
3010 4462 3023 4500 :
3055 4445 3169 4501 hare
3207 4462 3334 4500 vero
3364 4448 3538 4501 stabat
3579 4461 3679 4503 ceu
3720 4464 3872 4504 mons

2288 4533 2527 4604 perfossa
2555 4536 2855 4600 tormentis,
2892 4535 2943 4590 in
2972 4536 3199 4607 singulis
3226 4538 3453 4591 filiorum
3484 4539 3756 4608 graviores
3784 4556 3873 4594 su-

2288 4628 2493 4681 stinens
2522 4627 2703 4683 animo
2734 4628 2915 4698 plagas
2936 4671 2950 4695 ,
2981 4644 3138 4699 quam
3168 4629 3241 4684 illi
3275 4632 3325 4683 in
3359 4630 3615 4685 lateribus
3650 4633 3871 4700 excipe-

2287 4730 2406 4773 rent
2432 4722 2739 4774 cruciatus:
2774 4731 2944 4775 mater
2968 4723 3111 4776 enim
3136 4732 3282 4789 erat,
3312 4733 3367 4778 et
3395 4723 3550 4778 vidua
3573 4765 3587 4789 ,
3618 4734 3779 4794 atque
3804 4726 3869 4779 ad

2287 4828 2579 4870 extremam
2608 4825 2939 4871 senectutem
2968 4816 3289 4871 devenerat:
3320 4817 3466 4871 scitis
3488 4827 3690 4884 autem,
3717 4827 3872 4889 quot-

2288 4917 2416 4977 quot
2445 4918 2621 4977 patres
2653 4909 2784 4962 cstis
2804 4950 2817 4971 ,
2851 4918 2905 4962 et
2946 4924 3297 4979 quascumque
3328 4907 3749 4979 pwtnsdolores
3776 4927 3866 4966 ex-

2288 5010 2453 5069 pertae
2494 5002 2643 5067 estis,
2674 5001 2891 5070 spiculis
2930 5003 3179 5055 omnibus
3229 5001 3345 5056 [nec
3403 5018 3524 5057 esse
3568 5003 3866 5059 acerbiora.

2288 5094 2366 5148 Ac
2412 5092 2615 5147 nullum
2669 5093 2828 5147 telum
2872 5103 3083 5147 acutum
3131 5102 3234 5146 tam
3284 5109 3500 5163 gravem
3545 5094 3707 5149 infert
3752 5096 3868 5149 vul-

2288 5187 2487 5241 neratis
2536 5187 2810 5251 dolorem,
2845 5196 2904 5241 ut
2954 5187 3144 5242 harum
3185 5202 3365 5242 rerum
3420 5203 3756 5258 unaqumque
3805 5189 3872 5244 il-

2289 5280 2389 5334 lius
2409 5280 2713 5350 pungebant
2734 5280 2991 5335 animum.
3024 5280 3210 5351 Cogita
3235 5280 3377 5333 enim
3398 5290 3655 5350 quantum
3678 5292 3796 5336 erat
3822 5282 3878 5335 in

2286 5373 2506 5444 singulis
2524 5375 2643 5429 (iliis
2664 5375 2847 5429 videre
2863 5388 3057 5443 corpus
3075 5389 3235 5427 unum
3257 5374 3360 5443 igni
3380 5384 3432 5428 et
3453 5372 3596 5428 ferro
3613 5374 3873 5445 disrumpi

2289 5464 2613 5536 longumque
2678 5466 2925 5537 protendi
2972 5475 3277 5531 certamen;
3322 5464 3593 5536 quomodo
3634 5466 3880 5531 videbat,

2287 5560 2556 5629 quomodo
2615 5559 2896 5623 audiebat,
2936 5558 3205 5629 quomodo
3231 5560 3533 5628 excipiebat
3557 5558 3781 5614 odorem
3809 5575 3872 5615 ex

2289 5650 2606 5721 Corporibus
2651 5652 2787 5715 illis,
2831 5651 2978 5706 mille
3023 5661 3225 5705 mortes
3265 5650 3490 5720 singulis
3536 5649 3660 5706 filiis
3692 5650 3876 5707 inferri

2290 5744 2491 5799 videns.
2526 5743 2632 5799 Sed
2678 5744 2763 5797 illa
2806 5743 3017 5811 quidem
3048 5742 3222 5797 stabat
3261 5750 3320 5795 ut
3364 5752 3515 5812 petra
3545 5743 3873 5807 immobilis.

2290 5856 2395 5894 non
2426 5838 2617 5907 agitata
2651 5836 2917 5901 ﬂuctibus,
2950 5837 3042 5892 sed
3074 5834 3263 5891 fluetus
3292 5838 3342 5890 in
3376 5852 3617 5907 Spumant
3646 5853 3875 5894 conver-
