4124 6336
245 400 346 451 ,ίίςῒ
1163 386 1204 440 ν
1242 384 1547 453 IIUMILIA,
1583 387 1672 444 DE
1715 385 1969 446 STUDIO
2012 382 2500 450 PBA‘ISENTIL‘M,
2545 384 2698 440 ΕΠΖ.

250 517 339 569 καὶ
365 515 455 568 16v
479 512 876 580 τελευτήσαντα
900 507 1009 567 τοῖς
1039 503 1204 568 ζῶσιν
1235 502 1458 572 ἀνέμιξε
1483 516 1496 531 ⁸
1525 505 1617 554 καὶ
1649 502 1757 572 γάρ
1785 498 1926 573 [καὶ]

244 606 448 665 ἐκεῖνος
483 600 601 671 μεθ’
627 598 783 669 ἡμῶν
818 593 1046 664 ἔψαλλεν
1067 595 1094 645 6
1119 593 1386 662 μακάριος
1416 583 1570 656 οὗτος
1605 590 1891 660 προφήτης
1911 606 1924 618 ·

239 691 420 744 καίτοι
451 690 594 758 γεέν
627 685 930 756 βασιλικαῖς
954 681 1143 742 αὐλαῖς
1172 680 1271 732 οὐκ
1305 679 1386 733 ἕνι
1413 679 1590 741 τοῦτο,
1616 677 1753 730 ἀλλά
1789 677 1928 730 κάθ-

243 796 367 850 ηται
413 777 510 847 μὲν
556 778 582 828 ὁ
626 775 686 826 16
718 771 954 841 διάδημα
999 768 1399 837 περικείμενος,
1456 766 1835 836 παρεστήκασι
1874 763 1929 816 δὲ

241 869 444 931 πάντες
492 868 637 934 σιγῇ,
692 859 996 914 καὶταῦτα
1054 860 1109 909 ἐν
1165 855 1449 926 μεγίσταις
1506 854 1656 917 ὄντες
1710 855 1925 925 ἀρχαῖς.

252 953 522 1008 Ἐνταῦοα
560 953 617 1004 δὲ
650 950 747 1019 οὐχ
791 946 983 1009 οὕτως,
1039 944 1174 997 άλλά
1211 943 1504 1012 φθέγγεται
1548 943 1575 994 ὁ
1619 944 1926 1011 προφήτης,

242 1043 338 1094 καὶ
370 1041 570 1102 πάντες
605 1035 1031 1106 ἀποκρινόμεθα,
1087 1032 1180 1084 καὶ
1227 1033 1424 1092 πάντες
1474 1029 1921 1099 συνεπηχοῦμενο

239 1130 337 1182 καὶ
372 1129 471 1181 οὐκ
506 1128 618 1178 ἔστι
666 1122 852 1177 δοῦλον
883 1120 1116 1175 ἐνταῦθα
1160 1120 1309 1182 ἰδεῖν,
1331 1119 1448 1171 οὐδὲ
1477 1117 1775 1186 ἐλεύθερον,
1807 1116 1926 1170 οὐδὲ

239 1216 498 1270 πλούσιον
535 1213 628 1266 καὶ
667 1211 898 1280 πένητα,
943 1209 1064 1261 ούδέ
1115 1207 1350 1278 ἄρχοντα
1395 1208 1486 1259 καὶ
1521 1205 1767 1277 ἰδιώτην·
1809 1205 1924 1259 ἀλλ’

239 1302 488 1357 ἐκποδὼν
517 1301 701 1355 ἀπασα
725 1297 863 1366 αὕτη
895 1298 928 1367 ἡ
964 1295 1056 1350 τοῦ
1097 1296 1212 1364 βίου
1247 1295 1532 1365 ἀνωμαλία
1565 1285 1922 1364 ἀπελήλαται,

238 1393 334 1444 καλ⁵
365 1385 447 1454 εἷς
474 1389 630 1459 χορὸς
657 1387 716 1452 ἐξ
749 1385 1004 1440 ἁπάντων
1037 1383 1494 1454 συγκεκρότηται,
1536 1382 1630 1434 καὶ
1675 1381 1925 1454 ἰσηγορία

240 1479 434 1550 πολλὴ,
464 1478 556 1529 καὶ
599 1474 690 1526 16v
741 1473 967 1542 οὐρανὸν
1013 1474 1045 1540 ή
1096 1471 1168 1541 γῆ
1222 1472 1486 1540 μιμεῖται.
1537 1469 1784 1538 Τοσαύτη
1822 1469 1924 1539 τῆς

236 1566 533 1638 ἐκκλησίας
565 1567 598 1634 ἡ
632 1563 900 1630 εὐγένεια.
942 1560 1075 1612 Οὐδὲ
1099 1558 1206 1628 γὰρ
1243 1559 1390 1611 ἔστιν
1423 1559 1617 1621 εἰπεῖν,
1651 1558 1732 1610 δτι
1763 1561 1791 1612 ὁ
1823 1558 1921 1629 μὲν

235 1656 508 1724 δεσπότης
555 1651 694 1722 μετὰ
727 1649 926 1718 πολλῆς
966 1647 1159 1715 ψάλλει
1201 1650 1298 1716 τῆς
1344 1646 1674 1717 παρρησίας,
1707 1649 1921 1700 ἐπιστο-

239 1742 456 1812 μίζεται
485 1741 539 1793 δὲ
571 1743 600 1793 6
631 1737 880 1808 οἰκέτης⁶
920 1736 1026 1788 οὐδ’
1074 1729 1139 1788 αὖ
1175 1736 1202 1786 ὁ
1237 1733 1489 1797 πλούσιος
1531 1735 1628 1803 μὲν
1655 1738 1794 1788 κινεῖ
1823 1735 1923 1804 τὴν

230 1830 503 1898 γλῶτταν,
526 1826 741 1898 ἀφωνία
756 1825 812 1878 δέ
834 1826 861 1878 6
883 1825 1051 1894 πένης
1078 1821 1497 1885 καταδικάζεται
1514 1837 1528 1852 ο
1559 1822 1666 1875 οὐδ’
1691 1818 1757 1875 αὖ
1783 1823 1921 1895 ἀνὴρ

240 1919 338 1986 μὲν
365 1914 824 1988 παρρησιάζεται,
863 1911 1002 1982 γυνὴ
1037 1912 1093 1964 δέ
1135 1912 1261 1980 σιγᾷ
1289 1912 1382 1963 καὶ
1407 1911 1621 1979 ἄφωνος
1653 1912 1882 1981 ἔστηκεν
1903 1929 1920 1945 ο

230 2005 372 2058 ἀλλά
407 2005 608 2066 πάντες
646 2001 746 2070 τῆς
784 2000 954 2070 αὐτῆς
1007 2000 1278 2068 ἰσοτιμίας
1319 1997 1702 2062 ἀπολαύοντες,
1737 1998 1921 2069 κοινὴν

233 2093 588 2162 άναφέρομεν
627 2089 724 2160 τὴν
767 2088 980 2149 θυσίαν,
1031 2087 1217 2156 κοινὴν
1260 2085 1360 2158 τὴν
1407 2088 1756 2158 προσφοράν’
1809 2087 1921 2141 οὐδ’

232 2181 351 2251 ἔχει
385 2197 439 2233 τι
472 2179 633 2231 πλέον
660 2171 814 2240 οὗτος
850 2175 1082 2239 ἐκείνου,
1117 2173 1238 2227 οὐδὲ
1284 2176 1491 2238 ἐκεῖνος
1534 2175 1748 2241 τούτου,
1785 2175 1922 2230 ἀλλά

239 2273 444 2334 πάντες
483 2271 542 2322 ἐν
577 2271 644 2341 τῇ
687 2269 826 2340 αὐτῇ
870 2270 1028 2338 τιμῇ,
1062 2267 1156 2321 καὶ
1199 2267 1350 2339 φωνὴ
1406 2268 1505 2342 μία
1545 2268 1608 2321 ἐκ
1649 2268 1921 2340 διαφόρων

230 2360 491 2429 γλωττῶν
533 2358 671 2431 πρὸς
698 2357 791 2410 16v
839 2356 939 2426 τῆς
968 2357 1294 2428 οἰκουμένης
1343 2355 1732 2428 ἀναπέμπεται
1765 2356 1916 2430 [550]

215 2447 588 2519 Δημιουργόν.
638 2445 702 2498 Ἥ
742 2445 977 2516 διαφορά
1005 2445 1062 2498 δὲ
1092 2445 1193 2498 οὐκ
1227 2445 1285 2497 tv
1310 2442 1390 2514 τῷ
1417 2444 1588 2516 δούλῳ
1632 2447 1726 2498 καὶ
1755 2446 1813 2497 ἐν
1841 2444 1920 2516 τῷ

233 2534 524 2606 ἐλευθέρῳ,
560 2534 659 2587 οὐκ
696 2535 753 2586 ἐν
784 2532 860 2604 τῷ
893 2531 1134 2603 πλουσίῳ
1162 2533 1256 2586 καλ⁵
1284 2535 1342 2586 ἐν
1371 2532 1446 2603 τῷ
1475 2533 1690 2604 πένητι,
1723 2534 1824 2588 οὐκ
1861 2536 1919 2587 ἐν

229 2628 299 2696 τῇ
329 2623 552 2692 γυναικὶ
597 2623 691 2676 καὶ
739 2624 796 2676 ἐν
824 2620 902 2693 τῷ
931 2622 1108 2692 ἀνδρὶ,
1145 2622 1260 2675 ἀλλ’
1303 2625 1361 2676 ἐν
1391 2624 1456 2695 τῇ
1494 2621 1711 2693 γνώμῃ,
1764 2624 1822 2675 ἐν
1849 2625 1916 2695 τῇ

232 2713 442 2785 σπουδῇ
469 2713 563 2765 καὶ
584 2715 649 2782 τῇ
680 2711 943 2783 ῥαθυμίᾳ,
968 2712 1026 2763 ἐν
1048 2713 1112 2781 τῇ
1139 2712 1309 2783 κακίᾳ
1335 2713 1428 2766 καὶ
1450 2716 1515 2784 τῇ
1545 2713 1735 2784 ἀρετῇ.
1761 2711 1919 2764 Οὕτω

235 2802 344 2873 γὰρ
374 2801 472 2855 καὶ
520 2799 774 2854 πλούσιον
799 2798 910 2868 ἐγὼ
950 2799 1042 2852 τὸν
1071 2798 1279 2870 πένητα
1325 2798 1558 2870 δύναμαι
1587 2799 1790 2860 καλεῖν,
1823 2798 1918 2851 καὶ

238 2892 449 2962 πένητα
474 2890 567 2943 τὸν
593 2888 868 2953 πλούσιον,
908 2889 1002 2941 καλ
1027 2891 1262 2956 γυναῖκα
1289 2887 1382 2942 16v
1403 2888 1590 2960 ἄνδρα,
1623 2888 1717 2941 καὶ
1750 2886 1918 2957 ἄνδρα

236 2980 336 3050 τὴν
359 2980 612 3048 γυναῖκα,
646 2976 740 3030 καὶ
766 2975 980 3047 ἰδιώτην
1006 2977 1096 3028 16v
1123 2975 1305 3045 σοφὸν,
1327 2975 1423 3028 καὶ
1465 2975 1627 3044 σοφὸν
1652 2974 1743 3029 τὸν
1783 2973 1921 3032 ἰδιώ-

235 3086 356 3137 την,
393 3068 456 3120 οὐ
498 3065 743 3136 συγχέων
771 3063 877 3118 τῶν
908 3064 1252 3135 πραγμάτων
1293 3062 1393 3134 τὴν
1431 3062 1614 3133 φύσιν,
1649 3064 1785 3118 ἀλλά
1825 3063 1918 3117 16v

227 3159 454 3228 ἄριστον
480 3153 686 3209 κανόνα
728 3153 964 3220 εἰσάγων
1001 3151 1094 3205 τὸν
1132 3152 1308 3205 πάντα
1354 3150 1756 3224 διορθούμενον.
1807 3153 1918 3205 Καὶ

229 3246 354 3308 πῶς
403 3246 470 3298 ἂν
499 3244 729 3310 γένοιτο,
780 3241 966 3311 φησὶν,
999 3241 1030 3293 6
1062 3239 1202 3310 ἀνὴρ
1245 3240 1402 3310 γυνὴ,
1435 3238 1554 3304 πῶς
1595 3239 1650 3293 δὲ
1695 3240 1729 3311 ἡ
1779 3240 1915 3311 γυνὴ

229 3335 404 3404 ἀνήρς
433 3334 507 3386 οὐ
545 3331 644 3402 τῆς
675 3329 890 3400 φύσεως
925 3327 1422 3399 μεταϐαλλομένης,
1472 3328 1607 3381 ἀλλά
1642 3327 1744 3398 τῆς
1777 3345 1914 3400 προ-

226 3421 516 3493 αιρέσεως.
540 3420 710 3473 Ὅταν
732 3421 843 3488 γάρ
870 3417 964 3471 ἴδω
1002 3415 1172 3488 ἄνδρα
1203 3415 1668 3490 χρυσοφοροῦντα,
1701 3415 1914 3471 καλλω-

229 3509 522 3579 πιζόμενον
548 3548 562 3572 ,
613 3507 714 3571 τάς
765 3506 940 3577 κόμας
1001 3504 1345 3571 διατιθέντα,
1402 3506 1590 3578 μύρων
1637 3505 1866 3560 πνέοντα
1897 3546 1911 3570 ,

235 3599 454 3670 μαλακῇ
510 3595 743 3668 ἱματίων
794 3594 1054 3666 περιϐολῇ
1119 3596 1213 3648 καὶ
1275 3593 1482 3665 βαδίσει
1528 3593 1912 3665 θηλυνόμενον,

229 3688 413 3760 τρυφῇ
447 3685 804 3756 προσέχοντα,
837 3681 955 3746 πῶς
973 3681 1040 3736 ἀν
1065 3682 1329 3753 δυναίμην
1346 3682 1515 3754 ἄνδρα
1545 3682 1769 3737 καλέσαι
1800 3685 1917 3740 10'3-

227 3792 322 3828 τον
338 3773 430 3828 16v
451 3773 549 3844 τὴν
571 3772 850 3841 εὐγένειαν
864 3770 965 3840 τῆς
989 3769 1094 3839 φύσ
1129 3788 1204 3833 ως
1226 3770 1621 3841 προδεδωκότα,
1654 3773 1748 3826 καὶ
1778 3774 1916 3845 πρὸς

229 3862 292 3915 16
325 3860 458 3932 θῆλυ
493 3858 1008 3932 μεθαρμοζόμενον;
1059 3858 1121 3911 Et
1152 3857 1263 3930 γάρ
1291 3859 1414 3911 οὐδέ
1462 3862 1696 3926 γυναῖκα
1744 3861 1914 3914 ταῦτα

227 3951 492 4006 ποιοῦσαν
537 3951 597 4002 ἐν
628 3952 739 4012 τοῖς
775 3948 940 4014 ζῶσιν
984 3949 1012 4002 6
1046 3947 1262 4012 Παῦλος
1305 3948 1560 4020 ἀριθμεῖν
1602 3951 1704 4003 οὐκ
1749 3951 1911 4018 ἀξιοῖ,

227 4039 346 4093 ἀλλ’
379 4037 613 4109 ἐξορίζει
646 4036 742 4089 τοῦ
772 4034 880 4088 τῶν
905 4036 1252 4106 ἐμπνεόντων
1287 4037 1470 4107 χοροῦ,
1503 4038 1597 4090 καὶ
1638 4037 1778 4108 μετὰ
1804 4038 1914 4091 τῶν

228 4122 542 4178 τεθνεώτων
563 4124 765 4194 ἵστησι,
787 4122 960 4190 λέγων
979 4139 992 4151 ·
1013 4122 1085 4177 Ἠ
1110 4120 1180 4175 δὲ
1206 4120 1582 4177 σπαταλῶσα
1604 4120 1761 4184 ζῶσα
1815 4122 1910 4174 τέ-

231 4210 475 4277 armaar-
493 4211 609 4279 πῶς
633 4211 698 4264 ἂν
730 4212 759 4262 6
791 4210 931 4280 ἀνὴρ
957 4211 1037 4273 εἰς
1081 4209 1180 4279 τὴν
1212 4210 1322 4262 τῶν
1355 4209 1560 4280 ἀνδρῶν
1605 4212 1912 4284 καταλεχθῇ

222 4299 380 4364 τάξιν
409 4297 584 4353 ταῦτα
629 4298 820 4358 ποιῶν.
870 4299 1011 4369 άπερ
1047 4297 1184 4368 γυνὴ
1224 4299 1537 4367 πράττουσα
1577 4299 1672 4353 καὶ
1718 4299 1780 4352 16
1814 4298 1914 4372 ζῇν

226 4387 584 4454 άπολώλεκε;
617 4387 722 4441 Τὸν
769 4387 879 4457 γάρ
905 4386 1074 4456 ἄνδρα
1119 4387 1193 4457 μή
1247 4403 1336 4454 μοι
1378 4388 1487 4440 61:6
1517 4387 1618 4457 τῆς
1668 4387 1914 4457 χλανίδος

221 4477 429 4548 δείξῃς,
467 4475 616 4547 μηδέ-
637 4474 750 4528 61:6
780 4477 879 4546 τῆς
911 4473 1109 4544 ζώνης,
1144 4473 1278 4545 μηδὲ
1310 4475 1418 4529 ἀπὸ
1439 4475 1532 4528 τοῦ
1571 4475 1746 4528 σοϐεῖν
1773 4477 1914 4531 κατά

223 4567 327 4636 τὴν
352 4564 529 4618 οἰκίαν
556 4563 652 4618 καὶ
676 4562 906 4633 φοϐερὸν
929 4558 1067 4616 εἶναι
1101 4563 1194 4615 καὶ
1230 4555 1492 4628 ἀπειλεῖν,
1524 4564 1639 4617 ἀλλ’
1673 4566 1780 4619 61:6
1811 4566 1913 4634 τῆς

223 4652 370 4707 κατά
401 4652 641 4706 διάνοιαν
664 4650 1002 4720 φιλοσοφίας,
1024 4651 1154 4703 ὅταν
1180 4650 1291 4703 τῶν
1318 4651 1506 4704 παθῶν
1527 4653 1752 4726 κατέχῃ,
1784 4654 1912 4706 ὅταν

222 4742 334 4794 τῶν
359 4739 688 4810 νοσημάτων
724 4739 824 4809 τῆς
854 4737 1035 4808 ψυχῆς
1072 4738 1442 4810 περιγίνηται,
1471 4723 1600 4795 ὄταῖθ
1811 4743 1912 4813 τῆς

217 4831 406 4893 οἰκίας
444 4827 610 4882 αὑτοῦ
640 4827 742 4898 τῆς
774 4827 943 4891 ἔνδον,
971 4829 1072 4898 τῆς
1111 4827 1257 4882 κατά
1293 4828 1472 4902 ψυχὴν
1512 4828 1674 4902 λέγω,
1707 4831 1800 4884 καὶ
1836 4833 1910 4902 μὴ

224 4920 333 4974 ὑπὸ
368 4917 480 4971 τῶν
506 4918 724 4971 ἀτόπων
748 4915 1024 4986 λογισμῶν
1053 4916 1439 4989 παρασύρηται
1459 4935 1474 4949 ·
1500 4918 1658 4972 τοῦτο
1681 4919 1912 4989 μάλιστα

222 5005 389 5077 ἀνήρ.
415 5007 513 5058 “Av
540 5005 597 5059 δὲ
627 5003 767 5076 μέθῃ
795 5005 888 5057 καλ⁵
915 5004 1198 5077 κραιπάλῃ
1228 5005 1493 5078 προσέχῃ,
1520 5006 1616 5059 καὶ
1647 5005 1749 5078 τὴν
1775 5008 1912 5078 ἡμέε-

221 5113 331 5168 ραν
376 5095 592 5165 δαπανᾷ
647 5093 743 5146 καὶ
781 5092 1044 5164 ἀναλίσκῃ
1091 5093 1173 5156 εἰς
1210 5093 1431 5164 κώμους
1465 5095 1558 5148 καὶ
1601 5095 1907 5166 παροινίας,

223 5181 404 5254 κηροῦ
445 5182 645 5246 παντὸς
692 5181 1083 5252 μαλακώτερος
1114 5181 1220 5236 ὑπὸ
1251 5181 1346 5235 τοῦ
1373 5182 1578 5248 πάθους
1605 5184 1910 5254 γινόμενος,

224 5273 348 5335 πῶς
376 5271 676 5341 δυνήσομαι
700 5272 792 5324 16v
819 5269 1062 5325 τοιοῦτον
1085 5270 1254 5341 ἄνδρα
1278 5269 1482 5334 καλεῖν,
1513 5271 1605 5325 τὸν
1632 5273 1913 5343 αἰχμάλω-

225 5380 340 5424 τον,
370 5361 462 5413 τὸν
501 5359 683 5414 δοῦλον
724 5359 815 5412 τὸν
857 5358 1264 5430 ἀργυρώνητον,
1299 5359 1391 5412 16v
1429 5362 1592 5412 πᾶσιν
1644 5361 1914 5417 ἐνδιδόντα

222 5452 341 5513 τοῖς
371 5447 593 5511 πάθεσι,
618 5434 709 5500 16v
738 5446 1182 5517 κατακλώμενον,
1211 5450 1304 5501 τὸν
1336 5447 1791 5518 μαλακιζόμενον,
1821 5450 1913 5503 τὸν

223 5536 622 5608 θρυπτόμενον,
661 5535 751 5587 16v
783 5535 888 5588 ὑπὸ
912 5535 1128 5589 πάντων
1154 5535 1648 5605 καταϐαλλόμενον,
1671 5537 1761 5590 16v
1791 5537 1914 5590 οὺδέ

225 5627 420 5696 στῆναι
443 5625 535 5677 ἐπὶ
565 5625 663 5695 τῆς
692 5623 1051 5696 παρατάξεως
1088 5624 1420 5694 δυνάμενονς
1459 5627 1527 5678 Ἢ
1555 5626 1655 5679 οὐκ
1688 5626 1801 5680 ἴστε
1831 5628 1908 5682 ὅτι

225 5717 284 5770 οὐ
334 5715 471 5784 πρὸς
502 5711 827 5783 ἀνθρώπους
859 5714 991 5783 ⁴ἡμῖν
1017 5715 1299 5784 ὁμογενεῖς
1332 5714 1480 5766 ἐστιν
1503 5716 1531 5766 6
1557 5715 1793 5785 πόλεμος
1819 5705 1916 5770 καί

224 5810 256 5876 η
296 5802 625 5875 παράταξις,
656 5802 791 5856 ἀλλά
821 5803 955 5872 πρὸς
997 5802 1096 5866 τὰς
1135 5803 1405 5874 ἀοράτους
1451 5801 1733 5871 δυνάμεις,
1779 5805 1915 5874 πρὸς

225 5897 325 5957 τὰς
359 5893 471 5947 τῶν
506 5891 778 5961 δαιμόνων
805 5892 1107 5960 φάλαγγας,
1149 5891 1292 5945 κατά
1331 5891 1426 5944 τὸν
1456 5893 1725 5964 μακάριον
1762 5893 1910 5948 Παῦ-

229 5985 315 6037 λον
340 6002 352 6014 ·
393 5985 520 6036 Οὐκ
561 5981 737 6033 ἐστιν
764 5978 908 6046 ἡμῖν
936 5981 973 6049 ἠ
1013 5979 1176 6046 πάλη
1211 5981 1361 6048 πρὸς
1388 5977 1533 6048 αἷμα
1557 5981 1656 6035 καὶ
1691 5981 1908 6052 σάρκα,

229 6074 382 6128 ἀλλὰ
409 6070 567 6140 πρὸς
589 6067 696 6132 τὰς
725 6067 932 6135 ἀρχὰς,
964 6068 1112 6136 πρὸς
1145 6069 1252 6134 τὰς
1280 6068 1592 6135 ἐξουσίας;

3621 383 3724 440 ιεκ

2109 508 2179 567 γ’.
2209 501 2379 554 Τοῦτο
2403 503 2511 572 γάρ
2532 501 2765 572 μάλιστα
2792 501 3002 570 ἀνδρός.
3029 499 3092 555 '0
3127 501 3304 555 τοίνυν
3325 502 3720 575 ώραῖζόμενος,

2032 587 2147 642 ἀλλ’
2171 590 2230 641 ού
2264 591 2691 661 νεανιευόμενος,
2727 591 2756 642 6
2803 587 3303 658 καλλωπιζόμενος,
3336 590 3450 644 ἀλλ’
3485 593 3588 646 οὐκ
3627 596 3724 646 ἀν·

2030 675 2366 746 δριζόμενος,
2393 677 2511 740 πῶς
2552 678 2617 731 ἂν
2641 678 2733 729 ἐπὶ
2761 677 2861 746 τῆς
2885 676 3249 748 παρατάξεως
3284 681 3416 748 στῇ;
3446 679 3479 749 ἦ
3516 679 3634 743 πῶς
3657 682 3724 734 διν

2031 764 2172 836 ἀνὴρ
2208 764 2458 834 κληθείη,
2487 765 2746 834 γυναικὸς
2786 767 2968 836 πάσης
3012 764 3403 837 μαλακώτερον
3440 767 3720 838 διακείμε-

2029 869 2149 916 νος;
2200 851 2356 906 Κατά
2388 852 2452 922 δὴ
2494 853 2586 905 τὸν
2625 851 2786 906 αὑτὸν
2814 853 3039 924 τρόπον,
3084 851 3274 923 ὥσπερ
3311 852 3502 906 τοῦτον
3528 856 3628 908 οὐκ
3655 855 3721 908 ἀν

2030 940 2322 1010 καλέσαιμι
2354 941 2543 1011 ἄνδρα,
2571 940 2706 1006 άλλά
2735 941 2996 1007 γυναικὸς
3025 939 3436 1012 μαλακώτερον,
3460 941 3602 996 οὕτω
3629 941 3724 995 καὶ

2027 1044 2126 1096 την
2161 1030 2393 1095 γυναῖκα
2419 1029 2519 1098 τὴν
2550 1028 2944 1100 ἀνδριζομένην
2978 1027 3172 1100 ἀνδρὸς
3199 1029 3399 1091 παντὸς
3430 1030 3719 1100 στερροτέ-

2030 1132 2151 1187 ραν,
2187 1116 2254 1170 ἂν
2281 1117 2348 1170 τά
2372 1117 2512 1170 ὅπλα
2542 1118 2838 1188 ἁρπάσασα
2867 1117 2935 1170 τά
2967 1117 3334 1187 πνευματικὰ,
3366 1116 3462 1170 καὶ
3489 1117 3581 1170 16v
3612 1116 3719 1170 θώ-

2030 1222 2172 1276 ρακα
2199 1205 2536 1276 ἐνδυσαμένη
2561 1206 2664 1276 τῆς
2687 1205 3053 1276 δικαιοσύνης,
3099 1206 3192 1260 καὶ
3224 1206 3285 1259 16
3321 1207 3522 1278 κράνος
3566 1223 3721 1277 περι-

2027 1291 2230 1364 θεμένη
2276 1294 2370 1347 τοῦ
2433 1294 2725 1365 σωτηρίου,
2781 1294 2873 1347 καὶ
2917 1293 3016 1364 τὴν
3049 1293 3252 1346 ἀσπίδα
3300 1289 3750 1365 προϐαλλομένη

2024 1383 2124 1453 τῆς
2167 1384 2423 1447 πίστεως,
2470 1385 2565 1436 καὶ
2613 1382 2712 1453 τὴν
2753 1381 2930 1452 ζώνην
2963 1382 3257 1452 ζωσαμένη
3295 1381 3398 1451 τῆς
3435 1382 3716 1453 ἀληθείας,

2025 1472 2121 1523 καὶ
2147 1470 2246 1543 τὴν
2281 1471 2559 1542 μάχαιραν
2587 1469 2944 1541 λαμϐάνουσα
2988 1469 3083 1524 τοῦ
3116 1471 3450 1539 πνεύματος,
3495 1471 3588 1524 ἐπὶ
3619 1472 3718 1542 τῆς

2027 1559 2390 1630 παρατάξεως
2418 1563 2516 1630 στῇ
2558 1559 2853 1629 λάμπουσα
2885 1558 2994 1611 61:6
3028 1557 3138 1610 τῶν
3173 1558 3373 1625 ὃπλων,
3410 1557 3720 1630 ὑψηλοτέρα

2023 1647 2132 1702 τῶν
2159 1646 2406 1719 οὐρανῶν
2441 1647 2548 1700 61:6
2577 1646 2671 1700 τοῦ
2714 1646 3062 1716 φρονήματος
3100 1645 3389 1716 γινομένη,
3423 1645 3718 1699 διαλύοδσα

2021 1736 2131 1790 τῶν
2168 1737 2439 1805 δαιμόνων
2470 1734 2571 1799 τάς
2616 1735 2927 1805 φάλαγγας,
2971 1733 3311 1806 καθαιροῦσα
3341 1734 3435 1788 τοῦ
3468 1735 3716 1788 διαϐόλου

2020 1825 2120 1895 τὴν
2159 1824 2474 1896 τυραννίδα,
2504 1821 2917 1877 κατακεντοῡσα
2945 1821 3014 1876 16
3039 1821 3210 1893 πάθη,
3253 1822 3525 1891 πτώματα
3551 1825 3720 1894 ἐργα-

2023 1912 2225 1983 ζομένη
2259 1911 2368 1966 τῶν
2411 1915 2470 1966 ἐν
2505 1914 2621 1975 τοῖς
2659 1910 2920 1983 πολέμοις
2977 1911 3311 1981 πυκνότερα,
3359 1911 3462 1964 οὐκ
3508 1910 3718 1981 ἀνθρώ-

2022 2017 2162 2066 πων,
2183 1997 2322 2053 ἀλλά
2347 1998 2624 2068 λογισμῶν
2647 1998 2886 2052 ἀτόπων.
2917 1996 3060 2070 Γυνὴ
3094 1996 3204 2069 γὰρ
3237 1997 3331 2052 καὶ
3353 1997 3496 2068 ἀνὴρ
3523 2000 3581 2052 ἐν
3615 1997 3715 2065 μὲν

2022 2091 2135 2152 τοῖς
2169 2088 2501 2158 σωματικοῖς
2535 2087 2641 2139 είσι
2677 2085 3016 2159 διηρῃμένοι,
3054 2085 3149 2138 καλ⁸
3179 2088 3244 2157 τῇ
3285 2085 3384 2156 μὲν
3423 2086 3571 2147 ἱστὸς
3620 2086 3716 2138 καὶ

2021 2177 2272 2247 ἠλακάτη
2306 2174 2402 2228 καὶ
2439 2174 2768 2238 καλαθίσκος
2792 2175 2887 2228 καὶ
2927 2174 2987 2228 τὸ
3013 2176 3286 2246 οἰκουρεῖν
3319 2172 3472 2245 [551]
3507 2173 3602 2227 καὶ
3621 2173 3719 2227 θαι

2020 2264 2355 2334 λαμεύεσθαι
2385 2264 2479 2318 καὶ
2505 2263 2889 2334 παιδοτροφεῖν
2924 2260 3258 2336 ἀφώρισται,
3295 2262 3451 2334 ἀνδρί
3481 2261 3539 2316 δέ
3564 2261 3725 2318 δικα-

2023 2355 2220 2424 στήρια
2271 2354 2365 2408 καὶ
2417 2350 2780 2424 βουλευτήρια
2827 2351 2919 2405 καὶ
2967 2351 3165 2423 ἀγορά,
3202 2351 3298 2404 καὶ
3341 2349 3572 2422 πόλεμοι
3619 2352 3716 2405 καὶ

2023 2444 2194 2514 μάχαι
2227 2442 2321 2497 καὶ
2367 2440 2703 2511 παρατάξεις
2727 2457 2740 2472 ο
2784 2440 2878 2493 ἐπὶ
2923 2440 2984 2494 δέ
3029 2440 3138 2494 τῶν
3175 2439 3573 2510 παλαισμάτων
3613 2441 3713 2510 τῆς

2020 2529 2301 2592 εὐσεϐείας
2351 2528 2527 2583 κοινὸν
2577 2529 2641 2582 16
2693 2527 2927 2593 στάδιον,
2989 2529 3144 2583 κοινά
3194 2531 3266 2584 16
3318 2529 3712 2600 παλαίσματα”

2019 2620 2221 2689 ὁμοίως
2267 2619 2363 2671 καὶ
2413 2619 2676 2686 γυναῖκες
2706 2616 3056 2682 ἀποδύονται,
3088 2618 3182 2671 καὶ
3226 2617 3328 2672 οὐκ
3357 2617 3716 2673 ἐκδάλλονται

2017 2705 2112 2759 τοῦ
2141 2693 2372 2774 ἀγῶνος,
2406 2703 2541 2758 ἀλλά
2575 2705 2675 2757 καὶ
2703 2705 3152 2775 παρατάσσονται
3191 2706 3287 2757 καὶ
3317 2704 3713 2774 στεφανοῦνται

2019 2795 2113 2848 καὶ
2141 2792 2586 2865 ἀναγορεύονται.
2629 2793 2725 2846 καὶ¹
2758 2791 3042 2864 ἀριστείας
3088 2791 3310 2864 ἔχουσιν
3360 2792 3574 2849 ἔπαθλα
3619 2795 3714 2847 καὶ

2020 2883 2249 2955 βραδεῖα
2291 2882 2388 2936 καὶ
2442 2881 2762 2950 στεφάνους,
2808 2881 2901 2935 καὶ
2928 2881 3168 2952 τρόπαια
3207 2881 3264 2936 δὲ
3300 2884 3433 2954 παρ’
3474 2882 3715 2946 ἐκείνας

2017 2967 2267 3039 λαμπρά,
2302 2968 2394 3019 καὶ
2424 2968 2568 3019 νῖκαι
2601 2968 2844 3036 συνεχεῖς
2873 2968 2968 3020 καὶ
2998 2965 3314 3038 ἐπάλληλοι.

2091 3057 2201 3111 Καὶ
2229 3057 2314 3109 ἵνα
2353 3054 2428 3126 μὴ
2468 3056 2682 3125 κόμπον
2723 3054 2984 3124 νομίσητε
3021 3051 3162 3108 εἶναι
3203 3055 3364 3109 ταυτὶ
3394 3057 3462 3109 τά
3492 3059 3714 3129 ῥήματα

2021 3146 2157 3217 μηδὲ
2181 3145 2353 3215 ψόφον
2379 3143 2661 3216 ῥημάτων,
2688 3142 2805 3198 ἀλλ’
2833 3142 3014 3215 εἰδῆτε
3038 3142 3228 3214 σαφῶς
3262 3146 3346 3199 ὅτι
3374 3146 3477 3200 οὐκ
3502 3145 3716 3217 ἀνδρῶν

2021 3236 2181 3306 μόνον
2209 3234 2348 3288 εἰσὶν
2371 3233 2741 3305 ἀνδρειότεραι
2762 3235 3044 3302 γυναῖκες,
3069 3231 3204 3287 ἀλλά
3221 3233 3318 3288 καὶ
3346 3235 3487 3306 πρὸς
3517 3234 3711 3306 αὐτὴν,

2017 3323 2093 3388 ὼς
2127 3325 2322 3388 εἰπεῖν,
2342 3323 2452 3376 τῶν
2480 3321 2728 3391 ἀγγέλων
2749 3321 2848 3394 τὴν
2870 3321 3141 3377 ἀπάθειαν
3167 3322 3310 3377 κατὰ
3344 3322 3407 3378 τὸ
3432 3322 3715 3396 ἐγχωροῦν

2021 3410 2463 3484 μεθορμίζονται,
2495 3409 2716 3480 ἀγέσθω
2747 3410 2830 3474 εἰς
2857 3410 3024 3482 μέσον
3046 3414 3080 3481 η
3109 3411 3246 3484 γυνὴ
3281 3412 3382 3483 μὲν
3403 3411 3503 3484 τὴν
3527 3411 3710 3481 φύσιν,

2015 3500 2125 3554 τῶν
2161 3498 2407 3572 οὐρανῶν
2451 3499 2508 3554 δὲ
2549 3498 2804 3571 ἁψαμένη
2837 3499 2916 3571 τῷ
2964 3499 3107 3572 τόνῳ
3146 3501 3246 3572 τῆς
3297 3500 3640 3572 φιλοσοφίας,
3675 3505 3712 3574 ἠ

2015 3587 2126 3642 τῶν
2156 3586 2537 3644 Μακκαδαίων
2580 3588 2786 3659 μήτηρ,
2813 3589 2847 3659 ἡ
2882 3587 2964 3652 δίς
3004 3587 3146 3644 ἐπτά
3169 3587 3562 3660 ἀναδησαμένη
3590 3606 3713 3642 στε-

2021 3677 2246 3746 φάνους,
2274 3675 2371 3730 καὶ
2411 3675 2472 3728 δν
2519 3674 2699 3745 βούλει
2741 3674 3082 3749 στρατιώτην
3111 3676 3363 3748 ἀριστέα,
3403 3677 3715 3747 πολεμικιῦ-

2015 3781 2199 3830 τατον,
2222 3764 2623 3836 ἀνδρειότατον,
2650 3765 3182 3836 μεγαλοψυχότατον,
3200 3765 3302 3831 άγε
3329 3767 3411 3829 είς
3445 3765 3613 3836 μέσον
3633 3765 3714 3836 τῷ

2016 3853 2181 3925 λόγῳ,
2231 3855 2325 3908 καί
2355 3853 2611 3908 τοσοῦτον
2639 3852 2760 3924 δψει
2790 3856 2891 3926 τὴν
2915 3856 3154 3924 γυναῖκα
3192 3853 3557 3927 ὑψηλοτέραν,
3587 3856 3713 3909 ὅσον

2016 3945 2115 4016 τῆς
2145 3943 2250 4013 γῆς
2295 3943 2671 4014 ἀφεστήκασιν
2711 3944 2768 3996 αί
2813 3942 2925 3995 τῶν
2960 3942 3209 4015 οὐρανῶν
3261 3942 3472 4012 ἀψῖδες.
3505 3943 3564 3998 '0
3610 3945 3712 4014 μὲν

2015 4033 2126 4106 γὰρ
2149 4031 2492 4104 στρατιώτης
2519 4032 2614 4087 καὶ
2636 4032 2896 4104 ἀριστεὺς
2938 4033 3070 4102 μίαν
3107 4032 3310 4088 δέδοικε
3346 4033 3586 4105 πληγὴν,
3617 4035 3712 4097 καὶ,

2015 4122 2113 4193 τὴν
2150 4121 2412 4190 σύντομον
2441 4121 2500 4189 ἐξ
2527 4121 2699 4190 αὐτῆς
2725 4120 2985 4192 τελευτὴν
3011 4121 3170 4192 μόνον
3192 4139 3205 4153 °
3238 4123 3376 4196 αὕτη
3400 4123 3458 4177 δὲ
3485 4124 3710 4195 ἐπήχει

2016 4210 2268 4281 καθάπερ
2292 4209 2417 4281 ὅρος
2454 4207 2916 4281 μεταλλευομένη,
2951 4209 3072 4264 καθ’
3103 4211 3335 4264 ἕκαστον
3370 4212 3583 4266 παιδίον
3612 4230 3712 4284 χα-

2014 4297 2329 4370 λεπωτέρας
2363 4297 2710 4368 ὑπομένουσα
2736 4297 2932 4362 ὀδύνας
2954 4300 3012 4351 ἐν
3042 4301 3107 4370 τῇ
3143 4299 3289 4371 ψυχῇ
3321 4299 3434 4352 τῶν
3456 4299 3709 4372 βασάνων

2014 4380 2088 4439 ὧν
2116 4388 2313 4440 ἐκεῖνοι
2343 4387 2465 4450 ταῖς
2503 4385 2765 4458 πλευραῖς
2797 4385 3075 4457 ἐδέχοντοο
3113 4387 3208 4441 καί
3239 4387 3351 4460 γάρ
3401 4391 3586 4461 μήτηρ
3617 4384 3708 4461 ἦν,

2016 4474 2113 4530 καὶ
2147 4475 2315 4544 χήρα,
2359 4473 2454 4528 καὶ
2500 4473 2582 4536 εἰς
2623 4473 2852 4545 ἔσχατον
2890 4474 3188 4546 ἐληλακυῖα
3222 4475 3439 4549 γῆρας·
3483 4476 3599 4532 ἴστε
3652 4479 3713 4532 δὲ

2014 4561 2189 4616 ταῦτα
2222 4563 2337 4614 ὅσοι
2387 4561 2624 4632 πατέρες
2653 4561 2926 4630 ἐγένεσθε,
2967 4564 3062 4615 καὶ
3108 4563 3231 4617 ὅσαι
3271 4565 3480 4619 παίδων
3516 4565 3712 4630 ὠδίνας

2016 4650 2269 4712 ἐλύσατε,
2334 4649 2452 4714 πῶς
2488 4651 2718 4722 κέντρου
2765 4651 2968 4715 παντός
3004 4653 3123 4705 ἐστι
3174 4653 3554 4724 χαλεπώτερα.
3598 4654 3712 4710 Καὶ

2014 4740 2165 4795 οὐδὲν
2193 4739 2338 4793 οὕτω
2372 4738 2524 4808 βέλος
2553 4738 2646 4803 ὀξὺ
2676 4739 2929 4811 δριμεῖαν
2973 4742 3168 4810 ἐπάγει
3195 4745 3310 4806 τοῖς
3337 4741 3713 4815 τραυματιζο-

2021 4829 2204 4900 μένοις
2229 4827 2443 4897 ὀδύνην,
2473 4826 2550 4890 ώς
2582 4827 2787 4881 τούτων
2816 4829 3050 4883 ἕκαστον
3082 4831 3182 4900 τὴν
3204 4831 3421 4901 ἐκείνης
3449 4835 3711 4887 κατεκέν-

2017 4936 2097 4973 τει
2137 4917 2336 4988 ψυχήν.
2386 4916 2668 4986 Ἐννόησον
2715 4919 2822 4989 γαρ
2853 4917 3042 4989 ἡλίκον
3077 4914 3145 4990 ἦν
3173 4919 3296 4973 καθ’
3342 4920 3574 4975 ἕκαστον
3600 4923 3708 4976 τῶν

2020 5005 2222 5060 παίδων
2245 5005 2377 5076 ὁρᾷν
2402 5004 2606 5076 σιδήρῳ
2633 5004 2728 5058 καὶ
2763 5007 2897 5078 πυρί
2923 5006 3084 5077 σῶμα
3117 5007 3478 5079 μεριζόμενον
3501 5009 3580 5075 ἓν,
3612 5011 3709 5064 καὶ

2020 5093 2265 5166 μακροὺς
2322 5091 2640 5162 τιθεμένους
2697 5095 2826 5157 τοὺς
2875 5095 3159 5158 διαύλους⁶
3217 5097 3335 5162 πῶς
3374 5099 3542 5170 ἐώρα,
3593 5101 3711 5164 πῶς

2015 5185 2200 5255 ἤκουε,
2240 5181 2361 5246 πῶς
2392 5183 2606 5254 ἐδέχετο
2630 5183 2729 5254 τὴν
2756 5185 2983 5237 κνῖσσαν
3013 5187 3113 5257 τὴν
3154 5187 3261 5240 61:6
3292 5187 3404 5241 τῶν
3438 5189 3708 5260 σωμάτων

2017 5274 2264 5336 ἐκείνων,
2311 5273 2540 5344 μυρίους
2575 5271 2836 5336 θανάτους
2883 5273 3102 5345 ἑκάστῳ
3129 5274 3241 5328 τῶν
3270 5276 3482 5330 παίδων
3505 5280 3711 5347 ἐπαγο-

2020 5363 2215 5434 μένους
2245 5360 2537 5433 βλέπουσα.
2587 5361 2727 5414 Ἀλλ’
2761 5363 2794 5432 ἡ
2833 5362 2931 5431 μὲν
2958 5363 3200 5434 εἱστήκει
3254 5365 3508 5437 καθάπερ
3535 5367 3712 5439 πέτρα

2017 5444 2296 5522 ἀκίνητος,
2335 5451 2397 5504 οὺ
2439 5449 2775 5521 σαλευομένη
2825 5450 2931 5505 ὑπὸ
2976 5452 3084 5506 τῶν
3131 5453 3416 5523 κυμάτων,
3464 5455 3602 5508 ἀλλά
3643 5459 3713 5510 τὰ

2025 5540 2241 5609 ιύματα
2278 5539 2358 5602 εἰς
2394 5537 2571 5609 ἀφρὸν
2599 5536 2914 5604 διαλύουσα,
2944 5539 3021 5604 ὼς
3061 5540 3300 5613 σίδηρος,
3342 5545 3419 5607 ώς
3452 5545 3666 5616 ἀδάμας
3694 5564 3708 5576 ·

2021 5628 2223 5701 μᾶλλον
2244 5629 2322 5689 δὲ,
2344 5628 2484 5698 ὅπερ
2514 5626 2580 5681 ἂν
2611 5629 2770 5692 εῖπω,
2806 5628 2908 5681 οὐκ
2929 5628 3039 5700 έχω
3077 5633 3142 5701 τῇ
3187 5633 3456 5705 καρτερίᾳ
3492 5635 3591 5704 τῆς
3614 5651 3712 5705 τρε

2018 5700 2206 5778 ναικὸς
2235 5716 2393 5781 ἀξίαν
2416 5714 2683 5768 ἐπιθεῖναι
2707 5719 3099 5788 προσηγορίαν.
3124 5700 3344 5793 Ταύτην
3364 5700 3458 5775 οὖν
3480 5700 3788 5804 γυναῖκΤἱ

2019 5805 2252 5876 ἐροῦμεν
2398 5802 2566 5872 ἄνδρα
2591 5803 2648 5856 δὲ
2677 5803 2834 5868 ὅλως,
2869 5804 2985 5858 ἀλλ’
3017 5807 3139 5877 οὐχὶ
3165 5809 3260 5862 καὶ
3291 5809 3505 5881 ἀνδρῶν
3531 5812 3714 5864 αὐτῶν
3774 5801 3780 5807 ἶ

2019 5893 2361 5964 ὑψηλοτέραν
2400 5893 2466 5944 ἐκ
2498 5891 2698 5961 πολλῆς
2729 5893 2828 5962 τῆς
2857 5899 3203 5966 περιουσίας;
3241 5898 3306 5951 Τί
3329 5899 3407 5963 δέ,
3438 5901 3570 5954 ὅταν
3598 5901 3711 5972 ίδῃς

2021 5982 2215 6053 ἐτέραν
2261 5985 2322 6033 ἐκ
2378 5980 2600 6051 πρώτης
2653 5981 2873 6050 ἡλικίας
2917 5985 2974 6036 ὲν
3015 5986 3210 6057 ἁπαλῷ
3253 5987 3469 6056 σώματι
3510 5989 3712 6050 νύκτας

2023 6072 2264 6135 ἀΰπνους
2291 6069 2604 6138 διάγουσαν,
2636 6070 2844 6140 ἡμέρας
2869 6072 3107 6140 ἀσίτους,
3143 6078 3380 6146 γαστρὸς
3403 6076 3702 6145 ἐπιθυμίαν
