4124 6336
250 391 347 449 ιω

249 520 383 570 trns,
412 515 471 562 ut
500 505 732 573 ferrum,
764 512 822 559 ut
851 500 1071 558 adamas
1099 517 1113 554 :
1144 499 1255 554 imo
1294 510 1425 555 vero
1443 535 1457 560 ,
1481 490 1740 565 quidquid
1765 488 1849 545 di-

246 618 362 659 cam
384 642 400 666 ,
444 615 553 656 non
584 604 803 672 possunt
832 594 1077 653 mulieris
1099 593 1282 649 virtuti
1311 591 1533 659 dignum
1566 588 1850 655 imponere

248 710 466 751 nomen.
508 693 660 749 Hane
695 691 858 764 igitur
884 689 1165 746 mulierem
1188 729 1205 755 ,
1243 701 1310 740 an
1342 683 1565 741 omnino
1608 680 1852 736 dicemus

247 803 368 844 esse
395 785 574 841 virum
594 826 611 851 ,
652 799 717 840 ac
747 799 854 839 non
889 782 1070 854 potius
1098 779 1231 852 ipsis
1259 778 1390 833 viris
1420 777 1583 847 longe
1604 770 1855 844 superio-

247 894 388 935 rem.
421 876 560 946 Quid
590 891 743 942 vero,
779 874 824 931 si
864 872 1068 931 videris
1099 871 1260 928 aliam
1307 871 1362 926 In
1395 868 1650 939 primam
1694 871 1854 919 :etate

249 975 301 1029 in
334 985 527 1030 tenero
553 986 784 1043 corpore
805 971 1085 1026 insomnes
1110 975 1299 1024 noctes
1324 970 1598 1037 agentem,
1628 958 1855 1025 diesque

248 1068 367 1125 sine
386 1064 539 1131 cibo,
569 1062 777 1120 ventris
804 1061 1154 1134 cupiditatem
1180 1058 1655 1129 comprimenlem,
1688 1064 1857 1124 pecu-

250 1159 467 1214 niarum
490 1170 732 1213 amorem
770 1154 958 1228 procul
987 1152 1332 1223 abiicientcm
1354 1192 1368 1215 ,
1396 1160 1599 1218 corpus
1626 1141 1856 1199 mortifi-

248 1262 488 1316 cantem,
520 1264 740 1306 carnem
769 1246 1175 1319 crucillgeutem
1195 1286 1211 1312 ,
1240 1257 1339 1314 pro
1369 1240 1544 1298 nihilo
1570 1234 1855 1311 prmscntia

253 1346 543 1401 habentem
566 1385 583 1411 ,
629 1342 776 1398 humi
801 1340 1140 1412 gradientem
1165 1380 1181 1405 ,
1220 1346 1276 1394 et
1302 1337 1451 1407 ipsos
1476 1332 1595 1389 caeli
1622 1329 1860 1389 fornices

250 1446 587 1509 tangentem.
613 1435 908 1507 potentiam
929 1433 1250 1496 calcantem,
1268 1428 1494 1502 gloriam
1516 1422 1856 1485 irridentem.

250 1530 624 1587 celebritatem
674 1535 1019 1598 respuentem
1043 1565 1059 1589 ,
1101 1538 1201 1595 pro
1223 1521 1407 1578 subtili
1450 1526 1600 1573 veste
1639 1529 1856 1571 saccum

250 1624 589 1687 induentem,
617 1632 805 1676 catena
832 1620 1089 1684 cinctam,
1114 1616 1353 1672 cinerem
1381 1611 1483 1668 sibi
1507 1609 1861 1665 substernen-

253 1726 385 1782 tem,
418 1730 517 1787 pro
550 1716 691 1772 lecto
717 1714 893 1770 solum
922 1712 1238 1774 habentem,
1264 1718 1319 1764 et
1348 1704 1482 1762 ttihil
1510 1702 1745 1775 amplius
1767 1715 1862 1773 po-

254 1820 493 1876 tentem,
524 1809 575 1863 iu
602 1816 828 1879 angusta
871 1802 1196 1861 domuncula
1227 1799 1493 1857 inclusam
1513 1839 1535 1865 ,
1571 1809 1695 1850 cum
1727 1806 1861 1864 pro-

256 1902 433 1971 phetis
454 1902 784 1973 loquentem,
801 1899 963 1954 vitam
990 1904 1239 1968 agentem
1262 1892 1315 1948 in
1341 1887 1692 1948 meditatione
1716 1899 1862 1943 mor-

258 1994 345 2051 tis.
374 2002 503 2049 ante
533 1992 737 2048 obitum
768 2000 1064 2055 mortuam,
1091 1986 1253 2050 fame.
1286 1983 1485 2056 vigiliis
1509 1989 1565 2037 et
1608 1977 1863 2052 squalore

260 2084 604 2151 labefactant,
649 2098 713 2140 ac
748 2081 1033 2154 prmsentis
1076 2081 1202 2135 vita
1240 2077 1437 2134 fastum
1485 2073 1659 2146 magis
1700 2084 1862 2143 quam

261 2179 400 2232 sicca
426 2175 551 2230 folia
573 2175 960 2244 despicientem
991 2192 1007 2229 :
1036 2170 1319 2237 liauceine,
1345 2182 1551 2241 quaeso,
1581 2163 1863 2221 mulierem

260 2268 454 2323 dices?
494 2282 673 2323 annon
721 2267 865 2321 illaut
907 2282 974 2321 ex
999 2266 1239 2321 virorum
1267 2262 1431 2319 etiam
1458 2259 1651 2316 ordine
1676 2254 1865 2315 subla-

264 2371 369 2415 tam
400 2360 453 2414 in
482 2359 800 2432 angelorum
823 2357 996 2414 choro
1012 2356 1239 2424 locabis,
1264 2369 1388 2425 qua:
1411 2353 1466 2410 in
1493 2349 1745 2409 muliebri
1774 2362 1869 2403 ua-

264 2463 382 2509 tnra
411 2460 614 2507 tantam
642 2450 862 2507 exhibet
894 2448 1332 2522 philosophiam?
1496 2458 1502 2463 ‘

334 2545 390 2601 4.
436 2542 633 2613 Ecquis
681 2542 767 2599 bis
815 2539 1196 2598 contradieetl
1246 2539 1450 2597 nullus.
1500 2535 1640 2593 Audi
1678 2535 1869 2607 quales

266 2637 634 2707 apostolorum
666 2644 911 2706 tempore
952 2635 1213 2691 mulieres
1250 2641 1445 2691 erant:
1477 2630 1600 2686 audi
1640 2628 1868 2685 Paulum

269 2730 529 2785 liouianis
558 2730 885 2786 scribentem
925 2744 991 2786 ac
1017 2728 1290 2785 dicentem
1323 2744 1337 2782 :
1380 2724 1692 2783 Commendo
1734 2724 1872 2779 vobis

270 2822 495 2877 Phebcu
523 2839 750 2878 sororem
792 2834 1015 2878 nostrum
1036 2852 1066 2889 ,τ
1093 2822 1383 2877 ministram
1411 2818 1658 2875 Ecclesia
1679 2833 1793 2889 qua:
1817 2817 1872 2871 in

270 2916 540 2972 Cenchreis
565 2929 805 2989 esuun
826 2918 1062 2990 adjutrix
1089 2917 1367 2971 multarum
1385 2914 1486 2987 {ait
1513 2924 1560 2969 et
1589 2913 1688 2968 mei
1712 2912 1874 2983 ipsius

270 3008 450 3077 (Rom.
491 3009 575 3066 l6.
607 3010 679 3081 l).
711 3009 850 3079 Quid
878 3010 1014 3067 dicis
1034 3050 1049 3071 ,
1081 3024 1116 3063 o
1164 3007 1366 3063 Paule?
1411 3007 1609 3064 mulier
1638 3003 1872 3075 adiutrix

270 3111 360 3156 tua
391 3100 524 3163 fuit.
558 3116 657 3157 nec
685 3110 737 3157 te
780 3100 944 3171 pudet
970 3114 1147 3170 neque
1171 3098 1605 3186 CNbCSCiS\|I;PC
1643 3092 1876 3151 dicens?

269 3193 383 3248 Non
418 3208 507 3249 me
553 3193 751 3265 pudet,
782 3194 994 3266 inquit,
1028 3194 1137 3247 imo
1181 3193 1342 3247 etiam
1384 3191 1632 3263 glorior:
1672 3186 1873 3243 etenim

268 3266 808 3360 Dominumquoque
838 3303 1021 3343 meum
1054 3304 1160 3342 non
1196 3284 1385 3356 puduit
1414 3295 1642 3339 matrem
1674 3281 1877 3336 habere

269 3383 556 3437 mulierem
586 3398 599 3436 :
634 3381 870 3451 adjutrix
896 3387 1076 3435 autem
1104 3378 1192 3433 illa
1221 3377 1355 3433 mihi
1377 3375 1475 3432 luit
1494 3416 1509 3441 ,
1541 3388 1648 3429 non
1678 3371 1877 3457 sim'plio

265 3476 406 3531 eiler
430 3473 555 3544 quia
586 3474 782 3528 mulier
810 3481 927 3527 erat
946 3513 961 3536 ,
989 3469 1084 3526 scd
1112 3470 1236 3541 quia
1266 3466 1623 3541 philosophim
1652 3464 1829 3521 dedita
1856 3504 1873 3528 ,

262 3570 472 3637 pietate
496 3566 741 3622 florebat.
780 3566 845 3619 Et
866 3563 1140 3634 quomodo
1168 3561 1404 3632 adjutrix
1437 3558 1584 3616 Pauli
1610 3557 1745 3614 fuit?
1773 3571 1875 3629 qua

267 3660 506 3715 enim’re
541 3658 737 3729 egebat
763 3656 995 3719 Paulus,
1027 3654 1117 3727 qui
1154 3654 1341 3709 orbem
1389 3648 1874 3716 circumcurrebat,

268 3754 358 3823 qui
384 3764 618 3820 corpore
648 3748 846 3805 frustra
893 3745 1353 3810 circnmdahatur,
1400 3742 1878 3814 qui‘necessitates

266 3855 479 3901 natura:
506 3842 884 3907 conculcabat,
914 3841 1005 3913 qui
1028 3840 1304 3895 dmnmuas
1336 3838 1590 3908 pellebat,
1614 3836 1704 3908 qui
1733 3852 1879 3892 mor-

266 3937 365 3992 bos
391 3953 493 4008 per
525 3936 846 3991 vestimenta
875 3933 1119 3999 curabat,
1153 3932 1308 4003 cujus
1328 3946 1515 3987 vocem
1545 3938 1601 3986 et
1627 3930 1875 3984 umbram

269 4027 542 4082 tremebat
566 4026 833 4090 diabolus,
864 4025 953 4095 qui
983 4034 1040 4078 ut
1062 4024 1286 4094 angelus
1317 4022 1457 4095 apud
1489 4021 1676 4077 fideles
1707 4021 1879 4075 hono-

267 4118 516 4179 rabatur,
548 4133 705 4186 quem
737 4117 1130 4172 reverebantur
1158 4116 1320 4193 etiam
1352 4113 1502 4180 ferm,
1538 4130 1697 4185 quem
1725 4129 1879 4169 reve-

266 4210 491 4266 rabatur
515 4225 697 4274 mare,
731 4218 782 4264 et
810 4224 931 4264 cum
983 4218 1141 4264 nocte
1169 4218 1221 4263 et
1258 4196 1347 4265 die
1376 4208 1523 4263 illum
1551 4207 1875 4277 excepisset,

265 4316 373 4357 non
403 4299 692 4355 sull'ocavit
725 4310 938 4366 tamen';
970 4301 1059 4371 qui
1090 4299 1324 4371 paradisi
1352 4300 1485 4355 civis
1527 4297 1659 4365 fuit,
1704 4300 1791 4368 qui
1824 4299 1877 4355 in

265 4394 489 4447 tertium
516 4392 708 4446 (telum
741 4403 925 4461 raptus
955 4401 1073 4453 est,
1116 4392 1206 4463 qui
1233 4392 1304 4447 de
1342 4392 1555 4447 arcanis
1599 4406 1723 4446 cum
1768 4392 1879 4448 Deo

267 4485 729 4547 communitam-it,
784 4484 875 4555 qui
924 4485 1044 4554 plus
1082 4499 1243 4554 quam
1287 4498 1478 4538 omnes
1523 4485 1751 4554 apostoli
1797 4484 1877 4540 la-

267 4578 526 4635 boravit:
564 4593 658 4631 vas
682 4576 1000 4645 electionis,
1044 4577 1321 4647 prouubus
1367 4576 1656 4640 Ecclesize,
1700 4592 1880 4646 praeco

267 4672 512 4742 gentium
536 4709 554 4735 ,
594 4669 683 4740 qui
716 4654 911 4725 terram
938 4678 994 4725 et
1017 4684 1167 4723 mare
1190 4670 1623 4724 circumcurrens
1661 4668 1879 4725 fortitu-

266 4764 410 4818 dinis
442 4777 563 4818 sua:
589 4762 787 4831 ubique
815 4773 1014 4833 tropea
1043 4763 1235 4827 erexit,
1270 4764 1359 4833 qui
1386 4778 1509 4818 cum
1537 4763 1681 4818 fairie
1708 4777 1757 4819 et
1791 4764 1879 4820 siti

267 4855 491 4914 assidue
518 4854 805 4925 pugnabat,
836 4855 1065 4923 quicum
1090 4854 1330 4909 nuditate
1350 4864 1406 4910 et
1423 4854 1622 4925 frigore
1642 4856 1879 4912 luctaba-

268 4959 372 5011 tur,
403 4958 459 5003 et
486 4945 726 5010 dicebat,
758 4944 991 5016 Usqnein
1008 4948 1137 5001 hanc
1153 4948 1333 5001 liorem
1360 4956 1405 5000 ei
1433 4948 1685 5002 esurimus
1708 4960 1753 5003 el
1770 4951 1880 5003 siti-

268 5055 379 5094 nws
399 5049 449 5094 et
472 5038 606 5092 nudi
625 5054 799 5115 sumus
824 5039 875 5107 (Ι
892 5078 905 5090 .
924 5038 1045 5092 Cor.
1074 5039 1127 5093 4.
1153 5038 1241 5109 Η)
1262 5056 1277 5105 ;
1297 5040 1386 5110 qui
1411 5039 1613 5093 mundo
1636 5050 1879 5095 mortuus

265 5140 417 5199 erat,
447 5130 548 5201 qui
578 5139 848 5183 mortuum
894 5131 1153 5184 mumium
1180 5146 1302 5185 esse
1330 5132 1583 5201 putabat,
1624 5132 1877 5188 cmlornm

265 5223 425 5288 civis,
460 5222 900 5277 ferventissimus
932 5222 1135 5278 Christi
1165 5210 1395 5289 amator,
1426 5224 1553 5295 igne
1579 5225 1876 5292 ardentior,

268 5317 409 5371 ferro
441 5316 677 5381 ilrmior,
712 5316 996 5373 adamante
1034 5318 1301 5373 solidior:
1350 5319 1436 5374 hic
1466 5336 1570 5374 non
1611 5321 1881 5377 erubescit

266 5408 333 5464 de
351 5408 588 5463 muliere
608 5397 811 5474 dicere,
832 5408 1075 5477 Adjulria:
1091 5409 1368 5464 multorum
1388 5411 1485 5481 fuit
1507 5419 1553 5463 et
1572 5411 1671 5464 mei
1689 5413 1879 5482 ipsius?

264 5516 445 5571 neque
478 5498 621 5555 dicit
651 5507 879 5565 tantum,
912 5502 1007 5555 sed
1047 5502 1207 5556 etiam
1240 5503 1456 5567 scribit;
1491 5518 1665 5573 neque
1694 5505 1880 5559 scribit

266 5592 618 5664 sitnplieiter,
647 5591 743 5646 sed
766 5591 1129 5647 Romanorum
1158 5594 1355 5663 populo
1381 5606 1548 5661 tanto,
1579 5597 1802 5650 tumenti
1825 5607 1879 5651 et

265 5685 433 5740 altum
464 5684 702 5753 sapienti
745 5692 967 5755 propter
996 5698 1252 5740 externos
1283 5687 1516 5743 honores
1536 5729 1551 5753 ,
1596 5690 1733 5743 hanc
1758 5690 1877 5758 cpi-

266 5778 461 5835 stolam
496 5776 690 5832 misit:
727 5791 833 5831 non
864 5776 971 5832 illis
1011 5790 1215 5833 tantum
1245 5780 1545 5848 mandavit,
1576 5779 1672 5837 sed
1714 5781 1874 5837 etiam

264 5871 477 5930 volebat
510 5880 567 5927 ut
593 5870 1039 5941 generationibus
1071 5875 1307 5931 venturi:
1334 5874 1448 5931 ba-c
1473 5876 1644 5946 palam
1668 5888 1871 5934 essent.

1108 384 1155 443 ν
1191 380 1507 446 ιιοδηιιλ,
1562 377 1651 437 οε
1691 376 1943 435 δτυυιο
1983 375 2471 445 PBA'ZSENTICSI,
2515 377 2673 435 ETC.

3458 370 3563 429 ιω

1963 489 2075 545 Nisi
2114 490 2261 547 enim
2292 491 2397 549 ltoc
2421 490 2719 559 voluisset,
2750 490 2806 546 in
2846 488 3075 561 epistola
3103 500 3212 543 non
3243 486 3552 559 posuisset:

1953 583 2066 656 jam
2116 599 2249 641 vero
2301 586 2491 643 volens
2548 594 2608 642 ut
2655 599 2745 642 res
2796 582 2853 640 in
2898 596 3196 656 perennem
3244 579 3567 637 memoriam

1960 676 2238 744 transiret,
2268 685 2325 733 et
2350 678 2633 737 mulierem
2660 674 2927 749 appellat,
2955 687 3254 745 omnesque
3280 671 3485 729 excitat
3508 676 3572 727 ut

1960 769 2035 825 illi
2063 771 2491 843 patrocinentur,
2513 777 2678 843 atque
2698 767 3020 840 adjutricem
3041 781 3195 824 suam
3215 762 3365 823 illam
3385 773 3568 832 vocat.

1958 877 2060 919 nec
2084 878 2212 920 eum
2238 861 2404 934 pudet
2426 878 2603 936 neque
2642 861 2937 921 erubescit.
2964 859 3138 917 Tanta
3166 874 3260 916 res
3286 866 3373 916 est
3394 857 3567 935 etiam

1960 952 2014 1009 in
2043 954 2292 1012 muliebri
2322 965 2555 1029 corpore
2585 953 2941 1027 philosophus
2964 951 3197 1010 animus.
3229 950 3357 1011 llaec
3383 958 3571 1010 autem

1958 1044 2084 1102 dico
2105 1088 2121 1114 ,
2151 1056 2213 1103 ut
2239 1062 2310 1105 ne
2338 1046 2601 1106 obtesdat
2628 1046 2823 1105 mulier
2846 1046 3056 1113 dicens,
3094 1044 3174 1102 Eo
3198 1046 3344 1118 quod
3374 1041 3575 1100 mulier

1959 1139 2094 1209 sim,
2143 1140 2212 1197 ad
2242 1140 2457 1213 plenam
2485 1142 2704 1199 virtutis
2748 1155 3058 1199 mensuram
3102 1155 3212 1196 non
3239 1139 3384 1195 veni.
3430 1136 3574 1195 Ecce

1963 1249 2197 1305 namque
2226 1234 2343 1291 haec
2372 1235 2568 1293 mulier
2592 1243 2732 1303 erat,
2771 1246 2829 1292 et
2852 1248 3019 1290 sexus
3046 1232 3437 1304 impedimento
3462 1245 3573 1287 non

1954 1325 2080 1394 fuit,
2110 1327 2447 1401 seddignata
2473 1336 2633 1386 esnit
2651 1328 2801 1386 Pauli
2821 1337 2967 1385 esset
2983 1325 3242 1398 adiutrix,
3269 1336 3433 1397 atque
3454 1325 3594 1381 ubi-

1961 1435 2069 1490 que
2092 1435 2189 1491 per
2213 1420 2401 1478 orbein
2434 1421 2783 1493 pradicatur.
2813 1419 3099 1490 Quomodo
3123 1429 3303 1475 autem
3334 1418 3454 1490 ejus
3480 1415 3579 1471 atl-

1958 1511 2132 1583 jutrix
2162 1512 2298 1569 fuit?
2323 1529 2355 1569 a
2380 1515 2640 1586 periculis
2659 1512 2893 1571 fortasse
2917 1513 3093 1585 ipsum
3119 1511 3358 1584 eripuit?
3382 1510 3579 1566 \‘incto

1962 1604 2186 1672 aderat,
2216 1605 2271 1662 in
2300 1616 2493 1663 catena
2527 1608 2702 1677 ipsum
2730 1606 3149 1674 consolabatur,,
3165 1620 3348 1661 rerum
3379 1617 3577 1659 neces-

1964 1700 2232 1757 sariarum
2258 1702 2523 1759 solatium
2552 1702 2653 1773 ipsi
2680 1700 3064 1776 suppeditabat
3083 1742 3107 1767 ,.
3127 1714 3225 1756 eos
3246 1698 3339 1771 qui
3360 1699 3462 1770 ipsi
3491 1699 3577 1755 in-

1965 1781 2305 1848 sidlabantur
2327 1791 2590 1860 cohibuit,
2617 1794 2686 1851 ad
2724 1802 2955 1851 mortem
2995 1807 3067 1850 se
3096 1793 3267 1865 ipsam
3299 1791 3577 1865 exposuit.

1967 1894 2025 1941 ut
2053 1884 2346 1946 abductum
2380 1887 2529 1943 illum
2552 1889 2792 1959 eriperet
2814 1902 2847 1944 a
2875 1886 3298 1943 calamitatibus.

2040 1978 2246 2037 Laudes
2277 1981 2554 2039 Priscilla.
2590 2011 2661 2025 -—
2689 1981 2818 2038 ldeo
2836 1981 3001 2039 aliam
3026 1995 3244 2053 quoque
3273 1988 3396 2051 post
3427 1977 3576 2035 illam

1968 2072 2220 2130 laudibus
2247 2074 2525 2143 celebrat,
2570 2076 2656 2132 sie
2678 2076 2865 2133 dicens
2896 2094 2911 2131 :
2940 2072 3181 2132 Salutate
3207 2072 3501 2129 Priscillam
3533 2080 3584 2127 es

1969 2163 2433 2239 AquitaniUiom.
2470 2166 2563 2235 ιϐ,
2610 2167 2693 2238 5).
2737 2167 2835 2223 llic
2879 2182 3093 2239 quoque
3130 2165 3249 2219 vide
3296 2162 3580 2219 mulierem

1970 2259 2260 2331 spicudore
2286 2259 2579 2332 fulgentem
2611 2279 2625 2318 :
2651 2260 2865 2317 etiamsi
2911 2260 3055 2317 enim
3078 2258 3240 2314 anibo
3271 2271 3582 2313 memoren-

1972 2363 2083 2421 tur,
2102 2354 2299 2411 mulier
2325 2362 2504 2413 tamen
2532 2355 2651 2411 viro
2691 2355 3025 2426 pr:eponitur
3056 2372 3069 2409 :
3101 2362 3208 2410 non
3250 2352 3396 2409 enim
3418 2351 3583 2419 dixit,

1974 2448 2223 2521 Aquilam
2267 2458 2324 2505 et
2368 2448 2689 2517 Priscillam,
2727 2448 2847 2517 sed,
2888 2446 3189 2503 Priscillam
3230 2456 3278 2503 et
3322 2445 3582 2519 Aquilam.

1974 2542 2208 2610 Quinam
2238 2551 2420 2600 autem
2453 2544 2507 2598 hi
2547 2543 2746 2599 erant?
2774 2541 3155 2599 'l‘eutoriorum
3208 2540 3447 2598 artifices
3468 2582 3485 2606 ,
3530 2542 3586 2597 iu

1975 2633 2192 2689 ofticina
2220 2644 2447 2693 stantes.
2476 2636 2584 2693 Sed
2614 2650 2789 2709 neque
2826 2650 2938 2701 ars,
2967 2650 3143 2706 neque
3173 2643 3461 2707 paupertas
3488 2633 3592 2690 itu-

1979 2727 2289 2797 pedimento
2316 2726 2453 2794 fuit,
2485 2727 2613 2800 quin
2648 2726 2837 2785 beatus
2885 2728 2993 2796 hic,
3047 2738 3157 2783 tota
3196 2726 3331 2784 nube
3364 2726 3589 2798 postha-

1976 2819 2109 2887 bita,
2144 2822 2195 2875 in
2217 2819 2552 2877 domicilium
2582 2821 2723 2877 istud
2753 2821 3144 2878 diversaretur.
3170 2820 3281 2877 Cur
3309 2830 3364 2876 et
3393 2836 3498 2893 qua
3521 2819 3592 2877 de

1976 2912 2181 2968 causa?
2212 2911 2327 2967 Non
2350 2913 2473 2983 quia
2502 2914 2787 2969 columnas
2809 2912 3066 2975 habebat.
3090 2927 3200 2969 non
3224 2912 3348 2983 quia
3377 2912 3594 2968 tabulas

1978 3014 2034 3060 et
2063 3004 2241 3061 solum
2279 3005 2480 3078 lapillis
2525 3016 2775 3064 ornatum
2797 3051 2821 3074 ,
2845 3022 2947 3065 nec
2971 3008 3093 3081 quia
3125 3009 3589 3080 contignationem

1978 3113 2220 3161 auream,
2254 3114 2356 3155 nec
2383 3102 2507 3172 quia
2534 3116 2814 3157 servorum
2840 3116 3035 3173 greges
3053 3144 3070 3169 ,
3099 3103 3190 3158 vel
3214 3101 3588 3157 etinuchorum

1979 3190 2363 3258 ministerium,
2409 3193 2502 3248 s'cd
2548 3196 2781 3251 maxime
2819 3195 2940 3267 quia
2984 3194 3225 3265 ipsorum
3253 3192 3591 3251 domicilium

1981 3298 2172 3354 purum
2190 3294 2329 3345 erat.
2349 3284 2417 3340 ah
2434 3285 2518 3342 his
2532 3286 2784 3341 omnibus
2805 3304 2819 3342 :
2838 3289 2960 3357 quia
2977 3286 3240 3341 mulier-et
3263 3286 3344 3340 vir
3356 3286 3595 3356 exjustis

1983 3374 2258 3432 laboribus
2282 3377 2483 3433 victum
2499 3378 2838 3449 colligentes,
2862 3377 3088 3434 domum
3118 3394 3269 3436 suam
3301 3379 3589 3435 ecclesiam

1980 3464 2258 3535 iecerant;
2289 3483 2398 3523 non
2427 3469 2721 3540 rapientes,
2745 3485 2846 3528 nec
2872 3469 3113 3528 avaritia:
3158 3468 3461 3537 studentes,
3495 3471 3593 3528 sed

1980 3561 2227 3631 corporis
2244 3576 2408 3633 opera
2432 3562 2496 3617 ad
2538 3562 2905 3622 necessarium
2942 3573 2999 3619 et
3024 3562 3382 3621 sufﬁcientem
3408 3566 3590 3621 cibum

1984 3661 2220 3708 utentes.
2246 3653 2371 3709 ldeo
2400 3655 2633 3711 maxime
2674 3654 2873 3712 Paulus
2902 3656 3041 3712 hanc
3078 3655 3298 3715 domum
3320 3665 3588 3730 opportu-

1983 3760 2107 3798 nam
2128 3760 2251 3802 esse
2278 3747 2484 3817 putavit
2507 3746 2573 3802 ad
2603 3747 3008 3810 diversandum.
3040 3748 3113 3804 Et
3151 3759 3211 3805 ut
3239 3749 3418 3806 discas
3448 3751 3593 3821 quod

1984 3834 2105 3891 illos
2135 3853 2201 3893 ex
2227 3838 2423 3893 anima:
2467 3838 2663 3894 virtute
2689 3841 2996 3911 approbans
3027 3841 3098 3897 ibi
3151 3842 3439 3905 manserit,
3463 3842 3594 3895 audi

1982 3932 2263 4000 sequentia
2289 3949 2301 3983 :
2324 3931 2425 4000 Qui
2448 3949 2543 4004 pro
2558 3934 2875 4001 animamea,
2891 3934 3082 4006 inquit,
3105 3936 3594 4003 suasrewicessup-

1984 4035 2261 4093 posuerunt
2281 4040 2302 4079 :
2328 4024 2510 4095 quibus
2527 4042 2629 4080 non
2649 4025 2789 4081 solus
2803 4045 2893 4099 ego
2911 4028 3109 4101 gratias
3128 4045 3224 4101 ago
3238 4070 3255 4097 ,
3281 4029 3370 4085 sed
3394 4040 3440 4085 et
3461 4046 3591 4085 cun-

1984 4131 2079 4173 cta:
2101 4116 2345 4174 Ecclesiae
2364 4122 2605 4193 gentium.
2630 4120 2927 4179 Viden’nec
2951 4122 3241 4180 femineum
3261 4138 3473 4191 sexum,
3494 4140 3594 4180 nec

1984 4222 2195 4279 artem,
2234 4228 2337 4269 nec
2384 4224 2754 4284 paupertatem
2799 4215 3146 4287 impedivisse
3208 4218 3419 4272 virtutis
3470 4232 3595 4272 cur-

1984 4321 2101 4361 sum
2126 4307 2149 4360 ?
2173 4307 2347 4363 viden‘
2382 4308 2699 4379 hospitalem
2743 4308 3026 4373 mulierem
3056 4321 3112 4367 et
3140 4314 3335 4375 virum,
3365 4314 3454 4384 qui
3483 4330 3589 4369 non

1984 4413 2169 4463 niensa
2216 4409 2445 4465 tantum,
2486 4401 2580 4456 sed
2612 4402 2774 4456 etiam
2803 4403 3064 4474 sanguine
3084 4402 3407 4475 Apostolum
3427 4422 3591 4460 cxceo

1986 4489 2217 4560 perunt?
2257 4490 2394 4561 Quid
2434 4492 2578 4546 enim
2621 4493 2665 4547 si
2712 4509 2819 4546 non
2846 4495 3009 4549 etiam
3042 4496 3206 4549 occisi
3228 4496 3477 4551 suntlat
3512 4496 3589 4552 illi

1984 4600 2105 4653 quae
2134 4600 2230 4640 sua
2262 4592 2417 4639 erant
2466 4586 2846 4656 impleverunt,
2892 4603 2955 4643 ac
3002 4586 3244 4645 viventes
3288 4600 3554 4663 martyres

1987 4674 2161 4743 fuere,
2182 4691 2245 4732 ac
2265 4692 2412 4747 saepe
2434 4689 2717 4750 martyres,
2758 4679 2848 4749 qui
2882 4695 3100 4747 seniper
3129 4681 3299 4752 parati
3327 4691 3480 4737 erant
3522 4683 3589 4737 ad

1985 4767 2190 4822 ca-dcm
2219 4769 2594 4825 sustinendam
2625 4787 2723 4842 pro
2766 4772 2954 4829 Paulo.
2986 4772 3101 4826 Non
3130 4773 3272 4828 enim
3300 4773 3466 4841 dixit,
3484 4774 3589 4843 Qui

1989 4860 2242 4929 pecunias
2273 4860 2675 4930 impenderunt,
2720 4864 2811 4934 qui
2842 4863 3062 4919 domum
3089 4876 3460 4934 aperuerunt;
3494 4870 3592 4922 sed

1985 4950 2129 5021 quod
2157 4952 2407 5005 munibus
2435 4952 2611 5023 majus
2637 4964 2773 5019 erat,
2808 4955 3014 5010 caulem
3041 4968 3091 5011 et
3111 4955 3501 5027 jugulationem
3529 4956 3585 5012 in

1986 5044 2223 5100 medium
2248 5044 2482 5111 adducit,
2511 5055 2565 5100 ut
2587 5048 2814 5115 diceret,
2844 5048 3048 5105 etcdem
3079 5066 3175 5120 pro
3203 5067 3289 5105 me
3307 5052 3585 5111 suatinen-

1985 5136 2109 5191 dam
2138 5137 2478 5207 delegerunt.
2510 5141 2747 5196 Audiam
2778 5156 2923 5197 nunc
2952 5141 3151 5198 divites
3175 5183 3189 5207 ,
3216 5144 3305 5212 qui
3336 5145 3422 5197 vix
3450 5143 3588 5199 obo-

1988 5230 2097 5285 lum
2131 5233 2327 5288 sanctis
2356 5243 2587 5303 erogant
2622 5250 2635 5286 :
2670 5232 2744 5288 illi
2776 5242 2830 5287 et
2858 5233 3176 5303 sanguinem
3209 5233 3473 5290 dederunt
3496 5276 3509 5299 ,
3540 5242 3594 5290 et

1987 5324 2151 5377 vitam
2178 5324 2345 5395 ipsam
2369 5326 2726 5392 deponi-bant,
2752 5336 3064 5381 utsauctum
3082 5328 3593 5399 servarent'ipsique

1989 5418 2357 5474 miniSIrarent
2390 5421 2513 5489 :qui
2543 5428 2723 5474 autem
2748 5430 3043 5489 przcsentes
3066 5430 3191 5476 sunt
3213 5436 3279 5476 ne
3307 5422 3588 5477 minimam

1987 5512 2203 5581 quidem
2226 5513 2538 5568 facultatum
2570 5526 2775 5583 partem
2799 5516 2984 5586 egenis
3014 5514 3170 5571 facile
3196 5528 3442 5587 erogent,
3462 5532 3587 5573 cum

1986 5604 2228 5661 Priscilla
2263 5616 2319 5661 et
2352 5608 2545 5676 Aquila
2576 5616 2631 5661 et
2655 5610 2914 5676 pecunias
2963 5618 3016 5662 et
3058 5624 3287 5677 eorpona
3319 5620 3373 5664 et
3423 5612 3586 5665 vitam

1988 5696 2159 5767 ipsam
2213 5695 2427 5751 darent.
2460 5696 2651 5752 Vidcn’
2686 5708 2885 5771 quanta
2929 5700 3000 5754 sit
3049 5699 3242 5756 mulier
3281 5698 3588 5771 philosophi

1987 5788 2193 5843 animi?
2223 5798 2457 5860 quantus
2488 5789 2556 5843 sit
2584 5790 2664 5843 vir
2692 5791 2783 5861 qui
2817 5791 2867 5845 in
2914 5802 3231 5862 paupertate
3258 5802 3312 5848 et
3347 5803 3461 5849 arte
3490 5807 3588 5850 sua

1987 5880 2156 5936 vivit?
2204 5881 2313 5937 llos
2359 5893 2536 5938 autent
2566 5882 2873 5953 imitemur,
2923 5895 2973 5941 et
3003 5887 3290 5957 praesentia
3321 5901 3584 5959 spernen-
