4124 6336
599 399 695 455 491

603 523 681 566 tes
710 550 724 571 ,
768 507 942 560 omnia
970 503 1035 558 ad
1066 501 1158 556 Dei
1188 498 1440 570 placitum
1471 494 1836 565 expendamus
1865 507 1878 543 :
1912 496 1967 543 ut
1998 484 2173 540 futura

598 614 993 668 consequamur
1021 596 1178 651 hmm.
1201 592 1375 661 gratia
1407 599 1457 644 et
1483 586 1808 657 benignitate
1833 580 2040 636 Domini
2073 594 2174 632 no-

601 695 697 747 stri
727 690 853 748 Jesu
879 687 1099 750 Christi,
1138 700 1234 755 per
1258 682 1418 752 quem
1443 690 1495 735 et
1519 692 1642 733 cum
1671 690 1778 745 quo
1821 672 1963 728 Patri
2003 668 2167 739 gloria

599 799 2683 838 _______________________._._____..___..__._

1320 382 1373 439 s.
1415 378 1693 437 JOlNNlS
1725 339 2197 431 cimvsosrout
2237 366 2549 426 ARCIIIEP.
2591 365 3126 424 consummari.

3769 359 3873 415 illi

2279 499 2398 538 eum
2440 493 2624 538 saneto
2654 483 2890 553 Spiritu,
2922 502 3061 541 nunc
3089 497 3143 541 et
3170 500 3384 558 sempe"
3412 526 3429 550 ,
3477 493 3532 540 et
3575 484 3626 538 iu
3671 482 3868 539 saecula

2279 575 2618 630 seculorum.
2662 579 2852 630 Amen.

2713 793 3868 829 '—_————-—-——f——_-

1981 873 2325 936 HOMILIA
2373 874 2482 934 γι.

602 1040 832 1100 Humilia
873 1040 1038 1094 habita
1062 1037 1117 1090 in
1139 1034 1345 1088 ecclesia
1386 1028 1779 1098 Apostolorum,
1890 1022 1971 1075 die
1998 1018 2171 1075 Theo-

671 1134 804 1188 desii
865 1126 1229 1201 Imperatoris,
1281 1123 1519 1178 adversm
1571 1134 1657 1173 eos
1693 1116 1778 1186 qui
1821 1131 1875 1168 se
1924 1110 2174 1167 Catltaros

672 1222 999 1297 appellabant
1022 1217 1099 1289 (a)
1123 1255 1143 1284 ,
1167 1225 1431 1288 postquam
1475 1211 1575 1264 duo
1599 1208 1690 1263 alii
1732 1205 1954 1278 episcopi
1981 1201 2174 1274 loquun'

675 1322 899 1390 fuerant.

671 1385 724 1464 ᾖ.
750 1405 987 1477 Episcopi
1009 1403 1110 1458 duo
1128 1410 1243 1456 ante
1260 1389 1983 1469 Chrysastomumcontionati.
2010 1385 2175 1441 Τήρο-

603 1501 734 1557 dosii
762 1499 932 1570 magni
963 1496 1160 1550 laudes.
1187 1523 1258 1535 —
1283 1490 1455 1558 Quam
1481 1486 1750 1558 egregium
1796 1492 1877 1538 est
1909 1497 2003 1550 par
2048 1477 2179 1533 illud

601 1606 786 1647 eorum
818 1589 907 1660 qui
932 1586 1131 1659 loqunti
1158 1593 1304 1646 sunt,
1330 1596 1556 1651 quorum
1588 1579 1725 1633 alius
1748 1576 1904 1629 boum
1936 1570 2180 1627 ministe-

603 1685 686 1737 rio
723 1697 900 1736 arcam
948 1677 1108 1734 trahit
1131 1716 1146 1738 ,
1178 1675 1315 1729 alius
1355 1671 1617 1743 primitias
1661 1681 1970 1724 sermonum
2000 1662 2178 1718 oﬂ'ert.

603 1775 714 1832 Etsi
745 1775 887 1829 enim
918 1773 1127 1827 illormn
1161 1780 1294 1827 tetas
1336 1767 1548 1822 diversa
1585 1771 1687 1824 est,
1719 1770 1774 1814 at
1801 1773 1905 1813 una
1926 1766 2011 1812 est
2041 1754 2184 1825 agri-

603 1868 829 1922 culturae
853 1865 989 1920 ratio
1018 1882 1031 1917 :
1065 1862 1174 1917 imo
1201 1876 1332 1917 vero
1356 1875 1465 1914 non
1489 1858 1698 1913 diversa
1740 1863 1871 1908 tetas
1898 1861 1982 1907 est
2011 1869 2024 1903 :
2060 1863 2181 1903 nam

600 1961 784 2028 iunior
814 1958 1039 2013 senioris
1067 1956 1381 2027 gravitatem
1424 1953 1584 2007 habet
1604 1991 1618 2013 ,
1660 1957 1716 2006 et
1741 1946 1920 2001 senior
1955 1942 2186 2013 iunioris

605 2053 783 2121 vigore
808 2049 1040 2119 lloreque
1072 2050 1362 2102 instructus
1389 2053 1489 2099 est.
1519 2043 1855 2110 Quapropter
1883 2033 2184 2090 umraber-

609 2144 820 2202 »τη-(ξω,
865 2141 954 2209 qui
984 2139 1172 2192 ambos
1201 2148 1255 2191 et
1280 2151 1436 2190 senes
1467 2144 1519 2188 et
1544 2135 1771 2203 juvenes
1799 2144 1921 2185 esse
1948 2140 2182 2197 pronun-

606 2235 837 2298 tiaverit,
858 2249 966 2287 non
990 2232 1163 2287 tennis
1184 2230 1408 2294 ratione,
1429 2227 1519 2283 sed
1551 2226 1712 2280 animi
1735 2223 2059 2279 conditione.
2077 2222 2187 2290 Age

605 2329 854 2400 ergojatn
883 2337 937 2382 et
954 2341 1048 2381 nos
1076 2340 1287 2396 quoque
1305 2324 1516 2378 demum
1543 2330 1720 2373 nostra
1740 2317 2044 2371 afferamus.
2082 2313 2189 2368 Vos

607 2425 747 2476 enim
781 2419 1032 2475 audiendi
1060 2416 1240 2473 studio
1272 2413 1600 2469 insatiabiles
1625 2426 1744 2467 esse
1789 2409 1948 2463 video
1968 2449 1980 2471 ,
2014 2421 2188 2476 neque

611 2530 775 2582 parvo
803 2527 928 2584 erga
958 2511 1169 2567 beatum
1197 2505 1555 2562 Theodosium
1600 2501 1781 2557 oflicio
1807 2498 2053 2553 obstricti
2097 2512 2189 2551 su-

611 2621 752 2671 mus,
777 2621 882 2660 non
910 2602 1028 2674 quia
1062 2602 1369 2671 Imperator,
1393 2598 1486 2653 sed
1512 2597 1635 2666 quia
1663 2597 1778 2665 pius
1802 2594 1889 2648 ille
1911 2603 2056 2653 erat;
2082 2606 2186 2644 non

613 2697 734 2766 quia
762 2711 990 2765 purpura
1021 2693 1271 2757 amictus,
1298 2690 1391 2746 sed
1423 2690 1542 2758 quia
1566 2687 1778 2742 Christo
1805 2686 2021 2740 indutus
2050 2694 2187 2746 erat,

614 2791 752 2860 quod
801 2791 1177 2843 vestimentum
1230 2801 1518 2854 numquam
1568 2781 1870 2844 vetet-nscit,
1921 2787 1976 2832 et
2027 2778 2188 2831 lorica

610 2883 827 2949 iustitiae
856 2879 1205 2942 induebatur,
1234 2887 1392 2945 atque
1415 2877 1774 2930 calceamenta
1809 2870 2010 2923 habens
2032 2883 2193 2922 evan-

615 2975 737 3042 gelii
767 2973 931 3041 pacis,
964 2982 1014 3024 et
1061 2968 1294 3040 gladium
1318 2967 1551 3033 Spiritus,
1582 2965 1936 3032 clypeumqne
1969 2959 2111 3023 lidei,
2141 2966 2195 3012 et

617 3067 820 3135 galeam
848 3061 1095 3116 salutaris
1117 3059 1329 3129 (Ep/tes.
1360 3060 1412 3112 6.
1446 3056 1699 3127 ll).Cnm
1725 3053 1805 3106 his
1823 3053 1985 3105 armis
2014 3061 2194 3120 tyran-

621 3171 717 3210 nos
742 3158 951 3211 evertit.
1003 3153 1231 3223 priorem
1257 3151 1328 3224 (ὁ)
1361 3165 1423 3204 ac
1470 3150 1819 3219 posteriorem
1860 3165 1871 3198 :
1906 3145 2052 3199 illum
2080 3144 2199 3213 qui-

617 3252 737 3304 dem
766 3250 879 3303 sine
904 3248 1087 3301 labore
1106 3256 1160 3300 et
1179 3246 1436 3316 sanguine
1453 3244 1615 3312 cepit,
1638 3257 1700 3296 ac
1724 3251 1977 3308 tropa‘um
2000 3238 2194 3299 erexit,

625 3344 740 3395 sine
762 3340 1028 3394 exercitus
1057 3337 1138 3393 sui
1166 3335 1310 3390 ccede
1337 3336 1415 3387 vel
1439 3335 1686 3388 minima:
1711 3332 1848 3385 hunc
1873 3339 2049 3383 autem
2068 3344 2199 3381 eon-

626 3450 812 3502 gressu
846 3432 1004 3498 facto,
1031 3431 1175 3484 solus
1205 3431 1317 3499 ipse
1338 3429 1404 3482 de
1430 3428 1605 3481 medio
1635 3425 1866 3479 sustulit.
1892 3424 2024 3478 Cum
2053 3422 2195 3476 cuitu

619 3529 887 3582 exercitus
904 3527 1064 3580 ambo
1084 3524 1345 3592 utrimque
1372 3523 1424 3575 in
1448 3521 1562 3575 acie
1584 3519 1953 3589 conﬂigerent,
1979 3533 2040 3572 ac
2065 3518 2200 3570 telo—

620 3635 733 3672 rum
764 3617 956 3670 emissa
1007 3614 1184 3679 nube,
1234 3611 1550 3666 instantibus
1596 3609 1880 3664 admodum
1944 3606 2196 3669 inimicis,

614 3713 723 3778 jam
777 3709 856 3762 sui
911 3707 963 3761 in
1009 3705 1187 3775 fugam
1237 3710 1676 3759 converterentur
1720 3720 1732 3755 :
1778 3717 1839 3755 ev
1898 3715 2036 3770 cquo
2108 3699 2199 3752 ille

620 3801 890 3863 exsiliens,
921 3801 1110 3870 clypeo
1138 3798 1283 3850 humi
1315 3796 1559 3864 deposito
1587 3836 1603 3858 ,
1627 3794 1851 3862 genibus
1881 3791 2031 3845 ﬂexis
2053 3833 2066 3854 ,
2091 3808 2200 3844 cae-

623 3894 791 3946 lorum
815 3890 1066 3943 auxilium
1090 3871 1587 3958 postuiabat,atque
1609 3887 1742 3940 aciei
1766 3901 2010 3953 campum
2036 3884 2204 3937 cet-le-

620 3987 711 4038 sine
739 3982 967 4037 faciebat
993 3983 1186 4046 locum,
1219 3997 1322 4034 non
1347 3978 1647 4033 arcubuset
1680 3978 1817 4039 telis,
1849 3993 1953 4030 non
1980 3977 2198 4041 lam-eis,

621 4077 714 4131 sed
745 4076 995 4146 lacrymis
1037 4083 1090 4126 et
1123 4071 1366 4141 precibus
1400 4086 1638 4141 pugnans
1667 4088 1678 4121 :
1709 4071 1892 4138 sicque
1920 4080 2199 4122 ventorum

624 4171 820 4239 impetu
851 4169 1026 4221 statim
1057 4165 1376 4220 adveniente
1401 4206 1415 4229 ,
1444 4165 1673 4217 hostium
1711 4164 1811 4216 tela
1842 4149 2024 4214 contra
2059 4164 2202 4229 ipsos

625 4263 806 4316 hostes
843 4261 1183 4321 ferebantur;
1234 4260 1281 4310 hi
1330 4273 1457 4309 Vero
1509 4256 1740 4310 fni-orem
1793 4266 1952 4323 atque
2001 4255 2199 4308 Ca-deni

629 4357 918 4423 spirantes,
952 4351 1051 4404 hoc
1075 4351 1159 4402 nhi
1195 4351 1460 4409 viderunt,
1491 4349 1666 4402 statim
1695 4350 2029 4408 commutati,
2064 4349 2148 4399 Inn
2175 4363 2202 4400 c

630 4447 1012 4513 Imperatorem
1044 4441 1461 4510 proclamavere,
1489 4449 1542 4493 et
1572 4456 1722 4492 suum
1757 4440 1945 4494 vinctis
1983 4457 2012 4493 a
2055 4449 2203 4509 tergo

631 4537 870 4589 manibus
902 4535 998 4602 ipsi
1031 4533 1379 4586 tradiderunt.
1427 4535 1500 4586 Ac
1542 4533 1802 4601 gloriosus
1845 4550 2090 4587 reversus
2121 4544 2203 4585 est

626 4632 815 4683 beatus
832 4628 1186 4690 Theodosius,
1223 4643 1326 4679 non
1353 4642 1417 4679 ex
1448 4626 1665 4678 victoria
1689 4628 1884 4691 solum,
1909 4628 2000 4681 sed
2030 4645 2090 4679 ex
2129 4628 2202 4678 \i-

625 4724 808 4777 (ιω-ἰεῦ
849 4722 1024 4773 modo.
1052 4720 1167 4772 Non
1196 4721 1335 4771 enim
1357 4761 1370 4782 ,
1418 4718 1634 4787 perinde
1661 4726 1818 4786 atque
1845 4734 1961 4771 cum
1993 4722 2201 4771 eartcris

629 4813 1064 4884 lmperatoribus,
1109 4812 1292 4880 tropei
1318 4827 1434 4864 cum
1463 4812 1577 4878 ipso
1605 4810 1887 4880 participes
1908 4821 2025 4865 sunt
2065 4811 2202 4863 mili-

628 4919 744 4968 tes;
775 4905 866 4958 sed
917 4913 1082 4956 totum
1133 4902 1298 4970 ipsius
1347 4910 1570 4964 tantum,
1614 4911 1667 4955 et
1713 4903 1881 4971 ipsius
1927 4902 2045 4955 fidei
2084 4902 2199 4954 fuit.

630 4997 748 5050 Ideo
780 4997 951 5064 ipsum
987 4993 1197 5047 beatum
1221 5034 1234 5054 ,
1267 5007 1438 5060 neque
1466 5005 1731 5046 mortuum
1759 4991 1985 5046 dicimus
2020 5011 2032 5045 :
2080 5009 2199 5046 nam

539 5109 542 5112 ⁴
631 5088 729 5153 Qui
757 5086 983 5139 crcditin
1012 5101 1107 5144 me,
1138 5084 1324 5151 inquit,
1366 5084 1556 5134 etiamsi
1587 5093 1811 5137 mortuus
1841 5084 2007 5153 fuerit,
2041 5086 2202 5149 vivet;

626 5191 669 5229 rt
708 5180 868 5231 omnis
889 5179 968 5246 qui
999 5177 1111 5228 vivit
1138 5187 1181 5228 et
1213 5173 1366 5226 credit
1393 5177 1442 5227 in
1469 5190 1543 5226 me
1568 5215 1580 5235 ,
1611 5190 1709 5227 non
1735 5175 1975 5228 morietur
2007 5181 2020 5242 (
2045 5175 2199 5226 Jomt.

627 5273 712 5325 ll.
743 5271 856 5338 25).
909 5270 1030 5323 llaec
1058 5267 1300 5320 Christus
1321 5267 1484 5330 dixit,
1516 5266 1629 5320 lucc
1653 5282 1746 5336 per
1776 5283 1934 5336 opera
1977 5266 2197 5335 fulgent.

625 5363 762 5429 Quid
784 5376 938 5430 ergo,
960 5359 1191 5429 inquies,
1217 5376 1392 5412 annon
1417 5367 1657 5412 mortuus
1683 5367 1765 5412 est
1785 5362 1805 5410 ?
1824 5360 2162 5428 Nequaquam
2189 5381 2197 5411 :

689 5590 759 5650 (α)
801 5587 861 5637 Hi
902 5593 1040 5636 erant
1081 5584 1334 5635 Novatiaui
1369 5588 1449 5694 qui
1491 5585 1893 5657 Constantinopoli
1927 5589 2200 5650 episcopum

689 5668 710 5694 ιι
753 5650 1046 5694 neculiarem
1083 5649 1342 5694 habebant.
1425 5649 1500 5694 ide
1538 5645 1772 5694 Litultan.
1810 5649 1938 5694 Ηιεγ.
1978 5653 2053 5694 till-
2092 5661 2126 5694 t.
2160 5654 2197 5694 l.

625 5645 712 5703 sibi
742 5645 1046 5711 peculiarem
1083 5645 1500 5711 liabebautai‘ide
1538 5645 1772 5709 ΕιῑιιΙιέιιι.
1804 5645 2054 5707 Etet-.231),
2092 5645 2126 5698 ἰ.
2160 5654 2197 5706 l,

627 5731 668 5771 ιε.
698 5709 789 5762 495
812 5727 938 5776 sqq.
967 5712 1219 5776 Augustin.
1244 5709 1319 5758 De
1346 5710 1473 5759 liter.
1501 5712 1707 5776 eaprﬂx.

690 5777 758 5834 (ιι)
808 5771 941 5823 rum
984 5771 1064 5821 ille
1099 5780 1326 5834 tyrannus
1366 5781 1466 5819 erat
1508 5771 1742 5822 Maximus
1776 5773 2017 5821 securulus
2046 5774 2198 5835 lingv-

627 5853 748 5884 “llis.

2279 1032 2448 1085 neque
2477 1016 2621 1071 enim
2653 1017 2755 1071 hoc
2780 1015 3014 1072 dixerim
3048 1033 3169 1073 esse
3193 1029 3420 1073 mortem
3448 1061 3463 1083 ,
3496 1019 3588 1074 sed
3622 1033 3875 1074 somnum

2279 1107 2560 1177 quemdam
2584 1118 2636 1166 et
2659 1110 3159 1178 peregrinalimtem.
3182 1111 3408 1165 Uteuitn
3430 1111 3721 1165 viventium
3737 1111 3872 1163 mul-

2282 1201 2324 1255 ti
2361 1210 2505 1268 snnt,
2531 1203 2621 1272 qui
2648 1203 2799 1272 quasi
2833 1202 2886 1257 in
2930 1204 3177 1272 sepulcro
3217 1219 3338 1258 cum
3380 1219 3608 1272 corpore
3638 1207 3872 1258 animam

2283 1293 2648 1363 deposuerunt
2680 1294 2797 1348 :sic
2825 1310 2892 1348 ex
2937 1298 3164 1349 mortuis
3213 1295 3368 1350 multi
3411 1297 3618 1360 vivunt,
3666 1296 3875 1365 justitia

2289 1387 2552 1458 fulgentes
2581 1405 2593 1442 :
2624 1388 2762 1442 sicut
2787 1398 2839 1443 et
2862 1389 2947 1443 hic
2974 1389 3182 1444 beatus.
3214 1389 3356 1444 Mors
3385 1391 3528 1444 enim
3561 1399 3644 1445 est
3663 1392 3871 1461 gravis-

2284 1483 2443 1544 sima,
2476 1493 2530 1536 et
2560 1497 2686 1537 vere
2714 1497 2880 1540 mors.
2904 1497 2965 1537 ea
2999 1499 3118 1552 qum
3149 1499 3212 1538 ex
3244 1494 3467 1552 peccato
3496 1485 3698 1552 paritur
3722 1525 3737 1546 ,
3769 1500 3872 1553 qua

2287 1590 2577 1644 numquam
2609 1574 2744 1628 mori
2770 1575 2896 1628 dicit
2924 1575 3016 1630 ille
3041 1591 3136 1629 eos
3163 1576 3250 1643 qui
3294 1576 3345 1629 in
3371 1591 3430 1630 se
3459 1576 3707 1630 credunt.
3740 1575 3875 1629 Nam

2286 1667 2388 1733 Qui
2414 1668 2527 1720 vivit
2548 1678 2594 1720 et
2618 1669 2774 1720 credit
2798 1669 2851 1721 in
2875 1684 2972 1733 me,
2997 1669 3186 1739 inquit,
3234 1685 3336 1722 non
3365 1671 3605 1722 morietur
3647 1671 3871 1738 (a)......

2354 1758 2411 1815 2.
2446 1759 2632 1814 Contra
2653 1759 2919 1814 Catharos.
2951 1789 3023 1800 --
3046 1761 3126 1813 An
3159 1761 3248 1830 qui
3279 1762 3430 1830 quasi
3459 1761 3629 1815 alatus
3676 1771 3872 1815 terram

2286 1861 2341 1907 et
2387 1867 2535 1907 mare
2578 1853 3043 1917 eireumcucurrit,
3074 1853 3164 1922 qui
3212 1853 3524 1909 innumeras
3572 1864 3762 1924 gentes
3809 1853 3875 1907 ad

2286 1944 2557 2000 Christum
2583 1943 2839 2007 adduxit,
2871 1944 2960 2013 qui
2988 1959 3308 1998 arcanorum
3340 1946 3717 2015 mysteriorum
3749 1960 3875 2016 par-

2289 2036 2460 2105 ticeps
2486 2035 2653 2089 factus
2700 2045 2803 2099 est,
2833 2037 2921 2104 qui
2971 2036 3022 2089 in
3071 2041 3288 2091 tertium
3327 2038 3521 2090 exulum
3556 2049 3762 2106 raptus,
3806 2053 3878 2091 an

2291 2127 2394 2182 tale
2440 2125 2708 2196 quidpiam
2737 2126 2802 2180 dc
2831 2141 2890 2180 se
2925 2127 3106 2182 dicere
3134 2143 3296 2185 ausus
3339 2129 3457 2182 est?
3486 2126 3832 2198 Nequaquam
3859 2169 3874 2188 .

2289 2222 2382 2277 sed
2412 2223 2737 2276 contrarium
2786 2236 3013 2291 prorsus
3058 2240 3071 2275 :
3111 2222 3414 2276 abortivum
3443 2238 3502 2278 se
3544 2225 3794 2283 vocabat.
3827 2233 3881 2277 et

2293 2313 2536 2367 ultimum
2575 2313 2944 2384 apostolorum
2973 2356 2988 2377 ,
3019 2329 3119 2370 nec
3162 2329 3221 2368 se
3265 2314 3484 2383 dignum
3513 2330 3634 2370 esse
3663 2314 3883 2384 putabat

2290 2406 2382 2476 qui
2429 2407 2530 2460 hoc
2573 2406 2788 2461 nomine
2843 2416 3144 2462 vocaretur.
3208 2406 3324 2462 Non
3387 2425 3500 2460 sum
3552 2409 3738 2479 dignus
3804 2410 3882 2462 in-

2291 2500 2443 2569 quit,
2478 2500 2646 2555 vocari
2675 2502 2935 2569 apostolus
2957 2500 3033 2570 (ι.
3066 2501 3185 2555 Cor.
3219 2502 3306 2556 15.
3340 2502 3434 2570 9).
3470 2501 3726 2568 Quaenam
3755 2519 3885 2568 ergo

2293 2599 2377 2644 est
2404 2591 2516 2643 lure
2542 2591 2889 2660 arrogantia?
2918 2606 3165 2661 quamam
3193 2593 3448 2659 jactantia
3470 2592 3493 2645 ?
3518 2608 3763 2663 quzrnam
3800 2595 3848 2645 in
3867 2625 3882 2634 -

2295 2683 2480 2736 Sunia?
2509 2686 2669 2738 homo
2698 2699 2816 2736 cum
2845 2683 2940 2747 sis,
2974 2695 3024 2737 te
3071 2684 3360 2739 Galliarum
3409 2686 3523 2740 sive
3553 2701 3743 2754 ptlrnut
3765 2701 3885 2739 esse

2295 2776 2454 2843 dicis,
2472 2787 2524 2829 et
2552 2787 2602 2831 te
2621 2794 2805 2844 purum
2831 2791 2948 2832 esse
2980 2792 3291 2847 persuasum
3313 2778 3516 2832 habes?
3547 2788 3600 2832 et
3624 2790 3888 2847 quantum

2297 2871 2396 2925 hoc
2425 2872 2641 2925 insania:
2663 2872 2782 2926 est?
2811 2870 2940 2925 Nam
2991 2886 3112 2924 cum
3154 2881 3203 2924 te
3229 2887 3420 2941 purum
3461 2871 3615 2934 dicis,
3667 2871 3888 2941 perinde

2300 2961 2450 3024 facis,
2481 2977 2543 3016 ac
2589 2964 2631 3015 si
2668 2964 2787 3032 quis
2815 2962 3016 3016 diceret
3049 2978 3195 3017 mare
3225 2962 3474 3017 ﬂuctibus
3503 2979 3621 3017 esse
3669 2981 3884 3031 punito.

2300 3060 2441 3114 Sicut
2466 3060 2679 3133 ergoilli
2725 3060 2914 3113 [luctus
2970 3075 3259 3128 numquam
3298 3060 3586 3123 deficiunt,
3613 3060 3682 3113 ita
3715 3077 3892 3130 ncipic

2301 3152 2455 3204 nobis
2474 3162 2706 3221 peccata.
2733 3154 2925 3205 Annon
2953 3153 3090 3205 nosti
3120 3152 3334 3220 quinam
3355 3152 3542 3215 simus;
3568 3151 3889 3221 gaudentes,

2303 3255 2586 3298 uttercntes
2609 3261 2625 3308 ;
2647 3244 2860 3307 divites,
2886 3259 3175 3312 pauperes;
3195 3245 3516 3298 contumelia
3537 3245 3737 3308 affecti,
3775 3248 3888 3298 latt-

2301 3339 2430 3402 dati,
2456 3338 2616 3406 pulsi,
2641 3335 2782 3391 bello
2806 3338 3050 3406 impctiti,
3073 3342 3256 3407 requie
3279 3338 3538 3404 fruentes;
3562 3341 3890 3406 esurientes,

2301 3433 2514 3486 satiati?
2542 3432 2790 3487 Sescenti
2819 3434 3016 3500 agitant
3038 3434 3268 3486 animam
3313 3446 3490 3488 motus
3516 3450 3580 3488 ac
3603 3435 3887 3503 perturba-

2305 3526 2496 3584 tiones.
2553 3534 2803 3578 sexcenta
2837 3524 3080 3593 negotia,
3111 3526 3349 3579 sexcenti
3388 3529 3632 3596 corporis
3673 3527 3887 3592 morbi,

2303 3627 2566 3670 sescentae
2617 3632 2793 3670 rerum
2837 3618 3264 3687 inaequalitates;
3314 3629 3368 3672 et
3405 3618 3568 3672 amics
3607 3619 3791 3673 dicere
3841 3632 3892 3674 te

2307 3710 2358 3763 in
2397 3712 2582 3781 euripo
2619 3711 2970 3779 procellarum
3019 3711 3201 3764 talium
3257 3727 3443 3780 purmn
3476 3713 3637 3765 esse?
3675 3722 3726 3766 et
3763 3712 3890 3782 quid

2307 3805 2561 3874 impurius
2582 3806 2738 3859 fuerit
2760 3823 2824 3859 eo
2846 3807 2933 3875 qni
2962 3807 3029 3859 ita
3051 3806 3276 3860 allectus
3303 3817 3384 3860 est
3401 3809 3422 3857 ?
3453 3807 3518 3859 Et
3543 3807 3669 3876 quid
3693 3808 3762 3862 de
3785 3811 3892 3865 vita

2309 3908 2412 3953 tota
2443 3899 2670 3967 loquor?
2706 3899 2790 3953 dic
2822 3898 2948 3952 mihi
2978 3941 2991 3954 .
3021 3916 3086 3953 an
3127 3900 3308 3953 dicere
3333 3902 3451 3969 quis
3491 3902 3681 3968 poterit
3711 3915 3771 3955 se
3811 3903 3888 3954 vel

2308 4007 2412 4043 uno
2441 3991 2526 4044 die
2568 4006 2755 4058 purum
2788 3992 2946 4044 esse?
2980 3992 3200 4045 Etiamsi
3229 3997 3370 4046 enim
3419 4008 3524 4045 non
3553 3993 3851 4045 foruiicetur
3874 4035 3888 4054 ,

2307 4084 2388 4136 vel
2411 4084 2728 4137 adulterium
2763 4084 3026 4148 admittat,
3072 4085 3279 4139 etiamsi
3310 4085 3360 4136 in
3409 4086 3555 4138 nullo
3581 4086 3892 4152 .hnjusmodi

2309 4174 2575 4242 prohibito
2609 4185 2824 4242 peccet,
2857 4177 3120 4242 poteritne
3151 4177 3366 4244 gloriari
3403 4219 3415 4239 ,
3450 4177 3587 4243 (μιωό
3622 4194 3725 4229 non
3761 4195 3890 4231 vana

2306 4265 2470 4335 gloria
2495 4265 2650 4320 fuerit
2682 4266 2919 4329 allectus,
2946 4267 3083 4335 quod
3114 4283 3216 4320 non
3241 4270 3542 4335 arrogantia
3566 4310 3580 4329 ,
3612 4269 3752 4337 quod
3784 4286 3885 4322 non

2310 4358 2585 4425 impudicis
2613 4359 2878 4424 aSpcxerit
2919 4358 3124 4420 oculis,
3159 4359 3298 4426 quod
3333 4376 3436 4412 non
3487 4360 3715 4426 proximi
3754 4363 3888 4413 bona

2308 4450 2692 4518 cmtcupiverit.
2725 4450 2863 4517 quod
2896 4467 2997 4502 non
3029 4451 3283 4502 mentitus
3316 4451 3476 4502 fuerit
3497 4493 3510 4513 ,
3541 4451 3678 4518 quod
3710 4451 3888 4504 dolum

2308 4557 2411 4595 non
2454 4542 2704 4594 struxerit
2732 4583 2743 4602 ,
2777 4541 2914 4609 quod
2947 4556 3048 4593 non
3098 4541 3230 4593 mala
3263 4542 3584 4607 imprecatus
3615 4543 3682 4594 sit
3713 4544 3890 4594 inimi-

2307 4636 2404 4693 cis,
2438 4634 2576 4701 quod
2609 4650 2710 4684 non
2744 4633 2987 4687 inviderit
3020 4633 3310 4686 ainico?Si
3353 4641 3530 4686 autent
3562 4635 3604 4687 is
3643 4637 3730 4702 qui
3754 4639 3891 4688 anti-

2307 4743 2426 4780 cam
2454 4737 2628 4791 amat,
2656 4727 2785 4778 nihil
2817 4728 2989 4778 minus
3022 4725 3238 4780 habebit
3270 4742 3364 4794 pro
3385 4744 3440 4779 rc
3466 4727 3579 4793 illa,
3607 4743 3763 4796 quam
3799 4744 3893 4795 pu-

2310 4821 2544 4873 blicanus
2570 4837 2582 4883 ;
2614 4835 2716 4887 qua
2740 4820 2888 4872 venia
2912 4819 3101 4886 dignus
3130 4821 3233 4872 erit
3257 4819 3299 4872 is
3322 4819 3410 4888 qui
3446 4820 3619 4872 amico
3649 4820 3888 4872 invidet?

2306 4915 2406 4969 Tot
2430 4917 2713 4983 absorplus
2745 4914 2897 4966 malis
2925 4913 3090 4966 audes
3119 4923 3166 4964 te
3201 4928 3387 4980 parum
3430 4913 3649 4966 dicere?
3680 4916 3747 4965 At
3795 4913 3888 4967 ho-

2309 5023 2423 5060 rum
2473 5009 2770 5076 arrogantia
2812 5022 2912 5058 n0n
2971 5005 3091 5057 hinc
3136 5006 3332 5067 solum,
3363 5004 3455 5058 sed
3487 5005 3702 5058 aliunde
3725 5006 3887 5059 etiam

2309 5102 2689 5156 monstrabitur
2716 5118 2725 5150 :
2753 5115 2849 5151 vos
2883 5107 3059 5150 autem
3085 5108 3420 5166 vestramque
3441 5097 3716 5151 caritatem
3740 5113 3886 5168 rogo,

2308 5198 2423 5250 iure
2451 5197 2628 5249 omnia
2659 5203 2989 5263 reputantes,
3020 5191 3085 5243 ab
3115 5191 3323 5243 illorum
3365 5190 3620 5258 jactantia
3652 5206 3745 5245 vos
3777 5199 3889 5247 cxi-

2309 5289 2483 5348 tnatis,
2513 5297 2567 5340 et
2593 5287 2801 5338 illorum
2845 5283 3202 5352 arrogantiam
3251 5283 3429 5335 vitetis
3457 5301 3467 5333 :
3491 5293 3542 5336 et
3577 5299 3696 5336 cum
3747 5286 3891 5340 muni

2308 5380 2485 5433 studio
2510 5379 2708 5432 curetis
2734 5376 2984 5429 admissa»
3005 5385 3220 5444 peccata
3245 5373 3484 5438 abluere,
3504 5385 3557 5430 et
3583 5377 3892 5433 accedentia

2309 5471 2629 5542 propellere.
2661 5469 2879 5522 Etiamsi
2923 5468 3065 5522 enim
3097 5468 3375 5521 innumera
3436 5483 3533 5522 nos
3560 5471 3893 5525 circumdant

2370 5713 2440 5770 (al
2477 5713 2564 5761 Hic
2584 5713 2692 5759 dote
2717 5713 2898 5775 pagina;
2924 5711 3102 5759 deesse
3129 5712 3369 5764 videntur.
3401 5714 3445 5761 in
3472 5713 3646 5775 (ptibus
3670 5713 3893 5760 ("alliam-

2309 5789 2412 5825 rum
2440 5777 2743 5836 irnpuduntizc
2773 5774 2904 5821 l'auli
2931 5777 3211 5823 tnodtsliam
3237 5776 3362 5823 forte
3388 5774 3666 5836 (quostn'tit
3692 5775 3886 5835 tibus»-

2310 5848 2506 5886 slotnttz».
