4124 6336
295 416 392 471 195

286 518 444 583 mals,
487 516 536 575 si
575 516 849 586 sapiamus
902 520 958 567 et
997 509 1186 581 vigiles
1229 508 1420 572 simus,
1474 506 1771 578 poterimus
1821 515 1877 561 et

1076 391 1164 448 vn
1204 387 1511 456 nonius,
1558 383 1759 443 mora
1804 383 1869 441 iN
1908 385 2187 444 τελεῖ»ιο
2225 387 2283 445 s.
2328 369 2759 449 amsr’tsuz.

3489 385 3596 447 49b

1993 519 2145 562 seros
2173 507 2560 578 prcdicemus,
2590 508 2833 567 dicentes
2860 524 2959 566 nos
2983 524 3171 581 servos
3201 510 3420 570 inutiles
3453 530 3597 572 esse.

281 613 686 667 excttsalionem
713 609 936 664 multam
961 614 1019 661 et
1043 604 1251 659 veniam
1280 602 1561 671 consequi,
1594 608 1757 670 atque
1784 596 1881 654 de-
1992 597 2205 655 Etenim
2227 610 2281 655 et
2304 599 2435 657 illud
2460 616 2565 656 non
2584 616 2744 674 parva
2763 604 2976 673 species
2989 613 3071 659 est
3088 605 3459 661 exstinctinuis
3476 621 3595 677 pee-

282 708 405 763 licta
428 706 670 761 abluere.

348 798 615 871 Confessio
642 806 985 869 peccatorum.
1012 792 1157 849 -—Et
1185 803 1455 861 quomodo
1477 785 1528 842 id
1555 793 1874 842 eventurum

276 895 344 950 sit
372 893 497 948 audi
528 908 545 946 :
573 892 617 945 si
645 891 697 946 in
726 887 1007 946 ecclesiam
1046 900 1145 939 nos
1177 882 1517 941 conferamus
1535 922 1550 945 ,
1580 879 1625 934 si
1654 876 1724 932 de
1752 893 1878 945 pec-

276 986 413 1042 catis
459 984 657 1039 nostris
704 981 1154 1053 ingemiscamus,
1191 976 1235 1030 si
1280 975 1392 1044 ipsa
1440 979 1660 1042 peccata
1705 967 1878 1024 conii-

278 1086 505 1139 tuamor,
533 1075 576 1128 si
604 1074 975 1141 eleemosynas
1012 1080 1315 1139 erogemus.
1348 1064 1397 1119 si
1444 1075 1631 1134 preces
1658 1060 1877 1116 emitta-

275 1183 424 1233 mus,
445 1166 493 1222 si
532 1166 724 1236 injuria
769 1162 992 1218 allectos
1026 1161 1303 1231 juvemus,
1328 1156 1373 1211 si
1400 1153 1631 1209 inimicis
1657 1162 1875 1223 peccata

272 1260 671 1322 condonetnus,
699 1258 745 1313 si
773 1255 843 1313 ob
866 1254 1058 1311 delicta
1086 1253 1348 1323 iacrymas
1375 1248 1684 1303 omittamus
1712 1262 1726 1298 :
1758 1242 1877 1299 iure

270 1354 471 1425 quippe
523 1351 703 1407 omnia
759 1358 885 1405 sunt
934 1356 1277 1419 peccatorum
1334 1342 1646 1411 pharmace.
1702 1336 1869 1405 Hrec,

270 1459 478 1514 quaeso,
504 1443 684 1499 omnia
709 1440 933 1513 singulis
948 1438 1138 1495 diebus
1157 1448 1501 1507 apparemus,
1525 1445 1623 1485 nos
1647 1429 1874 1485 abluen-

272 1547 353 1595 tes
389 1545 449 1593 et
485 1535 854 1607 abstergentes
881 1551 895 1589 :
925 1542 981 1589 et
1015 1545 1140 1585 cum
1189 1529 1273 1583 his
1314 1525 1564 1582 omnibus
1609 1537 1706 1577 nos
1751 1521 1867 1574 mi—

1988 700 2255 758 catorum,
2288 692 2503 764 quando
2549 702 2689 749 bona
2720 711 2881 767 opera
2910 696 3156 763 edentes,
3182 696 3315 754 nihil
3347 714 3599 775 magnum

1987 783 2057 838 de
2085 782 2377 856 uobisipsis
2405 786 2665 856 sapimus,
2696 796 2756 844 ut
2784 804 2853 845 ne
2875 803 2937 844 ea
2969 790 3238 860 patiamur
3256 832 3271 856 ,
3300 807 3422 862 qua:
3450 791 3597 849 Pha-

1987 878 2178 933 risa'us
2206 878 2314 934 ille.
2350 879 2407 936 Si
2433 879 2512 935 sic
2539 889 2722 936 nostra
2750 882 3148 953 dispensemus,
3180 884 3475 953 poterimus
3498 888 3595 942 mi-

1984 969 2336 1026 sericordiam
2364 981 2421 1027 et
2446 974 2656 1029 veniam
2679 976 2936 1047 consequi
2968 975 3022 1031 in
3054 976 3143 1033 die
3170 978 3259 1033 illa
3289 979 3595 1047 tremenda,

1983 1069 2039 1115 et
2060 1063 2339 1131 promissis
2362 1063 2567 1137 dignari
2595 1066 2751 1123 bonis
2777 1085 2790 1121 :
2818 1068 3014 1139 quibus
3044 1068 3248 1126 utinam
3280 1086 3377 1126 nos
3406 1086 3597 1129 omnes

1982 1151 2247 1220 fruamur,
2291 1154 2462 1225 gratia
2507 1165 2563 1213 et
2608 1156 2937 1229 benignitate
2986 1160 3197 1215 Domini
3251 1163 3420 1218 nostri
3461 1162 3593 1219 Jesu

1982 1240 2179 1299 Christi
2202 1285 2220 1311 ,
2247 1258 2345 1316 per
2369 1262 2531 1318 quem
2555 1257 2613 1304 et
2637 1264 2759 1305 cum
2793 1266 2900 1320 quo
2928 1250 3072 1307 Patri
3098 1252 3291 1323 gloria,
3335 1269 3438 1309 una
3465 1271 3589 1312 cum

1980 1345 2170 1391 sancto
2197 1334 2418 1407 Spiritu,
2448 1355 2592 1396 nunc
2616 1350 2670 1396 et
2696 1356 2933 1413 semper,
2965 1350 3019 1399 et
3047 1343 3098 1397 in
3130 1344 3328 1400 secula
3356 1347 3583 1403 seculo-

1978 1442 2121 1483 rum.
2144 1430 2338 1485 Amen.

1243 1694 1247 1699 ’
1676 1695 2027 1762 HOMILIA
2070 1697 2210 1760 Vl].

378 1887 609 1943 Humilia
634 1884 806 1940 habita
829 1884 882 1937 in
910 1880 1098 1952 templo
1126 1885 1318 1933 sancite
1346 1870 1633 1927 Anastasius
1656 1863 1756 1938 (a).

338 1986 388 2036 1.
420 1977 661 2035 blodicus
679 1985 762 2031 est
784 1973 1125 2045 praesentium
1150 1976 1468 2029 conventus,
1494 1960 1589 2018 sed
1612 1972 1863 2029 magnum

265 2071 592 2127 desiderium
626 2087 640 2124 :
672 2078 997 2140 quapropter
1022 2079 1121 2119 nec
1150 2060 1392 2116 modicus
1434 2064 1731 2113 conventus
1758 2060 1862 2107 est.

264 2166 380 2222 Non
399 2165 542 2219 enim
574 2160 970 2219 multitudinem
994 2171 1280 2227 corporum
1304 2152 1614 2223 qna-rimus,
1635 2144 1728 2201 sed
1750 2143 1867 2199 ani-

264 2274 411 2315 tnum
427 2265 805 2327 pratparatum,
831 2262 1066 2308 mentem
1082 2248 1183 2304 alis
1203 2248 1540 2309 instructam,
1560 2239 1863 2295 auditorem

264 2350 497 2407 terrenis
520 2346 772 2401 onmibus
788 2344 1179 2400 sublimiorem.
1208 2339 1264 2395 Si
1291 2338 1375 2393 vel
1399 2352 1534 2391 unus
1553 2333 1674 2389 talis
1694 2332 1782 2397 sit,
1808 2332 1863 2388 id

262 2442 602 2499 concionanti
628 2440 761 2496 satis
786 2453 907 2494 esse
934 2437 1122 2508 possit.
1144 2434 1356 2490 Etenim
1378 2431 1715 2487 Samaritana
1746 2444 1864 2483 mu-

262 2534 362 2591 lier
390 2544 445 2587 et
476 2535 630 2603 inops
658 2542 776 2587 erat
801 2539 856 2584 et
880 2529 1088 2599 impura
1114 2536 1171 2583 et
1195 2525 1495 2594 alienigena
1523 2539 1538 2587 ;
1573 2532 1863 2589 tamenque

261 2628 410 2681 orbis
462 2624 687 2678 Dmuiuo
725 2623 882 2693 digna
928 2620 1039 2675 visa
1091 2627 1175 2675 est
1197 2614 1515 2689 qutelnngis
1563 2614 1669 2668 illis
1715 2614 1862 2666 frue-

263 2732 413 2774 retur
452 2712 1183 2785 serinouibus(loan.c.4):
1215 2720 1271 2765 et
1316 2708 1406 2764 ille
1450 2707 1667 2779 quidem
1718 2719 1863 2773 saepe

262 2821 402 2866 inter
446 2808 673 2881 populos
713 2807 965 2863 Judaiens
993 2804 1258 2869 cireuivit,
1286 2812 1377 2857 aut
1410 2817 1517 2856 non
1556 2800 1859 2868 alloquens,

260 2912 350 2955 aut
380 2915 687 2956 sermonem
720 2898 1083 2961 adnmbrans;
1127 2895 1334 2951 mulieri
1362 2903 1540 2947 autem
1574 2890 1817 2946 barbara-
1839 2929 1858 2956 ,

260 3013 379 3065 qum
406 2997 641 3066 quinque
666 2994 810 3048 viros
840 2993 1121 3055 habuerat,
1150 3000 1206 3045 et
1234 3004 1356 3045 cum
1402 2997 1557 3043 sexto
1584 2985 1861 3054 illegitime

262 3088 553 3154 habitabat,
571 3086 670 3140 soli
690 3085 1028 3154 loquebatur,
1046 3096 1168 3137 cum
1190 3080 1482 3149 discipulos
1504 3079 1570 3134 de
1595 3076 1858 3131 industria

262 3186 311 3236 iu
340 3182 512 3237 lorum
542 3180 797 3243 misisset,
830 3188 887 3232 ut
915 3192 981 3231 ne
1010 3192 1131 3230 mox
1159 3172 1475 3245 capiendam
1505 3168 1740 3241 prmdam
1764 3168 1859 3223 ab-

259 3282 535 3330 sterrerct.
555 3271 726 3327 Tanta
758 3269 985 3326 Domino
1011 3268 1159 3321 orbis
1178 3267 1261 3321 vel
1288 3280 1383 3335 pro
1401 3279 1502 3318 una
1529 3262 1707 3317 anima
1735 3278 1858 3330 pro-

262 3368 493 3422 videntia
518 3374 634 3421 erat
654 3407 669 3431 ,
697 3365 741 3419 si
765 3365 1001 3419 animum
1030 3371 1084 3416 et
1112 3360 1439 3415 alacritatem
1493 3357 1760 3412 inveniret
1788 3354 1855 3409 ad

259 3458 584 3514 audiendum
614 3455 909 3527 proclivem
933 3497 948 3519 ,
971 3469 1129 3524 quam
1162 3451 1249 3506 illa
1278 3460 1407 3505 tune
1432 3448 1743 3505 exhibebat.

330 3551 679 3608 Samaritana
698 3548 897 3603 laudes.
910 3576 985 3589 -—
1001 3546 1073 3601 Ex
1104 3546 1385 3599 meretrice
1406 3544 1567 3612 igitur
1586 3540 1856 3610 evangelio

257 3659 336 3701 sta
377 3644 513 3699 facta
545 3653 629 3698 est
650 3682 667 3707 ,
696 3653 817 3713 post
842 3641 932 3695 illa
964 3639 1064 3694 sibi
1091 3638 1249 3692 allata
1278 3645 1587 3707 argumenta
1614 3634 1856 3689 clamans

257 3750 307 3793 et
329 3738 514 3791 dicens
537 3752 551 3788 :
592 3735 785 3799 Venite,
808 3735 967 3788 uidete
991 3732 1264 3797 hominem,
1281 3730 1368 3801 qui
1389 3729 1519 3785 dixit
1541 3730 1665 3782 mihi
1682 3728 1855 3783 omnia

255 3846 585 3901 quacumque
636 3827 1053 3903 feci:uumquid
1104 3826 1215 3897 ipse
1265 3834 1338 3879 est
1386 3822 1663 3878 Christus?
1707 3821 1854 3879 illius

258 3924 419 3978 vitam
452 3922 780 3982 induxerat.
828 3919 1051 3990 ejusque
1100 3926 1318 3988 peccata
1365 3917 1415 3971 in
1467 3916 1701 3970 medium
1752 3915 1850 3969 ad-

255 4019 503 4080 duxerat,
533 4016 715 4071 dicens
744 4030 763 4072 :
794 4015 1027 4083 Quinque
1051 4012 1184 4068 enim
1215 4012 1345 4066 uiros
1370 4010 1612 4075 habuisti,
1645 4019 1692 4063 et
1718 4026 1853 4062 nunc

253 4125 400 4179 quem
442 4110 616 4171 habes,
666 4124 764 4161 non
812 4116 884 4161 est
913 4116 1030 4159 tuus
1056 4106 1151 4159 vir.
1202 4105 1275 4159 At
1313 4103 1403 4159 illa
1447 4102 1691 4157 convicta
1743 4116 1849 4155 non

258 4202 502 4272 perculsa
552 4201 667 4267 fuit,
715 4200 810 4255 sed
858 4200 999 4253 illam
1039 4198 1287 4254 Christus
1328 4198 1395 4253 ad
1438 4197 1696 4267 majorem
1725 4212 1849 4267 erga

255 4314 311 4351 se
359 4286 891 4351 allectum'attraxit.
938 4293 1096 4349 Tales
1146 4293 1343 4363 quippe
1383 4300 1508 4346 sunt
1573 4306 1852 4361 generosae

254 4392 450 4444 anima:
481 4407 494 4442 :
525 4405 589 4443 ex
621 4387 831 4449 iisdem,
860 4388 1057 4458 quibus
1083 4385 1425 4441 oﬂ'endttntur
1450 4384 1564 4446 alii,
1600 4384 1704 4439 illm
1729 4399 1850 4439 cor-

256 4482 522 4551 riguntur.
552 4479 684 4533 Nam
715 4480 759 4533 si
800 4496 862 4535 ex
918 4482 1243 4549 ingratorum
1288 4492 1515 4532 munero
1563 4476 1774 4542 fuisset,
1806 4475 1851 4531 si

252 4574 521 4638 convicta,
554 4572 794 4640 perculsa
823 4569 1031 4629 luisset.
1064 4570 1361 4624 resiiuisset
1391 4562 1602 4624 iu'iram
1626 4578 1681 4625 et
1708 4571 1849 4623 indi-

252 4666 564 4736 gnationem
586 4664 862 4717 comitata.
896 4664 965 4717 At
995 4662 1081 4715 illa
1108 4674 1225 4731 post
1250 4663 1650 4717 accusationem
1682 4663 1851 4733 magis

244 4759 464 4815 addicta
493 4758 698 4812 doctori
731 4757 806 4821 lit,
839 4767 893 4813 et
936 4756 1005 4810 de
1048 4756 1329 4811 altioribus
1373 4757 1535 4810 rebus
1567 4757 1736 4825 ipsum
1773 4757 1852 4809 in-

256 4861 490 4922 terrogat
511 4868 523 4904 :
547 4850 681 4904 dixit
698 4850 839 4903 enim
865 4868 877 4902 :
911 4847 1069 4902 Vilico
1090 4849 1227 4917 quod
1248 4849 1493 4919 propheta
1508 4864 1558 4900 es
1575 4858 1666 4911 tu;
1692 4858 1851 4915 atque

254 4961 315 4999 ex
366 4952 708 5012 peccatorum
738 4956 957 4994 suorum
993 4941 1201 5005 notitia,
1230 4951 1285 4992 ut
1319 4938 1429 5009 jam
1460 4954 1648 5009 gnara,
1683 4940 1851 5009 magis

256 5037 429 5098 ipsum
448 5032 1181 5101 admiratursciscitaturque.
1209 5030 1335 5085 Haec
1352 5030 1545 5085 unione
1563 5040 1717 5085 erant
1734 5046 1853 5100 qua:

259 5124 624 5195 philosophari
650 5124 877 5178 volebat.
902 5123 1085 5192 Neque
1102 5126 1244 5178 enim
1269 5124 1465 5194 aliquid
1488 5122 1853 5193 interrogabat

258 5221 320 5274 de
334 5216 684 5273 saecularibus
704 5217 884 5278 rebus,
908 5218 1091 5273 nonde
1105 5218 1316 5287 Opibus,
1338 5232 1445 5271 non
1464 5217 1531 5273 de
1550 5198 1853 5271 valetudine

259 5310 537 5379 rorporis,
588 5326 693 5363 non
742 5307 809 5363 de
860 5309 1175 5364 excutit-uda
1242 5318 1584 5378 paupertate.
1636 5310 1734 5363 etsi
1800 5310 1851 5363 in

261 5417 494 5460 estrenta
521 5402 743 5469 degebat
767 5403 963 5471 inopia;
989 5402 1082 5457 sed
1101 5402 1169 5457 de
1188 5404 1356 5457 sacris
1394 5403 1622 5471 legibus,
1652 5402 1717 5457 de
1746 5404 1849 5456 vita

262 5498 541 5567 majorum,
588 5496 653 5549 de
683 5495 934 5565 religioso
980 5506 1186 5566 patrum
1215 5497 1384 5564 cuitu,
1422 5495 1643 5552 dicens:
1671 5494 1853 5550 Patres

324 5693 397 5749 (at
428 5690 563 5751 inter
588 5689 716 5738 hanc
737 5695 789 5737 et
814 5690 1181 5751 praecedentem
1219 5690 1467 5741 homi’iam
1490 5694 1539 5741 in
1565 5692 1747 5743 Codice
1776 5694 1853 5743 Va-

265 5754 427 5819 ticano
452 5749 1424 5819 habetur_bomiliacoutrtbippodrorni
1460 5762 1514 5805 et
1546 5756 1726 5805 theatri
1750 5770 1865 5819 spe-

266 5817 476 5868 ctacula.
501 5826 648 5875 quam
668 5814 769 5875 jam
798 5814 1042 5863 edidimus
1078 5814 1218 5864 Tom:
1247 5816 1326 5866 Vl.
1355 5816 1489 5868 Circa
1526 5820 1660 5869 illam
1686 5814 1865 5868 neces-

267 5876 395 5926 sario
424 5875 640 5939 legenda
667 5884 785 5925 sunt
810 5888 920 5938 qua?
947 5890 992 5926 in
1024 5878 1207 5927 Muttito
1231 5880 1462 5928 diximus.

1977 1864 2140 1917 nostri
2158 1866 2213 1919 in
2233 1876 2403 1921 monte
2426 1867 2522 1924 .‘toc
2544 1870 2888 1926 adoraoerunt
2908 1887 2929 1926 :
2944 1882 2992 1927 et
3013 1873 3268 1943 quomodo
3286 1888 3373 1927 eos
3388 1871 3581 1935 dicitis,

1975 1958 2115 2025 quod
2127 1957 2466 2032 Jerosolymis
2479 1962 2623 2017 locus
2637 1973 2711 2018 est
2728 1963 2811 2018 ubi
2829 1974 3028 2036 oportet
3045 1964 3267 2020 adorare
3292 1966 3311 2039 (
3340 1963 3500 2019 loon.
3523 1964 3580 2020 6.

1972 2047 2107 2113 30)?
2136 2054 2312 2121 Atque
2330 2054 2381 2105 iu
2404 2054 2684 2126 prooemiis
2707 2054 2809 2112 hoc
2827 2058 3000 2127 ipsum
3020 2056 3171 2125 facit,
3191 2057 3377 2114 dicens
3397 2077 3411 2111 :
3437 2058 3583 2125 Quo-

1973 2142 2125 2197 modo
2154 2156 2207 2198 tu
2238 2144 2407 2200 bibere
2434 2163 2467 2200 a
2492 2162 2574 2201 me
2596 2149 2766 2218 poscis
2792 2189 2806 2216 ,
2836 2166 2951 2219 qua:
2976 2167 3090 2204 sum
3115 2150 3299 2205 ntulier
3339 2150 3580 2206 Samari-

1972 2244 2095 2288 lana
2114 2236 2143 2291 2
2171 2238 2245 2291 ita
2273 2238 2561 2294 sollicitam
2602 2238 2836 2296 habebat
2877 2241 3146 2305 animam.
3175 2252 3230 2298 et
3257 2242 3323 2297 ad
3352 2243 3587 2299 salutem

1973 2339 2235 2398 paratam.
2274 2329 2399 2387 ideo
2428 2334 2590 2387 etiam
2622 2333 2667 2389 is
2695 2335 2784 2405 qtti
2816 2325 3011 2389 s‘rcana
3044 2335 3239 2391 mentis
3270 2336 3420 2390 novit
3443 2377 3459 2403 ,
3494 2335 3581 2389 in-

1970 2433 2130 2479 venta
2156 2423 2337 2495 pingui
2360 2434 2526 2490 terra,
2551 2425 2697 2497 larga
2718 2442 2881 2482 manu
2902 2428 3109 2483 semina
3137 2428 3288 2499 jeeit,
3320 2429 3579 2499 paulatim

1972 2517 2117 2572 illam
2139 2517 2376 2587 erigens.
2398 2516 2523 2573 Hmc
2553 2522 2733 2575 omnia
2763 2535 2793 2574 a
2826 2536 2912 2576 me
2932 2519 3073 2577 dicta
3102 2530 3250 2587 sunt,
3274 2531 3333 2578 ut
3358 2523 3583 2580 discatis

1970 2624 2076 2663 non
2111 2607 2379 2663 modicum
2408 2610 2565 2666 nobis
2591 2610 2784 2667 adesse
2828 2623 3179 2668 conventum.
3228 2613 3361 2669 Nam
3394 2615 3438 2670 si
3468 2616 3580 2670 illic

1971 2719 2071 2756 una
2100 2703 2297 2759 mulier
2349 2702 2627 2760 sufﬁciens
2657 2704 2755 2760 fuit
2784 2705 3112 2762 auditorium
3140 2749 3156 2773 ,
3187 2707 3359 2762 multo
3409 2710 3580 2777 magis

1972 2811 2091 2862 nos,
2116 2805 2197 2852 tot
2219 2797 2385 2865 viros,
2417 2806 2494 2852 tot
2520 2798 2777 2855 mulieres
2804 2809 3117 2863 cernentes.
3146 2814 3270 2855 cum
3301 2800 3580 2858 alacritate

1970 2900 2136 2954 tanta.
2170 2907 2278 2946 non
2319 2905 2514 2963 segnes
2545 2893 2783 2957 erimus,
2815 2893 2911 2947 sed
2940 2902 3202 2949 consueta
3234 2901 3449 2948 utemur
3473 2893 3576 2948 do-

1966 2983 2161 3036 ctrina.
2193 2980 2249 3038 Si
2278 2998 2513 3054 namque
2558 2984 2871 3055 angelorum
2921 2984 3203 3052 Dominus,
3245 3000 3406 3058 quem
3453 3000 3576 3041 cum

1968 3075 2195 3131 horrore
2216 3086 2454 3132 tremunt
2476 3076 2792 3143 Cherubim,
2809 3093 2916 3132 non
2944 3080 3215 3133 recusavit
3234 3080 3574 3134 meretricem

1964 3168 2249 3225 mulierem
2278 3169 2446 3225 solam
2474 3171 2673 3241 alloqui
2698 3213 2712 3237 ,
2741 3186 2901 3241 quam
2935 3172 3338 3227 excusationem
3366 3212 3382 3234 ,
3411 3188 3573 3242 quam

1966 3262 2176 3318 veniam
2207 3276 2562 3334 assequamur
2592 3279 2713 3330 nos,
2745 3265 2790 3320 si
2820 3273 3026 3320 tantum
3055 3276 3383 3323 conventum
3435 3282 3575 3337 ιπηι-

1963 3356 2376 3411 tercurramus?
2428 3356 2543 3426 Age
2588 3370 2759 3427 ergo,
2814 3366 3129 3413 consuetam
3181 3372 3368 3413 rursus
3423 3358 3576 3412 vobis

1964 3462 2205 3501 mensam
2234 3461 2557 3519 apparetmts
2581 3489 2597 3514 ,
2620 3459 2884 3504 craterem
2912 3458 3213 3505 statuamutt
3234 3494 3249 3519 ,
3280 3462 3335 3507 et
3363 3466 3573 3506 merttttt

1962 3541 2300 3598 cifundamns
2330 3585 2344 3608 ,
2390 3543 2694 3599 convivium
2752 3546 3097 3605 institueules
3142 3547 3443 3613 spirituale.
3475 3546 3572 3603 Hui

1962 3636 2162 3704 quippe
2186 3650 2380 3690 carnes
2408 3652 2517 3691 non
2551 3644 2793 3692 ventrem
2822 3637 3154 3707 dirumpunt,
3190 3638 3284 3695 sed
3333 3648 3571 3697 mentem

1962 3729 2247 3783 numiuut:
2275 3728 2375 3784 hoc
2399 3730 2581 3784 viuum
2607 3746 2713 3785 non
2737 3739 3007 3785 amentem
3034 3731 3211 3787 reddit
3232 3731 3569 3799 auditorem;

1962 3820 2071 3875 imo
2110 3821 2321 3877 ebrium
2368 3822 2667 3893 sapientem
2720 3823 2919 3879 reddit.
2948 3822 3096 3879 Talis
3124 3825 3268 3879 enim
3296 3836 3380 3880 est
3411 3824 3572 3895 hujus

1960 3929 2163 3968 mensa:
2193 3925 2404 3980 natura,
2432 3930 2551 3986 qua:
2580 3930 2679 3985 pro
2709 3916 2888 3971 omnis
2916 3916 3135 3988 generis
3162 3928 3433 3971 armatura
3472 3932 3570 3972 no-

1959 4006 2042 4062 bis
2091 4009 2225 4065 satis
2268 4022 2391 4064 esse
2445 4010 2634 4078 possit.
2689 4007 2903 4063 Etenim
2949 4009 3117 4063 armis
3165 4024 3380 4079 quoque
3410 4010 3568 4064 nobis

1958 4117 2096 4171 opus
2141 4112 2246 4169 est,
2276 4103 2532 4172 quoniam
2579 4102 2782 4158 bellum
2835 4112 2919 4157 est
2960 4102 3116 4157 nobis
3161 4102 3427 4172 quotidie,
3458 4118 3567 4157 non

1958 4207 2144 4253 contra
2188 4195 2436 4253 homines
2480 4211 2856 4267 congeneres,
2890 4194 2985 4251 sed
3027 4204 3215 4250 contra
3266 4195 3567 4251 invisibiles

1959 4298 2252 4359 potestates
2276 4332 2292 4356 ,
2322 4300 2509 4345 contra
2541 4290 2836 4361 phalangas
2864 4289 3174 4344 daemonum
3200 4331 3215 4353 ,
3245 4290 3415 4361 magis
3445 4290 3571 4345 bar.

1960 4382 2117 4436 haras
2144 4397 2304 4453 quam
2357 4381 2579 4449 hostes;
2637 4394 2829 4437 contra
2868 4391 3157 4438 tvrannum
3204 4383 3572 4437 irreconciliu-

1958 4474 2159 4541 bilem,
2217 4475 2555 4547 implacabile
2602 4474 2801 4531 bellum
2863 4474 3021 4529 nobis
3078 4474 3423 4540 inferentem,
3476 4476 3568 4546 qui

1961 4585 2067 4623 non
2115 4579 2327 4639 tempus
2381 4570 2504 4626 belli
2556 4568 2710 4625 nobis
2760 4569 3103 4637 pratnuntiat,
3153 4583 3328 4639 neque
3356 4578 3562 4638 aperte,

1958 4661 2052 4716 sed
2083 4663 2293 4718 osculte
2334 4663 2489 4716 nobis
2536 4662 2637 4715 tela
2683 4661 2866 4715 mittit.
2901 4660 3013 4715 lloe
3061 4662 3242 4731 itaque
3272 4660 3468 4715 bellum
3496 4661 3570 4713 si-

1957 4753 2217 4825 gttilicntts
2246 4755 2434 4808 beatus
2464 4754 2685 4819 Paulus,
2709 4754 2858 4819 orbis
2886 4752 3015 4816 dux,
3041 4752 3312 4807 clamabat
3340 4753 3563 4807 dicens:

1958 4845 2037 4901 De
2065 4857 2248 4901 cetera
2274 4887 2289 4910 ,
2323 4847 2509 4914 fratres
2535 4888 2550 4909 ,
2580 4846 2943 4917 confortamini
2972 4847 3022 4898 iu
3056 4844 3296 4911 Domino,
3322 4854 3367 4898 et
3394 4845 3445 4897 in
3476 4862 3569 4912 po-

1962 4942 2119 4996 tentia
2143 4942 2343 4995 virtutis
2373 4947 2483 5012 ejus
2514 4942 2531 5010 (
2560 4940 2750 5011 Ephes.
2801 4941 2854 4995 6.
2916 4940 3018 5011 10)
3044 4958 3056 5005 ;
3090 4950 3142 4995 et
3171 4954 3357 4995 rursus
3401 4941 3523 4993 alibi
3546 4983 3562 4999 ,

1963 5031 2087 5087 Non
2117 5033 2250 5086 enim
2281 5044 2349 5087 est
2378 5033 2521 5087 nobis
2552 5035 2845 5107 colluctatio
2890 5036 3134 5088 adversus
3180 5036 3479 5105 sanguinem
3519 5046 3568 5088 et

1960 5145 2186 5190 carnem,
2211 5128 2299 5182 sed
2329 5128 2573 5181 adversus
2595 5128 2916 5194 principatus
2946 5136 2994 5179 et
3025 5137 3295 5196 paiestutcs
3320 5138 3365 5180 et
3391 5130 3567 5181 mutuli

1960 5230 2176 5274 rectores
2205 5221 2522 5273 tenebrarum
2549 5220 2701 5291 hujus
2729 5220 2904 5273 sa’culi
2928 5220 2945 5289 (
2972 5218 3052 5273 Ib.
3079 5237 3124 5273 tt.
3150 5218 3278 5289 12).

2032 5314 2087 5366 2.
2120 5312 2365 5366 Vidistin‘
2386 5312 2655 5381 quomodo
2675 5312 2904 5367 militum
2930 5312 3141 5367 animos
3174 5313 3399 5367 incitat"!
3429 5330 3567 5383 qun-

1964 5406 2127 5460 tnodo
2172 5414 2406 5460 mentem
2458 5406 2650 5477 erigit?
2698 5408 2971 5476 (ptouiodo
2998 5418 3173 5461 armat
3222 5409 3520 5462 exercitum
3552 5450 3569 5473 ,

1964 5498 2229 5569 ignaviam
2298 5498 2619 5553 exscindens
2704 5509 3013 5570 metumque
3092 5499 3359 5569 ejiciens?
3433 5499 3569 5567 Quia

1964 5593 2107 5649 enim
2152 5594 2265 5647 hmc
2293 5591 2399 5647 duo
2427 5593 2659 5645 maxime
2689 5593 2738 5645 iu
2772 5593 2927 5647 bellis
2977 5592 3175 5648 milites
3208 5592 3463 5662 produnt,
3523 5596 3567 5645 si

1964 5704 2031 5742 ex
2086 5702 2283 5756 pavore
2350 5685 2714 5741 fortitudinem
2776 5687 3047 5755 prodant,
3097 5697 3151 5740 et
3217 5688 3261 5741 si
3327 5687 3572 5743 Custodit:

1966 5783 2206 5852 neglecta
2238 5780 2576 5837 occasionem
2622 5780 2749 5835 deut
2792 5779 2932 5834 hosti
2977 5797 3035 5837 se
3084 5780 3329 5835 incautos
3380 5795 3567 5849 aggre-

1968 5874 2146 5930 diendi
2180 5894 2189 5925 :
2224 5888 2396 5945 neque
2423 5872 2565 5927 enim
2601 5871 2644 5927 is
2688 5877 2776 5945 qui
2809 5886 2967 5944 supra
3017 5873 3232 5937 modum
3290 5874 3435 5928 timet
3465 5914 3475 5935 ,
3506 5872 3569 5925 aii
