4124 6336
567 364 671 420 693

565 510 762 565 bellum
793 506 1014 562 idoneus
1057 504 1251 568 fuerit,
1306 518 1427 558 cum
1476 519 1544 559 ex
1591 510 1737 556 metu
1767 508 1925 570 captu
1970 496 2141 552 facilis

565 604 669 669 sit;
701 617 874 671 neque
904 601 946 654 is
987 597 1075 668 qui
1105 597 1283 651 omnis
1316 596 1614 651 formidinis
1639 603 1721 649 est
1750 606 1962 662 expers,
1991 601 2143 661 pote-

566 701 636 749 rit
658 694 839 748 hostes
862 699 1113 760 superare
1196 690 1239 743 si
1282 705 1345 744 ex
1390 689 1579 743 fiducia
1617 688 1777 742 nimia
1807 695 1860 740 et
1889 700 1952 738 ex
1980 684 2141 738 animi

567 786 880 841 confidentia
908 799 1009 838 non
1035 798 1153 838 sese
1184 782 1247 837 ad
1270 796 1617 852 congressum
1638 788 1887 850 apparet:
1912 777 2023 832 lucc
2042 776 2146 845 igi-

568 888 652 931 tur
676 877 832 930 ambo
859 876 1134 946 corrigens
1158 874 1368 941 Paulus,
1391 883 1442 929 et
1458 874 1522 926 ad
1540 886 1765 942 pugnam
1787 880 1999 940 paratos
2023 868 2147 922 red-

566 971 663 1035 dit,
690 977 748 1023 ut
768 985 835 1023 ne
853 978 1116 1039 torpeant,
1138 967 1260 1022 dum
1286 966 1515 1021 hostium
1537 964 1851 1035 phalangem
1870 961 2143 1025 describit;

568 1077 859 1135 rursusque
890 1062 992 1116 illis
1011 1062 1254 1116 fiduciam
1280 1059 1660 1128 audaciamque
1691 1056 1845 1117 indit,
1869 1063 2009 1108 utne
2026 1068 2148 1107 con-

572 1154 1088 1225 ciilz'int,.potentiam
1118 1154 1269 1208 ducis
1297 1154 1347 1207 in
1378 1152 1569 1206 talibus
1598 1150 1756 1205 bellis
1780 1146 1979 1205 Christi
2011 1146 2146 1201 atTe-

569 1264 690 1300 rens
717 1245 769 1300 in
816 1245 1069 1300 medium.
1100 1244 1223 1300 Ideo
1264 1245 1403 1298 sicut
1432 1243 1667 1312 optimus
1696 1241 1801 1296 dux
1827 1241 2145 1310 phalangem

568 1338 799 1405 ordinat,
823 1337 944 1391 vitia
994 1350 1111 1405 qure
1154 1335 1523 1390 fortitudinem
1556 1333 1877 1389 labefactant
1916 1348 1945 1386 a
1976 1330 2145 1405 fideli-

571 1429 669 1480 bus
695 1427 997 1493 eliminatis,
1014 1436 1068 1481 et
1085 1427 1361 1481 caritatem
1381 1442 1531 1481 suam
1566 1425 1842 1488 exhibens,
1869 1432 2027 1494 atque
2052 1429 2149 1478 eos

568 1520 657 1587 qui
690 1521 900 1574 virtutis
948 1520 1155 1575 ratione
1180 1520 1407 1573 multum
1437 1534 1467 1573 a
1507 1534 1565 1573 se
1608 1519 1911 1579 distabant.
1948 1532 2146 1586 cogna-

574 1610 738 1664 tionis
769 1609 983 1664 nomine
1014 1610 1268 1679 copulans
1297 1626 1310 1663 :
1345 1624 1464 1661 nam
1494 1609 1565 1662 ait
1596 1627 1608 1663 :
1633 1607 1710 1662 De
1737 1618 1935 1672 cwtero,
1968 1609 2149 1678 fratres

573 1699 671 1752 mei
716 1698 931 1773 (Ephes.
959 1699 1012 1754 6.
1047 1700 1160 1769 10).
1192 1699 1286 1754 llic
1333 1701 1475 1754 enim
1529 1700 1695 1753 multo
1723 1698 1974 1768 majorem
2023 1712 2149 1765 erga

572 1798 760 1846 omnes
807 1793 1023 1848 exhibet
1073 1788 1467 1856 dilectionem,
1515 1806 1676 1862 quam
1730 1792 1819 1859 qui
1871 1790 2146 1845 nobiscum

571 1883 763 1938 eodem
796 1894 948 1937 utero
979 1884 1085 1936 uati
1117 1890 1261 1947 sunt,
1289 1892 1343 1937 et
1369 1884 1420 1937 in
1446 1883 1621 1936 anima
1650 1896 1743 1938 sua
1772 1881 1955 1935 orbem
1982 1890 2149 1935 totum

573 1974 981 2031 circumferebat
1014 1991 1028 2029 :
1060 1983 1205 2028 tanta
1235 1983 1351 2029 erat
1376 1974 1621 2030 caritatis
1647 1974 1790 2033 illius
1811 1974 2104 2044 amplitudo
2132 1990 2146 2028 :

578 2083 749 2138 neque
779 2068 831 2121 in
863 2068 1243 2138 tranquillitate
1272 2067 1452 2132 modo,
1486 2067 1579 2121 sed
1602 2068 1764 2121 etiam
1790 2067 1840 2120 in
1874 2066 2149 2135 periculis.

576 2156 706 2212 Nam
736 2173 859 2213 cum
889 2159 941 2214 in
968 2161 1277 2214 carceribus
1296 2171 1477 2223 esset,
1506 2169 1733 2215 mortem
1761 2170 2103 2229 exspectaret
2128 2200 2146 2227 ,

575 2259 631 2303 et
649 2248 716 2303 de
737 2251 992 2306 extremis
1010 2252 1421 2320 periclitaretur,
1444 2252 1824 2322 discipulorum
1850 2268 2032 2309 curam
2062 2268 2152 2323 ge-

578 2339 748 2407 rebat,
771 2350 826 2393 et
852 2341 1104 2409 epistolas
1132 2356 1275 2411 saepe
1296 2357 1327 2396 e
1350 2342 1655 2398 carceribus
1682 2344 1968 2411 scribebat,
1991 2360 2154 2400 manu

577 2430 777 2483 catenis
808 2430 1152 2497 circumdata,
1178 2441 1230 2487 et
1258 2433 1474 2489 dextera
1506 2433 1700 2503 ligata;
1734 2444 1788 2491 et
1817 2436 1881 2489 ad
1899 2436 2155 2505 judiciale

580 2523 813 2579 tribunal
840 2525 1127 2594 ingressus,
1166 2541 1455 2596 pinnasque
1482 2526 1723 2593 daturus,
1753 2537 1911 2599 atque
1928 2529 1993 2585 ad
2012 2545 2156 2587 mor-

581 2624 686 2668 tem
715 2614 1006 2681 ducendus,
1033 2628 1288 2687 quantum
1320 2618 1372 2671 in
1400 2618 1670 2687 judicibus
1695 2630 1829 2686 erat,
1858 2623 2035 2677 omnia
2064 2623 2154 2679 illa

581 2705 818 2770 mittens,
850 2706 1091 2764 timorem
1113 2722 1323 2779 nempe,
1352 2710 1669 2777 periculum,
1702 2712 1892 2780 minas,
1920 2724 2154 2783 mortes,

586 2797 842 2866 supplicia
863 2839 880 2863 ,
912 2813 1094 2867 paruas
1114 2839 1130 2863 ,
1161 2799 1466 2864 carnifices,
1497 2802 1797 2873 principum
1827 2805 1958 2858 iram
1977 2847 1992 2871 ,
2022 2805 2157 2860 insi-

580 2890 840 2943 diantium
871 2889 1167 2959 machinas,
1199 2891 1443 2953 verbera,
1470 2891 1705 2946 fidelium
1736 2909 1939 2949 memor
1961 2904 2155 2951 eratet

584 2982 675 3033 illo
705 2982 819 3049 ipso
850 2990 1087 3051 tempore
1113 3002 1123 3036 :
1157 2984 1225 3036 ita
1258 2985 1429 3038 anima
1451 2986 1564 3054 ejus
1594 2996 1707 3040 erat
1732 3002 1760 3041 a
1788 2988 2013 3044 vinculis
2032 3005 2157 3044 cor-

589 3073 731 3139 poris
763 3074 948 3135 libera,
976 3077 1067 3139 ita,
1092 3076 1140 3128 in
1156 3091 1313 3131 carne
1337 3076 1455 3130 licet
1486 3093 1722 3142 versans,
1752 3080 1952 3135 cadesti
1975 3081 2161 3135 adhae-

586 3164 734 3217 rebat
765 3163 983 3229 fornici,
1017 3175 1072 3220 et
1100 3167 1247 3234 quasi
1281 3166 1345 3220 ad
1376 3168 1515 3221 illam
1550 3171 1801 3225 translata
1827 3172 2007 3227 sedem
2030 3214 2046 3236 ,
2083 3175 2160 3229 sic

586 3253 762 3307 omnia
788 3295 803 3320 ,
836 3254 886 3307 in
938 3265 1079 3309 terra
1112 3255 1343 3324 degens.
1372 3259 1577 3327 agebat.
1606 3259 1776 3329 thue
1801 3261 2020 3318 discatis
2047 3264 2162 3319 hinc

584 3348 742 3399 verba
775 3340 876 3400 non
909 3347 1237 3419 hyperbolen
1266 3363 1415 3414 esse,
1442 3367 1613 3422 neque
1634 3352 2016 3419 adulationem,
2040 3357 2161 3410 audi

587 3439 729 3492 ilhun
758 3439 857 3493 hoc
887 3439 1149 3496 dicentem
1178 3460 1190 3495 :
1225 3440 1370 3498 Sicut
1392 3454 1462 3495 est
1492 3445 1611 3497 mihi
1635 3447 1833 3515 justum
1863 3448 1956 3501 hoc
1982 3450 2165 3504 sentire

590 3530 652 3582 de
683 3530 845 3593 vobis,
879 3548 935 3585 eo
956 3533 1092 3599 quod
1119 3548 1202 3586 vos
1227 3534 1435 3586 habeam
1463 3536 1512 3588 in
1540 3540 1690 3590 corde
1721 3537 1977 3608 (Philipp.
2005 3540 2056 3593 l.
2084 3540 2161 3610 7).

587 3620 736 3685 Quod
765 3621 807 3674 si
836 3638 1083 3689 maguum
1110 3624 1209 3675 hoc
1240 3624 1501 3687 videatur,
1530 3627 1697 3680 multo
1715 3629 1886 3697 majus
1915 3640 1997 3684 est
2023 3631 2163 3698 quod

589 3711 848 3779 sequitur.
892 3711 1100 3766 Etenim
1136 3723 1415 3783 postquam
1463 3717 1617 3780 dixit,
1665 3718 1742 3772 Eo
1784 3721 1920 3791 quod
1962 3737 2045 3776 vos
2071 3724 2167 3775 lia-

590 3801 730 3852 beam
754 3802 805 3853 in
831 3802 979 3854 corde
1001 3844 1017 3866 ,
1046 3802 1341 3871 subjuuxit,
1373 3805 1438 3858 Et
1478 3807 1531 3860 in
1582 3810 1795 3863 vinculis
1834 3813 1955 3865 meis
1974 3854 1989 3878 ,
2036 3824 2082 3867 et
2112 3815 2164 3869 in

589 3894 881 3960 defensione
938 3905 983 3945 et
1053 3895 1733 3971 conrmationeEvangelii.
1791 3902 1977 3960 Viden
2028 3922 2165 3975 quo-

592 3983 747 4035 modo
798 3984 917 4037 illos
976 4002 1260 4057 numquam
1333 4004 1398 4044 ex
1453 4001 1632 4047 mente
1690 4009 1782 4046 sua
1840 3997 2054 4051 omisit?
2109 3999 2164 4054 Si

592 4078 729 4127 enim
765 4077 968 4129 vincula
998 4122 1011 4143 ,
1046 4082 1327 4134 tribunalia
1370 4092 1422 4135 et
1462 4094 1649 4139 catena
1694 4089 1810 4155 ejus
1853 4093 2165 4147 memoriam

594 4183 697 4219 non
753 4168 1153 4233 labefactaruut,
1207 4174 1373 4225 multo
1408 4176 1582 4231 minus
1614 4181 2007 4245 tranquillitatis
2036 4195 2169 4238 tem-

595 4271 741 4322 pora.
779 4256 849 4309 Eo
892 4260 1047 4325 quod,
1100 4264 1266 4329 inquit
1289 4303 1303 4323 ,
1338 4264 1546 4318 habeam
1577 4285 1658 4320 vos
1690 4272 1740 4321 in
1780 4274 1949 4325 corde.
1984 4274 2169 4331 Viden

597 4347 844 4413 paulatim
903 4352 1080 4418 augeri
1128 4358 1475 4407 sermonem?
1530 4358 1773 4428 Magnum
1826 4365 2035 4431 quidem
2090 4378 2170 4423 cst

596 4440 645 4489 in
675 4440 833 4493 corde
885 4441 1095 4507 habere,
1150 4447 1317 4499 multo
1364 4449 1534 4517 majus
1577 4463 1752 4507 autem
1798 4459 1955 4510 etiam
2000 4462 2050 4514 in
2082 4478 2170 4516 ca-

598 4535 760 4586 lenis:
783 4538 951 4601 majus
978 4540 1136 4590 etiam
1164 4551 1245 4593 est
1274 4543 1323 4594 in
1343 4544 1649 4601 defensione
1680 4561 1731 4601 et
1766 4552 2169 4610 confirmatione

599 4621 888 4692 Evangelii.
913 4629 1004 4681 llic
1035 4631 1175 4684 enim
1202 4633 1414 4689 videtur
1444 4638 1567 4690 mihi
1600 4642 1936 4697 subindicare
1961 4655 2167 4717 tempus

594 4734 697 4784 quo
726 4718 789 4771 ad
831 4718 1037 4787 judices
1068 4723 1427 4779 adducebatur
1447 4769 1460 4791 ,
1486 4743 1605 4783 cum
1648 4733 1714 4786 de
1745 4738 1998 4790 extremis
2030 4741 2169 4806 peri-

593 4809 879 4863 clitaretur.
932 4813 995 4865 Et
1046 4814 1149 4868 illic
1199 4828 1384 4877 stans.
1449 4820 1655 4890 inquit,
1714 4827 1818 4880 non
1869 4830 2166 4897 cogitabam

592 4902 857 4967 quomodo
887 4904 953 4955 ab
997 4905 1396 4963 imminentibus
1446 4914 1694 4977 periculis
1738 4918 2014 4984 criperer,
2070 4936 2169 4975 nec

593 4993 860 5057 quomodo
914 4995 1131 5049 insidias
1186 4998 1548 5066 depellerem;
1600 5006 1688 5058 sed
1724 5007 1772 5060 iu
1817 5011 2041 5065 caritate
2080 5029 2169 5067 ve-

594 5092 701 5134 stra
752 5084 1045 5151 delicians,
1110 5099 1162 5141 ct
1216 5090 1464 5145 absentes
1518 5096 1826 5164 alloquens;
1885 5117 1946 5154 ac
1996 5120 2168 5172 neque

593 5171 690 5223 via:
740 5174 1047 5245 longitudo,
1084 5196 1253 5250 neque
1285 5188 1615 5255 negotiorum
1648 5195 1900 5248 tumultus
1926 5238 1940 5261 ,
1996 5214 2168 5268 neque

597 5264 947 5330 periculorum
998 5274 1335 5341 magnitudo,
1392 5293 1562 5347 neque
1615 5282 1906 5352 principum
1957 5264 2165 5353 metus,

594 5372 695 5409 non
758 5360 1068 5425 populorum
1126 5366 1471 5435 insnrrectio,
1534 5388 1635 5425 non
1694 5391 1837 5430 mors
1894 5394 2164 5447 praesens,

593 5465 697 5501 non
730 5450 896 5506 stricti
921 5455 1113 5523 gladii,
1150 5475 1251 5512 non
1283 5465 1589 5518 carnificum
1620 5469 1827 5536 agmina
1848 5512 1862 5535 ,
1896 5472 2022 5525 nihil
2059 5474 2165 5525 hu-

593 5540 816 5607 jusmodi
869 5561 893 5597 a
943 5558 1113 5601 vestra
1164 5555 1421 5608 memoria
1464 5573 1547 5610 me
1578 5559 1817 5613 abduxit.
1851 5561 1990 5617 Nihil
2021 5568 2164 5619 enim

594 5641 673 5681 est
728 5634 946 5688 Caritate
1004 5638 1410 5707 vehementius,
1461 5648 1587 5701 nihil
1643 5652 1923 5707 sublimius
1957 5678 1970 5708 :
2006 5657 2166 5713 altius

596 5722 735 5773 Volat
763 5740 918 5791 quam
947 5727 1046 5781 tela
1081 5730 1284 5797 isthasc,
1318 5734 1579 5807 altiorque
1605 5751 1683 5793 est
1710 5741 1907 5797 diaboli
1940 5747 2160 5813 retibus,

931 5818 1157 5879 culmine
1184 5823 1358 5878 omnia
1402 5825 1739 5897 despiciens:
1771 5849 1829 5888 ac
1859 5837 1995 5891 sicut
2037 5854 2159 5892 vcn-

1267 366 1322 424 S.
1363 360 1643 421 JOANNIS
1680 352 2159 418 CHRYSOSTOMI
2203 354 2521 413 ARCHIEP.
2562 354 3104 415 CONSTANTINOP.

2252 499 2340 549 tus
2368 493 2659 567 vehemens
2693 496 2925 565 impetus
2949 495 3232 551 molestum
3257 492 3529 567 pulverem
3557 489 3834 557 eliminat,

2248 587 2327 642 sic
2352 587 2432 641 vis
2454 588 2700 642 caritatis
2723 588 3031 657 passionum
3064 587 3303 641 omnium
3332 585 3586 654 impetum
3618 583 3839 653 propul-

2249 692 2371 735 sare
2387 680 2545 735 solet.
2566 681 2721 748 Quod
2749 682 2910 738 etiam
2936 681 2987 734 in
3011 681 3177 742 Paulo
3200 680 3426 750 contigit
3450 677 3836 733 :sul'flcientem

2251 770 2304 824 in
2335 772 2584 825 omnibus
2626 771 2809 828 habuit
2836 772 3259 827 consolationem
3296 771 3611 826 dilectarum
3643 784 3840 839 nempe

2250 861 2477 915 salutem
2508 878 2804 932 eorumque
2840 864 3181 918 memoriam.
3212 861 3349 930 Quid
3382 872 3463 917 est
3509 872 3726 927 autem,
3773 860 3839 913 fit

2250 954 2637 1020 conrmatione
2655 954 2973 1025 Evangelii?
3020 954 3131 1008 Etsi
3160 954 3305 1008 enim
3353 968 3454 1006 una
3488 968 3597 1010 vox
3637 962 3716 1006 est
3738 993 3754 1012 .
3786 962 3841 1003 at

2254 1043 2472 1115 pelagus
2501 1044 2819 1099 immensum
2846 1043 3233 1098 sententiarum
3263 1042 3546 1098 contioet:
3576 1042 3719 1097 illam
3747 1056 3842 1095 ex-

2254 1136 2453 1206 plicare
2472 1135 2775 1206 etundique
2795 1136 3023 1191 scrutari
3046 1136 3303 1189 conabor.
3326 1133 3605 1203 Margarita
3643 1133 3842 1203 quippe

2252 1223 2339 1281 est
2368 1228 2459 1283 Dei
2486 1229 2709 1283 verbum
2731 1269 2747 1294 ,
2778 1244 2875 1298 per
2900 1228 3077 1281 omnia
3108 1226 3322 1297 fulgens
3347 1267 3363 1291 ,
3390 1241 3495 1280 non
3521 1226 3574 1280 in
3604 1223 3843 1279 multitu-

2254 1317 2379 1374 dine
2405 1318 2694 1383 dictorum,
2720 1318 2812 1373 sed
2841 1319 2895 1373 in
2926 1318 3187 1373 brevitate
3203 1317 3423 1374 multam
3445 1315 3709 1373 dictorum
3736 1316 3839 1369 vim

2253 1411 2531 1466 exhibens.
2576 1410 2681 1466 Sed
2720 1411 2956 1481 surgite,
2990 1417 3048 1465 et
3077 1408 3327 1464 videbitis
3370 1419 3634 1478 quantum
3686 1406 3842 1461 nobis

2254 1505 2562 1560 thesaurum
2593 1505 2671 1557 vis
2700 1504 2841 1558 illius
2864 1503 2991 1559 dicti
3019 1502 3240 1558 revolet.

2327 1598 2378 1653 5.
2406 1597 3015 1669 ConrnwtioEvangelii
3055 1596 3179 1667 quid
3198 1598 3285 1651 sit.
3312 1625 3385 1637 -
3409 1593 3548 1662 Quid
3585 1602 3669 1649 est
3713 1608 3841 1663 ergo

2254 1690 2592 1747 confirmatio
2624 1691 2935 1761 Evangelii,
2964 1701 3017 1744 et
3044 1706 3205 1760 quam
3244 1689 3523 1759 Evangelii
3556 1686 3844 1745 confirma-

2258 1784 2455 1847 tionem
2482 1782 2634 1848 dicit,
2662 1793 2718 1838 et
2745 1799 2843 1838 cur
2870 1782 2973 1838 hoc
3000 1781 3202 1837 dictum
3232 1780 3575 1841 memoravit.
3602 1794 3726 1834 cum
3773 1778 3842 1833 de

2259 1876 2643 1940 tribunalibus,
2682 1875 2992 1931 carceribus
3020 1886 3074 1931 et
3120 1884 3308 1931 catena
3332 1873 3681 1945 loqueretur?
3707 1870 3841 1927 Cum

2255 1969 2565 2042 praidicatio
2576 1968 2920 2024 disseminata
2935 1977 3017 2024 est
3032 1969 3276 2041 (necesse
3288 1970 3430 2025 enim
3443 1978 3524 2024 est
3537 1983 3842 2024 sermonem

2257 2060 2417 2115 altius
2460 2070 2740 2129 repetere,
2772 2073 2830 2119 ut
2883 2062 3078 2117 clarior
3106 2062 3350 2117 doctrina
3377 2062 3503 2132 sit),
3541 2077 3737 2132 magno
3764 2071 3848 2116 tu-

2260 2153 2427 2206 multu
2475 2162 2531 2207 et
2575 2152 2740 2206 multa
2772 2153 3177 2224 perturbatione
3227 2154 3408 2209 omnia
3458 2154 3616 2223 plena
3665 2162 3843 2209 erant.

2256 2242 2390 2297 Cum
2412 2244 2553 2299 enim
2577 2244 2822 2300 undecim
2842 2245 2941 2300 viri
2957 2246 3058 2300 soli
3075 2256 3261 2300 contra
3278 2246 3463 2302 orbem
3486 2254 3653 2301 totum
3674 2248 3844 2303 aciein

2257 2334 2583 2407 dirigerent,
2625 2339 2896 2409 antiquam
2936 2339 3307 2395 concutientes
3359 2340 3801 2396 consuetudinem
3827 2382 3845 2407 ,

2259 2426 2563 2483 diuturnum
2595 2428 2950 2485 dissolventes
2992 2445 3257 2498 errorem,
3287 2441 3521 2503 patrum,
3553 2442 3850 2488 avorumet

2262 2519 2527 2589 majorum
2554 2521 2699 2592 leges
2720 2533 3029 2579 evertentes
3050 2564 3067 2591 ,
3090 2531 3339 2593 paternos
3366 2525 3641 2578 civitatum
3671 2540 3851 2581 mores

2262 2612 2639 2667 concutientes
2664 2622 2719 2667 et
2744 2614 3141 2679 exscindcntes,
3169 2623 3219 2671 et
3266 2614 3524 2670 adversus
3553 2630 3745 2670 omnes

2260 2714 2505 2773 quentes,
2535 2705 2905 2775 philosophos,
2926 2707 3191 2775 rhetores,
3213 2708 3743 2780 principes,judices,
3764 2719 3849 2783 ty-

2261 2810 2480 2857 rannos.
2510 2796 2762 2865 populos,
2792 2812 3000 2865 servos,
3033 2797 3267 2867 liberos,
3306 2800 3588 2870 agricolas,
3623 2815 3846 2869 nautas;

2262 2887 2457 2942 bellum
2492 2888 2866 2959 gravissimum
2916 2890 3265 2955 monebatur,
3312 2901 3400 2958 et,
3454 2901 3512 2947 ut
3553 2893 3664 2962 jam
3713 2893 3849 2960 dixi,

2263 2980 2438 3033 omnia
2466 2980 2720 3047 tumultu,
2738 2981 2893 3050 plena
2922 2992 3076 3037 erant
3094 3000 3108 3048 ;
3135 2983 3329 3056 ubique
3345 2985 3635 3055 praecipitia
3655 2986 3857 3056 ubique

2264 3074 2466 3142 scopuli
2498 3091 2512 3126 :
2546 3075 2812 3144 nequeita
2855 3075 3195 3131 furibundum
3227 3088 3470 3143 mare,et
3508 3093 3538 3132 a
3569 3080 3851 3133 contrariis

2266 3166 2440 3219 ventis
2486 3164 2772 3219 discissum
2819 3167 3201 3237 perturbatur,
3246 3179 3304 3222 ut
3354 3160 3479 3224 tunc
3508 3171 3657 3225 orbis
3710 3182 3853 3225 totus

2266 3256 2726 3321 commovebatur,
2756 3258 2948 3327 priscis
2970 3260 3175 3315 evulsis
3203 3261 3440 3315 moribus
3463 3270 3575 3316 tam
3596 3263 3852 3319 diuturno

2269 3357 2510 3419 tempore
2570 3350 2793 3407 rmatis
2903 3369 3077 3423 neque
3147 3356 3199 3409 in
3257 3371 3401 3422 una,
3450 3366 3542 3411 aut
3590 3357 3802 3414 duabus
3833 3402 3851 3428 ,

2268 3450 2358 3493 aut
2399 3441 2566 3496 tribus
2611 3443 2953 3506 civitatibus.
3006 3446 3100 3501 sed
3152 3447 3349 3518 ubique
3403 3458 3699 3517 terrarum;
3754 3468 3853 3506 no-

2270 3532 2348 3585 vis
2400 3543 2577 3587 autem
2626 3534 2855 3589 inductis
2905 3536 3242 3607 dogmatibus
3276 3580 3289 3602 .
3334 3555 3454 3610 quin
3513 3541 3688 3607 nullus
3734 3558 3853 3595 um-

2269 3639 2427 3693 quam
2456 3626 2719 3681 audierat.
2752 3622 2887 3685 Hinc
2920 3630 3367 3690 irreconciliabile
3396 3645 3581 3689 contra
3606 3636 3856 3691 illosbel-

2272 3715 2379 3769 lum
2406 3717 2474 3771 ab
2495 3718 2743 3773 omnibus
2766 3732 2970 3776 malum
2998 3732 3079 3777 est
3109 3740 3122 3776 :
3152 3725 3352 3778 etenim
3384 3725 3610 3782 familias
3648 3728 3855 3785 divide-

2272 3805 2420 3872 bant,
2452 3811 2798 3878 cngnationes
2839 3811 3212 3868 distrahebant
3241 3833 3255 3868 :
3284 3832 3404 3869 nam
3438 3818 3750 3886 przedicatio
3769 3838 3856 3875 or

2272 3897 2395 3952 dine
2441 3899 2741 3967 procedens
2766 3943 2781 3967 ,
2824 3911 2879 3956 et
2919 3904 3117 3959 multos
3165 3906 3264 3961 sibi
3296 3909 3590 3963 concilians
3612 3952 3628 3977 ,
3658 3912 3857 3967 bellum

2274 3990 2522 4043 movebat
2561 3991 2702 4059 apud
2740 4009 2835 4048 eos
2861 3996 2950 4064 qui
2987 3998 3202 4065 pietatis
3238 4001 3463 4055 verlmm
3515 4018 3619 4057 non
3653 4006 3857 4077 recipe-

2275 4072 2394 4134 rent
2420 4101 2431 4137 :
2454 4092 2603 4151 pater
2626 4084 2790 4138 filium
2816 4088 3117 4153 abdicabat,
3150 4092 3231 4145 vir
3260 4108 3479 4146 uxorem
3502 4072 3857 4165 despiciebat,

2274 4186 2325 4226 et
2376 4174 2490 4229 heri
2540 4176 2795 4231 adversus
2839 4194 3025 4234 servos
3078 4182 3274 4236 bellum
3314 4187 3611 4255 gerebant,
3659 4190 3855 4247 subditi

2276 4266 2535 4321 adversus
2592 4270 2895 4339 principes.
2949 4283 3003 4326 ct
3053 4276 3249 4329 bellum
3302 4278 3439 4331 istud
3490 4295 3650 4336 omne
3697 4285 3854 4341 civile

2278 4359 2471 4414 bellum
2497 4363 2821 4431 superabat;
2849 4364 2892 4416 si
2919 4374 3095 4435 tamen
3124 4367 3225 4422 hoc
3255 4384 3449 4424 vocare
3476 4372 3671 4427 bellum
3702 4392 3859 4445 opor-

2278 4464 2385 4519 tet,
2414 4464 2467 4505 et
2511 4469 2617 4509 non
2662 4456 2803 4509 aliud
2852 4459 3124 4526 quidpiam
3180 4461 3318 4514 bello
3349 4464 3583 4530 gravius.
3611 4466 3663 4519 In
3706 4467 3861 4525 bellis

2276 4545 2418 4597 enim
2450 4560 2543 4613 par
2574 4547 2837 4615 utrimque
2860 4550 2993 4603 aciei
3019 4551 3159 4605 ratio
3186 4561 3292 4617 est,
3327 4565 3379 4606 et
3408 4556 3566 4608 ambo
3593 4561 3860 4615 exercitus

2279 4638 2397 4691 telis
2429 4640 2691 4706 impetunt
2721 4658 2769 4695 et
2801 4643 3129 4710 impctuntur
3154 4662 3167 4697 :
3193 4654 3316 4700 tunc
3346 4655 3525 4702 autem
3550 4666 3651 4703 non
3675 4653 3742 4704 ita
3775 4670 3859 4707 res

2275 4732 2559 4799 gerebatur
2584 4752 2595 4787 :
2630 4752 2749 4789 nam
2779 4738 2865 4791 ille
2886 4740 3103 4807 quidem
3123 4741 3294 4797 libere
3318 4743 3516 4799 bellum
3536 4746 3780 4815 gerebat,
3808 4749 3855 4801 hi

2277 4839 2401 4879 vero
2442 4828 2833 4895 impetcbantnr
2862 4842 3098 4899 tantum;
3131 4837 3389 4907 impetere
3410 4842 3589 4895 autem
3625 4843 3726 4896 illis
3753 4861 3855 4897 non

2276 4921 2486 4982 licebat,
2520 4939 2689 4991 neque
2717 4926 3031 4983 insidiantes
3054 4930 3239 4984 ulcisci
3269 4952 3283 4985 :
3312 4933 3380 4985 ita
3410 4935 3555 4987 enim
3586 4936 3718 4989 aciei
3752 4937 3853 4992 dux

2271 5010 2491 5079 jubebat
2518 5056 2530 5076 ,
2566 5015 2751 5069 dicens
2780 5037 2791 5070 :
2827 5018 2976 5071 Mitto
3008 5034 3095 5073 vos
3138 5023 3266 5075 sicut
3288 5038 3397 5077 sves
3429 5025 3482 5077 in
3513 5026 3679 5079 medio
3709 5027 3858 5097 lupo-

2276 5119 2385 5154 rum
2415 5120 2431 5156 :
2460 5115 2616 5159 estote
2643 5123 2761 5175 ergo
2803 5110 3073 5177 prudentes
3103 5114 3231 5164 sicut
3260 5126 3516 5182 serpentes
3538 5160 3550 5176 ,
3580 5128 3625 5168 et
3656 5120 3856 5187 simpli-

2276 5214 2354 5250 ces
2380 5199 2506 5251 sicut
2534 5199 2779 5251 columba:
2812 5200 3024 5270 (Matth.
3055 5203 3141 5257 l0.
3176 5202 3287 5275 16).
3413 5206 3728 5263 insidiantes
3755 5225 3859 5265 non

2278 5291 2436 5343 modo
2490 5291 2669 5345 ulcisci
2721 5307 2824 5348 non
2874 5295 3131 5363 jubebat,
3183 5298 3275 5351 sed
3334 5300 3495 5353 etiam
3550 5301 3853 5360 facultatem

2279 5383 2519 5449 przcbere
2588 5395 2645 5439 ut
2688 5385 2739 5438 in
2793 5387 2981 5457 injuria
3029 5388 3307 5444 inferenda
3362 5394 3675 5463 gauderent.
3726 5398 3856 5455 Nam

2276 5474 2550 5528 dexteram
2581 5477 2849 5530 maxillam
2872 5480 3131 5547 pricberc,
3152 5491 3206 5535 et
3224 5500 3351 5539 oves
3372 5485 3586 5541 mittere
3611 5488 3662 5542 in
3682 5490 3859 5545 medio

2276 5565 2556 5633 luporum,
2584 5568 2710 5623 nihil
2744 5571 2887 5624 aliud
2912 5573 3216 5629 subindicat
3247 5593 3405 5646 quam
3439 5579 3582 5648 quod
3624 5581 3725 5635 illis
3766 5598 3859 5654 pa-

2278 5658 2435 5711 tiendi
2467 5670 2664 5715 sortem
2692 5661 3045 5731 adscripserit
3067 5708 3080 5730 ,
3111 5676 3168 5721 ut
3214 5670 3549 5739 splendidius
3598 5683 3855 5745 troprcum

2276 5760 2435 5804 esset.
2472 5752 2789 5817 Quomodo?
2816 5754 2947 5820 Quia
2990 5757 3234 5814 undecim
3268 5778 3386 5817 cum
3430 5774 3648 5830 essent,
3687 5778 3853 5823 totum

2276 5844 2457 5899 orbem
2504 5847 2775 5915 vicerunt;
2820 5850 2940 5919 quia
2991 5852 3287 5923 patientes,
3352 5873 3454 5912 non
3500 5857 3851 5925 insultantes;
