4124 6336
278 353 377 408 Μ

281 478 525 551 percussi
547 520 563 543 ,
588 492 696 532 non
752 474 1119 546 percutientes
1144 493 1161 539 ;
1190 474 1404 530 insidiis
1448 470 1673 544 appetiti
1696 512 1711 538 ,
1762 486 1869 525 non

278 571 631 635 insidiantes;
663 569 951 641 flagellati,
980 584 1087 624 non
1136 568 1507 641 ﬂagellantes;
1541 567 1713 637 pulsi,
1765 581 1872 619 non

276 664 579 735 pollentes;
614 663 1091 734 persequutionem
1143 662 1411 732 patientes
1434 702 1448 723 ,
1478 673 1587 715 non
1636 658 1877 713 inferen-

276 768 395 821 tes;
425 755 589 811 occisi
614 796 629 820 .
678 772 783 808 non
820 753 1168 819 occidentes;
1215 762 1272 808 et
1311 754 1436 823 quia
1466 752 1606 807 sicut
1649 764 1780 804 Oves
1807 748 1873 802 ad

273 851 482 906 eadem
513 848 823 919 propositae,
854 848 1012 917 lupos
1035 862 1227 903 omnes
1253 846 1319 901 ad
1347 847 1526 900 ovium
1557 851 1874 899 mansuetu-

272 940 461 996 dinem
490 939 835 995 adducebant
854 980 871 1006 ,
903 942 1143 995 furentes
1168 938 1403 1000 scilicet.
1432 935 1641 993 caedem
1663 934 1874 1005 spiran-

277 1043 379 1095 trs.
408 1032 601 1088 belluis
629 1031 944 1089 ferociores.
969 1030 1305 1086 Procedente
1327 1027 1696 1102 itaque'verbo
1713 1040 1879 1084 erati-

1070 357 1158 417 Vli
1199 356 1503 425 ιιολιιιιλ,
1548 355 1751 413 ΒΙΟΊᾺ
1795 355 1859 411 ΙΝ
1900 352 2181 411 τεδιιιιο
2218 355 2276 413 S.
2322 354 2757 415 ANAS‘I’ASIE.

3486 358 3598 414 198

1986 486 2133 525 mare
2188 488 2481 544 numquam
2524 474 2780 529 ﬂuctibus
2825 489 3021 545 expers
3068 483 3184 531 est:
3217 476 3296 532 sic
3343 486 3402 532 et
3442 475 3595 532 Pauli

1981 566 2159 621 anima
2192 565 2349 637 plena
2382 579 2501 624 erat
2524 569 2673 624 mille
2703 569 3114 636 mutationibus,
3146 569 3474 641 quotidianis
3498 585 3596 639 pc-

1983 660 2186 726 ricuiis,
2233 661 2365 717 foris
2410 672 2466 717 et
2509 662 2675 729 intus,
2726 678 2823 732 per
2867 661 3054 726 verba,
3112 679 3211 731 per
3255 678 3443 733 opere,
3494 677 3595 734 per

1984 751 2259 821 peculiias,
2282 768 2378 823 per
2391 752 2575 808 dolos:
2598 754 2887 825 nullusque
2908 768 3087 811 sermo
3105 755 3306 824 poterit
3318 768 3599 824 exponere

1986 842 2133 897 illam
2165 844 2393 899 telorum
2426 844 2647 910 nubem,
2674 844 2818 901 illam
2858 845 3118 903 ﬂuctuum
3166 846 3591 903 multitudinem.

1981 935 2248 1005 Quoniam
2288 936 2449 1007 igitur
2494 937 2546 991 in
2574 937 2670 993 tali
2701 948 2844 992 statu
2875 949 2930 992 et
2966 938 3280 996 conditione
3330 954 3422 996 res
3466 949 3594 998 tunc

1982 1038 2157 1095 erant,
2184 1044 2289 1083 non
2324 1029 2416 1083 illo
2448 1039 2654 1085 tantum
2694 1031 2843 1100 quod
2869 1031 3130 1099 diximus,
3164 1033 3258 1089 sed
3288 1032 3451 1105 longe
3473 1050 3591 1089 ma-

274 1126 451 1196 gelico
476 1134 530 1180 et
552 1125 752 1194 pietate
801 1124 999 1195 ubique
1030 1123 1379 1177 disseminata
1408 1162 1427 1189 ,
1468 1120 1705 1190 undique
1757 1119 1879 1185 ruri
1979 1120 2085 1189 jori
2107 1136 2122 1185 ;
2148 1136 2249 1176 nec
2274 1120 2450 1177 solum
2476 1122 2747 1190 doctores,
2780 1124 2876 1180 sed
2899 1125 3062 1181 etiam
3090 1126 3342 1197 discipuli
3371 1126 3593 1197 pericli-

276 1218 696 1288 apparabantur,
728 1216 1045 1282 inimicitiae,
1072 1216 1232 1281 bella,
1276 1232 1381 1271 non
1407 1225 1612 1270 tantum
1637 1214 1877 1270 doctori-

276 1308 401 1371 bus,
424 1309 519 1364 sed
548 1310 708 1365 etiam
739 1309 1038 1378 discipulis.
1067 1308 1260 1365 Statim
1282 1317 1447 1377 atque
1474 1308 1619 1363 enim
1648 1306 1874 1361 verbum

274 1403 402 1470 quis
431 1411 734 1470 acceperat,
762 1401 1013 1455 omnibus
1041 1400 1212 1455 bustis
1238 1400 1542 1455 communis
1584 1398 1873 1463 circuibat,

274 1509 304 1548 s
331 1494 503 1565 patria
546 1494 875 1563 pellebatur,
900 1505 953 1549 et
983 1494 1036 1550 in
1066 1493 1316 1549 exsilium
1347 1493 1798 1558 transferebatur,
1844 1506 1876 1546 a

278 1586 625 1644 facultatibus
638 1588 940 1651 excidebat,
956 1597 1009 1642 et
1030 1587 1098 1643 de
1119 1587 1391 1654 libertate,
1417 1587 1527 1641 imo
1541 1586 1609 1641 de
1627 1586 1731 1640 vita
1759 1585 1872 1656 ipsa

274 1681 704 1751 periclitabatur.
738 1680 882 1736 Nihil
933 1692 1059 1736 tunc
1092 1691 1304 1751 poterat
1350 1688 1559 1736 natura
1596 1680 1874 1751 tyrannis;

277 1773 396 1833 scd.
428 1783 488 1829 ut
533 1775 643 1843 jam
691 1774 840 1839 dixi,
874 1772 1031 1829 liberi
1075 1773 1567 1829 conteumebantur
1594 1814 1610 1841 ,
1642 1772 1875 1837 fratres,

278 1867 494 1937 cognati
525 1867 576 1921 in
611 1866 847 1921 hostium
890 1866 1080 1922 ordine
1105 1875 1264 1922 erant
1284 1907 1300 1932 ,
1329 1876 1529 1921 etcum
1566 1865 1879 1921 doctoribus

277 1958 524 2028 discipuli
551 1959 905 2015 intolerabilis
938 1960 1300 2029 patiebantur.
1333 1959 1531 2014 Etlnec
1570 1959 1683 2029 ipsa
1715 1959 1881 2030 signi-

280 2053 450 2106 llcans
477 2050 675 2106 Paulus
701 2051 918 2107 dicebat
945 2069 959 2104 :
990 2051 1426 2107 Rememoramini
1463 2052 1609 2107 enim
1639 2052 1880 2122 pristinos

280 2143 412 2209 dies,
441 2142 495 2195 in
523 2142 705 2212 quibus
746 2144 1027 2198 illuntinati
1052 2160 1295 2217 magnum
1333 2156 1590 2199 certamen
1629 2143 1879 2198 sustinui-

278 2236 371 2291 stis
396 2238 688 2307 passionum
720 2251 740 2291 :
763 2245 808 2290 et
832 2238 885 2290 in
903 2235 1064 2292 altero
1092 2236 1296 2308 quidem
1322 2238 1612 2309 opprobriis
1642 2248 1691 2292 et
1721 2237 1882 2290 triba-

282 2329 558 2384 lationibus
584 2333 928 2400 spectaculum
955 2331 1101 2402 facti,
1134 2332 1187 2384 in
1211 2333 1376 2386 altero
1401 2342 1574 2385 autem
1596 2331 1721 2385 socii
1761 2332 1882 2384 tali-

283 2433 360 2477 ter
382 2424 790 2477 conversantium
810 2422 997 2490 effecti.
1026 2420 1166 2477 Nam
1187 2434 1235 2477 et
1250 2423 1433 2478 vinctis
1461 2424 1715 2494 compassi
1737 2423 1879 2489 estis,

280 2528 329 2571 et
357 2517 597 2583 rapinam
625 2516 872 2571 bonorum
901 2527 1183 2573 uestrorum
1209 2533 1325 2571 cum
1349 2516 1542 2585 gaudio
1567 2516 1877 2586 suscepistis,

282 2619 641 2680 cognoscentes
666 2624 755 2663 vos
785 2607 969 2663 habere
993 2608 1253 2663 meliorem
1282 2608 1621 2663 substantiam
1644 2609 1695 2662 in
1739 2607 1884 2664 uelis

282 2714 327 2756 et
356 2712 644 2756 manentem
672 2700 864 2772 (Hebr.
896 2701 983 2757 10.
1002 2700 1073 2758 52
1095 2704 1254 2772 —3i).
1285 2702 1351 2757 Et
1377 2718 1569 2758 rursus
1595 2701 1885 2757 Thessalo-

282 2794 597 2849 nicensibus
646 2793 890 2848 scribens
917 2834 933 2857 ,
982 2794 1194 2849 diccbat
1228 2813 1242 2848 :
1289 2792 1393 2849 Vos
1433 2795 1570 2849 enim
1605 2796 1885 2850 imitatores

282 2889 409 2961 facti
439 2890 580 2954 estis,
610 2886 796 2958 [rantes
816 2930 831 2950 .
893 2889 1238 2943 Ecelesiarnnt
1268 2906 1383 2960 quat
1424 2900 1542 2945 sunt
1566 2891 1619 2945 in
1648 2890 1837 2945 Juda'a
1866 2908 1885 2946 :

282 2981 405 3051 quia
432 2991 481 3034 et
524 2997 609 3036 uos
634 2982 811 3035 eadem
849 2982 991 3053 passi
1029 2983 1148 3038 estis
1175 2999 1209 3036 a
1257 2983 1627 3037 contribulibus
1669 2984 1843 3039 vestris
1866 3026 1883 3052 ,

284 3074 414 3130 sicut
434 3084 483 3127 et
511 3074 613 3143 ipsi
638 3091 671 3127 a
693 3074 895 3129 Judais
917 3090 935 3128 :
955 3074 1041 3147 qui
1080 3087 1130 3129 et
1158 3073 1439 3129 Dominum
1483 3075 1799 3144 occiderunt,
1837 3086 1887 3131 et

287 3183 380 3222 nos
409 3165 701 3237 persequuti
728 3176 868 3231 sunt,
902 3177 949 3220 et
970 3166 1207 3221 omnibus
1232 3167 1525 3223 hominibus
1551 3168 1888 3223 adversantur

291 3261 338 3331 (Ι
351 3258 551 3315 .Tltess.
570 3259 626 3315 2.
646 3260 865 3332 14.15).
884 3259 1089 3317 Calatis
1114 3276 1330 3332 quoque
1352 3262 1618 3326 scribens,
1636 3262 1851 3318 dicebat
1870 3280 1884 3317 :

292 3352 460 3407 Tanta
489 3355 628 3422 passi
656 3354 775 3408 estis
802 3354 914 3409 sine
932 3369 1088 3410 causa
1110 3395 1127 3420 ,
1146 3355 1192 3409 si
1222 3364 1390 3409 tamen
1417 3356 1528 3411 sine
1553 3372 1709 3411 causa
1739 3354 1883 3427 (Gal.

291 3446 345 3504 ὅ.
371 3447 451 3517 ι).
485 3446 576 3502 Illa
597 3457 800 3514 autem,
827 3463 952 3519 qua:
977 3450 1093 3519 ipse
1114 3462 1306 3519 passus
1327 3459 1433 3515 est,
1453 3464 1715 3505 enarratis
1744 3450 1892 3506 dice-

293 3538 421 3595 bat:
449 3537 516 3595 In
542 3542 790 3610 patientia
819 3541 1000 3606 multa,
1032 3542 1087 3597 in
1115 3543 1379 3615 angustia,
1410 3545 1463 3597 in
1491 3544 1779 3599 carceribus
1798 3586 1813 3611 ,
1832 3544 1891 3599 in

291 3632 571 3698 laboribus,
593 3633 648 3688 in
674 3633 885 3704 uigiliis,
909 3635 964 3689 in
988 3639 1147 3707 fame,
1160 3636 1215 3691 in
1235 3637 1321 3691 siti
1335 3646 1383 3692 et
1410 3638 1643 3692 nuditate
1667 3638 1744 3712 (2.
1766 3639 1887 3696 Cor.

292 3726 348 3783 ϐ.
378 3727 434 3782 ι.
463 3726 521 3783 5.
541 3736 591 3781 ct
614 3726 703 3783 11.
730 3726 952 3798 27).Ἐι
981 3742 1191 3792 rursus.
1223 3729 1578 3803 Quadraginta
1602 3748 1707 3787 una
1726 3734 1895 3789 minus

292 3816 467 3887 occepi
494 3835 515 3872 :
554 3827 629 3871 ter
654 3818 810 3890 virgis
847 3833 1010 3874 etesiis
1034 3836 1150 3875 sum
1170 3861 1189 3887 ,
1243 3823 1400 3877 semel
1427 3822 1690 3894 lapidatus
1739 3841 1891 3889 sum,

293 3919 443 3964 nocte
484 3918 530 3963 et
583 3909 667 3964 die
718 3912 772 3965 in
819 3912 1082 3989 profundo
1128 3914 1283 3968 maris
1336 3914 1456 3985 fni;
1504 3916 1743 3986 periculis
1792 3916 1895 3987 ﬂu-

295 4004 491 4059 tuinnnt
525 4044 542 4070 ,
602 4005 846 4074 periculis
898 4008 1155 4061 latronum
1186 4049 1203 4073 ,
1260 4007 1503 4075 periculis
1560 4026 1625 4064 ea:
1674 4024 1889 4082 genere,

203 4127 207 4131 ι
294 4096 536 4170 periculis
578 4098 633 4152 in
675 4099 956 4154 solitudine
1000 4100 1081 4168 (i.
1106 4100 1229 4156 Cor.
1258 4100 1615 4171 11.24.26);
1665 4114 1722 4158 et
1776 4120 1896 4159 rur—

296 4204 455 4255 sum,
487 4188 741 4245 lnstantia
796 4208 910 4246 mea
946 4193 1245 4262 quotidiana
1271 4235 1288 4261 ,
1332 4194 1625 4249 sollicitudo
1664 4196 1896 4250 omnium

299 4282 683 4346 Ecclesinrum:
733 4286 1067 4357 iterumque,
1136 4285 1457 4358 Prtrpositus
1520 4287 1690 4342 Arctoi
1760 4290 1895 4361 regis

293 4376 609 4431 custodiebat
635 4377 890 4431 civitatem
918 4377 1353 4433 Damascenorum
1373 4422 1388 4445 ,
1435 4381 1607 4434 uolens
1648 4397 1728 4433 me
1754 4398 1895 4436 com-

298 4468 647 4540 prehendere,
693 4480 741 4522 et
771 4486 864 4539 per
900 4475 1177 4543 fenestram
1220 4472 1275 4525 in
1303 4480 1479 4543 sporta
1508 4472 1759 4528 demissus
1780 4489 1894 4527 sum

296 4580 387 4634 per
410 4580 613 4617 murum
637 4605 651 4624 ,
681 4574 731 4618 et
766 4565 904 4619 euasi
947 4581 1129 4619 manus
1178 4568 1290 4635 ejus
1328 4566 1346 4635 (
1375 4564 1431 4620 2.
1458 4562 1580 4622 Cor.
1603 4566 1690 4620 11.
1730 4563 1823 4622 28.
1845 4576 1895 4639 et

294 4654 385 4711 δί.
412 4654 529 4725 35).
565 4654 633 4711 Et
668 4670 863 4711 rursus
903 4656 1029 4711 alibi
1059 4674 1073 4711 :
1107 4653 1377 4711 distimati
1405 4673 1585 4711 sumus
1607 4658 1739 4712 sicut
1780 4672 1894 4713 oves

294 4747 583 4803 occisionis.
617 4747 684 4802 Et
710 4746 837 4802 alibi
881 4749 1073 4803 iterutn
1116 4764 1132 4803 :
1174 4748 1267 4803 Det
1296 4750 1700 4805 miscricordiam
1753 4748 1894 4804 Deus

298 4840 606 4912 Onesipttori
626 4841 831 4903 domui,
860 4842 982 4913 quia
1008 4852 1243 4895 catenam
1287 4857 1451 4895 ineant
1506 4857 1612 4896 non
1656 4841 1890 4908 erubuit,

294 4933 385 4990 sed
410 4950 528 4989 cum
558 4933 775 4990 Romani
804 4936 1040 5000 uenisset,
1064 4934 1285 4989 sollicite
1310 4951 1388 4990 me
1419 4937 1651 5008 quaesivit
1676 4947 1725 4991 et
1756 4936 1895 4992 inre-

294 5026 371 5083 κίε
397 5024 576 5100 (ﬂant.
596 5026 648 5083 8.
675 5027 766 5093 3b;
787 5026 844 5082 2.
877 5025 1014 5082 Tim.
1036 5029 1093 5086 1.
1116 5028 1205 5083 16.
1238 5028 1351 5099 17).

362 5117 421 5175 ι.
461 5118 594 5187 Quae
621 5118 727 5175 dici
762 5130 985 5189 (mss-unt
1028 5118 1095 5175 de
1143 5120 1292 5175 falsis
1314 5120 1593 5190 apostolis,
1638 5122 1708 5177 de
1745 5119 1895 5179 falsis

293 5207 573 5273 (utribus.
596 5209 664 5265 de
680 5210 836 5266 bellis
857 5210 1112 5276 divorsis,
1134 5222 1191 5267 et
1211 5211 1551 5268 innumeris?
1580 5230 1685 5267 non
1716 5214 1891 5269 solum

290 5302 436 5360 enim
459 5302 718 5373 supplicia
769 5312 826 5358 et
870 5303 1143 5359 cruciatus
1186 5305 1549 5361 movebantur
1591 5305 1686 5361 sed
1730 5307 1892 5361 etiam

292 5396 571 5452 rhetorum
585 5396 913 5467 eloquentis.
931 5406 987 5451 ct
998 5396 1439 5468 philosophorum
1456 5408 1773 5471 apparatus:
1795 5413 1896 5455 nec

290 5485 359 5541 ub
376 5488 483 5543 illis
505 5495 731 5551 tantum.
752 5487 847 5545 sed
863 5490 1023 5545 etiam
1044 5488 1114 5544 ab
1131 5490 1439 5546 hominibus
1454 5491 1893 5548 circumforaneis

289 5579 477 5637 multa
521 5580 785 5636 machinae
813 5592 998 5637 contra
1028 5581 1325 5639 Ecclesiam
1352 5585 1743 5641 movebantur:
1772 5602 1894 5657 qua:

288 5673 377 5731 ille
420 5673 774 5732 snbiudicaus
817 5675 1075 5732 dicebat:
1122 5676 1419 5734 Maeander
1465 5681 1681 5736 tet-crius
1733 5681 1895 5737 multa

287 5767 423 5822 male
448 5766 580 5821 mihi
617 5767 881 5823 ostendit:
925 5785 1074 5839 queat
1114 5778 1164 5824 et
1210 5780 1265 5825 tu
1316 5772 1484 5826 devita
1505 5788 1524 5826 :
1565 5771 1715 5827 ualde
1757 5775 1891 5827 enim

284 5860 463 5917 restitit
496 5859 659 5916 urbis
683 5861 869 5917 nostris
893 5861 968 5934 (Ω.
1004 5861 1116 5918 Tim
1166 5866 1221 5922 4.
1255 5866 1343 5921 ll.
1388 5866 1499 5941 15).
1550 5866 1703 5924 Sicut
1754 5883 1887 5940 ergo

1985 1214 2257 1277 tabsntur,
2290 1230 2389 1271 nec
2404 1215 2657 1286 discipuli
2681 1216 2864 1283 modo,
2877 1217 2973 1273 sed
2989 1219 3153 1273 etiam
3168 1218 3423 1275 doctores
3441 1220 3594 1286 (nam

1984 1307 2029 1360 si
2055 1307 2159 1360 alia
2192 1322 2315 1377 pars
2349 1309 2401 1363 in
2453 1312 2772 1377 tentationc,
2806 1310 2912 1365 alia
2962 1311 3014 1365 in
3062 1312 3354 1367 securitate
3384 1310 3595 1375 fuisset,

1986 1398 2252 1469 potuisset
2294 1404 2462 1455 altera
2502 1400 2660 1457 alteri
2702 1401 3133 1456 consolationem
3179 1401 3376 1459 aﬂ‘erro
3404 1420 3420 1457 :
3452 1415 3598 1456 nune

1983 1500 2168 1547 autem
2192 1499 2421 1561 utraque
2464 1508 2591 1563 pars
2610 1491 3047 1564 Oppugnabatur)
3072 1510 3087 1560 ;
3126 1504 3181 1548 et
3208 1493 3325 1550 itare
3350 1493 3600 1550 videntes

1985 1586 2139 1641 multi
2182 1602 2250 1642 ex
2315 1588 2702 1643 intirmioribus
2759 1587 3199 1644 dissolvebantur
3240 1588 3597 1659 obtorpesceo

1986 1679 2154 1745 bant,
2205 1679 2353 1734 anxii
2405 1691 2603 1735 erant:
2636 1681 2775 1736 bona
2832 1681 3050 1753 quidem
3096 1680 3498 1751 prtedicationis
3543 1682 3597 1735 in

1985 1786 2084 1841 spe
2120 1770 2293 1826 futura
2336 1772 2603 1839 videntes,
2654 1790 2902 1844 regnum,
2934 1773 3391 1829 resurrectionem
3432 1785 3486 1830 et
3519 1774 3599 1829 in-

1984 1864 2426 1935 corruptionem;
2479 1866 2650 1922 tristia
2680 1875 2861 1923 autem
2906 1866 2996 1923 bic
3041 1868 3095 1923 in
3139 1868 3519 1940 experimento
3544 1879 3600 1924 et

1986 1956 2283 2027 patientia,
2341 1959 2644 2028 sartagines
2697 1974 2929 2030 nempe,
2976 1958 3261 2026 fornaces,
3314 1975 3597 2025 carceres,

1989 2049 2153 2117 bella,
2182 2049 2511 2117 inimicitias,
2533 2050 2682 2115 odia,
2708 2062 2935 2118 mortes,
2968 2051 3238 2122 pericula;
3265 2062 3321 2109 et
3344 2051 3601 2110 doctores

1987 2160 2137 2212 suos,
2167 2159 2311 2200 nunc
2350 2144 2403 2199 in
2433 2145 2765 2211 carceribus,
2799 2161 2943 2202 nunc
2972 2147 3025 2201 in
3056 2148 3371 2219 synagogis,
3422 2147 3600 2203 abdu-

1986 2250 2108 2293 ctos
2160 2245 2215 2293 et
2262 2238 2591 2293 contumelia
2624 2238 2879 2303 affectos,
2930 2248 2986 2293 et
3037 2238 3277 2311 undique
3332 2236 3597 2296 titulorum

1990 2333 2165 2388 nubes
2206 2332 2554 2403 ingruebant,
2581 2340 2639 2387 et
2665 2332 2718 2387 in
2745 2330 3014 2403 profunda
3047 2333 3407 2387 tentationnm
3437 2343 3599 2389 nocte

1988 2433 2165 2491 crant,
2198 2442 2318 2497 qua:
2346 2441 2539 2481 omnes
2567 2426 2828 2482 inradens
2864 2426 2919 2482 in
2960 2427 3372 2498 perturbatione
3407 2444 3601 2499 magna

1992 2520 2255 2574 tenebat:
2307 2517 2430 2573 vide
2474 2519 2747 2589 quomodo
2790 2534 2895 2574 una
2940 2535 3075 2575 voce
3105 2521 3346 2575 animum
3378 2522 3596 2576 illorqu

1989 2613 2181 2683 erigat.
2233 2610 2383 2667 Idem
2442 2611 2570 2665 facit
2628 2628 2681 2667 tu
2734 2612 2834 2666 alia
2885 2612 3139 2682 epistula,
3196 2612 3387 2683 dicens
3413 2631 3426 2667 :
3470 2613 3601 2669 Ideo

1991 2719 2175 2757 manus
2233 2702 2473 2757 remissas
2527 2712 2576 2756 et
2633 2719 2801 2774 genua
2859 2688 3051 2758 debilia
3109 2704 3344 2759 roborate
3387 2704 3598 2779 (Hebr.

1993 2795 2082 2855 i2.
2110 2795 2162 2865 i)
2194 2813 2207 2849 :
2240 2811 2349 2851 non
2395 2796 2464 2851 de
2511 2801 2755 2867 genubus
2795 2806 2851 2853 et
2889 2798 3142 2854 manibus
3181 2798 3408 2871 loquens
3432 2842 3449 2868 ,
3504 2801 3601 2856 sed

1991 2891 2060 2946 de
2101 2888 2522 2961 cogitationibus
2574 2890 2804 2949 internis
2841 2899 2897 2947 et
2938 2891 3232 2949 latentibus
3263 2933 3279 2959 ,
3334 2910 3455 2964 qua:
3505 2910 3605 2967 per

1989 2974 2322 3040 tentatioues
2354 2982 2812 3039 dissolvebantnr.
2874 2984 3080 3042 Deinde
3137 2995 3259 3058 post
3307 2986 3431 3043 data
3487 3005 3605 3044 mo-

1994 3078 2103 3133 nita
2149 3076 2578 3133 consolationem
2627 3077 2785 3134 all'ert
2811 3079 3122 3143 maximam,
3163 3081 3389 3138 dicens:
3420 3082 3605 3138 Adhuc

1992 3170 2254 3224 modicum
2292 3169 2695 3240 aliquantulum,
2734 3180 2780 3224 et
2816 3172 2907 3243 qui
2949 3183 3189 3228 uenturus
3237 3184 3311 3229 est
3354 3178 3536 3245 ueniet,
3559 3189 3607 3232 rt

1992 3280 2097 3319 non
2124 3263 2347 3317 tardabit
2390 3264 2409 3335 (
2438 3262 2581 3317 Ibid.
2611 3280 2660 3318 υ.
2694 3263 2784 3320 1ο.
2815 3265 2884 3320 57
2915 3264 2955 3335 ).
2998 3265 3105 3322 Sed
3149 3266 3283 3337 quia
3303 3268 3434 3324 illud
3463 3270 3607 3324 inte-

1995 3359 2097 3413 rim
2126 3358 2177 3412 in
2214 3372 2310 3427 spe
2336 3367 2476 3424 erat,
2517 3358 2625 3413 alio
2666 3355 2831 3413 modo
2882 3373 3075 3414 rursus
3123 3374 3223 3415 eos
3265 3358 3605 3429 cohortatur,

1996 3465 2103 3505 non
2148 3450 2361 3515 alienis,
2388 3448 2485 3505 sed
2517 3449 2751 3520 propriis
2780 3450 3047 3521 exemplis
3090 3452 3303 3507 animos
3348 3453 3481 3524 ipsis
3525 3454 3607 3507 fa-

1996 3544 2166 3600 ciens.
2202 3542 2656 3607 licmenwrautini,
2692 3542 2889 3613 inquit,
2912 3543 3157 3612 pristinos
3180 3543 3313 3611 dies,
3342 3545 3397 3599 in
3426 3546 3608 3613 quibus

1995 3634 2296 3701 illuminati,
2346 3651 2587 3706 magnum
2634 3645 2894 3690 certamen
2938 3636 3261 3691 sustinuistis
3311 3638 3609 3708 passionum

2000 3726 2169 3799 (Ibid.
2197 3743 2248 3781 tt.
2278 3725 2395 3800 Si).
2423 3726 2531 3783 Vos
2558 3728 2709 3798 ipsos
2734 3728 3097 3784 revereatuini
3135 3729 3387 3802 bonaque
3427 3742 3606 3787 vestra

1998 3836 2184 3893 opera,
2209 3838 2277 3876 ne
2300 3820 2580 3892 indignum
2608 3820 3001 3892 praemiorum
3033 3819 3198 3877 linem
3224 3822 3549 3890 esbibeatis,
3577 3838 3608 3879 ι

2000 3912 2153 3969 vobis
2194 3913 2327 3985 ipsis
2360 3911 2797 3970 cohortationem
2829 3912 3135 3982 accipiatis.
3164 3912 3297 3969 Cum
3324 3929 3456 3986 ergo
3485 3913 3614 3971 illus

2000 4004 2104 4061 hoc
2129 4016 2185 4060 et
2205 4005 2297 4061 illo
2328 4003 2491 4059 modo
2511 4004 2838 4075 monuisset,
2861 4020 2956 4075 per
2976 4003 3079 4060 hoc
3094 4005 3298 4061 dictum
3327 4006 3451 4061 illos
3472 4005 3661 4062 hor-'J

2000 4108 2164 4156 tatur.
2197 4099 2483 4169 Quomodo
2500 4114 2556 4156 et
2595 4112 2699 4171 qua
2741 4097 2993 4154 ratione?
3026 4097 3251 4155 Vincula
3278 4109 3335 4155 et
3363 4111 3610 4155 catenam

1998 4191 2189 4249 dicens
2232 4191 2702 4248 confirmationem
2754 4205 2879 4248 esse
2916 4188 3213 4263 Evangelii.
3265 4192 3383 4249 Non
3432 4193 3612 4250 solum

2000 4287 2146 4340 enim
2174 4286 2371 4340 mortui
2403 4284 2673 4351 suscitati,
2704 4284 2789 4340 vel
2818 4284 3017 4353 ieprosi
3049 4287 3319 4354 mandati,
3365 4288 3451 4344 vel
3502 4289 3611 4339 tl:l'-

2000 4391 2189 4433 mones
2213 4377 2426 4449 expulsi
2463 4375 2679 4443 (Matth.
2712 4376 2801 4433 1ο.
2833 4374 2915 4450 8),
2964 4378 3058 4434 sed
3101 4394 3203 4435 nos
3242 4380 3407 4436 etiam
3444 4381 3613 4437 vincti

1990 4469 2340 4543 Evangeiium
2396 4470 2807 4527 confirmamus.
2855 4472 2975 4540 Quo
3027 4482 3229 4544 pacto,
3288 4472 3379 4529 die
3434 4474 3617 4533 mibi?

2000 4580 2137 4621 nova
2181 4566 2326 4621 enim
2382 4574 2508 4621 sunt
2544 4564 2687 4621 dicta
2719 4565 2830 4631 ille,
2861 4574 2917 4620 et
2947 4566 3207 4639 pleraque
3232 4567 3505 4639 arnigmati
3536 4570 3616 4626 si-

1998 4658 2167 4714 milia.
2219 4657 2358 4713 Audi
2404 4658 2650 4725 demum,
2702 4658 3021 4730 quomodo:
3060 4660 3109 4717 si
3159 4661 3363 4733 absque
3418 4663 3616 4721 timore

1999 4750 2440 4821 praedicaremus,
2471 4750 2601 4806 nibil
2648 4751 2918 4822 ingratum
2962 4751 3048 4808 vel
3092 4767 3263 4825 grave
3303 4754 3613 4826 patientes;

1999 4844 2183 4900 multis
2212 4860 2424 4908 eorum.
2469 4845 2559 4916 qui
2606 4860 2706 4901 nos
2754 4846 3045 4903 caliimniis
3093 4849 3360 4920 impetere
3404 4851 3614 4920 volunt,

1998 4948 2249 5007 suspecta
2300 4937 2577 4994 videretur
2632 4954 2756 4996 esse
2786 4939 3175 5010 “praedicatio:
3231 4956 3377 4999 nunc
3431 4954 3614 4999 autem

2000 5031 2161 5103 pulsi.
2215 5032 2690 5103 persequutionem
2734 5033 3024 5103 patientes,
3065 5034 3225 5101 secti,
3268 5034 3469 5097 adusti.
3517 5051 3617 5107 per

2000 5122 2291 5195 praecipitia
2340 5124 2469 5187 acti,
2521 5124 2802 5180 innumera
2850 5125 3139 5197 patientes,
3186 5141 3289 5183 nec
3323 5127 3609 5197 cedentes,

2001 5217 2109 5271 imo
2165 5215 2291 5272 hinc
2344 5216 2639 5273 siacriores
2694 5216 2843 5284 facti,
2904 5217 3071 5274 etiam
3125 5217 3616 5287 intpudentiorihus

2000 5307 2279 5366 oll'erimus
2320 5309 2536 5380 plenam
2584 5310 3139 5379 demonstrationem,
3186 5312 3330 5381 quod
3373 5316 3617 5370 veritatis

2000 5404 2170 5460 simus
2200 5418 2499 5473 praecones,
2528 5402 2789 5475 quodque
2830 5403 3015 5460 divina
3053 5402 3304 5475 qumdam
3347 5407 3519 5461 virtus
3561 5409 3615 5464 in

2001 5494 2159 5551 nobis
2182 5496 2274 5561 sit,
2298 5510 2420 5566 qua:
2450 5493 2567 5550 haec
2601 5496 2783 5551 omnia
2826 5495 3027 5551 leviora
3072 5494 3281 5558 reddat.
3332 5512 3433 5552 nec
3491 5512 3615 5569 per-

2001 5593 2178 5648 mittat
2217 5602 2277 5647 ut
2302 5600 2381 5648 tot
2406 5591 2736 5647 tentatiooes
2767 5589 3155 5661 pradicatores
3186 5605 3286 5647 nos
3313 5603 3611 5662 superent;

2002 5684 2130 5740 licet
2154 5684 2307 5754 pauci
2335 5683 2528 5745 simus,
2560 5682 2657 5738 sed
2692 5698 2788 5754 per
2818 5692 2897 5738 tot
2924 5682 3311 5753 impedimenta
3338 5683 3406 5740 ad
3433 5684 3612 5741 victo-

2000 5778 2134 5831 riam
2150 5790 2251 5830 nos
2266 5774 2437 5831 duxit.
2455 5774 2511 5832 Si
2532 5776 2653 5846 quis
2670 5791 2803 5846 ergo
2823 5776 3053 5832 voluerit
3067 5775 3268 5832 claram
3290 5791 3610 5850 cetnparare

2002 5868 2521 5927 demonstrationem
2548 5910 2563 5937 ,
2606 5869 2750 5941 quod
2789 5870 2973 5928 divina
3011 5870 3260 5942 quadam
3329 5872 3501 5930 virtus
3538 5872 3613 5931 sit
