4124 6336
556 327 646 379 tm

535 453 655 506 qua:
678 436 933 490 nosintus
957 435 1195 503 inspiret,
1214 432 1530 485 tentationcs
1546 434 1718 480 sumat
1736 438 1797 477 ac
1813 430 2113 483 recenseat,

537 529 797 598 pericula,
850 537 1083 589 catenas,
1134 539 1396 577 carceres.
1449 520 1629 588 Neque
1671 518 1809 571 enim
1862 513 2111 566 humana:

539 620 755 673 virtutis
775 630 858 673 est
885 632 975 687 per
1003 625 1078 668 tot
1108 614 1399 685 praecipitia
1430 613 1666 672 vincere,
1699 623 1795 676 per
1827 617 1902 657 tot
1924 604 2116 658 fluctus

539 724 598 767 et
648 711 909 782 prooellas
949 708 1218 777 navigare.
1264 707 1402 759 inter
1450 715 1524 756 tot
1571 701 1672 754 tela
1707 697 1991 767 progredi;
2021 692 2115 748 sed

539 804 734 856 divina:
778 811 830 855 et
875 799 1301 868 inexpugnabilis
1349 796 1558 849 virtutis
1596 794 1707 845 haec
1747 799 1891 843 sunt.
1937 787 2118 853 Itaque

545 905 727 948 Catena
759 906 839 947 (εει
865 892 1199 946 confirmatio
1220 887 1509 956 Evangelii,
1544 900 1644 938 non
1678 882 1779 935 illis
1814 878 1993 942 modo,
2022 875 2118 930 sed

544 987 701 1038 etiam
734 985 887 1039 nobis
926 985 1015 1053 qui
1060 984 1325 1052 patimur:
1372 976 1701 1047 probatiores
1744 973 1885 1026 enim
1932 970 2123 1023 fortio—

537 1092 737 1146 resque
770 1094 864 1129 nos
883 1075 1059 1130 reddit
1084 1090 1097 1139 ;
1127 1074 1392 1141 efficitque
1424 1078 1477 1122 ut
1501 1067 1716 1121 insidias
1740 1063 2122 1132 deSpieiamns.

545 1172 883 1240 Quapmpter
918 1169 1126 1222 dicebat
1157 1185 1168 1220 ε
1214 1166 1489 1218 Tribnlatto
1524 1160 1819 1231 patientiam
1864 1164 2124 1222 operatur,

548 1266 794 1333 patientia
820 1274 981 1315 autem
1011 1260 1375 1329 probationem,
1410 1257 1638 1323 probatio
1681 1270 1794 1305 ret'o
1824 1266 1982 1317 spem,
2013 1261 2127 1313 spes

540 1368 716 1407 autem
746 1372 843 1407 non
874 1352 1138 1421 confundit
1168 1349 1341 1418 (llam.
1444 1348 1501 1399 5.
1529 1349 1581 1399 4.

620 1450 673 1501 5.
709 1446 890 1499 Viden’
941 1443 1209 1513 quomodo
1260 1439 1527 1495 tribulatio
1577 1436 1858 1492 confirmet
1888 1436 2128 1499 Evange-

546 1539 719 1591 lium‘!
753 1538 872 1590 Ideo
900 1552 1111 1605 quoqtte
1141 1533 1265 1588 alibi
1297 1550 1415 1587 cum
1460 1540 1661 1600 peteret
1701 1537 1757 1581 ut
1801 1542 1831 1580 a
1877 1523 2129 1579 tentatio-

554 1632 711 1684 nibus
752 1630 1087 1693 liberaretur,
1125 1642 1186 1680 ac
1236 1643 1375 1695 smpe
1414 1626 1499 1678 illa
1532 1625 1600 1679 de
1628 1637 1788 1676 causa
1814 1620 1991 1673 adiret.
2022 1619 2130 1671 Do-

552 1722 757 1774 minum
779 1761 794 1786 ,
825 1721 1066 1773 audivit:
1099 1720 1295 1788 Sufficit
1337 1716 1423 1769 tibi
1464 1717 1629 1787 gratia
1656 1729 1805 1776 mea;
1834 1728 1949 1764 nam
1973 1712 2132 1765 uirtus

555 1828 668 1864 mea
713 1813 765 1863 in
804 1811 1097 1880 inﬁrmitate
1126 1809 1386 1878 perficitur
1419 1805 1491 1875 (2.
1520 1804 1640 1859 Cor.
1676 1803 1761 1857 12.
1795 1802 1874 1869 9).
1900 1800 2134 1855 infimii-

552 1905 719 1955 tatem
748 1902 832 1955 hic
854 1902 1290 1971 persequutiones
1316 1906 1487 1961 \ocat,
1510 1895 1852 1960 tentationes,
1873 1890 2132 1961 pericula,

552 1993 806 2055 insidias,
863 1991 1160 2046 molestias.
1220 1990 1329 2044 Iloc
1386 2001 1565 2043 autem
1625 1988 1735 2041 vult
1788 1984 2134 2054 significare:

558 2084 806 2139 Poteram
833 2086 935 2138 hoc
963 2082 1224 2152 impedire
1250 2091 1304 2136 et
1332 2080 1530 2135 bellum
1572 2078 1936 2146 exstinguere,
1978 2084 2139 2145 atque

556 2176 753 2229 ﬂuctus
782 2174 1173 2243 comprimere;
1205 2172 1298 2226 sed
1328 2186 1431 2225 non
1452 2170 1569 2234 feci,
1604 2169 1846 2222 utvirtus
1874 2182 1990 2221 mea
2023 2181 2139 2220 ma-

554 2268 642 2336 gis
687 2266 1163 2319 demonstraretur.
1212 2262 1325 2316 Non
1373 2262 1514 2316 enim
1572 2260 1645 2314 ita
1699 2268 1913 2313 ostensa
1951 2258 2141 2312 fuisset

556 2359 680 2426 ejus
705 2356 891 2421 virtus,
923 2356 967 2411 si
1006 2356 1119 2409 haec
1154 2370 1259 2407 non
1300 2353 1433 2407 facta
1480 2352 1737 2415 fuissent;
1768 2361 1823 2405 ut
1850 2366 1971 2404 cum
2006 2350 2141 2403 facta

566 2450 783 2520 quidem
836 2458 978 2512 sunt,
1019 2458 1074 2504 et
1116 2448 1249 2501 nihil
1289 2456 1599 2515 potuerunt.
1642 2443 1774 2499 Nam
1823 2444 2146 2513 gubernato-

564 2556 681 2594 rem
728 2541 874 2594 illum
905 2539 1165 2608 optimum
1210 2538 1455 2599 dicitnus,
1489 2551 1597 2591 non
1637 2536 1725 2606 qui
1766 2535 1819 2589 in
1862 2535 2146 2604 trauquilio

564 2632 703 2687 mari
759 2641 933 2701 potest
986 2647 1173 2686 navem
1224 2639 1370 2685 recte
1420 2628 1643 2692 ducere,
1706 2628 1801 2683 sed
1858 2628 1947 2697 qui
2008 2628 2148 2681 inter

569 2723 816 2791 sc0pulos
846 2734 901 2777 et
931 2720 1123 2775 fluctus
1146 2728 1201 2774 et
1227 2728 1571 2786 tempestates
1598 2729 1653 2772 et
1693 2727 1883 2772 ventos
1908 2728 2148 2771 rectores

565 2821 900 2867 conservat:
948 2821 1005 2866 et
1047 2810 1311 2867 medicum
1357 2811 1585 2879 peritum
1624 2809 1852 2864 dicimus
1880 2824 2025 2873 eum,
2058 2806 2145 2877 qui

568 2904 717 2959 mille
757 2902 1183 2957 incumbentibus
1210 2901 1409 2955 morbis
1440 2916 1638 2970 :egrum
1668 2909 1884 2954 servat:
1912 2908 1970 2954 et
1996 2914 2151 2952 exer-

568 2996 710 3047 citus
724 2993 913 3047 ducem
941 2991 1031 3061 qui
1053 2993 1290 3046 hostibus
1314 2991 1545 3061 undique
1568 2990 1893 3045 irruentibus
1912 3000 1966 3044 et
1984 3005 2152 3058 oppu-

581 3085 866 3153 gnantihus
890 3124 907 3148 ,
958 3094 1217 3152 tr0pamm
1258 3089 1433 3153 potest
1472 3081 1681 3151 erigere
1729 3097 1743 3134 :
1790 3090 1843 3135 et
1878 3092 2151 3151 pastorem

576 3178 773 3231 bonum
804 3177 892 3247 qui
922 3176 1066 3229 mille
1091 3176 1229 3243 lupis
1258 3174 1481 3244 aliisque
1526 3172 1925 3228 insidiatoribus
1960 3172 2157 3226 irrum-

576 3272 847 3340 pentibus,
880 3284 1094 3339 gregem
1116 3270 1167 3321 in
1190 3266 1565 3323 tutocustodit.
1592 3267 1662 3320 Ita
1695 3278 1820 3321 tunc
1841 3280 2051 3335 quoque
2069 3280 2155 3320 res

580 3364 705 3418 hinc
746 3362 1003 3417 mirabilis
1028 3359 1383 3427 efficiebatur,
1413 3360 1553 3430 quod
1591 3359 1720 3413 licet
1746 3360 2020 3413 innumera
2067 3373 2158 3428 pa-

576 3458 772 3510 tientes
796 3460 1088 3517 vincerent,
1104 3465 1163 3508 et
1180 3468 1273 3508 eos
1290 3451 1379 3522 qui
1406 3468 1464 3506 se
1490 3450 1799 3522 affligebant
1814 3460 2151 3521 superarent.

578 3549 801 3617 Quando
831 3549 989 3618 igitur
1019 3548 1233 3601 Petrum
1274 3555 1328 3599 et
1361 3544 1646 3611 Joannem,
1701 3545 1867 3599 filium
1916 3544 2154 3608 tonitrui,
2187 3602 2189 3604 ,

579 3651 635 3693 et
674 3641 1074 3693 tumlamentum
1105 3637 1243 3700 fidei,
1281 3636 1331 3689 in
1372 3652 1641 3690 carcerem
1670 3637 2036 3706 conjeceruut,
2062 3650 2159 3690 eoo

584 3733 692 3803 gita
734 3731 1045 3800 quomodo,
1096 3730 1224 3797 ipsis
1272 3728 1512 3783 dimissis
1560 3728 1824 3783 dubitant.
1880 3728 2012 3783 Cum
2063 3728 2160 3781 ad-

582 3822 862 3877 duxissent
898 3822 1055 3891 igitur
1098 3821 1219 3874 illos
1252 3821 1302 3873 in
1357 3820 1592 3875 medium
1644 3820 1951 3887 theatrum,
2008 3820 2161 3874 dixe-

590 3924 716 3970 runt
748 3934 760 3969 :
794 3915 929 3983 Quid
978 3915 1225 3985 faciemus
1272 3913 1558 3966 hominibus
1607 3912 1715 3966 istis
1744 3912 1763 3977 (
1794 3911 1909 3966 Act.
1940 3913 1995 3968 4.
2026 3913 2092 3968 16
2120 3913 2160 3982 ).

584 4007 776 4071 Judmi,
805 4008 893 4077 qui
929 4008 981 4061 in
1014 4007 1390 4076 prophetarum
1438 4022 1696 4075 sanguine
1732 4004 1982 4061 .innutriti
2013 4016 2167 4061 erant

586 4099 812 4169 populus
860 4098 1042 4154 furens
1104 4107 1158 4152 et
1206 4098 1353 4151 rabie
1407 4097 1638 4163 ductus,
1691 4099 1780 4167 qui
1832 4098 2016 4152 altaria
2075 4100 2167 4154 de-

590 4202 878 4259 struxerat,
908 4196 995 4262 qui
1051 4192 1341 4262 prophetas
1378 4193 1668 4256 occiderat,
1700 4192 1791 4263 qui
1834 4194 1887 4247 in
1931 4194 2168 4249 caedibus

590 4284 847 4338 educatus
884 4283 1079 4347 fuerat,
1116 4283 1204 4354 qui
1232 4284 1419 4337 belluis
1456 4284 1688 4338 ferocior
1710 4295 1846 4350 erat,
1876 4286 1964 4355 qui
1993 4286 2169 4339 adhuc

594 4374 853 4428 Dominici
880 4374 1150 4443 sanguinis
1183 4375 1353 4428 stillas
1374 4375 1670 4439 emittebat,
1710 4376 1796 4446 qui
1835 4376 2004 4446 ipsmn
2049 4391 2170 4431 cru-

591 4465 831 4520 cifixerat
860 4484 872 4518 :
906 4465 991 4519 hic
1018 4467 1225 4519 duobus
1260 4466 1612 4535 apprehensis
1662 4468 2031 4535 piscatoribus,
2065 4469 2169 4523 illi-

592 4557 797 4617 teratis,
841 4556 1042 4621 idiotis,
1088 4557 1349 4619 obscuris,
1396 4557 1555 4610 nmtis
1588 4558 1754 4626 magis
1784 4574 1942 4628 quam
1975 4560 2166 4628 pisces,

591 4664 819 4716 quorum
866 4648 998 4700 alter
1042 4663 1109 4702 ne
1156 4649 1386 4703 ostiaria:
1432 4650 1645 4718 quidem
1692 4650 1862 4704 minas
1902 4652 2172 4720 simplices

595 4740 833 4792 tulerat:
865 4737 981 4802 hos,
1017 4739 1247 4807 inquam,
1294 4740 1709 4806 comprehensos
1753 4741 1802 4794 in
1852 4742 2029 4796 medio
2074 4743 2172 4796 ba-

598 4829 786 4882 bentes
810 4830 1017 4897 ligatos,
1039 4831 1228 4893 nudos,
1249 4845 1353 4884 non
1374 4835 1714 4899 pecuniarum
1736 4848 1837 4902 ope
1861 4835 2171 4900 instructos,

594 4938 701 4974 twn
726 4936 980 4991 corporea
1010 4922 1336 4987 fortitudine,
1365 4938 1467 4975 non
1490 4936 1799 4978 sermonum
1833 4927 2166 4995 eloquentia,

599 5026 701 5067 non
729 5014 989 5069 rhetorica
1017 5014 1091 5082 vi,
1127 5030 1230 5069 non
1256 5017 1468 5086 generis
1503 5017 1808 5085 splendore,
1844 5035 1947 5073 non
1984 5022 2168 5089 patria:

1255 316 1308 370 S.
1350 310 1624 369 JO.\.\'I\'lS
1647 300 2115 363 CHRYSOSTUMI
2158 297 2469 353 AliClllEl’.
2512 294 3039 350 CCNSTAS'HNDI‘.

3695 295 3803 353 δοῖ)

2226 414 2605 485 magnitudine,
2661 416 2955 483 piscatores
3008 431 3077 469 ex
3132 414 3503 483 piscatoribus,
3560 424 3801 469 extrema

2224 515 2535 574 paupertate
2581 506 2908 572 laborantes,
2950 506 3193 561 dubitant
3232 507 3501 576 quomodo
3542 522 3664 559 cum
3701 507 3805 559 illis

2221 598 2390 651 acturi
2422 600 2547 659 sint,
2577 606 2630 651 et
2658 598 2865 662 dicunt,
2903 598 3039 664 Quid
3068 600 3311 667 faciemus
3338 598 3622 651 hominibus
3653 598 3762 651 istis
3784 598 3809 649 .’

2226 686 2411 741 Viden'
2453 700 2649 756 quanta
2692 703 2778 742 res
2819 690 2884 741 sit
2923 688 3131 741 virtus?
3169 688 3436 758 quomodo
3480 689 3809 742 tentationes

2222 779 2555 833 confirmatio
2591 780 2701 833 sint
2730 779 3038 848 Evangelii?
3091 779 3278 832 Dicnnt
3323 779 3387 832 ad
3435 794 3566 831 eos:
3618 776 3811 831 Nonne

2224 870 2562 939 praecipiendo
2587 872 2913 938 pra'cepimus
2933 871 3068 924 vobis
3096 886 3159 923 ne
3185 871 3509 938 loqueremini
3533 872 3582 923 in
3606 872 3813 922 nomine

2226 962 2359 1014 isto?
2404 959 2473 1013 Et
2511 961 2657 1014 uultis
2698 962 2935 1014 inducere
2966 978 3117 1027 super
3145 978 3234 1015 nos
3270 964 3563 1033 sanguinem
3590 961 3814 1014 lacrumis

2228 1055 2371 1108 istius
2402 1056 2533 1125 (Act.
2564 1056 2615 1109 5.
2644 1054 2758 1128 28).
2789 1056 2842 1109 Si
2877 1056 3034 1108 homo
3068 1064 3150 1109 est
3192 1064 3415 1119 tantum,
3464 1056 3584 1124 quid
3620 1055 3815 1108 times?

2231 1149 2274 1202 si
2306 1164 2430 1203 vero
2462 1150 2597 1202 Deus
2625 1158 2726 1213 est,
2761 1164 2857 1203 cur
2889 1148 3036 1203 illum
3067 1165 3173 1202 non
3201 1149 3438 1203 adoras?
3478 1154 3667 1202 Annon
3697 1149 3815 1203 cla-

2231 1243 2415 1295 mabas
2445 1258 2634 1311 nuper,
2668 1242 2890 1311 Sanguis
2926 1243 3033 1307 eius
3075 1259 3229 1310 super
3272 1259 3361 1295 nos
3402 1255 3445 1296 et
3482 1259 3633 1311 super
3678 1244 3816 1307 ﬁlios

2231 1346 2429 1388 nostros
2487 1336 2699 1403 (Matth.
2752 1337 2837 1390 27.
2890 1336 3021 1404 ‘25)?
3070 1337 3207 1389 unde
3257 1337 3565 1402 sanguinem
3616 1337 3817 1389 times?

2232 1428 2358 1496 quid
2392 1439 2621 1481 mentem
2658 1440 2798 1483 tuatn
2829 1430 3114 1499 eXag‘ttavit
3138 1430 3157 1483 ’ἶ
3181 1445 3360 1483 nonne
3391 1429 3602 1498 ligasti?
3632 1446 3816 1483 nonne

2235 1518 2550 1586 flagellasti?
2597 1536 2775 1574 nonne
2821 1520 3165 1577 cruciﬁxisti?
3210 1535 3388 1574 nonne
3430 1529 3697 1574 mortuum
3740 1521 3819 1574 vi-

2233 1610 2358 1664 disti
2386 1628 2449 1664 ex
2480 1627 2637 1666 cruce
2661 1613 2956 1666 detractum
2976 1614 2996 1664 ’ἔ
3022 1630 3199 1666 nonne
3226 1613 3497 1681 sepultum
3531 1613 3736 1676 vidisti,
3766 1622 3821 1667 et

2234 1713 2378 1757 terra
2430 1704 2717 1771 opertum?
2764 1720 2941 1757 nonne
2988 1705 3134 1774 signa
3190 1704 3435 1772 sepulcro
3482 1703 3821 1772 imposuisti?

2234 1808 2416 1849 nonne
2454 1796 2653 1847 milites
2696 1795 2869 1864 pretio
2900 1796 3115 1848 emisti?
3145 1811 3321 1848 nonne
3353 1796 3546 1848 famam
3577 1797 3820 1863 spat-sisti

2238 1886 2379 1955 quod
2431 1885 2676 1954 discipuli
2720 1885 2836 1953 ejus
2888 1886 3058 1954 ipsum
3108 1885 3264 1939 furati
3311 1886 3453 1938 sint?
3494 1886 3631 1953 Quid
3680 1902 3823 1940 nunc

2238 1976 2437 2030 times?
2481 1992 2578 2030 cur
2619 1991 2733 2044 ejus
2772 1978 3083 2046 sanguinem
3112 1977 3402 2031 formidas?
3436 1975 3595 2031 Vides
3623 1980 3823 2031 verita-

2243 2077 2349 2123 tem
2380 2084 2474 2138 per
2503 2069 2680 2122 omnia
2708 2068 3034 2138 fulgentem?
3063 2069 3194 2135 Quia
3221 2069 3363 2122 enim
3404 2066 3660 2121 videbant
3707 2079 3827 2137 post

2244 2163 2361 2217 illas
2389 2162 2605 2215 insidias
2649 2176 2761 2215 rem
2792 2160 2991 2224 efferri,
3012 2170 3171 2230 atque
3200 2161 3346 2214 initia
3388 2159 3665 2228 splendida
3705 2174 3827 2214 esse

2240 2264 2299 2309 et
2339 2254 2453 2322 ips”
2478 2254 2590 2308 sole
2622 2252 2898 2317 lucidiora,
2944 2262 2998 2307 et
3041 2253 3107 2307 ab
3158 2253 3275 2320 ipso
3320 2266 3511 2306 cursus
3563 2253 3825 2320 principio

2242 2344 2518 2407 exhibita,
2573 2345 2825 2415 quodque
2886 2354 3053 2399 totum
3112 2346 3299 2399 orbem
3371 2347 3827 2414 comprehensum

2246 2446 2408 2502 esset,
2442 2437 2625 2507 utique
2654 2451 2894 2491 errorem
2924 2436 2989 2489 ad
3015 2446 3252 2491 extrema
3278 2436 3652 2506 depellendum
3685 2452 3828 2503 esse,

2250 2546 2348 2585 nec
2372 2546 2528 2599 posse
2571 2532 2688 2599 ejus
2719 2534 2822 2584 vim
2869 2529 3189 2585 ineffabilem
3236 2532 3536 2596 sustinere;
3577 2531 3830 2585 virtutem

2247 2625 2369 2692 ejus
2396 2625 2606 2689 timent,
2632 2622 2922 2677 formidant
2943 2624 3485 2691 vinctos,damuatos,
3510 2624 3829 2693 flagellatos,

2253 2716 2457 2772 insidiis
2482 2716 2859 2783 circumdatos,
2889 2717 3023 2772 duos
3038 2732 3237 2787 eosque
3263 2717 3472 2772 idiotas.
3499 2717 3621 2771 Ideo
3642 2716 3832 2770 l’aulus

2252 2807 2573 2863 tetttatiottes
2584 2807 3041 2863 conﬁrmationem
3057 2808 3326 2878 Evangelii
3346 2816 3518 2862 vocat:
3537 2810 3657 2864 ideo
3672 2812 3833 2864 etiam

2253 2901 2373 2954 alibi
2402 2900 2530 2955 dicit
2560 2918 2573 2954 :
2606 2901 2749 2955 Scire
2790 2913 2957 2955 autem
2997 2918 3083 2956 vos
3125 2903 3275 2969 volo,
3319 2903 3522 2971 fratres,
3559 2904 3679 2971 quia
3725 2919 3836 2972 qua

2255 2994 2388 3047 circa
2416 3011 2494 3047 me
2518 3005 2654 3058 sunt,
2686 2996 2848 3065 magis
2877 2996 2945 3049 ad
2976 2998 3255 3065 profectum
3280 3005 3515 3049 venerunt
3538 2994 3837 3063 Evangelii:

2256 3085 2327 3137 ita
2356 3095 2407 3138 ut
2437 3086 2607 3154 plures
2636 3103 2663 3139 e
2689 3088 2929 3154 fratribus
2956 3089 3007 3140 in
3032 3086 3274 3152 Domino,
3315 3086 3622 3153 conﬁdentes
3659 3087 3834 3140 vincs-

2256 3176 2319 3228 lis
2346 3177 2485 3242 meis,
2511 3177 2849 3232 abundantius
2883 3178 3125 3233 auderent
3163 3179 3272 3232 sine
3304 3178 3481 3232 timore
3513 3177 3719 3232 uerbum
3758 3177 3838 3231 lo-

2258 3269 2629 3341 qui(Philipp.
2668 3271 2720 3325 1.
2762 3270 2850 3324 12.
2899 3271 3010 3342 14).
3060 3270 3190 3338 Quis
3235 3271 3388 3333 vidit,
3439 3271 3559 3339 quis
3610 3269 3836 3334 audivit,

2258 3361 2397 3433 quod
2428 3364 2635 3417 vincula
2667 3362 2943 3418 audaciam
2983 3363 3191 3430 iudant,
3240 3373 3293 3418 et
3331 3372 3518 3417 catena
3569 3360 3837 3425 fiduciam,

2259 3472 2364 3510 non
2392 3456 2571 3511 vincto
2604 3464 2830 3518 tantum,
2860 3456 2954 3510 sed
3000 3455 3161 3509 etiam
3200 3454 3477 3522 discipulis
3504 3453 3658 3523 ejus?
3688 3457 3840 3506 Atta-

2263 3564 2381 3602 men
2439 3564 2559 3601 cum
2613 3549 2727 3607 lucc
2790 3546 3009 3610 fierent,
3067 3562 3161 3615 per
3214 3547 3483 3601 contraria
3533 3539 3842 3615 praedicatio

2262 3638 2640 3703 extollebatur,
2674 3647 2727 3693 et
2753 3636 3024 3707 discipuli,
3072 3653 3193 3692 cum
3225 3637 3481 3707 magister
3506 3651 3843 3707 oppugnare-

2268 3742 2387 3795 tur,
2440 3730 2647 3785 insidiis
2701 3741 3072 3800 appeteretur,
3130 3730 3444 3791 vinciretur.
3502 3732 3670 3799 magis
3713 3731 3842 3785 fide-

2268 3825 2414 3891 bant,
2472 3824 2639 3894 magis
2694 3823 3049 3888 exsultabant,
3108 3825 3276 3894 magis
3336 3822 3664 3877 insiliebant.
3698 3822 3841 3877 Dicta

2273 3914 2564 3968 laudastis?
2591 3913 2829 3969 Tandem
2879 3914 3243 3969 fortitudinem
3274 3914 3563 3977 imitemur,
3598 3913 3842 3968 virtutem

2269 4007 2613 4061 annulemur:
2647 4008 2777 4062 nihil
2806 4022 2903 4062 nos
2934 4017 3155 4073 terreat,
3202 4007 3362 4060 nulla:
3402 4022 3499 4061 nos
3528 4008 3845 4060 tentationes

2271 4102 2597 4168 perturbent.
2630 4100 2754 4155 llzec
2780 4100 2924 4154 enim
2951 4109 3077 4153 sunt
3098 4100 3307 4169 pictatis
3338 4100 3706 4164 incitamenta,
3735 4100 3846 4153 ltazc

2270 4199 2393 4243 sunt
2425 4190 2776 4259 philosophiae
2806 4192 2905 4246 ala:
2932 4210 2945 4245 :
2978 4192 3092 4246 lucc
3132 4206 3230 4246 nos
3267 4190 3515 4245 fortiores
3544 4200 3596 4245 et
3627 4190 3847 4244 invictos

2271 4284 2519 4349 reddunt,
2554 4284 2669 4339 lucc
2699 4284 2956 4355 majorem
3005 4282 3145 4355 apud
3194 4284 3362 4337 Deum
3403 4287 3533 4336 dant
3578 4282 3845 4347 fiduciam,

2271 4380 2637 4449 majoremque
2688 4379 2964 4432 attrahunt
3011 4378 3127 4448 ejus
3181 4377 3652 4442 benevolentiam,
3713 4377 3847 4430 mul-

2276 4481 2489 4541 tamque
2532 4471 2580 4524 in
2641 4472 2796 4525 nobis
2830 4473 3052 4542 gratiam
3099 4472 3439 4525 confirmant.
3492 4471 3559 4526 Ut
3602 4486 3731 4541 ergo
3775 4472 3852 4523 his

2272 4564 2519 4617 omnibus
2562 4562 2819 4631 fruamur,
2863 4565 3042 4617 omnia
3074 4580 3193 4634 quae
3222 4564 3493 4627 accidunt,
3526 4578 3730 4634 qmcso,
3775 4561 3851 4617 fc-

2274 4673 2475 4721 ramus,
2511 4673 2603 4726 per
2633 4660 2809 4711 omnia
2861 4659 3027 4713 Deum
3073 4658 3460 4729 glorificantes,
3512 4656 3637 4726 quia
3682 4656 3853 4725 ipsum

2276 4747 2430 4801 decet
2470 4750 2657 4819 gloria,
2707 4750 2898 4815 honor,
2933 4750 3239 4818 imperium,
3284 4764 3385 4801 una
3428 4763 3548 4803 cum
3584 4747 3855 4817 unigenito

2276 4835 2391 4899 ejus
2432 4832 2564 4887 Filio
2610 4844 2663 4888 ct
2703 4846 2888 4889 sancto
2935 4834 3157 4903 Spiritu,
3206 4849 3349 4888 nunc
3376 4844 3430 4888 et
3454 4847 3691 4902 semper,
3722 4842 3776 4885 et
3805 4835 3853 4885 in

2278 4925 2470 4977 szccula
2499 4927 2835 4980 Saeculorum.
2883 4933 3077 4980 Amen.

599 5157 2493 5181 Μ

1906 5248 2247 5313 HOMILIA
2296 5254 2463 5316 VIII.

606 5400 849 5471 Ejusdem
894 5398 1100 5451 humilia
1141 5397 1309 5450 habita
1350 5398 1403 5450 in
1442 5396 1651 5450 ecclesia
1692 5394 1869 5460 Pauli,
1901 5395 2077 5451 Gothis
2105 5396 2181 5449 le-

673 5493 903 5564 gentibus
932 5494 1027 5559 (a),
1062 5500 1321 5560 postquam
1354 5490 1607 5559 presbyter
1631 5486 1822 5542 Gothus
1848 5489 2178 5541 concinnatus

670 5586 832 5653 fuerat
856 5583 950 5655 (b).

664 5698 739 5760 (α)
757 5698 880 5760 V’ide
902 5710 1011 5759 quae
1035 5697 1124 5744 hac
1143 5695 1206 5743 de
1230 5707 1287 5760 re
1309 5695 1591 5760 dirimusin
1616 5692 1815 5760 alonim.

664 5754 733 5821 (ὀ)
769 5758 886 5824 Hice
911 5754 963 5824 et
992 5770 1209 5824 sequens
1233 5756 1421 5824 hom_i_l_ia
1446 5770 1471 5804 a
1490 5757 1605 5824 .Chr.
1634 5755 1987 5824 Frlhfatthzeio
2025 5754 2170 5807 ρᾱίιω

607 5817 724 5872 sunt
751 5824 796 5871 in
821 5820 987 5873 libello
1010 5817 1301 5881 academico,
1328 5818 1657 5881 Vitemberge
1686 5817 1817 5868 1802.

2362 5406 2406 5457 l.
2456 5403 2653 5457 Vellem
2684 5404 2873 5458 adesse
2899 5403 3115 5458 Gnccos
3141 5402 3328 5465 hodie,
3362 5414 3417 5454 ut
3448 5417 3565 5471 quae
3590 5400 3719 5454 lecta
3744 5410 3862 5453 sunt

2286 5500 2533 5554 audirent
2577 5511 2630 5553 et
2680 5501 2951 5553 discerent
2999 5508 3193 5567 quanta
3254 5499 3323 5549 sit
3365 5494 3615 5550 Crucifixi
3675 5496 3858 5553 virtus,

2286 5607 2479 5663 quanta
2511 5594 2685 5648 crucis
2713 5602 2949 5661 potestas
2972 5632 2985 5656 ,
3028 5600 3223 5657 quanta
3269 5588 3529 5642 Ecclesia:
3580 5587 3859 5650 nobilitas,

2285 5698 2476 5758 quanta
2510 5686 2629 5742 ἢόιιί
2662 5688 2905 5750 firmitas,
2934 5693 3127 5753 quanta
3156 5683 3355 5737 erroris
3382 5680 3677 5747 turpitudo,
3704 5694 3863 5749 quan-

2290 5794 2339 5837 ta
2369 5781 2669 5835 dietnonutn
2702 5779 2895 5833 irrisio.
2917 5777 3127 5833 Etenim
3148 5792 3264 5847 qazc
3282 5775 3726 5847 philosophorum
3750 5780 3861 5826 sunt
