4124 6336
181 5937 206 5950 Ι

266 375 365 432 491)

259 506 349 552 καὶ
391 500 492 553 οὐκ
531 497 710 554 ἐῶσαν
737 500 845 554 τῶν
879 498 1200 572 πειρασμῶν
1234 499 1297 552 τὸ
1328 501 1528 570 πλῆθος
1562 501 1944 574 περιγενέσθαι

257 589 364 640 τῶν
396 589 792 659 κηρυττόντων,
822 590 914 641 καὶ
945 588 1117 642 ταῦτα
1140 588 1336 656 ὀλίγων
1359 589 1547 651 ὄντων,
1565 589 1655 642 διά
1673 589 1945 643 τοσούτων

259 674 529 745 κρατῆσαι
572 676 932 745 κωλυμάτων.
957 676 1024 728 Εἰ
1046 693 1128 738 τις
1163 672 1254 728 οὖν
1285 675 1525 746 βούλοιτο
1559 675 1704 748 σαφῆ
1735 677 1946 747 λαμϐά-

255 778 370 814 νειν
400 761 676 826 ἀπόδειξιν
703 763 796 816 τοῦ
828 762 978 816 θείαν
1001 759 1140 816 εἶναι
1171 763 1402 834 δύναμιν
1431 763 1528 836 τὴν
1555 766 1687 834 ἡμῖν
1718 763 1946 835 ἐνηχοῦ-

257 871 382 916 σαν,
411 855 538 918 τοὺς
580 857 923 927 πειρασμοὺς
966 854 1315 925 λαμϐανέτω,
1346 856 1472 919 τοὺς
1514 854 1814 919 κινδύνους,
1848 855 1948 920 τὰς

258 941 496 1006 ἁλύσεις,
531 941 600 993 τὰ
623 942 991 1014 δεσμωτήρια.
1021 943 1094 996 Ού
1134 943 1242 1014 γὰρ
1283 943 1432 996 ἐστὶν
1465 944 1812 1014 ἀνθρωπίνης
1857 945 1950 997 δυ’

255 1030 479 1097 νάμεως
508 1029 598 1082 διὰ
635 1030 905 1083 τοσούτων
931 1031 1204 1101 κρατῆσαι
1236 1029 1520 1101 κρημνῶν,
1560 1030 1648 1082 διὰ
1677 1031 1950 1084 τοσούτων

260 1117 491 1170 πλεῦσαι
528 1120 812 1187 κυμάτων,
859 1118 946 1171 διά
981 1118 1252 1171 τοσούτων
1297 1120 1546 1189 χωρῆσαι
1586 1119 1777 1188 βελῶν,
1813 1120 1949 1173 ἀλλά

259 1204 413 1266 θείας
452 1206 545 1258 καὶ
579 1206 793 1274 ἀμάχου
838 1206 1011 1259 ταῦτα
1056 1208 1256 1276 ἰσχύος.
1305 1207 1465 1259 Ὥστε
1513 1207 1807 1276 βεϐαίωσις
1854 1209 1948 1261 τοῦ

260 1292 585 1359 εὐαγγελίου
614 1295 646 1363 ὴ
681 1293 894 1360 ἅλυσις,
921 1295 1019 1347 οὑκ
1047 1296 1276 1358 ἐκείνοις
1310 1296 1489 1364 μόνον,
1526 1297 1662 1349 ἀλλά
1696 1299 1789 1350 καὶ
1820 1299 1950 1367 ἡμῖν

261 1386 372 1443 τοῖς
399 1383 701 1452 πάσχουσι·
728 1383 1128 1454 δοκιμωτέρους
1152 1386 1258 1456 γάρ
1281 1388 1428 1455 ἡμᾶς
1459 1387 1772 1457 ἐργάζεται,
1813 1389 1953 1457 ίσχυ-

264 1470 542 1540 ροτέρους,
573 1472 770 1540 μᾶλλον
806 1477 1167 1543 καταφρονεῖν
1205 1477 1346 1526 ποιεί
1373 1475 1481 1526 τῶν
1516 1477 1841 1528 ἐπιϐούλων.
1863 1477 1952 1528 Διὸ

265 1559 356 1610 καὶ
386 1559 591 1626 ἔλεγεν.
629 1560 699 1613 'I!
727 1560 931 1628 Ολῖψις
974 1561 1294 1629 ὑπομονὴν
1334 1564 1760 1632 κατεργάζεται,
1813 1568 1849 1632 ἡ
1887 1565 1954 1617 δὲ

263 1647 542 1714 ὑπομονὴ
569 1647 845 1716 δοκιμὴν,
867 1650 903 1715 ὴ
926 1649 992 1701 δὲ
1009 1649 1224 1718 δοκιμὴ
1256 1651 1494 1716 ἐλπίδα,
1521 1654 1558 1719 1)
1587 1653 1655 1705 δὲ
1677 1652 1854 1719 ἐλπὶς
1881 1655 1952 1707 οὺ

263 1751 340 1786 κα
347 1750 483 1786 tam
487 1753 523 1803 χ
532 1736 676 1788 ύνει.

334 1833 397 1880 ε’.
445 1827 607 1896 Ὁρᾷς
637 1826 754 1889 πῶς
781 1829 812 1898 ἡ
853 1826 1031 1897 θλῖψις
1062 1827 1274 1898 βεϐαιοῖ
1301 1829 1358 1882 τὸ
1374 1828 1739 1897 Εὐαγγέλιονς
1773 1830 1869 1882 Διά
1883 1827 1946 1899 δὴ

267 1911 418 1985 [370]
460 1913 616 1966 τοῦτο
653 1915 745 1966 καὶ
777 1915 1011 1984 άλλαχοῦ
1045 1915 1286 1968 αἰτοῦντι
1316 1915 1465 1987 ούτῴ
1493 1917 1601 1968 τῶν
1635 1917 1958 1988 πειρασμῶν

265 1999 624 2070 ἀπαλλαγὴν,
660 2001 752 2053 καὶ
803 2001 1064 2065 πολλάκις
1106 2003 1254 2073 ὑπὲρ
1308 2002 1514 2056 τούτων
1570 2003 1957 2074 προσελθόντι,

266 2088 465 2156 ἥκουεν
486 2103 499 2116 ⁶
537 2087 725 2155 Ἀρκεῖ
749 2104 848 2142 σοι
882 2089 920 2156 ἡ
954 2088 1262 2158 χάριςμου
1283 2105 1297 2120 ⁸
1335 2091 1373 2158 ἠ
1414 2091 1522 2160 γὰρ
1551 2089 1806 2159 δύναμίς
1839 2107 1960 2160 μου

265 2175 336 2228 ἐν
366 2176 653 2243 ἀσθενείᾳ
689 2175 1044 2231 τελειοῦται.
1085 2178 1392 2234 Ἀσθένειαν
1420 2176 1655 2232 ἐνταῦθα
1682 2179 1809 2242 τοὺς
1834 2177 1960 2231 διω-

269 2264 450 2335 γμοὺς
503 2264 696 2331 καλεῖ,
744 2267 874 2329 τοὺς
906 2268 1283 2338 πειρασμοὺς,
1329 2268 1453 2332 τοὺς
1503 2268 1816 2331 κινδύνους,
1863 2267 1962 2330 τὰς

271 2352 592 2417 ἐπιϐουλάς,
632 2355 730 2418 τάς
755 2355 1040 2426 ἐπηρείας.
1079 2357 1148 2409 ὐ
1183 2355 1240 2408 δὲ
1278 2355 1449 2423 λέγει,
1490 2356 1732 2410 τοιοῦτόν
1777 2358 1960 2410 ἐστιν’

276 2439 762 2510 Ἥδυνάμηνταῦτα
781 2442 1046 2506 κωλῦσαι,
1071 2443 1228 2514 φησὶ,
1249 2444 1344 2496 καί
1375 2444 1566 2496 σϐέσαι
1592 2443 1684 2496 τὸν
1705 2443 1962 2513 πόλεμον,

271 2527 367 2578 καὶ
407 2528 724 2583 ἀναστεῖλαι
755 2529 825 2582 τά
864 2529 1106 2601 κύματα,
1140 2531 1257 2584 ἀλλ’
1291 2532 1395 2584 οὐκ
1429 2531 1686 2601 ἐποίησα,
1725 2533 1811 2586 ἵνα
1841 2550 1963 2603 μειτ

271 2614 442 2679 ζόνως
475 2618 508 2686 ἠ
549 2617 778 2689 δύναμίς
822 2636 926 2688 μου
963 2619 1169 2691 δειχθῇ.
1221 2620 1296 2674 Ού
1329 2621 1439 2690 γάρ
1489 2620 1664 2685 οὕτως
1693 2621 1967 2675 ἐδείκνυτο

271 2704 440 2759 αὑτοῦ
475 2708 506 2776 ἡ
543 2705 790 2777 δύναμις,
831 2707 1039 2761 τούτων
1085 2709 1160 2778 μὴ
1193 2709 1519 2780 γινομένων,
1561 2711 1637 2773 ὼς
1666 2709 1966 2779 γινομένων

275 2794 397 2862 μὲν,
425 2795 528 2847 ούκ
572 2795 866 2864 ἰσχυόντων
912 2795 990 2849 δέ.
1039 2796 1193 2850 Ἐπεὶ
1240 2799 1332 2850 καὶ
1365 2797 1714 2870 κυϐερνήτην
1759 2800 1967 2852 ἐκεῖνον

274 2881 495 2950 ἄριστον
525 2877 664 2935 εἷναί
690 2899 894 2954 φαμεν,
916 2885 978 2936 οὐ
1001 2882 1092 2936 τὸν
1125 2885 1184 2936 ἐν
1215 2883 1435 2956 γαληνῷ
1467 2884 1648 2955 πόντῳ
1667 2884 1967 2956 δυνάμενον

275 2968 633 3022 κατευθύνειν
665 2972 726 3024 τὸ
761 2971 988 3040 σκάφος,
1024 2972 1160 3026 άλλά
1191 2973 1282 3026 τὸν
1320 2972 1523 3043 μεταξὺ
1555 2973 1835 3027 σκοπέλων
1870 2975 1966 3040 καὶ

276 3061 540 3129 κυμάτων
564 3060 658 3114 καὶ
681 3061 968 3132 χειμώνων
999 3063 1093 3115 καὶ
1125 3063 1452 3134 πνευμάτων
1476 3063 1814 3126 διασώζοντα
1839 3065 1966 3127 τοὺς

277 3149 649 3218 ἐμπλέοντας·
691 3150 785 3202 καὶ
836 3151 1058 3220 ἰατρὸν,
1089 3151 1182 3204 τὸν
1234 3151 1444 3223 μυρίων
1491 3153 1815 3223 νοσημάτων
1848 3155 1968 3206 ἐπι-

279 3237 551 3305 κειμένων
609 3235 988 3307 ἐξαρπάζοντα
1021 3239 1114 3291 τὸν
1149 3239 1426 3310 κάμνοντα
1451 3253 1466 3268 ⁸
1503 3243 1596 3295 καὶ
1642 3241 1968 3312 στρατηγὸν,

278 3323 368 3375 τὸν
405 3323 744 3394 πανταχόθεν
796 3325 1073 3396 πολεμίων
1119 3327 1480 3381 ἐπιτεθέντων
1522 3328 1618 3381 καὶ
1665 3328 1970 3398 βαλλόντων

280 3410 579 3480 δυνάμενον
607 3411 803 3482 στῆσαι
831 3413 891 3466 τὸ
915 3415 1174 3484 τρόπαιον
1193 3430 1209 3446 ⁸
1231 3419 1324 3469 καὶ
1353 3415 1607 3485 ποιμένα,
1636 3417 1728 3469 τὸν
1759 3417 1971 3488 μυρίων

282 3498 464 3552 λύκων
496 3501 860 3572 ἐπικειμένων
896 3504 989 3556 καὶ
1023 3503 1226 3574 ἐτέρων
1272 3505 1574 3558 ἐπιϐούλων
1611 3505 1974 3576 διατηροῦντα

282 3589 381 3656 τὴν
411 3587 617 3659 ἀγέλην
660 3591 719 3642 ἐν
751 3590 1044 3662 ἀσφαλείᾳ.
1089 3591 1246 3645 υῦτω
1293 3593 1357 3664 δὴ
1389 3594 1482 3648 καὶ
1514 3594 1634 3647 τότε
1678 3593 1838 3646 τοῦτο
1869 3595 1974 3664 μά-

283 3675 441 3730 λιστα
460 3679 632 3730 ἐποίει
661 3677 722 3730 τὸ
747 3677 953 3746 θαῦμα,
975 3679 1142 3751 ὁτιδὴ
1173 3682 1344 3752 μυρία
1374 3683 1678 3754 πάσχοντες
1710 3683 1974 3754 ἐκράτουν

285 3766 378 3817 καὶ
406 3765 784 3836 περιεγένοντο
824 3767 933 3819 τῶν
979 3770 1278 3823 ποιούντων
1313 3771 1513 3825 αὐτῶν.
1545 3773 1672 3826 Ὅτε
1721 3773 1852 3840 γοῦν
1885 3772 1976 3826 τὸν

287 3853 494 3922 Πέτρον
523 3854 616 3906 καὶ
642 3855 734 3906 τὸν
767 3856 1038 3927 Ἰωάννην,
1064 3857 1155 3911 τὸν
1181 3859 1295 3912 υἰὸν
1327 3859 1428 3930 τῆς
1464 3859 1714 3932 βροντῆς.
1752 3859 1846 3916 καί
1875 3860 1976 3932 τὴν

285 3941 528 4011 κρηπῖδα
564 3943 662 4013 τῆς
687 3943 944 4007 πίστεως,
977 3947 1054 4008 εἰς
1093 3945 1467 4019 δεσμωτήριον
1501 3950 1771 4015 ἐνέϐαλον,
1800 3951 1977 4021 ἐννόη-

289 4046 378 4082 σον
407 4029 526 4094 πῶς
555 4031 867 4100 ἀφεθέντων
892 4034 1070 4087 αὐτῶν
1097 4035 1465 4106 διαποροῦσιν.
1500 4040 1825 4108 Ἀγαγόντες
1847 4039 1976 4108 γοῦν

287 4118 511 4182 αὐτοὺς,
548 4122 606 4172 ἐν
660 4123 810 4191 μέσῳ
849 4121 944 4174 τοῦ
985 4123 1215 4196 θεάτρου
1251 4124 1502 4193 λέγουσι·
1542 4128 1601 4180 Τί
1640 4127 1979 4197 ποιήσομεν

288 4207 412 4273 τοῖς
437 4207 771 4277 ἀνθρώποις
810 4212 1378 4276 τούτοιςςλἹουδαίοι
1419 4215 1468 4266 οἰ
1512 4215 1741 4285 αἵμασιν
1785 4218 1976 4287 ἐντρα-

289 4297 482 4365 φέντες
513 4302 893 4368 προφητικοῖς,
936 4298 1104 4369 δῆμος
1150 4301 1410 4371 μεμηνὼς
1444 4303 1539 4355 καὶ
1568 4303 1801 4367 λυσσῶν,
1841 4306 1870 4358 6
1909 4304 1980 4358 τά

291 4384 656 4456 θυσιαστήρια
685 4389 1068 4456 κατασκάψας,
1097 4392 1125 4441 6
1152 4393 1278 4453 τοὺς
1310 4392 1596 4462 προφήτας
1626 4393 1977 4458 ἀποκτείνας,

290 4477 318 4528 6
344 4475 526 4544 φόνοις
551 4476 1006 4545 συνανατραφεὶς,
1032 4479 1060 4530 6
1087 4477 1290 4548 θηρίων
1321 4478 1677 4552 ἀγριώτερος,
1716 4485 1744 4534 ὁ
1769 4481 1980 4546 στάζων

292 4562 401 4616 ἀπὸ
425 4562 520 4616 τοῦ
543 4563 773 4633 αἵματος
795 4563 876 4616 ἔτι
905 4563 998 4616 τοῦ
1029 4565 1373 4632 δεσποτικοῦ,
1403 4571 1431 4621 ὁ
1458 4571 1775 4640 σταυρώσας
1794 4587 1808 4601 °
1827 4565 1982 4635 οὗτος

294 4653 385 4706 δύο
434 4651 616 4704 λαϐὼν
665 4652 850 4716 ἁλιέας
901 4655 1337 4725 ἀγραμμάτους,
1393 4656 1639 4722 ἰδιώτας,
1696 4661 1979 4730 ἀσήμους,

298 4741 498 4812 ἰχθύων
548 4743 950 4813 άφωνοτέρους,
1000 4738 1073 4795 ὧν
1106 4743 1331 4816 θάτερος
1364 4747 1485 4799 ούδέ
1541 4749 1788 4818 θυρωροῦ
1819 4749 1981 4820 ψιλὴν

295 4831 526 4900 ἀπειλὴν
554 4829 752 4901 ήνεγκε
773 4847 786 4859 ⁸
815 4833 1037 4895 τούτους
1070 4834 1133 4904 δὴ
1165 4835 1442 4899 λαϐόντες,
1477 4837 1535 4888 ἐν
1574 4838 1723 4907 μέσῳ
1767 4838 1982 4907 ἔχοντες

295 4919 648 4989 δεδεμένους,
689 4921 968 4989 γυμνοὺς,
1017 4923 1077 4974 ού
1124 4926 1426 4994 χρημάτων
1481 4917 1981 4997 περιϐεϐλημένους

297 5005 637 5078 περιουσίαν,
671 5007 731 5060 οὑ
767 5009 1034 5079 σωμάτων
1073 5012 1246 5081 ἰσχὺν,
1287 5013 1347 5064 ού
1380 5011 1551 5085 λόγων
1582 5013 1882 5086 δεινότητα,
1918 5017 1979 5069 ού

906 385 1017 439 VIII
1064 383 1369 452 ΗΟΜΙΜΛ,
1417 384 1671 441 HABITA
1712 383 1966 452 Ροδτρι

2073 382 2089 438 Ι
2131 380 2543 438 PRESBYTER
2585 377 2894 444 COTHUS,
2940 375 3091 432 ETC.

3639 368 3746 426 son

2057 497 2342 570 ῥητορείας
2368 496 2616 567 δύναμιν,
2641 496 2702 548 ού
2738 495 2929 562 γένους
2960 493 3339 564 περιφάνειαν,
3377 495 3438 547 οῦ
3489 498 3750 568 πατρίδος

2059 587 2308 656 μέγεθος,
2329 585 2512 649 ἁλιέας
2531 587 2587 652 ἐξ
2609 586 2824 646 ἀλιέων,
2841 583 3042 653 ἐσχάτῃ
3059 584 3304 654 πτωχεία
3327 587 3746 654 συνεστηκότας,

2057 675 2354 746 ἀποροῦσιν
2375 675 2426 727 τί
2461 675 2644 737 αὐτοῖς
2665 675 2979 744 χρήσονται,
3000 669 3093 723 καί
3125 688 3256 739 φασι
3279 689 3291 701 ⁸
3322 674 3383 726 Τί
3412 673 3755 744 ποιήσομεν

2057 765 2182 830 τοῖς
2204 763 2540 833 ἀνθρώποις
2572 765 2840 828 (mitam;
2881 762 3043 831 Ὁρᾷς
3088 761 3276 828 ἡλίκον
3320 762 3521 834 ἀρετὴς
3551 762 3669 827 πῶς
3703 765 3753 816 οἰ

2059 856 2357 923 πειρασμοὶ
2389 853 2680 923 βεϐαίωσις
2714 849 2808 904 τοῦ
2837 849 3195 918 εύαγγελίους
3235 851 3342 903 Καὶ
3369 850 3591 919 λέγουσι
3618 851 3755 921 πρὸς

2058 942 2282 1005 αύτούς·
2315 945 2398 994 Οὐ
2426 941 2796 1010 παραγγελία
2831 939 3316 1008 παρηηέίλαμεν
3345 939 3487 1008 ὑμῖν
3529 939 3608 1008 μὴ
3643 945 3756 995 λα-

2057 1030 2192 1084 λεῖν
2221 1030 2318 1082 ἐπὶ
2345 1029 2422 1095 τῷ
2448 1030 2690 1097 ὀνόματι
2719 1031 2939 1092 τούτῳ;
2970 1027 3076 1081 Καὶ
3100 1027 3409 1092 βούλεσθε
3432 1028 3759 1097 ἐπαγαγεῖν

2057 1120 2150 1182 ἐφ’
2183 1117 2343 1186 ἡμᾶς
2376 1118 2442 1170 τὸ
2468 1113 2610 1186 αἷμα
2644 1117 2749 1170 τοῦ
2773 1115 3090 1184 ἀνθρώπου
3114 1117 3349 1169 τούτου.
3382 1115 3445 1169 Et
3470 1116 3758 1187 ἄνθρωπός

2061 1211 2178 1260 ἐστι
2200 1206 2373 1274 ψιλὸς,
2405 1205 2458 1257 τί
2487 1205 2730 1267 δέδοικας
2757 1221 2770 1270 ;
2803 1208 2850 1256 εί
2881 1205 2936 1257 δὲ
2969 1203 3101 1266 Θεός
3133 1206 3270 1268 ἐστι,
3303 1205 3448 1269 τίνος
3483 1207 3669 1260 ἐνεκεν
3695 1208 3756 1259 ού

2061 1296 2426 1366 προσκυνεῖςς
2456 1294 2569 1346 Οὐκ
2610 1293 2768 1355 ἐϐόας
2812 1291 3004 1363 πρώην
3044 1294 3238 1361 λέγων,
3279 1293 3349 1347 Τὸ
3391 1290 3534 1362 αἷμα
3568 1295 3759 1348 αὑτοῦ

2059 1384 2154 1452 ἐφ’
2190 1381 2349 1452 ἡμᾶς
2392 1384 2489 1436 καὶ
2519 1383 2614 1436 ἐπὶ
2656 1386 2727 1434 τὰ
2762 1382 2943 1436 τέκνα
2981 1381 3189 1451 ἠμῶν;
3222 1383 3384 1436 πόθεν
3426 1383 3668 1444 δέδοικας
3700 1384 3762 1436 τὸ

2063 1467 2202 1542 αἷμα
2227 1490 2240 1533 ;
2268 1473 2320 1523 τί
2369 1489 2460 1522 σου
2491 1472 2587 1541 τὴν
2631 1471 2872 1522 διάνοιαν
2911 1471 3211 1536 διέσεισεν;
3257 1473 3355 1524 ούκ
3388 1473 3620 1538 ἐδησας;
3659 1474 3760 1525 ούκ

2062 1561 2399 1630 ἐμάττιξας;
2431 1561 2530 1611 οῦκ
2561 1563 2949 1629 ἐσταύρωσαςς
2984 1561 3042 1612 ού
3080 1561 3272 1630 νεκρὸν
3297 1555 3434 1623 εἶδες
3465 1559 3760 1631 καθαιρού-

2067 1667 2226 1720 μενον
2266 1648 2374 1701 ἀπὸ
2405 1648 2498 1700 τοῦ
2541 1647 2811 1717 σταυροῦ;
2846 1648 2906 1700 ού
2945 1648 3284 1717 θαπτόμενον
3316 1647 3546 1703 ἐθεάσω.
3572 1652 3666 1702 καὶ
3693 1652 3760 1719 τῇ

2063 1741 2134 1806 γῇ
2160 1737 2573 1808 κρυπτόμενον;
2601 1738 2661 1790 ού
2694 1740 2983 1808 σήμαντρα
3013 1737 3290 1806 ἐπέθηκας
3309 1737 3386 1808 τῷ
3433 1738 3624 1808 τάφῳς
3663 1737 3765 1791 οῦκ

2063 1827 2238 1896 ἐπρίω
2269 1828 2395 1889 τοὺς
2416 1827 2791 1896 στρατιώτας;
2825 1827 2884 1878 οὐ
2915 1827 3106 1897 φήμην
3133 1825 3471 1896 διέσπειρας,
3509 1827 3589 1880 ὅτι
3613 1827 3766 1879 ἔκλε-

2061 1912 2171 1982 ψαν
2201 1913 2366 1966 αὑτὸν
2387 1916 2435 1966 οἰ
2471 1914 2752 1984 μαθηταί;
2795 1912 2858 1966 Τί
2881 1914 3129 1978 δέδοικας
3157 1913 3287 1976 νῦν;
3325 1915 3375 1967 τί
3414 1915 3638 1986 τρέμεις
3667 1917 3766 1969 αύ-

2063 2003 2156 2055 τοῦ
2180 2003 2240 2056 τὸ
2261 1997 2402 2073 αἷμα
2423 2020 2438 2070 ;
2467 2004 2633 2074 Ὁρᾷς
2655 2004 2754 2071 τὴν
2775 2003 3032 2072 ἀλήθειαν
3054 2002 3142 2056 διά
3167 2003 3385 2057 πάντων
3407 2004 3763 2074 λάμπουσαν;

2078 2090 2296 2162 Ἐπειδὴ
2331 2091 2440 2162 γάρ
2479 2087 2617 2144 εἶδον
2654 2091 2794 2162 μετά
2840 2090 2938 2162 τὴν
2983 2091 3274 2162 ἐπιϐουλὴν
3300 2104 3324 2131 ι
3360 2093 3579 2163 ἐκείνην
3613 2091 3766 2165 1571]
3795 2141 3806 2156 ,

2065 2181 2124 2232 τὸ
2147 2181 2379 2251 πρᾶγμα
2410 2180 2721 2250 αἰρόμενον,
2745 2180 2840 2232 καὶ
2859 2179 2928 2232 τά
2954 2179 3220 2250 προοίμια
3242 2180 3472 2253 λαμπρά
3501 2182 3594 2236 καὶ
3614 2182 3766 2252 ἡλίου

2067 2269 2339 2339 φανότερα
2373 2267 2468 2320 καὶ
2500 2266 2560 2332 ἐξ
2590 2267 2763 2336 αὐτῆς
2803 2266 2904 2336 τῆς
2937 2265 3189 2337 βαλϐῖδος
3218 2262 3648 2337 ἐπιδεικνύμενα
3686 2269 3768 2322 ὅτι

2067 2357 2250 2408 πᾶσαν
2298 2355 2495 2425 ἀθρόον
2537 2354 2913 2425 καταλήψεται
2958 2354 3058 2426 τὴν
3093 2355 3462 2426 οἰκουμένην,
3506 2355 3601 2407 καὶ
3647 2356 3769 2409 κατ’

2066 2444 2244 2514 ἄκρας
2276 2443 2460 2496 ἐλάσει
2503 2443 2604 2514 τὴν
2647 2442 2879 2512 πλάνην,
2921 2444 3016 2497 κα)⁵
3045 2442 3169 2496 ούδέ
3207 2444 3450 2510 ἐνεγκεῖν
3477 2441 3770 2514 δυνήσεται

2067 2533 2166 2604 τὴν
2197 2532 2403 2601 ἄφατον
2439 2532 2605 2586 αὑτοῦ
2641 2531 2823 2603 ῥύμην
2868 2532 2964 2584 καὶ
3009 2530 3108 2601 τὴν
3153 2530 3383 2601 δύναμιν
3407 2546 3423 2562 ο
3474 2530 3771 2594 δεδοίκασι,

2068 2620 2331 2691 τρέμουσι
2370 2622 2496 2685 τοὺς
2516 2619 2826 2690 δεσμώτας.
2860 2620 2989 2683 τοὺς
3029 2618 3378 2682 καταδίκους,
3418 2619 3544 2681 τοὺς
3579 2635 3776 2689 μαστι-

2070 2706 2324 2777 χθέντας,
2350 2709 2474 2770 τοὺς
2527 2705 3039 2770 ἐπιϐουλευθέντας.
3067 2708 3195 2770 τους
3223 2705 3338 2768 δύο,
3369 2708 3499 2769 τοὺς
3535 2706 3773 2768 ἰδιώτας.

2069 2794 2169 2848 Διά
2192 2795 2363 2848 ταῦτα
2399 2794 2610 2857 Παῦλος
2639 2793 2933 2864 βεϐαίωσιν
2958 2795 3281 2864 εὐαγγελίου
3312 2794 3470 2848 καλεῖ
3502 2795 3629 2858 τοὺς
3653 2811 3777 2847 πει-

2072 2882 2320 2955 ρασμούς
2340 2900 2353 2912 ’
2379 2883 2467 2936 διὰ
2495 2882 2672 2936 ταῦτα
2712 2883 2808 2936 καὶ
2847 2881 3086 2952 ἀλλαχοῦ
3133 2899 3270 2952 φησι
3293 2900 3305 2911 ·
3331 2881 3671 2936 Γινώσκειν
3709 2881 3779 2936 δὲ

2069 2971 2226 3041 ὑμᾶς
2248 2973 2593 3041 βούλομαι,
2643 2971 2898 3039 ἀδελφοί
2925 3013 2939 3036 ,
2969 2971 3058 3024 ὅτι
3113 2970 3182 3024 τὸ
3216 2973 3344 3025 κατ’
3385 2969 3492 3041 ἐμὲ
3535 2969 3780 3040 μᾶλλον

2069 3062 2157 3125 εις
2196 3059 2518 3128 προκοπὴν
2544 3057 3043 3130 τοῦΕὺαγγελίου
3075 3057 3380 3124 ἐλήλυθεν
3400 3076 3413 3089 ·
3445 3058 3603 3112 ὥστε
3635 3057 3780 3126 τοὺς

2071 3151 2358 3215 πλείονας
2407 3146 2528 3200 τῶν
2566 3143 2850 3217 ἀδελφῶν
2893 3145 2963 3200 ἐν
3008 3149 3209 3216 Κυρίῳ
3246 3151 3612 3213 πεποιθότας
3653 3147 3780 3216 τοῖς

2071 3238 2318 3308 δεσμοῖς
2343 3256 2486 3308 μου,
2519 3237 2969 3308 περισσοτέρως
2994 3235 3229 3307 τολμᾷν
3274 3239 3512 3307 ἀφόϐως
3537 3237 3644 3292 τὸν
3683 3239 3781 3291 λό-

2073 3343 2183 3398 γον
2210 3327 2444 3379 λαλεῖν.
2479 3327 2574 3389 Τίς
2621 3321 2751 3385 εἶδε.
2793 3327 2878 3390 τίς
2911 3326 3167 3396 ἤκουσεν,
3217 3327 3298 3379 ὅτι
3349 3325 3526 3396 δεσμά
3576 3325 3781 3398 θάρσος

2075 3417 2242 3476 ποιεῖ,
2271 3416 2364 3468 καὶ
2400 3414 2591 3476 ἅλυσις
2619 3415 2935 3486 παρρησίαν
2961 3414 3280 3485 ἐργάζεται,
3309 3415 3372 3467 ού
3409 3414 3489 3484 τῷ
3509 3415 3781 3486 δεδεμένῳ

2080 3503 2260 3574 μόνον,
2293 3501 2429 3556 ἀλλά
2471 3503 2711 3567 καὶτοῖς
2756 3502 3263 3574 μαθητευομένοιςς
3307 3502 3447 3555 Ἀλλ’
3478 3504 3649 3573 ὅμως,
3690 3503 3781 3556 ὅτε

2075 3590 2251 3645 ταῦτα
2274 3592 2301 3630 ι’
2333 3592 2567 3660 ἐγίνετο,
2607 3591 2697 3644 διά
2742 3591 2851 3644 τῶν
2907 3590 3168 3644 ἐναντίων
3194 3591 3256 3644 τὸ
3295 3592 3562 3663 κήρυγμα
3593 3591 3779 3661 ᾔρετο,

2087 3681 2183 3733 καὶ
2221 3680 2271 3733 οἰ
2305 3680 2567 3750 μαθηταὶ,
2601 3679 2696 3736 τοῦ
2722 3679 3048 3734 διδασκάλου
3090 3678 3506 3750 πολεμουμένου
3537 3681 3631 3733 καὶ
3663 3682 3779 3733 ἐπι-

2080 3769 2472 3841 ϐουλευομένου
2497 3771 2592 3824 καὶ
2611 3770 3008 3842 δεσμουμένου,
3034 3770 3237 3841 μᾶλλον
3263 3769 3555 3842 ἐθάρρουν,
3579 3769 3781 3842 μᾶλλον

2077 3861 2367 3932 ἐσκίρτων,
2393 3861 2595 3932 μᾶλλον
2613 3862 2850 3932 ἐπήδων.
2872 3861 3210 3933 Ἐπῃνέσατε
3230 3861 3297 3915 τά
3321 3861 3592 3932 εἰρημένα
3616 3879 3630 3926 ;
3657 3864 3782 3913 Λοι-

2081 3950 2182 4004 πὸν
2217 3950 2593 4022 μιμησώμεθα
2620 3949 2719 4020 τὴν
2749 3949 3028 4021 ἀνδρείαν,
3059 3949 3398 4021 ζηλώσωμεν
3421 3950 3522 4022 τὴν
3553 3950 3779 4019 ἀρετὴν,

2080 4041 2176 4093 καὶ
2212 4039 2378 4110 μηδὲν
2419 4040 2569 4110 ἡμᾶς
2604 4039 2860 4098 πτοείτω,
2894 4037 3063 4108 μηδὲν
3101 4037 3403 4110 θορυϐείτω
3437 4037 3547 4090 τῶν
3580 4054 3781 4108 πείρα·

2083 4128 2237 4200 σμῶν
2260 4147 2271 4157 ·
2304 4127 2481 4182 ταῦτα
2524 4129 2631 4198 γὰρ
2674 4128 2904 4198 ειμματα
2931 4128 3028 4198 τῆς
3063 4126 3371 4192 εὐσεϐείας,
3395 4127 3569 4184 ταῦτα
3605 4126 3782 4198 πτερά

2081 4217 2179 4288 τῆς
2211 4217 2550 4287 φιλοσοφίας,
2587 4214 2764 4269 ταῦτα
2809 4216 3065 4287 ἰσχυροὺς
3109 4217 3205 4269 καὶ
3239 4215 3577 4287 ἀχειρὼτους
3611 4232 3785 4269 κατα·

2087 4307 2366 4372 σκευάζει,
2385 4306 2560 4360 ταῦτα
2583 4305 2805 4358 πλείονα
2827 4305 2962 4376 πρὸς
2978 4305 3071 4358 τὸν
3089 4305 3222 4360 Θεὸν
3243 4306 3430 4360 δίδωσι
3451 4307 3550 4377 τὴν
3571 4307 3785 4378 παρῤη·

2085 4397 2224 4457 σίαν,
2247 4396 2470 4467 μείζονα
2488 4397 2788 4448 ἐπισπᾶται
2811 4393 2907 4465 τὴν
2926 4392 3164 4457 εὔνοιαν,
3188 4393 3389 4465 πολλὴν
3403 4397 3784 4466 ἐπισκηνῶσαι

2083 4487 2230 4538 ποιεῖ
2253 4485 2351 4556 τὴν
2376 4484 2554 4555 χάριν.
2589 4485 2708 4538 ’Ὶνα
2739 4480 2830 4538 οῦν
2864 4483 3122 4537 ἀπάντων
3156 4483 3364 4536 τούτων
3393 4484 3780 4553 ἀπολαύωμεν,

2086 4573 2342 4644 φέρωμεν
2364 4571 2604 4637 ἅπαντα,
2645 4571 2972 4644 παρακαλῶ,
2998 4570 3067 4623 τά
3103 4572 3509 4642 συμπίπτοντα,
3537 4573 3624 4626 διά
3649 4573 3784 4626 πάν-

2085 4679 2192 4713 των
2213 4660 2304 4713 τὸν
2329 4661 2462 4713 Θεὸν
2489 4660 2826 4725 δοξάζοντες,
2844 4661 2924 4712 ὅτι
2950 4660 3100 4730 αύτῷ
3130 4649 3332 4729 πρέπει
3355 4660 3504 4727 δόξα,
3524 4661 3661 4732 τιμὴ
3688 4661 3784 4713 καί¹

2086 4747 2307 4815 κράτος,
2335 4747 2449 4815 άμα
2483 4746 2560 4817 τῷ
2592 4749 2874 4817 μονογενεῖ
2898 4745 3065 4800 αὑτοῦ
3097 4746 3211 4818 Υἱῴ
3237 4749 3332 4801 καὶ
3354 4747 3430 4818 τῷ
3453 4749 3595 4820 ἀγίῳ
3614 4748 3786 4802 Πνεύ-

2091 4852 2240 4904 ματι,
2259 4833 2352 4888 νῦν
2380 4836 2474 4886 καὶ
2495 4837 2601 4897 ἀεὶ,
2621 4836 2715 4889 καὶ
2733 4838 2814 4897 εἰς
2840 4837 2968 4899 τοὺς
2984 4835 3186 4900 αἰῶνας
3205 4836 3314 4889 τῶν
3331 4835 3565 4892 αἰώνων.
3585 4839 3781 4910 ’Δμήνο

2147 4923 2173 4950 ⁸
2203 4921 2450 4969 Mallbaeio
2478 4926 2696 4983 placeret
2721 4923 2961 4981 ἐπιϐολήν.

2147 4983 2178 5054 ξ
2227 4987 2514 5047 Suspicalur
2578 4985 2752 5035 Matth.
2802 4986 3072 5049 legendum
3125 4998 3287 5036 esse:
3342 4988 3448 5036 ἀλλ’
3491 4988 3623 5050 ὅμως
3673 4988 3785 5037 τότε

2084 5062 2237 5094 ταυτα
2246 5085 2253 5093 .

1852 5324 2098 5378 υΜῐΛίΑ
2137 5323 2218 5378 H'.

307 5434 424 5510 Τοῦ
452 5433 640 5510 αὐτοῦ
676 5436 880 5510 diali}:
912 5438 1200 5506 λεχθεῖσα
1240 5440 1310 5493 ἐν
1337 5440 1413 5509 τῇ
1457 5440 1758 5509 ἐκκλησίᾳ.
1787 5441 1861 5510 τῇ
1891 5442 1990 5495 ἐπὶ

371 5507 643 5583 Ιέαύλου,
690 5509 737 5558 Γ
741 5509 929 5583 ότθων
972 5507 1409 5578 ἀναγνόντων
1439 5515 1540 5568 καὶ
1578 5507 1988 5583 πρεσϐυτέρου

373 5579 423 5630 Γ
427 5579 604 5630 ότθου
632 5578 1175 5647 προομιλήσαντος.

375 5701 444 5748 a'.
491 5695 825 5768 Ἐϐουλόμην
855 5703 1104 5770 παρεῖναι
1131 5702 1400 5775 Ἕλληνας
1421 5707 1678 5777 τήμερον,
1710 5707 1850 5760 ὥστε
1880 5706 1991 5759 τῶν

309 5780 736 5854 ἀνεγνωσμένων
762 5787 992 5842 ἀκοῦσαι
1019 5793 1111 5843 καὶ
1140 5793 1328 5861 μαθεῖν
1362 5795 1502 5865 πόση
1530 5796 1622 5848 τοῦ
1650 5795 1993 5866 σταυρωθένο

310 5885 395 5933 τος
436 5873 469 5942 ἡ
515 5873 695 5945 ἰσχῦς,
734 5877 876 5948 πόση
920 5879 1013 5932 τοῦ
1048 5880 1279 5952 σταυροῦ
1322 5885 1354 5953 ὴ
1397 5881 1655 5955 δύναμις,
1693 5885 1835 5955 πόση
1879 5887 1979 5954 τῆς

2096 5437 2903 5512 Ἐκκλησίαςὴεῦγένεια,πόση
2928 5444 3028 5512 τῆς
3057 5441 3295 5503 πίστεως
3319 5441 3352 5511 ἡ
3378 5433 3613 5499 εὐτονία,
3639 5440 3784 5512 πόση

2089 5533 2188 5601 τῆς
2223 5531 2432 5598 πλάνης
2457 5532 2489 5599 ἡ
2511 5529 2764 5600 αἰσχύνη,
2799 5531 2965 5594 πόσος
2993 5530 3102 5582 τῶν
3129 5530 3400 5598 δαιμόνων
3423 5529 3451 5580 6
3481 5529 3676 5595 γέλως.
3703 5530 3786 5582 Τά

2094 5619 2193 5689 μὲν
2227 5620 2336 5691 γάρ
2363 5620 2470 5672 τῶν
2497 5619 2802 5689 φιλοσόφων
2833 5619 2925 5672 καῖ⁹
2958 5637 3033 5672 πα
3043 5619 3112 5690 ρά
3141 5622 3254 5682 τοῖς
3283 5617 3586 5687 ὁμοφώνοις
3616 5635 3786 5671 κατα-

2090 5707 2328 5770 λέλυται,
2355 5708 2422 5760 τὰ
2450 5707 2504 5761 δὲ
2542 5708 2787 5778 ἡμέτερα
2815 5709 2908 5760 καὶ
2941 5708 3091 5777 παρά
3125 5706 3551 5776 ἑτερογλώσσοις
3579 5704 3784 5776 πολλὴν

2093 5797 2206 5865 ἔχει
2240 5797 2467 5866 δύναμιν
2487 5815 2500 5826 ·
2539 5797 2633 5849 καὶ
2661 5797 2729 5848 τά
2757 5797 2856 5866 μὲν
2879 5797 3125 5866 ἀράχνης
3160 5794 3525 5866 εὐκολώτερον
3558 5793 3787 5850 διεσπά·

2091 5886 2213 5956 σθη,
2252 5885 2321 5939 τά
2350 5885 2405 5940 δὲ
2433 5884 2740 5955 ἀδάμαντος
2770 5884 3022 5955 στερρότε
3035 5901 3126 5954 ρον
3154 5883 3390 5954 πέπηγε.
