4124 6336
284 478 431 533 abiis
449 481 540 550 qui
564 482 813 553 ollisdem
841 484 1032 557 lingua:
1061 497 1236 552 erant.
1266 490 1539 563 confutata
1559 489 1748 552 fuere;
1783 502 1882 542 no-

278 577 391 623 stra
422 586 551 627 vero
576 575 736 627 etiam
764 578 902 645 apud
925 590 1213 633 extraneos
1240 582 1461 636 multam
1493 583 1599 637 vim
1631 582 1832 638 habent
1860 625 1873 639 .

277 668 338 715 et
372 661 457 715 illa
505 664 722 733 quidem
774 668 980 723 facilius
1019 686 1180 740 quam
1210 688 1425 727 aranea:
1470 674 1571 729 tela
1620 674 1877 745 dissignata

278 760 437 815 sunt;
470 752 585 809 ha-e
612 765 793 811 autem
821 756 1028 814 lirmius
1048 777 1208 831 quam
1231 763 1452 819 adamas
1477 765 1639 822 inﬁxa
1670 779 1815 821 sunt.

351 842 597 901 Barbare
621 859 793 919 gentes
819 850 889 904 ad
912 852 1067 919 [idem
1088 870 1342 912 conversa:
1373 857 1669 927 Scripturns
1694 861 1747 914 in
1773 862 1877 916 lin-

277 950 435 1006 guam
454 953 600 992 mm
616 944 1168 1003 converterunt.-Ubi
1190 959 1315 1002 sunt
1328 966 1470 1005 uutte
1495 951 1586 1005 illa
1618 952 1877 1020 Platonis,

282 1026 607 1100 Pythagora:
650 1041 707 1089 et
734 1049 922 1091 eorum
962 1038 1052 1109 qui
1098 1038 1329 1096 Athenis
1370 1046 1562 1101 erant?
1611 1046 1878 1103 exstincta

278 1129 427 1174 sunt.
478 1119 577 1179 Ubi
605 1134 730 1180 sunt
767 1126 855 1182 illa
888 1129 1213 1198 piscatorum
1240 1145 1295 1191 et
1324 1138 1678 1194 tentoriorum
1707 1140 1878 1195 artill-

275 1226 401 1265 eom
420 1211 445 1264 τ
463 1229 568 1269 non
600 1215 653 1270 in
681 1216 863 1273 Judzca
895 1222 1093 1289 solum,
1121 1224 1217 1280 sed
1242 1226 1403 1282 etiam
1426 1230 1567 1301 apud
1592 1230 1876 1290 barbaram

279 1304 541 1376 linguam,
566 1319 619 1363 ut
648 1306 809 1367 hodie
836 1313 1083 1379 audistis.
1109 1317 1446 1390 splendidius
1470 1340 1632 1395 quam
1660 1326 1741 1381 sol
1762 1328 1876 1395 ipse

277 1397 480 1467 fulgent
501 1400 818 1474 :ctScytlm
842 1414 896 1459 et
917 1406 1155 1465 Thraces
1175 1419 1229 1465 et
1257 1410 1520 1470 Sarmata:
1542 1426 1595 1472 et
1628 1416 1793 1472 Mauri
1820 1427 1877 1473 ct

277 1486 393 1543 Indi
422 1499 477 1546 et
501 1492 592 1562 qui
626 1492 693 1549 ad
734 1508 972 1553 extrema
1014 1500 1162 1556 orbis
1204 1504 1362 1560 sedes
1392 1505 1625 1571 habent.
1659 1510 1723 1564 iis
1751 1527 1873 1580 «μηδ

270 1583 476 1652 scripta
527 1597 653 1642 sunt
709 1587 763 1643 in
813 1591 1047 1659 linguam
1099 1609 1252 1651 suam
1305 1598 1602 1666 translatis,
1638 1602 1874 1672 philoso-

272 1671 509 1740 phantur
536 1694 549 1728 :
582 1677 719 1746 hac,
745 1679 980 1753 inquam,
1009 1699 1128 1755 qum
1141 1703 1209 1744 ne
1223 1703 1318 1758 per
1353 1671 1867 1766 somniumquidem

271 1764 549 1835 imaginati
577 1780 703 1825 sunt
731 1772 767 1827 ii
785 1814 803 1840 ,
834 1775 924 1845 qui
950 1777 1090 1846 apud
1119 1778 1340 1838 Graecos
1370 1781 1587 1840 barbam
1620 1764 1833 1856 gestant
1854 1832 1868 1856 ,

267 1868 326 1913 et
353 1860 596 1931 scipione
638 1880 735 1922 eos
760 1869 852 1939 qui
894 1871 1077 1929 sihiin
1123 1873 1239 1932 foro
1264 1892 1558 1936 occurrunt
1589 1896 1866 1950 amovent,

267 1951 359 2021 qui
378 1953 605 2022 capillos
623 1957 817 2027 capitis
838 1961 1061 2032 agitant.
1082 1964 1297 2023 leonum
1323 1972 1493 2041 magis
1510 1988 1668 2043 quam
1694 1975 1869 2031 homi-

267 2056 397 2095 num
431 2040 618 2100 faciem
648 2061 842 2119 prtese
870 2051 1124 2112 ferentes.
1156 2056 1260 2114 S'd
1294 2040 1475 2118 nostra
1506 2040 1612 2120 non
1639 2078 1767 2123 sunt
1792 2070 1865 2124 si-

266 2132 448 2198 milia;
479 2150 579 2192 nec
608 2136 662 2193 in
695 2141 913 2210 vestitu,
938 2146 1033 2201 sed
1058 2146 1110 2203 itt
1142 2155 1497 2223 temperantia
1527 2158 1864 2229 philosophia

263 2225 366 2279 sita
398 2237 503 2282 est.
531 2228 663 2285 Nam
690 2236 948 2292 meretrix
982 2240 1223 2310 quident.
1266 2255 1452 2316 utpote
1481 2225 1602 2321 quae
1634 2256 1864 2313 naturali

263 2328 374 2370 non
396 2318 595 2388 gaudet
615 2323 1034 2397 pulchritudine,
1057 2332 1198 2400 fuco,
1220 2335 1466 2405 picturis,
1496 2318 1690 2400 vestitu
1718 2347 1862 2416 albo,

261 2408 491 2479 aliisque
507 2411 772 2471 similibus
788 2421 1015 2488 artibus,
1042 2440 1201 2480 manu
1224 2432 1605 2489 concinnatam
1622 2437 1722 2492 sibi
1741 2454 1865 2495 con-

258 2498 409 2555 ciliat
436 2500 686 2569 fortnam,
723 2510 1025 2568 naturalem
1067 2515 1396 2577 obumbrans
1417 2522 1816 2585 deformitatem
1850 2549 1863 2586 :

257 2604 382 2661 qua:
416 2607 546 2649 vero
579 2610 647 2652 ex
678 2610 867 2655 natura
892 2601 1130 2662 formosa
1163 2618 1270 2674 est,
1300 2615 1534 2683 gratiosa
1563 2630 1617 2675 et
1665 2621 1864 2679 nobilis

257 2682 687 2748 puella,-natur:n
714 2691 915 2748 donum
945 2698 1145 2754 nudtnn
1170 2682 1321 2770 sinit,
1348 2715 1405 2760 ut
1431 2723 1528 2777 per
1544 2726 1604 2767 se
1630 2728 1861 2771 concer-

259 2779 358 2837 tct.
382 2788 489 2828 non
522 2776 763 2849 indigens
794 2784 1069 2843 similibus
1097 2792 1347 2862 auxiliis;
1379 2797 1475 2852 sed
1506 2800 1595 2856 illa
1612 2802 1855 2874 depellit,

256 2877 328 2919 ne
350 2868 647 2925 naturalem
677 2870 904 2930 formam
935 2877 1239 2950 huiusmodi
1269 2901 1367 2943 ceu
1395 2890 1715 2950 velamentis
1757 2897 1857 2952 ob-

254 2966 460 3011 scuret.
491 2959 603 3015 lloe
625 2975 679 3017 et
695 2964 746 3018 in
777 2966 1036 3035 Ecclesia,
1054 2983 1106 3029 et
1121 2976 1260 3046 apud
1274 2988 1533 3039 externos
1549 2986 1729 3044 videre
1749 3000 1852 3045 θαι.

256 3043 336 3101 llli
358 3049 504 3105 enim
525 3066 649 3109 cum
674 3061 971 3116 naturalem
999 3043 1457 3135 pulchritudinem
1476 3092 1581 3132 non
1601 3043 1853 3152 habeant,

253 3153 432 3211 neque
465 3144 663 3213 pietate
692 3164 816 3207 sese
844 3168 1037 3212 ornare
1066 3162 1298 3230 possint,
1345 3168 1541 3239 lingua:
1571 3174 1813 3234 facundia
1836 3221 1851 3245 .

252 3232 436 3289 verbis
463 3241 689 3295 tet-natis
714 3242 1122 3319 dictionumque
1145 3261 1555 3327 compositione.
1576 3281 1640 3321 ac
1660 3270 1849 3339 contis,

251 3325 497 3383 vestibus
526 3339 582 3385 et
609 3332 731 3388 aliis
760 3337 1083 3406 quibusdam
1116 3359 1176 3405 se
1197 3325 1558 3412 enimut-stare
1592 3360 1809 3416 student
1834 3381 1848 3417 :

250 3420 395 3488 apud
429 3435 529 3478 nos
558 3434 737 3482 autem
770 3445 874 3486 non
906 3433 975 3487 ita
997 3476 1012 3499 .
1044 3436 1142 3492 sed
1173 3439 1289 3497 haec
1316 3447 1494 3502 omnia
1527 3454 1851 3521 repellentes

248 3517 308 3564 et
328 3520 616 3570 externum
669 3516 862 3575 fastum
903 3526 1253 3596 repudiantes
1308 3539 1513 3603 nostri,
1548 3516 1848 3603 naturalem

246 3602 509 3662 exhibent
568 3610 1055 3687 pulchritudinem;
1105 3638 1211 3680 non
1263 3626 1495 3701 linguam
1544 3650 1845 3711 acuentes,

248 3711 358 3752 non
384 3698 703 3772 elegantiam
731 3712 998 3767 sermonis
1018 3725 1297 3787 captantes
1316 3764 1331 3790 ,
1356 3727 1452 3781 sed
1482 3728 1534 3784 in
1560 3738 1853 3791 sentcntia-

246 3804 367 3846 rum
391 3792 588 3851 virtute
608 3799 1071 3875 philosophantes,
1092 3819 1252 3881 atque
1276 3832 1337 3872 ex
1358 3833 1581 3889 operum
1602 3832 1851 3902 exemplo

243 3891 302 3937 et
324 3900 391 3938 ex
429 3901 681 3947 accurato
708 3893 830 3950 vitze
874 3899 1120 3959 instituto
1147 3907 1535 3969 inhabitantem
1581 3919 1633 3974 in
1662 3937 1723 3979 se
1756 3925 1847 3982 llci

246 3982 474 4052 gratiam
516 4002 613 4057 per
650 4003 841 4049 omnes
868 3999 1182 4067 praedicant.
1216 4004 1341 4063 Ideo
1366 4010 1528 4068 etiam
1562 4032 1667 4073 non
1697 4021 1849 4079 habi-

247 4079 410 4128 tatum
449 4078 611 4135 modo
652 4090 849 4140 terram
878 4128 893 4151 .
940 4091 1036 4145 sed
1066 4093 1456 4169 inhabitatum;
1502 4122 1608 4163 non
1649 4120 1844 4172 terram
1906 4112 1913 4117 ’

243 4163 441 4231 solum,
462 4167 556 4223 sed
576 4172 735 4226 etiam
763 4192 944 4247 mare;
975 4198 1079 4238 non
1110 4186 1269 4243 urbes
1298 4201 1532 4264 tantum,
1562 4202 1657 4258 sed
1682 4206 1843 4264 etiam

244 4266 488 4321 montes.
530 4262 696 4319 colles
738 4276 791 4322 et
821 4270 1014 4340 valles;
1060 4292 1167 4334 non
1196 4280 1459 4343 Grmciam
1504 4262 1702 4364 modo,
1747 4300 1843 4357 sed

241 4348 404 4403 etiam
445 4350 702 4411 barbaras
742 4361 1018 4430 nationes;
1069 4384 1177 4428 non
1220 4389 1316 4433 eos
1360 4381 1447 4451 qui
1485 4382 1540 4439 in
1583 4348 1843 4460 dignitate

243 4447 482 4511 tantum,
514 4446 609 4502 sed
649 4459 705 4505 et
740 4466 834 4509 eos
860 4457 951 4526 qui
984 4461 1035 4514 in
1064 4473 1303 4525 extrema
1345 4446 1689 4549 paupertate;
1735 4501 1841 4545 non

239 4532 389 4588 viros
413 4535 587 4592 solum
608 4580 625 4605 .
657 4542 751 4597 sed
780 4546 942 4605 etiam
973 4554 1253 4625 mulieres;
1283 4578 1391 4620 non
1418 4582 1578 4625 senes
1601 4582 1804 4635 tantum
1827 4623 1841 4645 ,

239 4621 334 4645 --.Ι
363 4625 514 4645 ΑΗΔ-μ
554 4628 568 4645 ί
614 4644 619 4645 ν
654 4643 663 4645 -
807 4644 811 4645 ⁷

235 4621 334 4677 sed
357 4625 520 4681 etiam
548 4628 772 4697 juvenes
800 4644 1068 4710 tamquam
1099 4660 1292 4718 sagena
1324 4670 1604 4725 ceperunt.
1637 4664 1747 4723 Nec
1774 4685 1841 4726 eo

235 4727 410 4787 usque
432 4725 637 4777 tantum
660 4766 678 4789 .
724 4728 819 4783 sed
863 4734 1024 4789 etiam
1058 4739 1282 4799 ulterius
1310 4762 1728 4828 processerunt,
1783 4772 1839 4819 ct

231 4914 362 4954 num
399 4914 461 4958 se
488 4908 853 4979 contulerunt,
875 4915 1239 4994 barbarosque
1270 4931 1515 5001 regiones
1542 4948 1597 4994 et
1624 4941 1835 5003 Britan-

231 4990 385 5048 nicas
414 4994 617 5055 insulas
644 5001 697 5056 in
722 5006 926 5064 retibus
954 5012 1067 5068 suis
1094 5016 1426 5079 incluserunt
1448 5046 1462 5083 :
1483 5038 1539 5085 et
1566 5050 1830 5101 quocum-

227 5096 336 5153 que
359 5086 473 5155 jam
503 5088 732 5163 abieris,
777 5098 1104 5169 piscatorum
1135 5114 1349 5170 nomina
1381 5118 1431 5173 in
1462 5125 1701 5182 omnium
1732 5146 1831 5188 ore

228 5172 360 5233 ferri
390 5178 634 5250 videbis;
666 5202 774 5245 non
806 5205 1026 5265 propter
1051 5201 1378 5270 piscatorum
1412 5212 1664 5273 virtutem
1686 5261 1700 5284 ,
1731 5224 1826 5279 sed

229 5282 452 5341 propter
478 5274 734 5335 Crueilixi
780 5289 1103 5355 potentiam,
1146 5310 1266 5367 qua:
1293 5301 1488 5373 ubique
1529 5274 1825 5378 ipsis

228 5374 645 5441 monstraverat,
676 5382 838 5447 atque
862 5379 1053 5440 idiotas
1085 5385 1417 5461 philosophis
1447 5400 1823 5473 sapientiores,

228 5467 275 5511 ct
298 5458 581 5519 illiteratos
598 5470 871 5541 magisque
890 5487 1065 5533 mutos
1088 5495 1247 5551 quam
1278 5488 1471 5557 pisces,
1497 5494 1823 5569 rhetoribus,

225 5554 530 5612 oratoribus
558 5567 611 5613 ct
638 5563 897 5631 sophistis
923 5572 1208 5632 solidiores
1236 5554 1559 5640 reddiderat.
1592 5590 1668 5644 Ne
1693 5608 1823 5664 ergo

218 5646 338 5713 qnis
369 5662 521 5719 putet
549 5652 601 5708 id
635 5657 824 5724 pudori
851 5677 970 5720 esse
1002 5666 1275 5736 Ecclesize,
1308 5678 1450 5746 quod
1478 5646 1737 5742 barbaros

216 5737 393 5796 medio
420 5755 650 5815 surgere
669 5757 721 5803 et
753 5750 896 5823 loqui
922 5764 1337 5829 prteceperimus
1369 5787 1381 5823 :
1418 5770 1519 5826 hoc
1544 5776 1687 5830 enim
1719 5777 1823 5834 Ee-

212 5827 393 5889 elesia:
414 5848 646 5894 ornatus
664 5853 716 5897 et
733 5844 915 5913 decor,
937 5850 1050 5905 luce
1076 5854 1465 5920 demonstratio
1492 5877 1573 5921 est
1602 5868 1815 5931 virtutis

552 5950 829 6019 Ps‘rttoL.
876 5965 992 6026 (in.
1046 5968 1264 6036 LXIII.

868 342 981 402 Vill
1021 344 1327 412 llOSllLlA,
1372 348 1624 405 HABITA
1668 348 2039 419 POSTQUAM
2084 354 2497 418 PRESBYTER
2536 357 2837 433 GO‘l‘llUS.
2880 369 3035 429 E‘I‘C.

3472 380 3598 441 ‘50!

1992 499 2115 555 qtae
2153 488 2207 546 in
2239 491 2343 547 lide
2368 496 2471 551 sita
2496 509 2578 553 est
2613 519 2625 555 ι
2658 502 2760 558 hoc
2788 515 2842 559 et
2864 507 3130 579 Propheta
3170 513 3300 571 olim
3337 532 3593 588 praenun-

1992 579 2165 648 tians,
2231 583 2447 642 dicebat
2479 608 2494 645 :
2528 591 2649 647 Non
2695 605 2816 650 sunt
2863 599 3079 669 loquela:
3115 622 3276 675 neque
3315 627 3594 679 mones.

1987 685 2205 738 quorum
2224 691 2328 731 non
2356 682 2637 738 audiantur
2667 703 2810 742 voces
2840 708 3016 749 eorum
3046 712 3067 749 :
3092 697 3145 751 iu
3174 716 3593 763 omnetn‘terrum

1988 764 2142 819 exivit
2169 783 2326 824 sonus
2350 786 2523 829 eorum
2544 816 2559 841 ,
2596 788 2644 830 rt
2668 779 2720 832 in
2746 782 2877 849 lines
2902 786 3039 842 orbis
3067 799 3219 847 terra:
3244 796 3393 852 verba
3416 815 3595 856 eorum

1986 854 2160 925 (Ptol.
2198 860 2285 917 l8.
2318 865 2371 920 4.
2403 866 2481 937 5).
2514 868 2626 926 Hoc
2650 882 2705 928 ct
2724 877 2863 934 alius
2888 896 3102 938 rursum
3128 885 3443 960 declarans,

1986 949 2362 1011 subiudicabat
2391 961 2600 1031 verbis,
2653 966 2843 1024 dicens
2875 989 2891 1027 :
2923 972 3063 1044 Lupi
3086 988 3134 1032 et
3162 983 3288 1052 agni
3310 949 3471 1043 sintut

1984 1052 2225 1113 secatur,
2257 1060 2305 1104 et
2335 1055 2528 1121 pardus
2551 1060 2771 1128 quiescet
2798 1080 2916 1119 cum
2947 1068 3130 1140 laede,
3162 1084 3210 1130 et
3238 1075 3318 1132 leo
3346 1078 3478 1138 sicut
3491 1052 3592 1142 bos

1982 1138 2208 1191 cotmdet
2230 1142 2423 1208 paleas
2466 1144 2621 1215 (luti.
2641 1152 2731 1208 65.
2763 1154 2858 1227 25)
2894 1177 2909 1214 :
2942 1175 3048 1218 non
3085 1138 3155 1221 de
3198 1166 3476 1241 leonibus.

1980 1226 2167 1295 agnis,
2194 1230 2262 1285 de
2289 1235 2473 1303 pardis
2491 1280 2506 1303 ,
2548 1241 2617 1297 de
2644 1242 2813 1304 laedis
2844 1250 3072 1323 loquens
3089 1298 3105 1325 ,
3133 1259 3230 1316 sed
3258 1226 3588 1339 nobis—pra;

1986 1319 2241 1375 numiaos
2258 1333 2315 1379 et
2343 1327 2652 1398 significans
2688 1336 2807 1395 fore
2829 1352 2883 1396 ut
3002 1319 3128 1417 pars
3158 1319 3591 1432 hominumqu

1986 1408 2098 1432 re”:
2132 1429 2145 1432 μ
2197 1431 2200 1432 ν
2283 1428 2293 1432 -
2353 1420 2365 1431 ⁸
2685 1430 2694 1432 ⁴

3002 1408 3017 1417 -
3240 1408 3437 1414 ”""""
3466 1408 3591 1432 1""

1982 1408 2153 1467 ferina
2184 1428 2319 1484 erat,
2351 1420 2404 1475 in
2426 1438 2544 1481 eam
2576 1430 2756 1485 veniat
2785 1441 3255 1501 mansuetudinem
3279 1462 3376 1519 per
3393 1456 3592 1523 pra'di-

1980 1505 2209 1563 cationis
2236 1510 2632 1584 philosophiam
2661 1534 2979 1595 temperata.
2998 1532 3069 1589 ita
3099 1545 3158 1591 ut
3184 1552 3308 1595 eum
3336 1558 3587 1606 mansuc-

1981 1594 2049 1651 tis
2074 1605 2129 1653 et
2148 1601 2452 1662 utilissimis
2473 1610 2603 1667 viris
2622 1594 2929 1676 conveniat.
2959 1624 3028 1679 Et
3058 1626 3160 1684 hoc
3191 1628 3352 1692 hodie
3370 1638 3584 1708 videtis,

1978 1703 2075 1744 eos
2131 1708 2347 1764 nempe,
2397 1700 2487 1770 qui
2541 1719 2652 1773 pra:
2702 1714 2955 1769 otnnilms
3005 1716 3317 1783 hominibus
3368 1700 3587 1791 barbari

1977 1792 2162 1847 erant.
2188 1799 2310 1843 cum
2370 1786 2632 1851 Ecclesia:
2662 1800 2854 1861 ovibus
2883 1816 3121 1880 stantes,
3151 1815 3454 1893 iisdemque
3484 1840 3585 1895 pa-

3108 1873 3119 1880 ,
3271 1873 3451 1893 ηνκτ--
3484 1873 3548 1895 ,τ

1978 1873 2121 1927 senis
2147 1885 2311 1946 atque
2339 1882 2529 1941 eadem
2558 1890 2709 1947 eaula
2741 1906 2975 1965 utentes,
3008 1920 3282 1981 unamque
3323 1916 3584 1977 omnibus

1977 1966 2279 2033 appositam
2310 1987 2579 2035 mensam.

2046 2056 2101 2110 2.
2143 2058 2479 2123 Erubescant
2500 2070 2671 2130 Judzei
2688 2115 2705 2143 ,
2728 2080 3024 2149 quiliteras
3051 2087 3258 2163 legunt,
3282 2105 3336 2153 et
3359 2112 3581 2159 sensum

1977 2144 2227 2217 ignorant
2260 2170 2274 2205 :
2305 2172 2416 2227 ιιι-ω
2434 2163 2640 2230 pudore
2670 2144 3010 2243 se-obtegaut

2889 2240 2899 2243 _
3030 2240 3060 2251 ν
3313 2240 3396 2261 τ-.
3428 2240 3581 2253 .--...

1972 2240 2133 2295 solari
2159 2245 2445 2306 clariorem
2478 2255 2660 2313 vident
2688 2263 2971 2324 veritatem
3016 2272 3434 2351 splendentem,
3485 2290 3581 2358 qui

1973 2327 2239 2358 'n-.:.':I_-.-
2270 2340 2374 2358 ___’
2398 2341 2411 2358 I
2492 2354 2503 2358 _
2799 2354 2810 2358 -

3049 2327 3067 2343 π
3116 2327 3124 2328 κ
3140 2327 3398 2338 —v—-—---VI'I
3417 2327 3434 2351 ν
3488 2327 3581 2358 δι’..

1972 2327 2240 2398 lapidibus
2266 2340 2506 2399 assident
2526 2387 2540 2410 ,
2586 2358 2640 2403 et
2671 2354 2921 2411 tenebras
2943 2374 3247 2433 sequuntur
3277 2387 3291 2426 :
3318 2372 3582 2442 glorietur

1972 2422 2012 2442 π
2025 2439 2040 2442 -
2057 2425 2094 2442 -Ι
2162 2428 2174 2439 ⁸
2521 2438 2533 2442 “

1970 2422 2231 2497 Ecclesia,
2249 2446 2369 2500 qua:
2396 2438 2534 2506 apud
2562 2456 2751 2500 omnes
2777 2447 2943 2521 fulget
2962 2466 3019 2510 et
3044 2458 3245 2516 evolat.
3264 2463 3417 2523 Sicut
3431 2470 3577 2529 cuitu

1969 2517 2050 2572 sol
2078 2527 2380 2581 communia
2407 2540 2490 2585 est
2516 2542 2572 2588 et
2601 2546 2741 2593 terra
2772 2550 3074 2605 communis
3096 2592 3115 2619 ,
3145 2562 3206 2611 ut
3249 2567 3305 2614 et
3345 2577 3496 2621 mare
3522 2579 3581 2624 et

1967 2624 2063 2665 aer
2100 2629 2113 2665 :
2148 2614 2248 2682 sic,
2285 2629 2340 2674 et
2371 2624 2540 2679 multo
2566 2631 2735 2700 magis
2773 2637 2920 2692 verbi
2956 2643 3270 2709 praedicatio
3311 2650 3452 2712 facta
3494 2669 3581 2717 est

1966 2710 2269 2765 Communis
2300 2729 2313 2765 :
2350 2714 2579 2789 ideoque
2610 2722 2806 2783 Paulus
2832 2729 3046 2791 dicebat
3075 2755 3091 2791 :
3124 2738 3194 2797 Ut
3214 2710 3578 2822 aliquem—{tui

1965 2807 2105 2851 ctum
2143 2800 2359 2861 habeam
2401 2819 2447 2863 et
2478 2812 2530 2866 iu
2561 2816 2735 2885 vobis.
2776 2824 2909 2879 sicut
2936 2839 2985 2882 et
3018 2830 3072 2886 in
3098 2800 3574 2913 ceteris'gentibus.

1968 2885 2155 2913 p_____.,
2220 2912 2223 2913 ν
2311 2898 2324 2913 .
2405 2902 2418 2913 .
2499 2905 2510 2913 .
2692 2911 2700 2913 .

1967 2885 2160 2948 (ἐνατία
2204 2912 2266 2949 ac
2304 2898 2555 2973 barbaris,
2586 2911 2898 2981 sapientibus
2924 2930 2971 2975 et
2996 2885 3352 2997 insipientibu:
3378 2936 3577 2999 debitor

1964 2998 2078 3037 sum
2108 3002 2127 3039 :
2152 2988 2225 3043 ita
2250 3001 2296 3044 ct
2325 2994 2377 3047 in
2406 3014 2486 3050 me
2507 3016 2799 3075 promptum
2824 3023 2899 3066 est
2928 3025 2977 3069 ct
3002 3017 3055 3073 iu
3085 3022 3225 3078 vobis
3243 3067 3259 3092 ,
3292 3031 3379 3097 qui
3394 3029 3577 3090 Roma:

1965 3079 2116 3146 estis,
2170 3089 2517 3158 erangelizare
2546 3094 2722 3165 (Rom.
2762 3102 2811 3157 l.
2840 3104 3060 3181 15-15).
3109 3113 3175 3170 Et

1964 3171 2008 3222 si
2040 3170 2091 3227 in
2120 3173 2297 3243 Novo,
2351 3185 2568 3252 quando
2607 3192 2770 3248 etiam
2824 3196 2876 3252 in
2911 3170 3085 3260 Veteri

1965 3260 2097 3317 Nam
2130 3269 2333 3336 primus
2354 3284 2408 3329 et
2439 3275 2699 3338 Ecclesia:
2724 3295 2780 3341 et
2809 3288 3108 3367 Synagogte
3140 3260 3474 3376 pr'ogenitor,
3506 3310 3540 3367 il
3560 3345 3572 3355 -

1965 3353 2108 3376 ,ην
2241 3362 2291 3376 ..
2603 3374 2612 3376 μ

2848 3353 2866 3361 _
2956 3353 2985 3364 ν
3027 3353 3056 3367 ν
3140 3353 3189 3370 ,ν
3238 3353 3474 3376 chum,

1964 3353 2137 3415 lorum
2164 3362 2381 3432 quidem
2412 3374 2708 3436 secundum
2739 3394 2984 3453 carnem,
3017 3394 3188 3449 nostri
3223 3412 3352 3456 vero
3372 3415 3574 3460 Secun-

1960 3446 2086 3504 dum
2131 3454 2411 3525 spiritum.
2470 3462 2732 3526 barbarus
2768 3484 2883 3531 erat
2926 3488 2981 3533 et
3021 3497 3086 3537 ex
3129 3488 3305 3544 media
3347 3492 3571 3555 Perside

1966 3535 2053 3555 ,η
2102 3540 2114 3555 .
2175 3552 2183 3555 -
2452 3553 2461 3555 -

1959 3535 2275 3611 ducebatur,
2326 3553 2633 3619 patriarcha
2679 3578 2874 3636 nempe
2918 3571 3243 3635 Abraham:
3288 3593 3346 3640 et
3391 3603 3569 3661 neque

1959 3630 2143 3661 lin“..-
2172 3639 2377 3661 ,..--μη
2397 3654 2410 3661 -
2815 3658 2827 3661 -

2810 3630 2823 3636 _
3180 3630 3192 3633 -
3229 3630 3242 3635 -
3293 3630 3346 3640 --
3391 3630 3569 3661 .....,....

1959 3630 2145 3691 literas
2172 3639 2436 3711 audierat,
2464 3664 2645 3722 neque
2676 3658 2976 3730 prophetia:
3004 3672 3274 3743 particeps
3302 3688 3441 3746 erat,
3465 3698 3569 3741 nec

2777 3724 2791 3730 -
3004 3724 3018 3737 υ
3132 3724 3272 3743 νί-ιντ
3305 3724 3441 3746 """
3465 3724 3569 3741 "“V

1958 3724 2047 3795 qui
2070 3741 2129 3782 se
2149 3729 2374 3791 doceret
2401 3737 2656 3812 habebat,
2683 3762 2784 3806 nee
2812 3752 3094 3815 historiam
3117 3765 3358 3826 audierat
3386 3789 3400 3840 ;
3432 3791 3570 3833 nou-

1961 3816 2081 3840 -Ι---..
2133 3837 2145 3840 -
2197 3824 2209 3836 ’
2555 3835 2601 3840 ““

1958 3816 2085 3873 dum
2122 3824 2267 3880 enim
2303 3843 2531 3890 vent-rat
2554 3835 2805 3910 Moyses;
2835 3860 2937 3903 nec
2962 3854 3240 3926 quidpiam
3267 3877 3298 3919 a
3329 3816 3569 3938 tnbjori-o

1960 3907 2057 3938 1...-
2105 3915 2270 3938 4:11--
2316 3930 2361 3938 _.

1960 3907 2058 3964 bus
2101 3915 2397 3989 didicerat,
2430 3941 2608 3997 neque
2645 3907 2712 3989 ea
2756 3907 2879 4009 qua:
2920 3907 3043 4014 post
3091 3907 3152 4007 se
3194 3952 3373 4015 futura
3410 3907 3570 4023 grant

1958 4004 2185 4064 edoctus
2217 4012 2421 4085 fucrat;
2468 4024 2563 4078 sed
2602 4026 2656 4081 in
2686 4004 2862 4089 media
2891 4004 3179 4101 l;ersarum
3211 4047 3432 4122 regione
3463 4075 3565 4115 na-

1958 4102 2044 4151 tus
2072 4109 2123 4154 et
2166 4102 2461 4178 educatus,
2513 4114 2585 4171 ita
2627 4133 2852 4191 repente
2894 4102 3303 4208 [.ltilosOpbatu:
3333 4158 3453 4217 est,
3506 4164 3567 4209 ιιι

1958 4193 2112 4217 Αιζ-...-
2140 4194 2271 4217 Μ-μρ
2295 4201 2340 4217 In
2410 4215 2417 4217 Α
2614 4214 2626 4217 -

2894 4193 2907 4200 -
3112 4193 3124 4208 .
3205 4193 3302 4199 ηπ-
3336 4193 3453 4217 ...,
3508 4193 3567 4209 ...

1953 4193 2115 4248 ctiam
2138 4194 2271 4253 Novi
2295 4201 2626 4269 Teseunenti
2651 4217 2813 4272 multa
2838 4237 3243 4300 prmoecuparet
3265 4252 3571 4315 przceepta,

1953 4293 2002 4315 nl
2036 4300 2131 4315 nn.-
2162 4305 2319 4315 ...-.----
2357 4310 2403 4315 __
2430 4297 2443 4315 1
2470 4300 2502 4315 -ι
2691 4306 2735 4315 ...
2835 4312 2845 4315 -

1952 4293 2008 4339 et
2036 4300 2131 4354 per
2160 4305 2324 4361 opera
2350 4297 2658 4360 exhiberet.
2690 4306 2905 4369 Etenim
2929 4293 3116 4387 jussus
3153 4293 3336 4399 egredi
3358 4349 3425 4390 ex
3446 4293 3563 4409 ΙρειΣ

1970 4379 2069 4409 ιρις..
2157 4392 2205 4409 Α·
2249 4384 2460 4409 ιΙλ--υψ
2528 4399 2541 4409 ‘

1970 4379 2069 4429 tria
2090 4420 2105 4443 ,
2154 4392 2210 4436 et
2246 4384 2465 4445 domum
2506 4399 2761 4457 deserere
2783 4413 2842 4462 et
2867 4410 3072 4468 amicos
3096 4424 3148 4471 et
3176 4379 3436 4492 cognatos
3456 4379 3559 4496 ,rbt

3222 4474 3435 4492 sm---
3456 4474 3472 4496 ,
3504 4474 3559 4488 ...

1948 4474 2134 4528 venire
2162 4474 2214 4531 in
2230 4477 2461 4538 alienam
2494 4496 2713 4560 terram,
2746 4498 2879 4554 nihil
2912 4518 3102 4573 passus
3123 4523 3208 4569 est
3234 4514 3559 4594 humanum,

1948 4578 2122 4594 lunt-nn
2157 4583 2217 4594 Α..
2247 4572 2433 4594 -“Α-.η
2489 4578 2502 4594 I
2547 4590 2555 4594 -

1948 4578 2122 4633 neque
2154 4583 2218 4622 cx
2245 4572 2438 4630 all'ectu
2468 4578 2722 4641 detentus
2752 4600 2857 4656 081,
2884 4610 3060 4669 neque
3085 4608 3228 4675 apud
3260 4625 3321 4668 se
3348 4572 3557 4689 Cngila:

1948 4656 2016 4689 ι-ἰι
2049 4672 2095 4689 ...
2133 4661 2264 4689 ,ιτ-τ.
2294 4684 2306 4689 -
2336 4670 2459 4689 ηηη
2621 4677 2667 4689 .-

1946 4656 2019 4709 κ-ίι
2048 4672 2099 4712 et
2131 4661 2268 4720 dixit
2294 4684 2306 4720 :
2335 4670 2467 4737 Quae
2490 4677 2773 4736 manifesta
2805 4694 2861 4741 et
2885 4656 3031 4747 clara
3060 4656 3188 4755 suitt
3218 4656 3555 4780 relinqtrens.

1948 4749 2012 4780 ml
2045 4752 2243 4780 :..n-...-
2289 4769 2332 4780 -.
2372 4762 2412 4780 ,u
2858 4778 2869 4780 _

3071 4749 3080 4750 κ
3100 4749 3187 4755 -η,
3218 4749 3370 4761 -..-...ι
3398 4749 3555 4778 ιιι-ιδ.

1946 4749 2012 4801 ad
2045 4752 2246 4811 incerta
2280 4769 2337 4815 et
2362 4762 2587 4823 obseura
2618 4787 2706 4829 me
2738 4778 3065 4840 conferam?
3114 4792 3211 4849 sed
3251 4749 3412 4857 tidem
3459 4804 3557 4862 ha-

3115 4840 3211 4849 -ν-
3251 4840 3412 4857 σ-υιιιι
3459 4840 3556 4862 "Il.

1946 4840 2079 4898 hens
2107 4846 2205 4904 vite
2242 4850 2473 4923 ducem,
2521 4868 2576 4915 et
2616 4862 2711 4920 Dei
2753 4873 3175 4939 promissionem
3222 4904 3321 4957 pro
3359 4893 3556 4956 baculo

1943 4948 2228 4997 assumens
2252 4984 2267 5005 ,
2302 4960 2421 5015 qua:
2449 4963 2562 5018 pra:
2592 4958 2841 5016 ulantibus
2866 4962 3099 5026 habebat
3129 4948 3382 5050 reliquit;
3426 5002 3550 5059 qua:

1943 5041 2073 5084 vero
2101 5032 2154 5087 in
2185 5048 2284 5105 spe
2310 5079 2323 5102 ,
2352 5046 2563 5113 accepit
2608 5068 2621 5102 :
2668 5054 2868 5111 etenim
2899 5069 2952 5115 et
2982 5068 3278 5127 secundum
3307 5073 3411 5134 boe
3426 5032 3545 5139 lic-

1940 5120 2122 5179 cli-site
2153 5131 2466 5199 progenitor
2505 5134 2625 5193 fuit.
2671 5142 2802 5199 Nam
2834 5158 2888 5204 et
2914 5168 3013 5208 nos
3037 5156 3294 5225 jubemur
3318 5184 3408 5226 res
3438 5187 3547 5230 8:1:-

1938 5213 2149 5274 cnlares
2188 5220 2471 5292 despicere
2514 5241 2569 5286 et
2614 5247 2930 5311 extraneas.
2975 5257 3031 5303 et
3070 5252 3140 5308 ad
3191 5260 3399 5318 occulta
3448 5282 3548 5338 spe

1938 5306 2216 5338 ἒ..ί,....1,...Δ
2307 5328 2349 5338 -.
2396 5320 2424 5338 n
2451 5321 2465 5338 ι
2595 5336 2603 5338 -

1937 5306 2251 5381 intendere,
2299 5328 2355 5374 et
2396 5320 2555 5380 fidem
2590 5336 2775 5387 tenere
2802 5350 3058 5396 ancoram
3084 5347 3276 5408 salutis
3316 5306 3542 5429 nostra:

1937 5412 1984 5429 nl
2020 5404 2105 5429 ill-
2142 5422 2379 5429 --__s_,_
2435 5413 2487 5429 II
2641 5421 2652 5429 .
2772 5424 2801 5429 _

1936 5412 1987 5454 et
2020 5404 2109 5458 illa
2137 5422 2406 5478 qmerere.
2435 5413 2561 5472 Ideo
2581 5421 2745 5475 etiam
2772 5424 2970 5487 Paulos
2991 5433 3203 5496 dicebat
3233 5445 3380 5518 περι
3406 5404 3543 5511 eicio;

1934 5502 2064 5555 salvi
2094 5505 2218 5574 {acti
2246 5524 2423 5567 sumus
2458 5529 2477 5565 :
2518 5532 2633 5588 spes
2673 5532 2845 5579 autem
2877 5543 2992 5597 qua:
3017 5531 3238 5606 videtur,
3275 5542 3392 5615 jam
3435 5565 3541 5607 non

1934 5605 2007 5648 est
2053 5613 2169 5665 spes
2206 5600 2386 5668 (Rom.
2418 5605 2473 5662 8.
2504 5607 2598 5681 2i)
2628 5624 2720 5668 :et
2752 5632 2999 5686 rursum,
3032 5622 3101 5678 Id
3119 5600 3253 5685 enim
3273 5600 3297 5699 ζ

1934 5692 2175 5754 prementi
2199 5704 2271 5747 est
2305 5710 2710 5758 momentnnettm
2735 5717 2783 5761 et
2823 5709 2929 5766 leve
2950 5714 3294 5780 tribulationis
3314 5740 3526 5799 nostra,

1931 5796 2090 5848 supra
2124 5785 2332 5840 modum
2371 5791 2425 5844 in
2470 5793 2781 5855 sublimitate
2818 5812 3063 5862 internum
3101 5811 3284 5883 gloria.-
3325 5826 3533 5890 pondus

1934 5885 2174 5946 operam-
2199 5879 2251 5934 in
2281 5884 2466 5952 nobis;
2506 5903 2607 5943 non
2653 5898 3119 5969 contortiplantibus
3142 5910 3285 5964 nobis
3310 5928 3428 5984 qua
3451 5914 3527 5971 ri-

3106 6031 3188 6096 25
