4124 6336
631 378 735 435 ξοδ

620 498 825 560 dentur,
869 494 957 550 sed
984 509 1096 564 qua:
1125 508 1222 546 non
1270 491 1500 547 videntur
1551 489 1627 555 (2.
1676 486 1797 543 Cor.
1840 490 1892 544 ὁ.
1941 488 2026 541 17.
2076 486 2185 555 18).

692 589 948 643 Abraham
985 586 1262 656 apostolica
1293 590 1543 653 prtzcepta
1572 581 1804 651 operibus
1846 580 2091 634 exhibuit.
2128 607 2194 627 r—

623 683 880 751 tlgressus
907 687 1080 732 autem
1123 690 1153 730 e
1201 674 1364 743 patria
1399 674 1585 729 beatus
1613 672 1697 726 hic
1727 670 2035 735 Abraham,
2069 684 2190 723 eum

619 777 669 825 in
700 772 869 826 aliena
898 767 1160 838 tugurium
1212 765 1413 820 tixisset
1438 805 1452 826 .
1499 764 1789 833 apostolica
1833 775 2019 816 rursus
2056 775 2193 829 pra:-

616 874 769 933 cepta
799 858 1334 931 operibnscxhibuit.
1370 858 1656 926 Postquam
1678 855 1819 910 enim
1848 852 2189 923 splendidum

617 954 746 1007 illud
806 962 1060 1021 troporum
1108 958 1393 1012 erexerat,
1444 946 1868 1015 stupendamqne
1912 943 2188 997 victoriam

624 1044 898 1106 retulerat,
930 1050 984 1095 ct
1009 1040 1262 1094 barbaros
1292 1039 1531 1100 vicerat,
1564 1052 1667 1090 non
1697 1036 1895 1091 virtute
1920 1034 2187 1103 corporis,

610 1136 706 1191 sed
754 1135 873 1189 fidei
907 1134 1181 1201 potentia,
1230 1147 1348 1185 cum
1376 1130 1443 1183 ah
1491 1130 1553 1183 iis
1596 1129 1684 1198 qui
1734 1128 1935 1183 servati
1981 1126 2190 1182 fuerant

613 1226 912 1282 mercedem
937 1227 1171 1280 laborum
1202 1223 1446 1292 accipere
1462 1222 1763 1289 juberetur;
1790 1220 2019 1279 barbaro
2041 1235 2189 1274 nam-

613 1334 717 1388 quc
745 1319 843 1373 sibi
875 1316 1084 1371 dicente
1104 1356 1118 1380 ,
1152 1315 1335 1382 Accipe
1385 1321 1437 1365 tu
1467 1328 1643 1380 equos,
1683 1321 1727 1364 et
1754 1312 1821 1363 da
1850 1310 1989 1364 nobis
2015 1311 2186 1376 viros;

610 1411 737 1479 quid
759 1409 832 1464 ait
851 1409 873 1461 τ
893 1406 1128 1463 Extende
1155 1394 1358 1458 manum
1386 1419 1547 1457 meam
1576 1403 1645 1455 ad
1675 1402 1833 1457 Deum
1861 1402 2181 1466 altissimum,

608 1503 655 1557 si
696 1516 930 1569 accepero
957 1515 988 1551 a
1016 1509 1063 1551 te
1088 1515 1118 1550 a
1146 1496 1374 1567 funiculo
1402 1511 1558 1563 usque
1585 1496 1652 1547 ad
1678 1494 1946 1563 corrigiam
1987 1495 2186 1547 calcea-

611 1595 765 1647 menti
791 1593 809 1663 (
838 1589 965 1647 Gen.
998 1592 1085 1645 M.
1117 1589 1207 1644 2|.
1236 1588 1324 1643 22.
1348 1589 1424 1663 ,25
1448 1588 1486 1658 ).
1538 1586 1724 1641 Vidcn’
1754 1584 2021 1655 quomodo
2048 1600 2185 1654 prm-

609 1695 821 1753 ceptum
853 1682 980 1737 illud
1002 1681 1371 1751 evangelicum
1400 1676 1663 1746 implevit,
1692 1674 1867 1730 Gratis
1894 1675 2180 1745 accepistis,

606 1776 765 1848 gratis
789 1776 906 1829 date
934 1775 952 1847 (
980 1773 1164 1827 Matth.
1203 1772 1288 1827 10.
1322 1771 1440 1841 8)?
1486 1770 1697 1841 Moyses
1727 1783 1938 1839 quoque
1966 1768 2018 1822 in
2054 1768 2179 1849 bar-

608 1870 784 1923 harica
806 1868 965 1922 domo
985 1866 1237 1920 educatus
1258 1874 1338 1918 est
1360 1872 1413 1917 et
1438 1863 1624 1926 crevit;
1649 1871 1881 1915 attamen
1905 1860 2036 1915 nihil
2060 1860 2180 1915 inde

606 1960 785 2014 damni
836 1959 1081 2029 accepit,
1134 1957 1226 2012 sed
1277 1957 1437 2011 etiam
1495 1956 1588 2010 ille
1626 1954 2031 2024 philosophatus
2055 1963 2176 2019 est,

601 2069 713 2106 non
758 2052 934 2105 minus
959 2065 1117 2119 quam
1164 2048 1461 2117 patriarcha
1487 2087 1502 2110 ,
1550 2046 1899 2117 Sybaritionm
1938 2060 2179 2102 mensam

607 2144 877 2208 irridens,
934 2136 1256 2211 inorumque
1309 2141 1514 2195 deliciis
1566 2140 1851 2194 sublimior
1911 2139 2176 2204 effectus,

606 2239 817 2299 divitias
843 2250 1105 2306 spernens
1130 2242 1182 2288 et
1212 2248 1431 2303 regnum
1480 2232 1802 2302 Egyptique
1827 2241 2035 2301 sceptra
2065 2246 2079 2294 ;
2112 2230 2177 2286 ad

606 2332 774 2384 lutum
800 2336 975 2382 autem
1006 2336 1060 2382 et
1089 2326 1375 2380 lateritium
1406 2340 1539 2393 opus
1568 2338 1626 2378 se
1655 2334 1848 2393 Sponte
1883 2323 2175 2377 transtulit.

606 2422 834 2491 Ideoque
891 2420 1085 2475 Paulus
1139 2419 1309 2487 ipsum
1362 2416 1667 2478 admirans,
1715 2415 1968 2469 dicebat:
2004 2413 2179 2484 Majo-

602 2530 680 2566 res
718 2512 917 2566 divitias
943 2520 1125 2579 putans
1153 2524 1304 2579 quam
1350 2504 1571 2577 ﬁgypti
1600 2506 1881 2571 thesauros,
1916 2506 2174 2576 imprope-

601 2606 733 2657 rium
752 2602 938 2657 Clu-isti
968 2599 1165 2671 (Ilcbr.
1192 2601 1278 2655 Η.
1301 2598 1373 2654 26
1394 2600 1435 2669 ).
1461 2598 1664 2654 Deinde
1678 2600 1874 2653 .horum
1904 2599 2175 2653 doctorem

606 2699 866 2750 honorum
894 2694 1184 2750 ostendens
1211 2692 1441 2748 addebat
1468 2693 1653 2747 dicens
1678 2712 1690 2748 :
1717 2691 2025 2747 lovisibilcm
2046 2692 2177 2747 enim

601 2802 857 2861 tmuquam
898 2790 1069 2843 uidens
1111 2788 1347 2841 sustinuit
1374 2804 1394 2842 :
1424 2787 1565 2857 quod
1609 2789 1855 2842 maxima:
1886 2789 2005 2843 fidei
2038 2798 2171 2843 erat.

592 2885 675 2939 Ne
702 2899 826 2953 ergo
855 2883 1041 2952 pudori
1085 2882 1135 2936 id
1182 2880 1335 2935 nobis
1362 2896 1483 2935 esse
1512 2892 1756 2951 putemus
1786 2881 1926 2951 quod
1965 2881 2172 2936 barbari

602 2982 653 3031 in
685 2976 906 3031 ecclesia
934 2976 1041 3029 sint
1066 3015 1081 3040 ,
1126 2975 1218 3028 sed
1251 2974 1425 3043 potius
1462 2975 1628 3028 multo
1656 2984 1973 3029 ornamento
2002 2992 2015 3030 :
2046 2991 2168 3029 nam

601 3082 649 3123 et
684 3072 795 3138 ipse
829 3067 1084 3122 Dominus
1114 3074 1298 3121 noster
1327 3065 1483 3126 Jesus
1509 3064 1757 3121 Christus
1783 3107 1798 3132 ,
1850 3082 1972 3122 cum
2003 3068 2054 3121 in
2084 3083 2173 3121 or-

601 3166 721 3216 hem
755 3173 910 3215 terra:
940 3159 1197 3220 venisset.
1228 3158 1486 3213 barbaros
1511 3160 1712 3228 primos
1753 3161 1985 3215 vocavit.
2021 3159 2176 3215 Post-

599 3270 759 3320 quam
787 3252 928 3306 cnim
961 3260 1117 3304 natus
1158 3260 1239 3305 est
1284 3250 1418 3305 etin
1446 3251 1709 3321 prmsepio
1752 3253 1956 3320 positus
1981 3293 1995 3319 ,
2038 3251 2176 3323 magi

599 3363 662 3399 ex
695 3345 909 3399 Perside
938 3346 1231 3407 venientes,
1261 3344 1433 3413 ipsum
1462 3344 1837 3398 adoraverunt.
1867 3342 1911 3399 Ο
1935 3358 2101 3399 novas
2124 3352 2177 3399 et

598 3440 996 3507 inexspectatas
1014 3450 1100 3493 res
1129 3436 1140 3489 !
1172 3450 1297 3505 rege
1324 3434 1538 3505 quidem
1563 3435 1615 3488 in
1646 3434 1828 3490 urbem
1848 3434 2173 3505 ingressum,

599 3529 892 3583 \elamcnta
921 3540 972 3581 et
999 3526 1270 3597 lampades
1294 3526 1607 3597 eriguntur;
1642 3534 1699 3581 et
1723 3526 1811 3596 qui
1840 3528 1893 3582 in
1917 3527 2175 3597 dignitate

597 3628 650 3672 et
671 3618 909 3689 potentia
938 3627 1062 3673 sunt
1088 3632 1277 3672 onlnes
1304 3618 1402 3687 ipsi
1426 3618 1637 3673 obviam
1667 3616 1888 3673 veniunt
1914 3616 2033 3673 cum
2057 3618 2173 3674 ele»

598 3713 740 3781 gami
768 3720 960 3767 ornatu
985 3753 1001 3778 ,
1044 3721 1097 3766 et
1126 3710 1267 3765 tibia:
1291 3753 1308 3777 ,
1354 3710 1544 3765 fistula:
1571 3751 1588 3773 .
1634 3710 1859 3765 citharae
1887 3752 1902 3776 ,
1934 3719 1986 3766 et
2015 3726 2175 3766 omne

602 3806 815 3857 musice
849 3816 1061 3873 genus;
1111 3812 1165 3855 et
1214 3802 1534 3869 vestimenta
1585 3811 1708 3857 sunt
1753 3802 2074 3872 splendida,
2122 3810 2177 3857 et

596 3893 833 3955 corollae.
860 3900 913 3947 et
937 3892 1103 3947 multa
1127 3901 1210 3947 est
1230 3890 1621 3961 magniﬁcentia
1651 3910 1665 3945 :
1694 3891 1837 3962 Rege
1863 3901 2041 3948 autem
2065 3907 2173 3947 cae-

602 3986 771 4038 lorum
794 3982 1106 4053 ingressum
1132 3983 1184 4036 in
1210 3982 1429 4049 orbem,
1461 3982 1593 4036 nihil
1621 3983 1795 4037 simile
1825 4025 1839 4046 ,
1875 3982 1970 4038 sed
1998 3983 2175 4037 omnia

596 4073 861 4134 contraria
893 4091 904 4127 :
939 4074 1204 4146 tugurium
1233 4082 1287 4127 et
1312 4075 1715 4129 hibernaculum
1738 4083 1791 4129 et
1816 4090 2057 4145 praisepe
2076 4118 2091 4141 ,
2121 4084 2177 4130 et

602 4175 771 4222 mater
798 4166 938 4233 vilis,
966 4174 1024 4220 ut
1048 4164 1349 4231 videbatur;
1377 4167 1556 4235 inopia
1590 4167 1754 4221 multa
1784 4175 1833 4221 et
1863 4175 2172 4238 paupertas.

600 4258 780 4327 Atqui,
805 4257 847 4311 si
866 4257 1141 4321 voluisset,
1160 4257 1345 4311 venire
1369 4259 1779 4327 poti-ratcaelum
1800 4273 2169 4326 commovens,

600 4359 795 4403 terram
822 4348 1087 4418 quatiens,
1119 4347 1325 4417 fulgura
1348 4349 1566 4402 mittens
1594 4366 1607 4403 :
1635 4357 1688 4403 et
1724 4350 1851 4418 quid
1879 4349 1993 4407 ha'c
2020 4352 2175 4408 dico?

598 4442 641 4495 si
671 4440 859 4495 nudam
885 4440 1051 4494 solam
1078 4439 1406 4495 divinitatem
1435 4441 1792 4508 ostendisset,
1838 4453 2038 4513 quanto
2062 4461 2177 4498 ma-

598 4534 684 4601 jus
713 4531 812 4586 hoc
834 4546 937 4585 non
961 4529 1151 4585 fuisset
1172 4534 1319 4585 omnii
1349 4531 1635 4601 splendore
1660 4542 1713 4587 et
1731 4533 2043 4591 festivitate?
2068 4536 2173 4591 Sed

603 4638 706 4676 non
734 4622 803 4676 ita
828 4620 993 4685 fecit;
1030 4638 1137 4676 non
1182 4624 1323 4677 enim
1355 4624 1584 4693 perdere
1607 4666 1623 4691 ,
1670 4626 1763 4681 sed
1792 4627 1971 4682 salvos
1997 4628 2173 4685 facere

602 4715 849 4780 volebat;
893 4730 998 4769 non
1048 4716 1467 4785 perterrefacere
1491 4758 1505 4781 ,
1554 4718 1648 4772 sed
1680 4720 1950 4790 corrigere
1974 4762 1987 4785 ,
2013 4730 2065 4776 et
2105 4723 2174 4777 ab

600 4807 754 4861 initio
804 4805 995 4860 fastum
1050 4807 1337 4861 humanum
1366 4810 1573 4867 calcare
1602 4819 1656 4863 et
1684 4813 2042 4881 arrogantiam
2083 4814 2178 4869 de-

602 4898 850 4965 primere.
880 4894 1001 4949 ideo
1022 4910 1124 4948 non
1150 4897 1320 4950 solum
1348 4896 1404 4951 iit
1429 4898 1612 4963 homo,
1644 4900 1737 4954 sed
1764 4916 1964 4971 pauper
1987 4901 2171 4970 homo,

600 4999 650 5041 et
682 4996 901 5040 matrem
934 4987 1089 5040 talem
1117 4986 1293 5057 deligit
1314 5028 1328 5052 ,
1358 5003 1419 5043 ac
1444 4990 1798 5046 diversorium
1828 4994 1949 5059 vile;
1998 5007 2174 5051 extre-

601 5094 744 5130 mum
776 5079 1097 5146 panpertatis
1134 5080 1413 5132 terminum
1445 5080 1512 5133 ab
1544 5081 1692 5136 initio
1715 5093 1768 5137 et
1790 5085 1857 5137 ab
1881 5086 1995 5153 ipso
2024 5098 2174 5155 partu

600 5169 946 5237 amplccmns.
979 5170 1231 5238 Qua-nam
1255 5212 1269 5235 ,
1295 5171 1381 5226 dic
1408 5174 1555 5239 mihi,
1586 5177 1797 5243 mulier,
1828 5179 2032 5233 etiamsi
2063 5194 2175 5235 ont-

600 5262 749 5315 nium
770 5264 996 5317 maxime
1020 5264 1171 5333 inops
1194 5262 1373 5331 fuerit,
1394 5268 1599 5321 etiamsi
1624 5271 1950 5337 mendicans,
1982 5274 2172 5329 leetmn

602 5373 710 5409 non
731 5356 905 5418 habet,
940 5357 1023 5408 ubi
1061 5369 1262 5424 partum
1288 5359 1541 5415 infantem
1574 5364 1827 5418 reclinet?
1855 5369 1921 5420 At
1952 5367 2039 5421 ille
2070 5384 2172 5421 non

602 5450 654 5500 in
689 5448 827 5500 lecto
863 5447 1218 5502 reclinabatnr
1240 5492 1253 5513 ,
1293 5451 1385 5504 sed
1419 5452 1468 5505 in
1496 5455 1756 5522 praesepio
1776 5456 2087 5526 simpliciter
2121 5467 2175 5513 et

601 5549 887 5608 utcumque
914 5578 928 5602 ,
972 5548 1026 5593 et
1075 5539 1125 5592 iu
1183 5544 1411 5609 tugurio,
1467 5559 1566 5599 nec
1612 5545 1663 5599 in
1696 5546 2009 5604 diversorio.
2054 5550 2175 5605 llzec

600 5640 725 5685 sunt
748 5632 1019 5701 ingressus
1046 5631 1161 5702 ejus
1189 5636 1464 5702 prommia,
1490 5638 1559 5691 ita
1588 5638 1861 5708 splendida
1892 5650 1946 5695 et
1970 5644 2170 5711 magni-

601 5724 725 5776 (ira.
767 5721 900 5777 Cum
946 5723 1100 5778 audis
1149 5726 1484 5795 ingressum,
1537 5744 1605 5784 ne
1652 5730 1933 5785 transitum
1966 5747 2028 5789 ex
2057 5733 2175 5790 loco

600 5817 807 5888 cogites
829 5858 844 5885 ,
890 5815 983 5872 sed
1013 5816 1326 5875 oeconomia:
1351 5822 1865 5890 attesnperationem.

1172 379 1227 435 S.
1268 375 1540 434 JOANNIS
1566 374 2036 434 CIIRYSOSTOMI
2075 373 2385 430 ARCIIH'ZP.
2426 374 2958 430 CONSTANTINOP.

3778 376 3847 432 5.0
3862 373 3885 427 ι

2374 487 2423 538 5.
2473 487 2678 541 liti-nim
2713 487 2906 541 Paulus
2930 504 3049 542 Cum
3082 490 3153 543 ait
3181 531 3193 551 ,
3240 488 3367 544 Cum
3396 501 3563 545 autem
3592 506 3767 545 rursus
3800 492 3882 544 ius

2298 578 2577 629 traduxerit
2605 576 2996 648 Primogenimm
3024 581 3075 632 in
3094 580 3260 633 orbem
3282 580 3465 651 (Hebr.
3493 583 3538 636 l.
3556 581 3634 650 6),
3658 581 3881 650 dispen-

2298 670 2556 723 sztionem
2583 670 2732 725 nobis
2755 672 3036 725 annuntiat
3070 690 3082 725 :
3117 674 3206 741 qui
3240 674 3383 728 enim
3418 674 3612 743 ubique
3643 690 3884 741 prasens

2297 768 2400 824 est,
2418 770 2472 815 et
2492 764 2668 815 omnia
2690 762 2893 832 implet,
2918 779 3147 833 quonam
3171 764 3274 819 intr
3288 767 3476 820 iverit?
3497 767 3589 821 sed
3616 766 3755 819 illam
3784 782 3880 835 per

2296 853 2649 907 meonomiam
2690 852 3176 909 manifestatiunem
3208 857 3286 910 sic
3316 858 3545 910 vocavit.
3597 857 3878 926 Ingressus

2296 945 2472 1015 itaque
2497 946 2548 1000 in
2577 947 2759 1001 orbem
2786 988 2803 1013 ,
2850 963 2969 1002 cum
3022 949 3109 1003 vili
3157 947 3342 1003 habitu
3384 934 3644 1015 intravit,
3679 950 3877 1003 fastum

2293 1038 2504 1095 calcans
2526 1080 2540 1102 ,
2571 1041 2932 1110 arrogantiam
2964 1039 3297 1110 deprimens,
3346 1043 3595 1095 omnilms
3642 1042 3877 1095 suadens;

2296 1138 2353 1183 ut
2382 1122 2658 1186 moderate
2684 1142 2865 1202 agant,
2891 1141 3256 1203 paupertatem
3282 1149 3348 1187 ne
3370 1144 3713 1189 contemnant
3740 1150 3877 1189 neve

2292 1224 2690 1281 mendicitatem
2719 1226 3035 1298 despiciant;
3074 1227 3139 1283 ad
3166 1228 3376 1287 divitias
3424 1244 3491 1284 ne
3536 1228 3770 1293 inhient,
3805 1246 3877 1283 ne

2291 1316 2415 1385 quid
2454 1332 2701 1388 magnum
2753 1333 2873 1372 esse
2919 1327 3105 1388 putent
3147 1319 3438 1373 humanum
3488 1318 3725 1386 fastum,
3775 1320 3873 1373 sed

2293 1407 2477 1461 mnbra
2533 1410 2867 1477 tenuiorem,
2924 1410 3066 1464 foliis
3111 1410 3392 1475 viliorem,
3425 1412 3728 1465 etsomniis
3777 1411 3875 1465 fal-

2290 1496 2558 1553 lieiorem.
2596 1499 2869 1569 Ingressus
2899 1516 3027 1570 ergo
3055 1502 3316 1556 barbaros
3346 1503 3575 1566 vocavit,
3610 1517 3708 1556 nec
3735 1503 3837 1555 sim
3856 1534 3873 1545 -

2290 1591 2497 1662 pliciter
2529 1593 2801 1659 barbaros,
2846 1592 2939 1647 sed
2970 1607 3152 1663 magns
3175 1634 3190 1658 ,
3244 1595 3535 1663 pessimum
3578 1594 3870 1663 impietatis

2286 1699 2471 1754 genus.
2513 1683 2646 1751 Quia
2672 1685 2811 1738 enim
2839 1686 3015 1738 omnia
3047 1686 3097 1738 in
3127 1684 3258 1739 orbe
3285 1684 3424 1739 male
3451 1683 3639 1739 affecta
3670 1693 3825 1739 erant
3847 1726 3864 1749 ,

2284 1788 2338 1830 et
2369 1777 2611 1845 impietas
2642 1778 2836 1847 ubique
2857 1777 3252 1840 donnnabatur,
3286 1779 3548 1848 nidorque
3573 1787 3625 1833 et
3648 1778 3865 1842 l'umus;

2284 1882 2346 1923 ac
2390 1884 2565 1937 neque
2612 1869 2695 1924 lex
2741 1870 3007 1939 quidpiam
3063 1879 3275 1939 poterat
3304 1911 3317 1933 ,
3369 1885 3541 1939 neque
3588 1870 3866 1940 prophetat

2283 1959 2737 2025 emendaverant,
2792 1976 2895 2014 non
2928 1962 3127 2015 monita
3158 1960 3284 2031 quid
3337 1962 3711 2029 profecerant,
3758 1975 3864 2015 non

2282 2052 2559 2117 miracula,
2591 2068 2694 2105 non
2724 2052 3066 2122 supplicium,
3100 2068 3205 2106 non
3240 2068 3412 2121 poena:
3437 2069 3449 2116 ;
3475 2062 3528 2107 et
3559 2062 3698 2108 terra
3731 2067 3864 2107 san-

2283 2145 2444 2213 guine
2488 2143 2719 2198 lunnano
2749 2144 3122 2212 pollucbatur,
3167 2153 3223 2199 et
3270 2155 3457 2199 natura
3504 2146 3612 2214 ipsa
3644 2146 3862 2213 ignora-

2284 2235 2439 2291 batur
2486 2250 2653 2290 :natn
2703 2235 3103 2291 Immoluverunt
3148 2239 3282 2308 ﬁlios
3313 2255 3430 2293 suos
3476 2249 3523 2292 et
3553 2240 3690 2309 filias
3736 2256 3859 2294 suas

2283 2328 2545 2383 daemoniis
2589 2328 2606 2399 (
2634 2327 2777 2383 Psat.
2819 2330 2939 2384 105.
2975 2330 3087 2399 57)
3119 2347 3131 2383 :
3164 2329 3352 2384 altaria
3400 2330 3818 2385 destruebantur
3846 2370 3861 2392 ,

2284 2419 2558 2489 propheta:
2610 2422 3033 2483 occidebantur.
3089 2436 3153 2476 ac
3210 2422 3466 2491 templum
3534 2422 3747 2491 pietatis
3807 2422 3862 2475 in

2282 2512 2472 2568 rudera
2530 2528 2743 2569 versum
2796 2524 2880 2570 est
2928 2526 2980 2570 et
3011 2514 3274 2569 idolorum
3330 2515 3747 2585 receptaculum,
3796 2529 3864 2569 ac

2281 2605 2509 2674 populus
2558 2604 2812 2660 .lndaicus
2867 2608 2954 2675 qui
3016 2607 3221 2661 exstitit
3282 2614 3340 2660 ut
3392 2615 3618 2662 caeteros
3674 2605 3862 2660 erudi-

2283 2707 2384 2762 ret,
2428 2698 2547 2752 aliis
2590 2699 2936 2768 blasphemia:
2967 2699 3180 2754 occasio
3232 2698 3391 2753 fiebat
3422 2716 3436 2754 :
3469 2696 3670 2752 Nomen
3694 2713 3861 2750 meum

2280 2790 2420 2841 enim
2443 2828 2458 2854 ,
2494 2790 2692 2859 inquit,
2723 2806 2809 2859 per
2834 2806 2918 2845 vos
2948 2789 3327 2860 blasphematur
3352 2790 3404 2844 in
3433 2790 3665 2861 gentibus
3701 2789 3858 2859 (lsai.

2279 2878 2368 2934 52.
2402 2880 2488 2948 5).
2524 2886 2594 2933 ba
2633 2880 2796 2933 rificia
2825 2881 3241 2951 abrogabantur,
3278 2879 3408 2935 festa
3431 2922 3447 2947 ,
3479 2881 3779 2934 neomenim
3803 2892 3859 2933 et

2277 2972 2519 3033 sabbata,
2552 2986 2613 3025 ac
2646 2972 2846 3041 reliqua
2878 2974 3053 3026 cultus
3079 2987 3274 3041 genera
3310 2972 3717 3040 reﬁciebantur,
3750 2971 3860 3024 vir-

2282 3062 2768 3133 tuteueglecta;et
2797 3078 2897 3120 vox
2947 3080 3176 3135 :tipeine
3228 3065 3316 3119 Dei
3364 3066 3665 3119 accusantis
3712 3076 3851 3129 erat,

2278 3164 2334 3210 et
2362 3171 2521 3211 voces
2553 3156 2931 3225 prophetarum
2955 3159 3009 3211 in
3042 3166 3182 3213 terra
3215 3157 3601 3228 plangentium,
3623 3169 3677 3212 et
3694 3172 3857 3212 voces

2280 3246 2511 3316 undique
2532 3287 2545 3311 ,
2570 3248 2728 3302 rebus
2762 3249 2899 3303 male
2933 3232 3344 3320 procedentibus
3371 3266 3403 3315 ;.
3441 3250 3713 3319 multaque
3740 3260 3859 3305 erat

2281 3338 2529 3407 nequitia:
2556 3340 2811 3407 potentia,
2846 3340 3010 3394 densa
3042 3340 3285 3411 quaedam
3316 3341 3485 3396 nubes
3508 3350 3563 3396 et
3592 3340 3855 3411 profunda

2280 3445 2406 3497 nox,
2433 3440 2487 3485 et
2517 3434 2746 3501 nequitia
2778 3431 3031 3487 audacter
3058 3443 3112 3488 et
3135 3432 3469 3489 conﬁdenter
3488 3432 3700 3504 agebat,
3734 3448 3857 3503 qua

2277 3522 2342 3576 ad
2382 3523 2628 3577 virtutem
2678 3532 2853 3578 autem
2912 3532 3175 3594 spectant,
3227 3525 3665 3580 eliminabantur.
3696 3525 3856 3580 Tem-

2280 3630 2455 3684 peStas
2483 3616 2533 3669 in
2565 3617 2728 3670 altum
2763 3616 3064 3683 tollebatur,
3095 3615 3288 3672 ﬂuctus
3309 3618 3447 3673 alius
3470 3617 3633 3672 alium
3659 3633 3855 3687 seque-

2278 3707 2453 3771 batur,
2500 3706 2775 3779 naul‘ragia
2820 3708 3113 3777 frequentia
3170 3708 3709 3771 accidebant.omnes
3752 3712 3858 3764 im-

2279 3800 2688 3868 mergebantur,
2746 3815 2919 3870 neque
2970 3801 3075 3857 ulla
3120 3801 3495 3872 gubernatoris
3522 3819 3622 3858 vox
3662 3803 3857 3859 audie-

2280 3890 2453 3955 batur,
2486 3906 2584 3946 nec
2615 3900 2894 3946 nautarum
2925 3906 3015 3947 ars
3041 3892 3328 3963 quidquam
3362 3903 3590 3964 poterat;
3620 3896 3714 3950 sed
3738 3911 3853 3949 ma-

2280 3982 2408 4054 ligni
2440 3984 2661 4053 Spiritus
2705 3983 3160 4049 dominabantur,
3210 4000 3383 4055 neqne
3417 3986 3523 4040 ulla
3571 3997 3689 4041 erat
3730 4004 3858 4057 spes

2279 4078 2467 4132 salutis
2487 4118 2501 4142 ,
2534 4092 2795 4147 nemoque
2824 4078 3071 4133 invocare
3096 4078 3261 4132 Deum
3282 4081 3511 4133 audebat
3540 4097 3553 4132 :
3584 4082 3861 4150 quomodo

2279 4170 2422 4224 enim
2466 4185 2626 4223 ausus
2674 4179 2854 4233 esset,
2912 4170 3185 4241 prophetis
3224 4171 3619 4236 accusantibus,
3653 4172 3864 4242 angelis

2279 4262 2371 4331 qui
2398 4261 2617 4331 singulis
2643 4262 2887 4331 gentibus
2911 4262 3396 4332 patrocinabantur,
3438 4278 3497 4318 se
3518 4280 3627 4333 pra:
3654 4266 3863 4333 pudore

2278 4354 2709 4409 occultantibus?
2752 4350 3058 4408 Creatorem
3102 4354 3335 4409 universi
3381 4362 3591 4425 tempus
3642 4356 3861 4411 dennun

2277 4448 2590 4513 advocabat,
2615 4450 2786 4517 ipsum
2806 4446 3157 4513 conditorem,
3180 4449 3269 4519 qui
3291 4448 3358 4502 ab
3381 4449 3531 4502 initio
3557 4464 3730 4519 genus
3759 4466 3862 4503 nn-

2278 4551 2446 4596 strnm
2477 4540 2872 4596 eﬂormaverat.
2913 4538 3176 4608 Quoniam
3214 4540 3372 4610 igitur
3398 4541 3711 4611 gravissima
3741 4552 3866 4597 erat

2278 4631 2541 4701 aegritudo
2567 4672 2582 4697 ,
2612 4647 2731 4701 qua:
2764 4632 2997 4685 maxime
3028 4639 3175 4699 parta
3206 4640 3320 4685 erat
3354 4646 3419 4685 ex
3461 4633 3769 4701 arrogantia
3799 4641 3857 4686 et

2278 4724 2534 4788 audacia;
2562 4738 2683 4777 cmn
2712 4733 2765 4777 et
2788 4723 3111 4793 principium
3126 4721 3429 4777 ettledium
3449 4731 3504 4777 et
3532 4724 3653 4777 linis
3677 4738 3857 4777 rerum

2279 4822 2711 4883 corrumperetur
2745 4832 2757 4867 :
2790 4813 2880 4867 ille
2908 4828 2969 4867 ex
3000 4822 3221 4883 paterno
3251 4813 3443 4867 throno
3472 4813 3691 4879 exsiliit,
3722 4825 3777 4869 et
3804 4816 3860 4870 in

2280 4915 2476 4961 terram
2508 4908 2672 4961 venit.
2716 4906 2847 4961 Cum
2876 4915 3055 4961 autem
3089 4906 3219 4961 illud
3261 4907 3449 4959 exsilia
3491 4907 3685 4974 audis,
3730 4921 3864 4964 cave

2278 5009 2432 5070 putes
2464 5012 2697 5054 mutasse
2728 5000 2876 5053 illum
2920 4999 3035 5053 loca
3059 5009 3113 5053 et
3145 4998 3451 5055 deseruisse
3482 5000 3644 5055 caelos
3686 5017 3699 5054 :
3734 5018 3858 5057 nam

2278 5107 2397 5146 cum
2429 5093 2478 5146 in
2514 5104 2664 5145 utero
2692 5093 2932 5161 virgineo
2962 5100 3129 5155 esset,
3179 5106 3299 5145 cum
3349 5091 3509 5148 Patre
3541 5102 3657 5148 erat
3686 5110 3698 5146 :
3728 5110 3866 5162 quo-

2280 5185 2440 5240 modo
2481 5195 2654 5239 autem
2682 5227 2696 5249 ,
2749 5200 2814 5238 ne
2859 5199 3068 5254 qua‘ras
3110 5200 3281 5253 neque.
3321 5185 3557 5241 rationes
3600 5196 3860 5255 expetas:

2279 5292 2397 5330 cum
2421 5278 2561 5330 enim
2589 5277 2724 5330 Deus
2748 5288 3020 5345 operatur,
3044 5275 3155 5329 sola
3181 5275 3284 5331 ﬁde
3306 5290 3441 5347 Opus
3470 5288 3571 5343 est,
3594 5292 3860 5332 consensu

2282 5370 2406 5423 item
2434 5378 2489 5423 et
2515 5368 2874 5423 confessione.
2924 5368 3055 5422 Cum
3105 5369 3343 5423 venisset
3387 5384 3516 5439 ergo
3555 5378 3609 5426 et
3636 5369 3861 5426 vidisset

2280 5475 2478 5529 :rgrum
2508 5460 2558 5512 in
2587 5460 2723 5513 lecto
2740 5459 3005 5529 jacentem
3030 5474 3093 5514 ac
3114 5460 3456 5529 desperatum
3478 5460 3498 5533 (
3520 5475 3639 5516 cum
3661 5476 3862 5531 :egrmn

2280 5551 2421 5618 dico,
2452 5551 2519 5605 de
2540 5550 2773 5605 humano
2799 5566 2995 5621 genere
3019 5552 3229 5621 loquor,
3258 5567 3363 5606 non
3382 5552 3444 5607 in
3473 5553 3610 5606 Ιει·ιο
3634 5552 3861 5622 vulgari,

2280 5642 2372 5698 sed
2403 5644 2453 5695 in
2485 5642 2622 5696 lecto
2666 5642 2918 5712 nequitia:
2939 5641 2982 5712 ),
3012 5657 3039 5695 a
3072 5643 3293 5697 medicis
3322 5642 3635 5697 derelictum
3660 5685 3675 5707 ,
3720 5644 3862 5698 vitiis

2283 5738 2446 5791 animi
2498 5736 2776 5790 obsessum
2808 5776 2823 5799 ,
2879 5735 3067 5789 morbo
3112 5733 3428 5798 detentum;
3477 5751 3597 5790 cum
3641 5734 3866 5791 vidisset

2293 5844 2451 5885 omne
2497 5824 2829 5899 :rgritudinis
2869 5841 3038 5898 genus
3090 5828 3375 5882 humanam
3426 5838 3668 5883 naturam
3711 5825 3860 5880 inva-
