4124 6336
243 617 386 668 sisse
405 651 421 677 ,
465 610 751 681 ipsumque
776 602 1051 658 hominem
1082 598 1149 654 de
1178 614 1237 651 se
1262 596 1640 665 desperantem
1667 628 1682 653 ,
1730 599 1848 681 me-

244 702 430 757 dicum
457 676 611 765 vero,
636 676 725 769 qui
748 695 908 752 datus
934 692 1035 762 ipsi
1066 688 1244 745 fuerat
1273 685 1341 739 ad
1366 685 1545 738 ulcera
1576 676 1843 745 curanda,

246 800 618 849 accusatorem
670 788 871 844 malum
895 827 911 852 ,
980 784 1153 852 legem
1213 777 1369 843 dico,
1417 773 1670 829 effectum
1727 781 1850 823 esse

243 886 476 941 crimina
506 891 792 954 augentem
818 920 833 945 ,
868 888 925 934 et
954 873 1225 930 hominem
1255 868 1444 939 majori
1476 880 1648 938 penna:
1673 863 1849 919 olmo-

248 976 397 1034 xiutn
431 976 714 1032 facientem
738 1014 754 1039 ,
804 980 861 1027 et
896 967 1072 1024 morbi
1099 962 1441 1037 tyrannidem
1476 958 1849 1025 malorumque

252 1069 683 1138 exsuperantiam
723 1063 1159 1125 considerasset;
1209 1073 1329 1127 quae
1372 1053 1641 1109 nemiuem
1684 1049 1847 1103 alium

250 1159 607 1231 postularent,
632 1173 791 1229 quam
820 1169 944 1211 eum
975 1153 1065 1224 qui
1091 1164 1191 1205 nos
1217 1148 1286 1204 ab
1312 1147 1463 1202 initio
1487 1142 1806 1201 condiderat
1830 1159 1845 1195 :

248 1252 376 1307 vide
400 1250 527 1321 quid
563 1249 720 1304 faciat
750 1266 765 1302 :
796 1254 984 1301 natura
1014 1253 1196 1298 nostra
1226 1238 1467 1296 induitur
1496 1235 1765 1292 inllrmata
1794 1239 1851 1289 et

246 1343 481 1406 devicta,
510 1350 568 1395 ut
594 1356 688 1411 per
717 1339 864 1393 illaut
896 1343 1160 1407 pugnaret
1205 1342 1258 1387 et
1300 1336 1553 1390 certaret,
1582 1336 1743 1397 atque
1781 1323 1849 1378 ab

250 1435 371 1503 ipso
419 1432 599 1485 limine
651 1440 709 1485 et
757 1427 981 1483 exordio
1032 1423 1354 1493 arrogantia:
1410 1428 1659 1473 naturam
1706 1414 1847 1469 radi-

248 1526 392 1580 citus
431 1522 635 1586 evellit,
676 1536 797 1591 qua:
840 1518 1104 1573 malorum
1147 1514 1387 1569 onmium
1422 1525 1584 1565 causa
1628 1507 1798 1561 fuerat
1831 1521 1845 1560 :

252 1634 377 1670 nam
408 1617 523 1669 lucc
548 1613 823 1668 diabolum
852 1652 869 1677 ,
911 1624 1033 1665 cum
1067 1606 1318 1661 diabolus
1364 1618 1470 1657 non
1505 1609 1689 1664 esset,
1735 1598 1851 1653 dia-

250 1709 433 1763 bolum
461 1706 679 1771 effecit,
715 1714 774 1759 ut
798 1704 1038 1759 declarat
1070 1700 1268 1755 l‘aulus
1297 1698 1484 1752 dicens
1518 1710 1531 1747 :
1568 1692 1690 1746 Non
1728 1708 1850 1746 nco-

251 1807 467 1870 phytum
494 1842 510 1865 ,
540 1816 603 1853 ne
639 1799 689 1851 iu
717 1796 1007 1865 superbiant
1034 1792 1199 1847 elatus
1225 1832 1239 1854 ,
1275 1791 1327 1843 in
1361 1788 1623 1860 judicium
1658 1785 1851 1838 incidat

250 1890 569 1963 liaboli(l.
612 1889 745 1944 Tim.
790 1890 842 1942 3.
876 1885 969 1957 6).
1014 1885 1125 1940 lloc
1175 1882 1441 1937 Adamum
1492 1896 1556 1934 ex
1602 1878 1851 1949 paradiso

248 1984 411 2049 eiecit
442 2002 455 2035 :
482 1982 604 2049 quia
638 1982 781 2035 enim
807 1978 1034 2042 audivit,
1068 1973 1225 2028 Erilis
1248 1974 1382 2027 sicut
1412 1972 1484 2024 dii
1508 1969 1658 2040 (Gen.
1680 1970 1735 2024 ὅ.
1765 1969 1847 2037 5);

250 2073 353 2127 hac
378 2090 471 2142 spe
498 2072 778 2142 deceptus.
803 2070 979 2124 arbori
1009 2081 1226 2123 manum
1245 2064 1511 2128 admovit,
1538 2062 1708 2132 legem
1734 2060 1849 2114 cal-

248 2169 412 2232 cavit,
437 2177 491 2222 et
518 2174 842 2237 pra-ceptum
864 2175 1229 2232 tuuisgressus
1251 2168 1352 2213 est.
1378 2157 1499 2211 Ideo
1521 2156 1689 2213 etiam
1713 2153 1851 2208 Deus

249 2272 639 2333 congruentem
655 2260 862 2315 vulneri
879 2274 1077 2329 appara
1087 2258 1161 2313 vit
1180 2255 1519 2312 medicinam.
1545 2251 1850 2308 Sicutenim

248 2356 306 2409 in
334 2353 655 2423 corporibus
678 2351 948 2407 contraria
975 2348 1264 2404 contrariis
1290 2346 1555 2405 medelam
1579 2345 1811 2400 alierum
1828 2383 1844 2410 ,

248 2458 312 2500 ut
351 2447 504 2500 aiunt
534 2444 759 2509 medici,
803 2454 858 2499 et
904 2442 1047 2515 quod
1078 2442 1321 2513 frigidius
1360 2451 1444 2496 est
1471 2440 1656 2496 Calore
1699 2438 1844 2493 iove-

248 2556 394 2606 mus,
423 2540 673 2611 quodque
698 2538 1032 2596 exsiccatum
1084 2536 1303 2592 humido
1344 2545 1706 2605 temperamus
1732 2551 1745 2586 :
1770 2533 1849 2589 sic

246 2636 413 2689 etiam
460 2634 602 2690 Deus
645 2634 697 2687 in
742 2633 937 2687 anima:
961 2631 1298 2701 [taSleIllbtls
1342 2629 1487 2684 fecit.
1522 2627 1655 2695 Quia
1698 2627 1845 2681 enim

245 2727 555 2795 arrogantia
602 2728 769 2797 ipsam
806 2725 1067 2781 ell'erebat
1114 2735 1169 2779 et
1209 2722 1465 2790 inﬂabat,
1498 2722 1846 2792 pharmacnm

245 2818 503 2889 apposuit
550 2818 689 2888 quod
721 2818 903 2872 [latum
947 2815 1291 2871 contraheret
1339 2824 1391 2869 et
1435 2823 1698 2867 tumorem
1745 2828 1847 2865 au-

246 2915 436 2967 terret.
460 2910 610 2978 Quod
627 2925 756 2966 vero
777 2909 1122 2979 pharmacum
1147 2908 1170 2961 ?
1201 2908 1424 2963 Mortem
1454 2908 1603 2978 quasi
1634 2922 1846 2964 murum

247 3003 353 3071 ipsi
388 3018 688 3077 opponens.
725 3002 849 3057 Ideo
894 3018 999 3054 non
1030 3011 1237 3055 tantum
1267 3001 1493 3055 mortale
1548 2998 1677 3058 fecit
1719 3014 1845 3055 cor-

246 3111 373 3164 pus.
424 3093 516 3148 sed
553 3094 715 3149 etiam
747 3104 805 3147 ut
844 3104 1284 3161 corrumperetur
1310 3091 1507 3156 eil'ecit,
1555 3103 1612 3147 ut
1654 3093 1847 3149 misce-

247 3194 422 3251 retur,
478 3194 535 3239 ut
589 3186 850 3241 vermium
903 3185 1081 3242 fontes
1128 3186 1419 3247 emitteret.
1457 3196 1617 3255 atque
1657 3187 1707 3240 in
1756 3201 1846 3239 sa-

247 3280 395 3331 niem
437 3277 846 3346 dissolveretur,
891 3282 1187 3347 timoreque
1235 3279 1589 3349 impleretur;
1624 3280 1847 3333 humili-

248 3371 377 3425 tatis
402 3369 740 3424 ftiiidamenta
775 3385 976 3439 ponens
1030 3387 1127 3424 nec
1168 3386 1417 3440 umquam
1447 3372 1526 3425 vel
1558 3370 1847 3427 admodum

244 3472 589 3533 arrogantem
636 3465 819 3519 sinetis
858 3464 1024 3518 altum
1062 3464 1131 3519 de
1173 3480 1232 3520 se
1276 3474 1484 3533 supero.
1528 3466 1664 3533 Quid
1705 3467 1849 3521 enim

249 3557 491 3615 {calidius
556 3556 793 3611 humano
867 3555 1168 3613 cadavere?
1252 3556 1383 3627 quid
1458 3558 1616 3612 vilius
1703 3573 1851 3614 mor-

250 3662 347 3704 tuo
374 3650 396 3701 Ῥ

328 3748 378 3800 ι.
412 3746 517 3801 Sed
551 3762 616 3801 nc
646 3760 786 3815 a-grc
819 3744 982 3812 feras,
1031 3746 1265 3809 dilecte;
1297 3762 1484 3800 verum
1514 3746 1601 3801 hic
1632 3761 1859 3817 quoque

255 3840 353 3893 Dei
387 3838 775 3910 providentiam
807 3838 1102 3908 perpende.
1133 3838 1315 3909 Neque
1343 3840 1485 3893 enim
1520 3841 1561 3893 is
1592 3842 1679 3909 qui
1711 3856 1858 3894 mor-

251 3944 378 3986 tuus
406 3940 489 3986 est
539 3932 589 3984 in
646 3930 835 3984 horum
877 3945 1099 3986 sensum
1151 3932 1339 3985 venit:
1370 3933 1457 4002 qui
1499 3941 1677 3986 autem
1732 3933 1863 3988 vivit

254 4025 310 4077 in
356 4022 531 4077 alieno
582 4037 834 4091 oorpore,
880 4022 1246 4093 philosophari
1295 4022 1472 4077 discit.
1502 4022 1857 4091 Quantumvis

252 4116 400 4167 enim
437 4113 783 4181 supercilium
816 4113 1027 4166 attollat
1058 4128 1123 4168 ac
1177 4128 1299 4168 sese
1327 4114 1536 4177 eﬂ'erat,
1572 4116 1636 4168 ad
1678 4115 1857 4185 sepul-

251 4224 433 4272 crum,
468 4208 689 4263 veniens
721 4215 778 4261 et
808 4205 1055 4262 faetorem
1103 4208 1365 4274 sentiens,
1407 4208 1665 4275 concidit,
1697 4218 1858 4279 atque

252 4300 326 4353 ad
358 4300 528 4369 ipsum
557 4298 823 4353 infernum
849 4298 1146 4353 descendit.
1189 4298 1255 4353 Et
1286 4308 1343 4353 ut
1375 4300 1552 4355 discas
1593 4300 1694 4356 hoc
1736 4302 1857 4357 ideo

255 4396 330 4449 ita
368 4394 561 4448 factum
607 4408 763 4457 esse,
798 4393 914 4463 ipso
941 4402 1187 4446 naturam
1240 4404 1475 4447 nostram
1525 4410 1631 4448 non
1678 4394 1858 4463 deslni-

252 4488 455 4548 ciente,
480 4486 572 4540 sed
598 4485 759 4538 animi
778 4486 1141 4554 arrogantiam
1172 4483 1437 4551 frenante,
1474 4484 1858 4555 hominemque

254 4580 309 4633 in
342 4588 597 4648 perpetua
628 4577 930 4632 humilitate
972 4576 1273 4639 detinente,
1300 4579 1554 4646 quoniam
1586 4578 1653 4633 ab
1700 4579 1857 4633 initio

254 4673 384 4729 inde
417 4681 692 4743 peceatum
728 4680 953 4727 venerat
983 4688 995 4725 :
1028 4670 1154 4726 andi
1181 4671 1306 4742 quid
1339 4671 1480 4726 dicat
1528 4672 1693 4728 lsaias
1724 4689 1854 4744 pro-

255 4768 459 4837 pheta:
495 4765 761 4833 Quomodo
805 4765 986 4818 cecidit
1040 4764 1101 4817 de
1138 4765 1262 4818 cazlo
1308 4766 1515 4835 lucifer,
1572 4767 1659 4835 qui
1709 4784 1858 4821 mane

252 4860 512 4913 criebulur
541 4855 713 4928 (lsai.
764 4856 849 4911 l4.
885 4854 953 4910 l2
987 4857 1041 4926 )‘i
1088 4872 1193 4910 non
1238 4856 1307 4911 de
1349 4856 1569 4911 lucifero
1600 4858 1854 4927 loquens;

255 4968 549 5020 numquam
572 4952 714 5005 enim
757 4950 940 5003 lnciler
980 4950 1174 5005 cecidit
1200 4967 1213 5015 ;
1244 4950 1335 5004 sed
1363 4952 1413 5003 in
1440 4950 1575 5006 c.1310
1606 4951 1858 5009 fundatus

255 5044 565 5111 iulixnsque
594 5050 700 5104 est,
744 5056 1007 5109 suumque
1052 5052 1230 5094 servat
1275 5055 1512 5095 cursum.
1556 5042 1694 5108 Quid
1728 5059 1858 5113 ergo

252 5138 358 5191 salsi
384 5136 498 5191 vult
516 5136 793 5205 propheta,
818 5151 938 5189 enm
955 5134 1084 5188 dicit
1115 5153 1127 5188 :
1156 5135 1421 5201 Quomodo
1441 5136 1618 5189 cecidit
1640 5138 1702 5190 de
1730 5138 1855 5191 cwlo

252 5228 461 5295 lucifer,
494 5228 580 5298 qui
605 5244 752 5281 ntane
780 5226 1079 5280 oriebatur?
1113 5226 1185 5279 De
1210 5242 1335 5295 rege
1353 5228 1584 5297 quodam
1628 5229 1855 5285 barbaro

255 5321 536 5390 loquitur;
567 5319 845 5374 luciferum
881 5329 1057 5371 autem
1091 5327 1243 5372 meat
1296 5319 1441 5374 illum
1481 5320 1551 5373 ob
1601 5320 1857 5391 splendo-

252 5430 398 5478 rem,
429 5414 499 5466 ob
525 5412 791 5477 diadema,
824 5412 891 5464 ob
926 5427 1234 5482 purpuram,
1260 5411 1330 5465 ob
1355 5412 1650 5467 satellitum
1676 5416 1850 5486 fulgo-

251 5520 394 5564 rem,
426 5502 497 5557 ob
524 5518 670 5555 arma
722 5503 945 5556 nitentia
992 5512 1047 5557 et
1096 5517 1283 5556 anrmn
1333 5503 1738 5572 splendescens,
1784 5506 1853 5562 ob

252 5598 471 5651 laureas
497 5604 681 5649 acutas
710 5604 765 5647 et
791 5592 1053 5663 fulgorem
1098 5593 1406 5649 cmittentes
1438 5604 1492 5649 et
1535 5595 1604 5649 ob
1635 5612 1851 5653 omnem

250 5691 419 5743 alium
449 5688 665 5753 fastum,
697 5688 946 5758 quodque
972 5698 1161 5743 cuncta
1206 5688 1414 5759 diripiat
1446 5700 1499 5743 et
1541 5692 1848 5759 pepuletnt'.

249 5781 409 5847 Quod
461 5782 605 5833 enim
659 5796 764 5832 non
820 5780 887 5833 de
929 5779 1153 5834 lucifero
1206 5781 1487 5849 loquatur,
1537 5782 1632 5836 sed
1684 5794 1853 5838 meta-

254 5877 478 5943 pltnrire
531 5875 803 5941 loquatur,
863 5874 963 5927 hoe
1015 5876 1186 5943 palatii
1217 5883 1319 5940 est,
1349 5891 1469 5928 eum
1500 5876 1642 5929 enim
1686 5878 1851 5931 dixis-

248 5978 332 6024 set
350 6011 365 6037 ,
403 5967 673 6039 Quomodo
702 5967 880 6021 cecidit
926 5968 984 6021 dc
1026 5968 1147 6022 rwlo
1181 5969 1355 6040 ιιιίιίω·
1382 6010 1392 6035 ,
1423 5970 1508 6037 qui
1538 5986 1683 6027 moue
1722 5973 1849 6028 orie-

818 486 933 545 νιιι
972 483 1280 543 HOMILIA.
1324 477 1578 535 ΙΙᾹΒΖΤᾹ
1624 472 1850 540 ιδυδτρ

1956 469 1995 523 .ll
2038 467 2449 525 PRESBYTER
2489 464 2785 533 CUTllUS,
2832 464 2982 520 ETC.
3454 460 3562 517 3th

1954 583 2122 648 batur,
2164 582 2243 639 sic
2281 582 2490 653 pergit:
2524 579 2603 636 Tu
2630 590 2801 634 autem
2844 578 3019 634 dixiin
3057 578 3110 631 in
3155 576 3307 632 corde
3352 586 3461 644 tuo,
3494 576 3561 631 In

1952 676 2135 732 cretum
2178 676 2475 742 ascendam,
2515 691 2671 743 supra
2711 674 2887 728 stillas
2927 673 3042 727 ω’ιὲ
3099 688 3287 742 ponant
3315 671 3558 725 thronum

1953 783 2143 832 meum,
2158 776 2205 820 et
2218 766 2401 821 similis
2417 782 2502 820 ero
2526 762 2960 834 AltissimoUsai.
2986 780 3034 817 υ.
3066 762 3174 834 l3).
3205 762 3359 831 Quod
3378 772 3558 817 autem

1952 859 2105 916 stella
2140 874 2239 914 nec
2269 857 2651 929 c0gitationem
2696 871 2795 911 nec
2827 867 3069 911 mentem
3121 853 3335 917 habeat,
3381 868 3558 919 neque

1953 950 2117 1007 verba
2178 952 2433 1021 proferat,
2463 950 2665 1007 nemini
2698 966 2806 1005 non
2835 962 3021 1005 nutum
3049 957 3134 1005 est
3166 965 3179 1003 :
3213 948 3310 1003 sed
3338 946 3405 1002 de
3431 962 3559 1016 rego

1952 1046 2029 1101 ait
2052 1045 2281 1117 quodam
2298 1045 2633 1115 blaspheme,
2670 1044 2973 1113 arro;antia
3000 1055 3054 1099 et
3080 1043 3340 1113 jactantia
3372 1042 3555 1113 pleno,

1953 1139 2044 1212 qui
2090 1155 2215 1195 eum
2264 1138 2405 1195 fastu
2448 1139 2706 1210 loquitur.
2764 1137 2896 1205 Quis
2936 1147 3117 1194 antem
3176 1136 3267 1192 ille
3310 1152 3405 1191 rex
3436 1135 3559 1191 est?

1954 1233 2065 1289 Hoc
2095 1248 2379 1304 possumus
2418 1232 2635 1289 dicere:
2659 1248 2845 1287 verum
2882 1242 2939 1287 ut
2975 1248 3081 1287 non
3124 1233 3304 1287 omnia
3344 1248 3372 1284 a
3401 1230 3559 1286 nobis

1951 1323 2192 1386 discatis.
2220 1323 2314 1380 sed
2344 1339 2440 1379 vos
2467 1324 2567 1392 ipsi
2608 1324 2770 1379 etiam
2816 1322 3144 1379 meditantes
3174 1334 3228 1379 et
3268 1322 3559 1395 vigilantes

1952 1418 2149 1474 divinze
2180 1416 2474 1489 Scriptura:
2502 1416 2791 1472 thesauros
2839 1416 3187 1482 scrutemini,
3217 1416 3394 1471 locum
3426 1431 3555 1486 pro-

1955 1511 2129 1581 pheta:
2158 1510 2325 1578 adite,
2356 1519 2412 1567 et
2432 1510 2614 1566 scietis
2639 1510 2758 1580 quis
2801 1510 2873 1564 sit
2916 1523 3034 1575 rex,
3058 1507 3213 1579 cujus
3242 1509 3453 1580 populi,
3504 1518 3560 1564 et

1952 1604 2296 1676 quandonam
2327 1604 2487 1660 fuerit
2516 1621 2529 1657 :
2560 1619 2685 1657 nam
2708 1605 2784 1657 ait
2810 1603 2929 1668 ille,
2958 1602 3043 1660 Da
3071 1605 3293 1675 sapienti
3330 1606 3559 1660 occasio-

1953 1708 2149 1761 nem,et
2173 1697 2459 1767 sapientior
2480 1698 2576 1752 erit
2595 1696 2774 1768 (Prov.
2801 1695 2854 1751 9.
2877 1694 2956 1769 9).
2981 1696 3111 1753 Cum
3139 1697 3299 1768 igitur
3321 1699 3407 1755 hic
3437 1714 3555 1762 rex.

1952 1792 2042 1862 qui
2074 1789 2391 1861 splendidus
2419 1789 2594 1847 fuerat
2614 1800 2669 1846 et
2695 1790 2921 1847 illustris
2946 1799 3001 1845 et
3035 1791 3316 1847 immensis
3352 1792 3554 1849 instrns

1952 1895 2073 1939 elus
2100 1885 2306 1940 divitiis
2329 1927 2344 1951 ,
2379 1893 2434 1941 et
2462 1884 2650 1939 orbem
2702 1893 2872 1940 totum
2901 1884 3189 1950 invaserat,
3233 1894 3288 1941 et
3330 1902 3567 1956 regnum.

1953 1976 2271 2033 extenderat
2295 1992 2475 2043 suum,
2508 1988 2733 2046 repente
2777 1989 2966 2051 raptus
3009 1986 3361 2057 mortuusque
3387 1989 3556 2045 esset,

1952 2070 2095 2140 quod
2119 2069 2275 2127 scivit
2325 2071 2588 2145 propheta
2634 2088 2816 2127 rerum
2852 2073 3208 2129 humanarum
3250 2075 3560 2133 volubilita-

1954 2172 2083 2229 tem,
2113 2164 2269 2229 dixit,
2299 2164 2566 2232 Quomodo
2593 2166 2773 2220 cecidit
2801 2167 2865 2221 de
2892 2168 3018 2224 ccelo
3039 2166 3385 2242 Lttcifer,,qui
3411 2187 3561 2229 moue

1952 2254 2248 2311 miebatur?
2267 2258 2356 2325 qui
2383 2272 2537 2327 reges
2559 2260 2818 2323 coaentit,
2846 2262 2937 2330 qui
2961 2270 3131 2316 totum
3162 2262 3347 2318 urbem
3370 2264 3558 2319 desero

1955 2355 2064 2401 tum
2088 2347 2304 2404 reddit?
2335 2348 2594 2419 illumun
2612 2349 2894 2421 alloquens
2917 2363 2974 2407 et
3000 2352 3307 2417 traducens,
3334 2355 3408 2409 ait
3437 2372 3452 2410 :
3480 2354 3561 2413 Tit

1951 2449 2121 2495 autem
2149 2440 2359 2506 dixisti,
2384 2440 2451 2497 In
2499 2444 2682 2497 cwlum
2714 2444 3010 2511 ascendam,
3047 2462 3207 2507 supra
3236 2445 3411 2501 stellas
3444 2447 3557 2500 cit-Ii

1953 2548 2139 2601 ponam
2191 2532 2429 2587 thronum
2472 2551 2657 2600 meum,
2678 2545 2725 2588 et
2757 2536 2938 2591 similis
2958 2554 3043 2591 ero
3088 2538 3369 2593 Altissimo.
3402 2538 3573 2603 Nunc,

1950 2637 2120 2681 aut-rm
2138 2628 2189 2681 iu
2208 2627 2465 2697 infernum
2480 2629 2775 2697 descendes,
2798 2631 2889 2685 sub
2906 2641 2953 2687 te
2968 2641 3193 2688 sternant
3211 2636 3576 2706 pulrediucmh

1950 2729 1998 2773 et
2012 2720 2382 2790 operimentum
2403 2730 2544 2775 tuum
2568 2723 2773 2778 vermis.
2807 2723 2992 2779 Viden'
3020 2727 3311 2796 quomodo,
3336 2739 3391 2783 ut
3420 2728 3555 2795 dixi,

1952 2811 2073 2867 ideo
2096 2812 2257 2867 talem
2286 2824 2488 2869 sortem
2515 2830 2711 2885 corpus
2749 2826 2995 2871 nostrmn
3024 2817 3225 2875 habere
3254 2823 3555 2887 constituit.

1952 2911 2010 2957 ut
2036 2906 2356 2976 arrogantitr
2386 2905 2735 2977 pharmaeum
2773 2901 2960 2965 esset?
2982 2910 3178 2966 Videas
3207 2912 3367 2982 igitur
3407 2915 3569 2973 illum,

1949 3000 2253 3069 arrogantia
2287 2998 2529 3069 plenum,
2562 3001 2628 3054 ab
2657 3001 2718 3055 iis
2747 3017 2866 3071 qua:
2888 3013 3008 3073 post
3038 3014 3266 3067 mortem
3305 3007 3560 3064 accidunt

1954 3091 2105 3146 illum
2138 3093 2339 3159 erudit,
2370 3108 2582 3149 vermes
2623 3110 2954 3163 memorans,
3008 3095 3277 3161 fictorem,
3315 3101 3555 3165 saniem,

1952 3193 2012 3239 ut
2040 3184 2155 3238 bme
2198 3186 2442 3256 Cogitans
2466 3188 2829 3258 arrogantiam
2875 3189 3142 3254 demittat,
3177 3206 3283 3245 non
3314 3207 3559 3261 pra‘sen-

1952 3277 2021 3331 tia
2039 3278 2388 3333 considerans
2402 3290 2460 3334 et
2486 3279 2719 3346 inﬂatus,
2739 3280 2832 3335 sed
2860 3282 3197 3353 perpendens
3214 3285 3302 3355 qui
3320 3285 3421 3340 sibi
3441 3286 3569 3341 linis

1952 3370 2155 3438 instet,
2214 3387 2379 3441 quam
2414 3384 2762 3442 suscepturus
2799 3374 2870 3428 sit
2912 3376 3286 3431 mutationem.
3316 3377 3565 3451 ideoque

1954 3464 2206 3536 possibile
2220 3479 2415 3535 corpus
2439 3467 2614 3520 sortiti
2638 3481 2845 3532 sumus,
2865 3474 2919 3522 et
2941 3477 3304 3537 postmortem
3321 3473 3390 3524 ita
3422 3470 3569 3527 ficti-

1953 3558 2103 3612 dum.
2130 3556 2185 3613 Si
2214 3558 2378 3623 enim,
2406 3573 2529 3612 eum
2559 3558 2679 3613 talis
2700 3568 2770 3614 Stt
2796 3570 3008 3623 natura,
3042 3561 3297 3617 insensati
3323 3564 3474 3617 nmlti
3509 3565 3561 3622 in

1958 3659 2163 3705 tantam
2191 3652 2553 3721 arrogantiam
2582 3651 2943 3718 devenerunt,
2976 3664 3033 3707 ut
3067 3670 3125 3710 se
3169 3655 3280 3711 Deo
3324 3657 3565 3727 a'qtmh's

1961 3742 2400 3811 imaginarentur,
2425 3753 2478 3797 et
2508 3743 2574 3815 ad
2601 3744 2790 3799 ca-lum
2810 3761 3031 3814 scopum
3060 3746 3435 3814 intenderent;
3462 3751 3567 3805 nisi

1965 3834 2065 3890 hoc
2080 3835 2435 3890 retinerentur
2449 3833 2621 3901 freno,
2638 3851 2870 3907 quonam
2888 3839 3181 3909 iniquitatis
3196 3854 3301 3896 n0n
3316 3858 3567 3914 erumpe-

1963 3927 2117 3982 rent?
2144 3926 2330 3997 Neque
2375 3926 2461 3982 hic
2512 3937 2717 3982 tantum
2751 3945 2844 3984 rex
2868 3971 2881 3993 ,
2917 3931 3010 3985 sed
3045 3942 3092 3986 et
3124 3933 3263 3987 alius
3294 3934 3567 3991 invenitur

1964 4018 2197 4088 idipsum
2229 4018 2329 4073 sibi
2377 4018 2607 4090 ﬁngens,
2638 4037 2797 4092 quem
2852 4022 2991 4078 alius
3023 4024 3282 4094 propheta
3317 4026 3566 4083 Ezechiel

1961 4111 2041 4167 sic
2070 4111 2302 4167 traducit
2334 4130 2347 4165 :
2378 4111 2457 4167 Tu
2486 4123 2653 4167 autem
2676 4114 2873 4182 dixisti,
2920 4115 3059 4172 Deus
3099 4136 3235 4186 sum,
3266 4137 3366 4173 non
3388 4122 3565 4184 homo,

1961 4204 2196 4260 habitans
2216 4206 2271 4259 in
2308 4206 2462 4260 corde
2490 4216 2642 4262 terra:
2660 4225 2678 4262 :
2697 4225 2765 4262 au
2806 4209 2859 4262 in
2887 4227 3045 4265 manu
3072 4221 3120 4266 te
3167 4214 3568 4286 confodiendum

1963 4300 2120 4367 dices,
2151 4298 2292 4355 Deus
2342 4318 2475 4368 sunt,
2507 4319 2610 4355 non
2643 4303 2793 4358 homo
2826 4302 3043 4377 (Ezech.
3088 4305 3179 4362 28.
3226 4308 3330 4378 2)?
3379 4309 3569 4366 Viden‘

1959 4392 2231 4464 quomodo
2257 4393 2344 4449 hic
2370 4397 2534 4449 etiam
2547 4396 2924 4464 subindieavit,
2950 4412 3180 4456 mortem
3209 4402 3330 4457 ideo
3355 4404 3565 4471 ingres-

1959 4500 2073 4541 sam
2103 4500 2242 4551 esse,
2271 4488 2704 4557 utarrogantiam
2727 4491 3108 4559 eomprimerel
3126 4502 3182 4546 ut
3208 4493 3401 4549 malum
3422 4496 3570 4552 illam

1960 4578 2367 4648 cogitationem,
2402 4594 2560 4649 quam
2609 4580 2677 4635 ab
2704 4580 2857 4635 initio
2896 4580 2947 4635 in
2984 4583 3156 4651 primo
3186 4598 3410 4655 parente
3435 4588 3568 4643 iuse-

1962 4672 2069 4725 ruit
2098 4670 2363 4737 diabolus,
2388 4671 2643 4726 radicitus
2673 4673 2971 4729 evelleret?
3011 4675 3222 4730 Etenim
3265 4678 3566 4734 idololatria

1962 4778 2176 4833 quoque
2219 4762 2347 4819 hinc
2390 4772 2567 4818 ortum
2599 4763 2805 4829 habuit,
2846 4780 2967 4835 qua:
2999 4767 3358 4823 humanorum
3393 4773 3567 4827 Ittnluc

1963 4871 2083 4911 rum
2113 4856 2381 4926 eoloplton
2412 4866 2517 4923 est,
2566 4856 2708 4926 quod
2752 4858 2909 4912 multi
2945 4860 2995 4914 in
3024 4862 3385 4931 arrogantiam
3416 4864 3567 4932 elati,

1961 4947 2324 5017 aequalitatem
2364 4963 2487 5002 cum
2551 4949 2660 5003 Deo
2716 4951 3114 5021 concupierint.
3167 4952 3369 5009 Omnes
3422 4956 3565 5010 cnim

1962 5041 2051 5109 qui
2102 5040 2240 5108 apud
2283 5039 2503 5096 Gm‘cos
2555 5040 2628 5095 dii
2683 5051 2825 5105 sunt,
2878 5043 2946 5097 ab
2991 5044 3301 5101 hominibus
3350 5048 3568 5103 conficti

1964 5133 2145 5187 luere:
2167 5132 2308 5203 quod
2341 5148 2409 5189 ne
2433 5135 2699 5198 eveniret,
2726 5144 2954 5190 mortem
2985 5139 3236 5207 opposuit
3262 5139 3421 5206 Dens,
3448 5158 3568 5211 qua:

1963 5223 2326 5279 inﬁrmitatem
2344 5237 2546 5279 natura:
2567 5228 2937 5296 comprobant.
2952 5226 3073 5283 Ideo
3087 5223 3569 5297 unigenitusFilius

1965 5318 2083 5385 Dei,
2107 5319 2468 5389 arrogantiam
2497 5318 2807 5390 deprimens
2831 5322 2954 5377 talia
2999 5323 3275 5395 ingressus
3304 5331 3570 5396 prooemia

1963 5416 2242 5484 apparavit
2271 5424 2327 5468 nt
2368 5424 2645 5484 pateretur
2674 5418 2966 5487 tugurium,
3012 5429 3406 5488 paupertatem,
3454 5438 3569 5476 ma-

1964 5516 2098 5561 trem
2130 5506 2343 5577 inopem
2378 5524 2392 5561 :
2428 5521 2522 5576 per
2558 5522 2720 5577 opera
2752 5511 3003 5564 otnnibus
3044 5511 3279 5567 suadens
3311 5522 3366 5567 ut
3394 5514 3572 5569 edca-

1962 5608 2083 5654 rent
2123 5600 2413 5653 humanum
2464 5600 2655 5655 iustum
2692 5619 2704 5655 :
2735 5610 2788 5656 et
2847 5617 2967 5657 cum
3011 5603 3347 5673 advenisset,
3395 5608 3569 5675 prium

1963 5693 2223 5747 barbaros
2244 5702 2419 5746 vocat.
2446 5694 2555 5746 Cur
2582 5704 2635 5747 et
2661 5709 2764 5763 qua
2786 5694 2853 5748 de
2873 5696 3071 5749 causa?
3098 5696 3231 5767 Quia
3276 5699 3415 5753 male
3436 5700 3565 5755 atie-

1961 5794 2105 5839 etum
2129 5796 2245 5839 crat
2268 5786 2557 5838 humanum
2578 5801 2746 5854 genus
2774 5782 2985 5853 (rursus
3006 5789 3149 5841 enim
3176 5789 3423 5844 eumdem
3474 5806 3562 5848 rev

1964 5893 2170 5932 sumam
2196 5878 2551 5946 seruitutem),
2581 5890 2634 5931 et
2663 5893 2853 5933 omnes
2880 5880 2947 5933 de
2979 5882 3151 5936 salute
3180 5883 3565 5951 desperahant.

1963 5973 2141 6030 Primo
2166 5971 2670 6039 diaboliaeropollm
2694 5980 2749 6028 et
2769 5972 3066 6029 sortissitua
3088 5973 3201 6045 ejus
3216 5992 3362 6031 arma
3393 5988 3561 6035 trans-
