4124 6336
666 455 766 513 507

667 578 791 645 ιω,
848 585 905 633 ιιι
944 579 1163 632 alioruat
1205 588 1360 631 nemo
1396 576 1729 645 desperaret.
1772 572 2022 644 Alioquin
2067 572 2224 627 etiam

661 682 715 725 ut
741 670 907 727 .ludwi
939 671 1138 741 pudore
1165 669 1480 733 afﬁciantur,
1500 667 1549 723 id
1579 665 1811 734 ﬁt,quod
1844 665 1941 735 ipsi
1968 663 2224 719 accedere

659 765 994 824 dubitarent;
1022 763 1069 813 hi
1093 776 1218 814 vero
1241 760 1450 828 longam
1477 758 1955 829 peregrinationem
1986 770 2229 826 suscepe-

658 864 799 920 raot,
829 858 887 908 ut
915 856 1057 907 illum
1091 852 1331 907 riderent
1367 865 1419 905 et
1450 851 1736 905 adorarent
1764 867 1777 902 :
1802 857 1855 902 et
1882 848 2225 903 circumeun-

656 955 736 998 tes
783 944 1002 1008 dicunt,
1061 943 1161 999 Ubi
1208 954 1281 997 est
1321 954 1404 1013 qut
1442 952 1587 996 natus
1645 951 1717 994 est
1766 939 1877 994 Rea:
1918 936 2227 992 ludu'orum

654 1035 863 1103 (.llatth.
885 1036 941 1089 ε.
960 1036 1014 1101 9)
1030 1036 1053 1073 ν

723 1129 777 1181 5.
806 1126 907 1179 Cur
946 1126 1174 1179 Christus
1203 1126 1363 1195 primo
1386 1142 1416 1178 η
1445 1124 1603 1195 magis
1630 1121 1855 1179 barbaris
1878 1121 2220 1175 anmmtietur.

653 1213 815 1273 Stella
829 1236 940 1287 qua:
964 1221 1121 1290 magis
1147 1220 1404 1289 apparuit,
1423 1218 1543 1287 quid
1557 1224 1703 1271 esset.
1720 1217 1820 1270 Cur
1837 1214 2031 1269 Paulus
2043 1212 2220 1268 Titum-

649 1313 815 1363 tlmtm
842 1310 1223 1364 circumciderit.
1251 1339 1320 1350 —
1347 1309 1391 1363 0
1413 1322 1496 1362 res
1520 1305 1788 1362 mirabiles
1809 1315 1863 1361 et
1884 1306 2217 1376 inexspecta-

650 1413 716 1454 tzc
737 1403 750 1454 ε
775 1401 1155 1469 perbarbaram
1179 1414 1358 1453 vocem
1380 1399 1601 1468 primam
1631 1398 1933 1466 unigenitus
1947 1395 2109 1449 Filius
2131 1396 2221 1450 ltei

648 1492 895 1547 ithtda‘a
917 1491 1348 1562 prrcdicaturatbi
1366 1490 1660 1558 prophetat,
1677 1488 2007 1558 patriarchas,
2023 1498 2071 1541 et
2091 1486 2232 1557 justi‘

646 1594 700 1638 et
722 1586 824 1649 lex,
852 1600 991 1647 arca,
1018 1590 1417 1645 testamentum,
1436 1581 1713 1651 templum.
1734 1580 2075 1643 sacriﬁcium,
2102 1580 2219 1631 eol-

647 1686 754 1729 tus:
785 1685 831 1728 et
852 1674 924 1727 illi
955 1672 1165 1743 quidem
1184 1674 1271 1742 qui
1301 1672 1353 1726 in
1373 1672 1713 1727 ltisinnutrili
1734 1662 1905 1735 erant,
1932 1685 1959 1723 a
1979 1669 2220 1722 barbaris

647 1764 817 1818 edocti
847 1765 1159 1819 erudiuntur
1188 1782 1200 1817 :
1232 1765 1320 1834 qui
1352 1779 1478 1818 vero
1505 1763 1703 1816 nullum
1732 1777 1915 1817 eorum
1951 1760 2033 1814 vel
2068 1759 2204 1829 cogi.

646 1868 823 1913 tarttttt
846 1859 1080 1928 quidem,
1105 1858 1480 1915 doctoresltzec
1498 1858 1860 1913 meditantium
1886 1856 2213 1911 efﬁciuntur.

646 1949 770 2003 Ideo
797 1951 1076 2004 traducem
1118 1951 1236 2003 illos
1270 1951 1524 2020 propheta
1555 1949 1718 2003 David
1746 1948 1960 2003 dicebat
1994 1966 2005 2001 :
2043 1949 2217 2013 Quare

642 2044 949 2109 fremuerunt
970 2050 1156 2110 gentes,
1184 2049 1227 2093 et
1247 2040 1423 2111 pepuli
1452 2041 1675 2093 meditati
1703 2050 1815 2093 sunt
1843 2040 2015 2093 inania
2038 2038 2211 2110 (Psal.

641 2134 695 2185 2.
724 2133 819 2202 l)?
846 2133 1123 2200 Quomodo
1151 2134 1292 2188 enim
1326 2150 1456 2188 vana
1490 2144 1664 2189 mente
1687 2135 1800 2189 hare
1826 2143 2212 2199 tractaverunt,

639 2226 728 2295 qui
760 2241 903 2291 eum,
932 2226 1019 2295 qui
1047 2241 1075 2279 a
1106 2225 1379 2296 prophetis
1404 2226 1744 2281 annuntiatus
1790 2238 1900 2282 erat
1928 2268 1945 2293 ,
1976 2242 2081 2280 non
2132 2243 2216 2282 re-

638 2320 943 2385 ceperunt?
972 2322 1039 2372 At
1065 2320 1133 2373 ita
1161 2335 1265 2373 non
1291 2321 1463 2390 magi;
1496 2319 1586 2374 sed
1620 2318 1712 2384 illi,
1745 2320 1929 2374 relicta
1966 2320 2132 2388 patria
2160 2331 2216 2375 et

638 2413 799 2466 domo
820 2422 874 2467 et
913 2413 1096 2466 amicis
1127 2421 1180 2467 et
1208 2414 1464 2483 cognatis,
1499 2428 1560 2466 ac
1599 2414 1753 2479 longa
1786 2422 2030 2481 suscepta
2063 2426 2213 2481 pere-

637 2504 954 2573 grinatione,
985 2504 1035 2556 in
1057 2503 1289 2573 pericula
1314 2520 1371 2558 se
1398 2504 1762 2573 conjceerunt.
1782 2503 1912 2558 Nam
1942 2504 1991 2556 in
2014 2506 2210 2574 regiam

640 2596 828 2649 urbem
861 2597 1142 2651 venientes
1167 2596 1561 2666 interrogabant
1594 2597 1681 2651 ubi
1726 2613 1817 2651 rex
1850 2607 2007 2663 natus
2034 2610 2207 2662 esset;

638 2702 745 2740 non
774 2687 912 2756 regis
940 2697 1064 2740 tunc
1094 2688 1362 2755 regnantis
1390 2687 1517 2741 iram
1542 2729 1555 2752 ,
1586 2702 1691 2741 non
1746 2688 1914 2756 plebis
1960 2688 2209 2742 iosoltum

638 2780 994 2850 suspicantes,
1026 2797 1129 2833 non
1157 2781 1303 2836 urbis
1331 2780 1567 2834 insidias.
1615 2781 1745 2848 Quia
1780 2781 1921 2835 enim
1957 2780 2213 2850 praedica-

638 2873 838 2926 tionem
866 2880 1233 2941 susceperant,
1262 2880 1313 2925 et
1333 2870 1633 2941 philcsOphi
1664 2880 1718 2925 et
1745 2882 2005 2941 martyres
2027 2872 2212 2925 viren-

638 2973 719 3017 tes
767 2963 943 3016 statim
998 2963 1156 3027 ﬁttttt,
1211 2972 1434 3017 mortem
1483 2978 1586 3017 non
1644 2963 1926 3029 timentes,
1981 2964 2209 3030 pericula

639 3054 1023 3122 despicientes,
1056 3064 1371 3123 prmseutetn
1398 3056 1554 3107 vitam
1578 3063 1911 3123 spernentes.
1942 3070 2059 3108 cum
2082 3055 2212 3109 ﬁdu-

636 3147 716 3199 cia
751 3145 1095 3213 prtedicantcs
1124 3160 1186 3200 ea
1202 3160 1318 3215 qute
1348 3145 1660 3211 didicerant,
1693 3145 1743 3198 in
1768 3144 1941 3199 media
1978 3145 2127 3210 urbe,
2159 3146 2209 3200 in

638 3240 815 3294 medio
831 3240 1021 3309 popqu
1045 3250 1227 3293 natum
1250 3240 1642 3293 anntmtiantes.
1666 3238 1787 3293 Ideo
1812 3254 2037 3308 namque
2058 3239 2209 3292 stella

637 3336 951 3397 occultatur,
978 3345 1033 3386 ut
1054 3332 1275 3386 ductore
1302 3348 1403 3383 non
1434 3341 1794 3398 comparentc,
1821 3345 1849 3382 a
1872 3329 2071 3384 Judmis
2092 3330 2208 3383 edi-

638 3444 789 3483 scere
818 3436 1152 3497 cogerentur;
1178 3426 1286 3479 imo
1308 3424 1481 3492 potius
1505 3421 1761 3476 discendo
1781 3421 2035 3476 docerent
2057 3422 2205 3475 illos:

638 3523 811 3575 locum
838 3522 979 3574 enim
1002 3519 1172 3573 solum
1197 3527 1475 3586 qumrttnt;
1504 3514 1643 3585 quod
1672 3523 1845 3568 autem
1871 3524 2024 3567 natus
2046 3516 2209 3579 esset,

640 3614 787 3681 prius
811 3612 1128 3666 didicerant.
1158 3610 1259 3663 Sed
1292 3609 1413 3663 vide
1447 3608 1539 3661 Dei
1568 3607 1901 3675 sapientiam,
1941 3606 2211 3676 quomodo

648 3707 768 3758 illos
796 3706 1083 3757 vocaverit.
1114 3696 1225 3755 Non
1260 3701 1567 3769 prophetam
1602 3700 1775 3762 misit,
1806 3714 1909 3752 non
1939 3699 2081 3751 enim
2112 3698 2210 3752 ad-

641 3796 943 3857 misissent;
988 3809 1091 3847 non
1124 3794 1418 3861 apostolum
1442 3834 1455 3855 ,
1485 3808 1587 3844 non
1628 3792 1768 3845 enim
1814 3790 2166 3843 attemlissent
2193 3806 2207 3855 ;

640 3901 747 3939 non
775 3888 1085 3951 scripturas,
1117 3898 1219 3933 non
1244 3881 1385 3933 enim
1412 3880 1682 3932 sciebant:
1714 3876 1805 3931 sed
1836 3893 1863 3930 a
1895 3877 2053 3930 rebus
2078 3876 2205 3945 ipsis

638 3976 1011 4037 familiaribus,
1050 3976 1099 4027 in
1132 3973 1283 4047 qtteis
1315 3972 1551 4024 inotttriti
1582 3981 1755 4031 erant,
1791 3971 1907 4023 illos
1934 3969 1999 4023 ab
2027 3985 2208 4024 errore

637 4067 872 4121 abducit.
913 4068 1041 4133 Quia
1071 4067 1213 4120 enim
1264 4064 1399 4133 magi
1444 4071 1627 4127 erant,
1659 4071 1713 4117 et
1742 4064 1879 4115 circa
1924 4061 2101 4115 stellas
2125 4077 2211 4115 ars

638 4164 870 4227 ipsorum
916 4159 1243 4217 versabatur,
1278 4156 1430 4209 stella
1474 4162 1729 4224 apparet,
1773 4155 1916 4223 ipsos
1962 4169 1988 4205 a
2021 4153 2211 4206 ﬁnibus

638 4254 749 4305 suis
778 4250 1121 4311 abstraheus;
1154 4248 1301 4301 stella
1330 4262 1431 4299 non
1456 4261 1557 4298 una
1590 4261 1655 4299 ex
1693 4245 1755 4297 iis
1784 4259 1915 4313 quas
1947 4244 2206 4309 videmus,

638 4346 730 4398 sed
762 4345 937 4396 divina
977 4341 1215 4410 qttmdam
1248 4351 1299 4394 et
1329 4339 1605 4394 invisibilis
1631 4338 1802 4391 virtus
1830 4338 1881 4390 in
1906 4338 2071 4390 stcllm
2094 4353 2213 4406 spe-

637 4437 772 4489 ciem
806 4431 1172 4487 transformata
1204 4450 1215 4484 :
1251 4431 1409 4485 trahit
1442 4439 1617 4484 autem
1651 4429 1766 4482 illOs
1797 4430 1946 4480 stella
1983 4467 1995 4493 ,
2031 4438 2084 4480 nt
2116 4429 2208 4479 ab-

637 4528 795 4578 dueat
844 4524 960 4576 illos
1013 4523 1264 4590 deinceps
1305 4538 1334 4575 a
1383 4522 1656 4575 stellarum
1704 4520 2107 4587 Spernlatione,
2160 4530 2206 4571 et

637 4617 937 4684 astrologim
970 4615 1301 4685 tyrannidem
1333 4614 1521 4667 solvat.
1568 4612 1655 4667 Sic
1699 4622 1752 4665 et
1809 4612 1999 4665 Paulus
2048 4609 2216 4670 {ct-it,

638 4706 919 4761 Dominum
968 4723 1119 4759 suum
1169 4706 1412 4767 imitans;
1459 4721 1577 4759 nam
1619 4705 1723 4763 ait.
1776 4703 2065 4755 lutitutores
2114 4703 2210 4754 mei

636 4811 810 4860 estote,
840 4801 964 4851 sirut
992 4808 1035 4851 et
1063 4815 1152 4868 ego
1181 4794 1369 4850 Christi
1399 4798 1488 4867 (l.
1522 4796 1640 4849 Cor.
1672 4796 1721 4849 σί.
1759 4796 1790 4849 6
1817 4800 1851 4861 ).
1885 4795 2031 4849 Sicut
2062 4795 2206 4847 enim

639 4891 894 4945 Dominus
916 4891 1031 4957 ejus
1056 4904 1235 4956 magos
1257 4903 1472 4950 vocans,
1500 4888 1669 4941 stella:
1696 4888 1924 4955 speciem
1960 4888 2120 4946 misit,
2153 4896 2207 4938 ttt

637 5001 747 5038 rem
778 4992 1083 5037 consuetam
1114 4992 1481 5050 agnoscentes,
1508 4980 1659 5033 facile
1689 4981 2129 5049 obsequerentur,
2159 4989 2210 5033 et

638 5075 915 5129 venientes
960 5074 1231 5127 stellarum
1280 5073 1559 5126 Dominum
1607 5071 1869 5132 viderent,
1923 5081 1974 5124 et
2025 5072 2209 5124 relicta

639 5168 727 5219 illa
760 5167 1011 5218 servitute
1035 5206 1048 5229 ,
1078 5180 1136 5217 se
1168 5164 1289 5217 huic
1316 5162 1550 5216 dominio
1576 5162 1867 5217 subderent
1896 5179 1905 5213 :
1933 5162 2007 5214 sic
2040 5171 2091 5214 et
2123 5162 2211 5215 ille

640 5259 1100 5313 circumcisionem
1148 5257 1481 5322 sublaturus,
1511 5271 1627 5308 cum
1678 5256 2083 5307 circumcisione
2115 5254 2210 5307 Ti-

642 5350 913 5403 tuotheum
966 5350 1125 5401 misit.
1172 5349 1301 5417 Quia
1345 5350 1485 5401 enim
1528 5348 1693 5402 Judmi
1744 5349 1885 5399 illttnt
1936 5349 2203 5415 excepturi

651 5451 833 5504 erant,
866 5441 975 5509 ipse
1004 5456 1127 5493 vero
1157 5442 1291 5493 ﬁlius
1318 5451 1430 5493 crat
1455 5439 1649 5493 Judaca:
1680 5438 1845 5492 ﬁdelis
1868 5480 1881 5500 ,
1919 5441 2080 5507 patris
2113 5458 2210 5493 att-

654 5544 760 5585 tem
791 5532 1021 5600 gentilis,
1057 5532 1275 5599 ideoque
1306 5531 1672 5600 prwptttiatns,
1710 5530 2037 5583 circumcidit
2067 5546 2207 5591 eunt,

646 5624 964 5688 piscatorum
996 5637 1143 5675 more
1168 5637 1328 5689 agens
1352 5640 1365 5675 :
1392 5622 1442 5677 lti
1472 5624 1609 5675 enim
1639 5638 1847 5690 quoque
1873 5623 2084 5690 hamum
2119 5640 2215 5675 utt-

647 5716 771 5766 dom
802 5729 903 5767 nco
939 5714 1177 5782 injicinnt
1204 5714 1252 5765 in
1288 5728 1429 5767 mare
1460 5714 1552 5767 sed
1600 5728 1757 5767 carne
1788 5689 1960 5781 ipsmn
1991 5714 2215 5766 circuat-

643 5808 790 5859 dant.
825 5808 901 5859 Sit
928 5824 1052 5876 ergo
1093 5822 1237 5860 mare
1268 5810 1539 5877 Sytngoga
1564 5847 1577 5870 ,
1605 5805 1769 5859 Jud.ci
1819 5820 1946 5858 vero
1993 5807 2167 5874 pisces
2200 5849 2211 5868 ,

647 5898 832 5953 bamus
862 5900 1187 5964 Timotheus,
1223 5900 1557 5954 circumcisio
1585 5916 1707 5953 caro
1739 5898 1954 5952 hamum
1984 5899 2208 5952 circum-

1361 460 1417 517 S.
1456 457 1733 516 JOANNIS
1768 450 2242 517 CHRYSOSTOMI
2284 446 2599 517 ARClﬂEP.
2636 449 3168 522 CONSTASIINOP.

3810 467 3912 525 508

2338 568 2496 639 dans,
2529 574 2764 644 piscator
2807 586 2983 633 autem
3031 579 3224 635 Paulus
3254 597 3266 634 :
3298 579 3517 634 hamum
3546 592 3675 651 ergo
3702 579 3830 649 jacit
3861 585 3914 637 in

2334 676 2482 718 mare
2506 706 2521 730 ,
2555 664 2649 721 scd
2680 681 2787 722 non
2818 668 3049 734 nudum;
3082 669 3446 736 Timotheum,
3480 687 3601 727 cum
3630 675 3917 728 circumci-

2333 754 2509 820 sione,
2541 765 2593 810 et
2642 771 2747 811 non
2801 760 3195 830 praeputiatum.
3242 762 3297 818 Si
3344 760 3485 818 enim
3537 765 3913 833 przrputiatum

2331 845 2582 909 misisset.
2609 849 2781 918 pisces
2802 851 3149 922 aufugisscut.
3174 850 3387 908 hamum
3413 855 3653 912 videntes
3675 856 3910 911 uudttm:

2331 935 2451 991 ideo
2493 937 2638 993 illum
2684 942 2853 995 tnttttit
2898 942 3327 1010 circumcisione,
3362 954 3555 1002 utrem
3597 957 3911 1003 consuetam

2331 1030 2593 1097 videntes,
2631 1045 2976 1090 occurrerent
3028 1036 3094 1090 ad
3146 1037 3378 1107 prmdam
3400 1081 3415 1103 ,
3444 1048 3499 1093 et
3528 1054 3596 1094 ne
3628 1040 3715 1094 ille
3755 1055 3912 1096 aece~

2328 1123 2517 1179 dentes
2543 1141 2650 1195 prre
2670 1136 2817 1181 metu
2840 1126 3075 1199 fugaret;
3105 1129 3198 1184 sed
3222 1145 3321 1200 per
3342 1132 3804 1187 circumcisionem
3831 1132 3909 1186 illi

2327 1215 2736 1285 attraherentur,
2788 1228 2843 1273 et
2894 1219 3156 1287 doctrina:
3203 1222 3368 1277 verbo
3412 1223 3816 1279 retinerentur:
3852 1235 3912 1281 ut

2327 1309 2487 1362 etiam
2538 1307 2735 1364 factum
2768 1321 2869 1366 est.
2927 1311 3200 1382 Ingressus
3247 1315 3389 1368 enim
3438 1324 3493 1370 et
3536 1317 3907 1385 circumcisus,

2324 1400 2787 1457 circumcisionem
2820 1404 3001 1458 solvit.
3037 1405 3098 1459 lli
3130 1414 3255 1460 sunt
3276 1407 3420 1460 enim
3448 1409 3761 1463 meonomim
3791 1425 3909 1463 uto-

2324 1494 2374 1552 ιΙῖ
2402 1512 2415 1545 :
2446 1496 2615 1563 primo
2639 1495 2723 1549 illa
2750 1510 2871 1552 sese
2894 1506 3233 1567 attemperat,
3278 1510 3332 1553 et
3359 1508 3482 1554 tunc
3510 1499 3693 1555 trahit.
3742 1499 3830 1555 Sic
3852 1508 3910 1555 et

2322 1586 2568 1640 Christus
2612 1587 2734 1643 fecit
2783 1590 3042 1643 barbaros
3089 1605 3305 1644 vocans.
3356 1591 3489 1646 Nam
3543 1603 3600 1646 ut
3652 1578 3909 1648 [homines

2326 1691 2521 1731 rorans
2558 1678 2827 1734 hominem
2862 1680 3033 1733 induit
3057 1692 3107 1734 et
3136 1681 3434 1737 secundum
3466 1683 3698 1751 Speciem
3730 1694 3783 1738 ct
3810 1699 3903 1739 se-

2324 1769 2555 1830 cundum
2583 1780 2825 1824 naturam
2850 1788 2861 1823 :
2889 1772 2964 1826 sic
2995 1787 3180 1841 magos
3206 1788 3422 1837 vocans,
3454 1772 3769 1827 invisibilem
3797 1775 3905 1827 vir-

2324 1868 2487 1916 tntem
2514 1861 2564 1914 in
2582 1860 2751 1915 stella:
2771 1863 3005 1930 speciem
3028 1864 3267 1918 mutavit.
3287 1864 3439 1931 Quod
3458 1865 3599 1919 enim
3623 1882 3724 1918 non
3743 1865 3904 1921 stella

2322 1952 2781 2006 essetexaliarum
2810 1953 3081 2007 stellarttm
3127 1971 3392 2019 numero,
3436 1970 3500 2010 ex
3547 1970 3703 2010 cursu
3729 1955 3901 2010 disce.

2321 2040 2433 2095 Non
2457 2042 2597 2097 enim
2629 2043 2696 2096 ab
2715 2043 2923 2099 oriente
2949 2044 3013 2098 ad
3043 2044 3378 2100 occidentem
3405 2047 3673 2111 currebat,
3709 2047 3800 2100 sed
3828 2048 3903 2099 ab

2320 2135 2683 2203 septentrione
2728 2136 2792 2188 ad
2837 2135 3151 2202 meridiem;
3186 2138 3255 2191 ita
3287 2137 3427 2192 enim
3462 2139 3737 2193 Palmstina
3770 2156 3900 2207 erga

2320 2226 2592 2281 Persidem
2618 2226 2719 2280 sita
2748 2234 2831 2281 est
2857 2246 2869 2282 :
2900 2237 2955 2282 et
2984 2237 3207 2297 apparet
3235 2229 3321 2283 illa
3351 2245 3455 2285 non
3484 2242 3663 2293 noctu,
3693 2232 3785 2286 sed
3816 2233 3900 2285 in-

2321 2318 2493 2373 terdiu
2515 2360 2529 2381 ,
2559 2318 2701 2388 quod
2731 2320 2882 2375 stella
2917 2337 3020 2374 non
3049 2321 3175 2376 facit
3202 2339 3217 2376 :
3250 2322 3475 2391 ideoque
3505 2333 3559 2377 et
3593 2335 3815 2393 apparet
3842 2333 3900 2380 et

2318 2412 2634 2475 occultatur,
2659 2412 2973 2481 quodetiam
2998 2413 3168 2468 stellae
3195 2430 3297 2467 non
3325 2413 3485 2469 fuerit
3511 2436 3523 2470 :
3550 2416 3900 2471 absconditur

2316 2515 2435 2554 cum
2465 2499 2853 2571 Jerosolymatn
2880 2518 2939 2556 se
2967 2504 3307 2557 contulerunt
3328 2545 3342 2564 .
3374 2514 3428 2558 et
3475 2516 3696 2576 apparet
3740 2516 3892 2576 post-

2316 2607 2474 2659 quam
2502 2607 2529 2644 a
2561 2607 2687 2662 rege
2712 2592 3091 2648 discesserant.
3113 2593 3263 2649 Unde
3294 2594 3462 2663 palam
3486 2605 3570 2649 est
3597 2597 3898 2667 intelligen-

2319 2690 2425 2736 tem
2456 2681 2618 2737 fuisse
2648 2683 2922 2749 virtutem,
2956 2701 3073 2754 qua)
3100 2684 3164 2739 ad
3192 2685 3341 2754 jnSsa
3374 2688 3687 2754 eontplenda
3714 2692 3894 2743 omnia

2316 2774 2651 2829 observaret.
2681 2775 2861 2843 Neque
2888 2790 3014 2831 vero
3040 2776 3163 2831 ittde
3187 2779 3357 2832 Solum
3386 2779 3433 2832 id
3465 2780 3635 2848 palam
3664 2792 3773 2846 est;
3798 2785 3892 2835 sed

2317 2869 2476 2923 etiam
2502 2869 2640 2938 quod
2664 2910 2678 2934 ,
2718 2884 2838 2923 cum
2871 2870 3110 2925 duxisset
3140 2871 3205 2924 ad
3238 2887 3476 2941 praesepe
3498 2916 3510 2937 ,
3545 2889 3656 2926 non
3686 2890 3749 2928 ex
3782 2876 3897 2929 alto

2315 2958 2615 3013 ostenditur
2635 2960 2729 3025 eis,
2757 2960 2848 3014 sed
2879 2960 3011 3014 infra
3039 2960 3371 3017 descendens
3398 2965 3626 3029 steterit,
3654 2966 3739 3019 tibi
3778 2977 3897 3021 erat

2316 3065 2469 3120 puer,
2510 3065 2666 3119 supra
2698 3052 2811 3120 ejus
2833 3063 3013 3121 caput,
3058 3064 3113 3105 ιιι
3147 3053 3214 3106 ita
3245 3054 3419 3107 dicam
3447 3055 3524 3109 :si
3568 3056 3709 3110 enim
3736 3058 3894 3111 stella

2316 3141 2526 3206 fuisset,
2555 3157 2657 3195 non
2688 3142 2863 3195 locum
2898 3153 3001 3195 tam
3030 3152 3312 3213 angustum
3342 3151 3397 3199 et
3434 3144 3893 3216 circumscriptum

2314 3233 2655 3288 ostendisset.
2681 3234 2839 3289 Scitis
2871 3236 3010 3289 enim
3045 3237 3207 3303 probe
3236 3235 3375 3305 quod
3416 3236 3486 3290 ob
3518 3238 3735 3292 nimiam
3767 3238 3894 3291 alti~

2316 3326 2551 3382 tudinem
2571 3343 2636 3382 ne
2659 3327 2804 3381 urbis
2823 3328 3030 3396 quidem
3051 3330 3224 3383 locum
3243 3326 3515 3399 assignare
3530 3330 3678 3383 stella
3704 3332 3895 3399 possit,

2316 3433 2488 3488 neque
2511 3419 2652 3473 clare
2683 3427 2857 3487 potest
2876 3418 2939 3472 ad
2972 3420 3411 3488 perpendiculum
3441 3420 3617 3490 dirigi,
3650 3431 3753 3474 tam
3783 3423 3895 3477 alte

2317 3510 2507 3577 p0sita.
2540 3508 2631 3562 llla
2664 3525 2789 3562 vero
2823 3524 3043 3576 parvum
3071 3510 3248 3563 locum
3278 3519 3330 3564 et
3360 3525 3599 3580 pra'scpe
3623 3523 3896 3566 monstra-

2317 3599 2423 3661 vit,
2455 3614 2618 3668 prope
2644 3608 2800 3667 caput
2827 3603 3031 3669 posita;
3064 3611 3117 3653 et
3146 3616 3268 3654 cum
3294 3601 3654 3665 ostendisset,
3702 3604 3885 3657 statim

2315 3691 2573 3745 abscessit
2603 3710 2615 3744 :
2651 3691 2700 3745 id
2732 3691 2873 3760 quod
2904 3692 3073 3745 stellae
3102 3706 3204 3745 non
3232 3700 3363 3745 erat.

2387 3781 2437 3836 6.
2459 3781 2608 3849 Quod
2632 3782 2675 3835 si
2698 3783 2832 3851 magi
2852 3783 3052 3849 dicant,
3079 3781 3307 3836 Vidimus
3323 3784 3521 3837 stellam
3540 3784 3645 3850 eius
3674 3783 3894 3853 (Matth.

2313 3873 2365 3927 Ξ.
2396 3873 2431 3927 2
2451 3874 2491 3942 ),
2521 3890 2584 3928 ex
2614 3884 2729 3929 arte
2752 3890 2844 3927 sua
2879 3876 3159 3943 loquentes
3182 3874 3232 3927 id
3262 3876 3464 3938 dicunt,
3498 3885 3679 3941 postea
3715 3886 3894 3931 tamen

2316 3968 2439 4022 illuc
2464 3968 2695 4033 deducti,
2725 3968 2792 4021 ab
2818 3983 3001 4021 errore
3026 3967 3233 4022 liberati
3262 3978 3405 4020 sunt.
3437 3968 3588 4035 Quod
3613 3968 3755 4022 enim
3780 3978 3897 4020 sta-

2316 4061 2409 4115 tim
2440 4070 2598 4130 atque
2625 4060 2833 4113 stellam
2862 4058 3112 4112 viderunt
3152 4059 3220 4111 ab
3265 4074 3449 4112 errore
3493 4058 3696 4113 liberati
3741 4060 3895 4125 sint,

2318 4156 2487 4224 palam
2519 4163 2601 4209 est
2629 4169 2693 4208 ex
2727 4168 2793 4207 eo
2822 4152 2961 4221 quod
2992 4151 3335 4205 adoravcrint
3368 4167 3589 4220 puerum
3625 4168 3638 4203 :
3672 4151 3713 4203 si
3748 4152 3894 4204 enim

2315 4249 2586 4315 vulgarent
2620 4245 2851 4315 aliquam
2882 4245 3089 4299 stellam
3120 4259 3237 4297 esse
3267 4245 3628 4312 putavissent,
3658 4258 3760 4295 non
3791 4243 3893 4295 ad-

2316 4348 2575 4395 orasseut.
2626 4338 2759 4403 Quid
2804 4337 2945 4390 enim
2988 4336 3273 4405 sperabant
3304 4350 3332 4387 a
3366 4335 3587 4403 puerulo
3629 4336 3893 4399 extranei,

2316 4433 2532 4487 advena:
2578 4441 2630 4485 et
2659 4430 2905 4483 barbari?
2937 4428 3075 4482 unde
3118 4430 3257 4482 scite
3287 4436 3533 4495 poterant
3565 4429 3735 4495 ipsum
3770 4441 3898 4481 esse

2316 4526 2596 4585 victurum,
2626 4532 2678 4575 et
2705 4522 2963 4575 donorum
3000 4521 3167 4574 vicem
3206 4520 3535 4579 relaturum.
3582 4534 3700 4572 cum
3745 4530 3898 4573 tanto

2316 4618 2484 4684 spatio
2528 4612 2822 4669 distarent?
2867 4613 3134 4683 quomodo
3181 4613 3472 4682 periculum
3523 4627 3755 4680 prmsens
3784 4627 3893 4665 non

2318 4707 2703 4777 pra'cavcrint?
2734 4706 3001 4773 quomodo
3055 4721 3157 4757 non
3207 4705 3555 4773 cogitat-crint
3596 4704 3891 4773 periculum

2316 4816 2433 4853 esse
2484 4816 2548 4853 ne
2598 4800 2710 4866 ipse
2751 4814 2815 4851 ex
2864 4800 2960 4850 hac
2991 4798 3092 4849 vita
3134 4796 3490 4863 abriperetur.
3544 4811 3677 4849 neve
3718 4796 3761 4850 is
3802 4796 3897 4863 qui

2316 4896 2564 4963 regnabat
2616 4894 2760 4944 illtttn
2817 4890 3125 4944 occideret?
3171 4890 3309 4955 quod
3364 4889 3572 4942 tandem
3632 4890 3769 4958 regis
3820 4890 3897 4940 si-

2318 5002 2474 5052 gnum
2536 4984 2815 5037 \ideltanl'.’
2870 4999 2987 5050 qum
3029 4982 3193 5034 atria?
3234 4995 3366 5050 quos
3409 4981 3701 5035 satellites?
3758 4997 3897 5049 quos

2316 5077 2589 5130 scutatos?
2634 5091 2791 5143 quem
2844 5072 3353 5141 famulatttnt?quos
3400 5072 3617 5141 clypeos
3660 5073 3899 5126 aureos?

2316 5182 2447 5237 quas
2466 5168 2810 5234 aulas?qttetu
2836 5168 3205 5218 cunuchorum
3232 5171 3484 5233 gregem?
3512 5163 3650 5217 Nihil
3676 5164 3893 5229 horum,

2317 5260 2406 5314 sed
2456 5259 2718 5313 contraria
2769 5259 2947 5313 omnia
2974 5302 2982 5316 ,
3018 5272 3279 5325 pra-sepe,
3307 5257 3570 5325 tugurium
3598 5298 3613 5320 ,
3644 5255 3894 5310 diverso-

2317 5356 2475 5415 rium,
2498 5362 2715 5404 tnalt‘t'nt
2741 5350 2973 5419 inopem,
2998 5359 3356 5417 pattpcrlatettt
3384 5365 3647 5416 magnam,
3666 5363 3895 5417 pattth.

2316 5446 2538 5499 Cninaut
2584 5444 2739 5512 igitur
2770 5441 3062 5495 oﬂt-rehant
3096 5456 3280 5493 attrtttn
3304 5483 3317 5503 ,
3353 5441 3472 5491 lilllS
3499 5451 3550 5492 ct
3581 5440 3855 5509 myrrham
3876 5440 3903 5492 τ

2319 5550 2494 5589 annon
2527 5534 2862 5587 manifestum
2886 5543 2965 5585 est
2995 5533 3139 5600 ipsos
3175 5532 3282 5600 jam
3318 5531 3437 5583 ﬁdei
3480 5533 3579 5585 alis
3608 5532 3904 5584 lllSll’llt'lOS

2322 5630 2519 5684 fuisse?
2550 5628 2613 5682 Et
2644 5628 2805 5679 multa
2836 5635 2917 5678 est
2948 5626 3209 5679 donorum
3244 5624 3579 5680 excellentia.
3611 5640 3729 5691 qum
3762 5640 3907 5690 praa-

2324 5720 2607 5776 dicationis
2628 5719 2786 5772 etiam
2811 5717 3041 5784 speciem
3073 5715 3286 5769 referat.
3313 5715 3423 5767 Non
3447 5716 3587 5768 enim
3612 5714 3727 5781 rejit
3748 5712 3908 5767 ietth

2320 5812 2408 5867 illa
2425 5810 2603 5878 opinio
2623 5819 2721 5871 est,
2746 5826 2860 5877 quas
2881 5825 2972 5877 per
2989 5808 3199 5875 vulgum
3221 5807 3652 5875 sp:trgitttr,qootl
3675 5823 3769 5870 per
3786 5807 3913 5860 thttI

2331 5906 2493 5958 Deum
2520 5904 2931 5966 conﬁterentur,
2964 5916 3057 5967 per
3085 5914 3271 5953 aurum
3306 5915 3504 5967 regem,
3538 5909 3587 5953 et
3611 5900 3919 5963 patientem
