4124 6336
345 380 446 439 δον

344 500 520 556 ιλλων
550 500 743 572 μηδεὶς
779 499 1152 573 ἀπογινώσκῃ.
1186 501 1397 566 ’Ἄλλως
1433 500 1490 554 δέ
1522 501 1617 556 καὶ⁸
1653 503 1734 567 είς
1763 502 2026 574 αίσχύνην

357 590 628 644 Ἰουδαίων
679 589 836 644 τοῦτο
888 589 1119 658 γίνεται,
1172 591 1253 644 ὅτι
1299 591 1495 644 ἐκείνοι
1553 589 1651 661 μὲν
1711 591 2029 656 ἐστασίαζον

341 673 671 749 ίεδίσταζον]
701 676 1036 748 προσελθεῖν,
1071 671 1214 730 οὗτοι
1247 676 1303 730 δέ
1337 678 1430 730 καὶ
1472 676 1691 748 μακράν
1721 678 2030 747 ἀποδημίαν

341 763 673 828 ἐστείλαντο,
698 763 838 816 ὥστε
867 763 1029 816 αὑτὸν
1061 763 1186 816 ίδεῐν
1219 763 1308 816 καὶ
1333 763 1734 834 προσκυνῆσαι,
1763 763 1855 816 καὶ
1876 762 2028 835 [378]

343 851 649 924 περιιόντες
696 851 931 920 λέγουσι·
985 851 1109 906 Ποῦ
1157 852 1328 905 ἐστιν
1373 853 1407 906 ὀ
1451 851 1682 920 τεχθεὶς
1727 849 2030 918 ,βασιλεὺς

343 942 464 997 τῶν
493 941 706 997 Ἰουϐαι
715 957 822 1005 (or;

415 1039 478 1085 ε’.
516 1032 578 1084 Ὢ
612 1029 938 1100 θαυμαστῶν
972 1029 1067 1083 καὶ
1098 1027 1418 1100 παραδόξων
1454 1026 1796 1101 πραγμάτων
1817 1043 1829 1056 ·
1877 1026 2030 1098 παρά

346 1117 692 1190 βαρϐαρικῆς
725 1115 951 1188 πρώτης
993 1115 1179 1185 φωνῆς
1222 1116 1252 1168 6
1283 1114 1577 1186 μονογενὴς
1607 1113 1735 1177 Υἱὸς
1767 1112 1861 1166 τοῦ
1893 1112 2029 1166 Θεοῦ

344 1209 405 1259 ἐν
451 1203 680 1275 Ἰουδαίᾳ
708 1204 1068 1274 κηρύττεται,
1097 1202 1228 1274 ,ἔνθα
1261 1201 1540 1274 προφῆται
1569 1202 1663 1256 καὶ
1692 1202 2031 1272 πατριάρχαι

346 1293 443 1347 καὶ
471 1293 668 1346 δίκαιοι
696 1294 789 1345 καὶ
814 1293 977 1362 νόμος
1006 1297 1099 1344 καὶ
1129 1290 1360 1354 κιϐωτὸς
1388 1289 1482 1343 καὶ
1511 1287 1744 1360 διαθήκη
1779 1289 1873 1342 καὶ
1905 1289 2032 1353 ναὸς

347 1384 442 1436 καὶ
475 1380 657 1434 θυσίαι
682 1380 775 1433 καὶ
801 1379 1044 1450 λατρείαι
1065 1397 1078 1410 ·
1115 1379 1208 1432 καὶ
1234 1379 1282 1432 οί
1313 1377 1411 1447 μὲν
1437 1376 1646 1440 τούτοις
1674 1376 2031 1446 ἐντραφέντες

345 1471 470 1524 οὐδὲ
500 1470 649 1541 παρά
691 1468 981 1541 βαρϐάρων
1029 1468 1293 1540 μαθόντες
1341 1465 1720 1520 παιδεύονται·
1755 1467 1806 1519 οί
1833 1465 1889 1518 δὲ
1920 1482 2028 1536 μη-

346 1556 498 1619 δενὸς
557 1556 829 1628 μηδέποτε
883 1557 1126 1609 τοιούτου
1178 1554 1511 1618 ἀκούσαντες
1567 1552 1877 1608 διδάσκαλοι
1923 1552 2031 1604 τῶν

345 1646 522 1699 ταῦτα
567 1644 976 1715 μελετησάντων
1015 1643 1274 1712 γίνονται.
1309 1642 1409 1696 Διά
1453 1641 1518 1712 δὴ
1549 1640 1707 1695 τοῦτο
1754 1640 2031 1712 κωμῳδῶν

349 1734 553 1798 αὐτοὺς
590 1735 618 1786 6
650 1731 932 1802 προφήτης
984 1728 1147 1783 Δαυῒδ
1199 1729 1417 1798 ἔλεγεν·
1483 1728 1668 1784 ἰνατί
1723 1727 2034 1796 ἐφρύαξαν·

346 1821 520 1887 ἔθνη,
553 1819 651 1873 καί
688 1819 824 1873 λαοὶ
866 1815 1240 1888 ἐμελέτησαν
1281 1815 1462 1880 κενὰ;
1496 1815 1620 1879 Πῶς
1651 1815 1757 1886 γὰρ
1806 1816 1865 1868 06
1901 1816 2034 1869 κενά

350 1906 688 1978 ἐμελέτησαν
736 1905 810 1977 μὴ
862 1905 1145 1976 δεξάμενοι
1190 1903 1281 1957 τὸν
1347 1902 1824 1974 προφητευθέντας
1894 1903 2033 1955 Ἀλλ’

349 1997 451 2066 ούχ
482 1997 532 2048 οί
567 1995 752 2064 μάγοι,
781 1993 915 2046 ἀλλά
937 1992 1168 2065 πατρίδα
1196 1991 1586 2054 καταλιπόντες
1612 1992 1705 2044 καὶ
1727 1991 1906 2043 οἰκίαν
1939 2006 2034 2042 και

351 2083 542 2153 φίλους
588 2085 682 2136 καὶ
722 2084 1033 2150 συγγενεῖς,
1085 2081 1178 2134 καὶ
1230 2080 1447 2150 μακρὰν
1496 2078 1805 2150 ἀποδημίαν
1863 2080 2031 2131 ἐστεί-

349 2170 533 2246 λαντο,
563 2173 656 2225 καὶ
687 2173 764 2234 είς
803 2171 1044 2225 κίνδυνον
1072 2171 1297 2232 ἑαυτοὺς
1328 2168 1576 2239 ἔρριψαν.
1611 2166 1706 2230 Et;
1735 2168 1844 2237 γάρ
1879 2166 2034 2236 βασι-

351 2259 656 2332 λευομένην
703 2259 856 2312 πόλιν
905 2258 1152 2321 ἐλθόντες
1212 2256 1474 2328 ἠρώτων,
1533 2254 1637 2307 ποῦ
1696 2257 1724 2308 6
1782 2254 2036 2324 βασιλεὺς

352 2349 583 2420 ἔτέχθη;
617 2351 678 2402 06
721 2348 813 2401 τοῦ
855 2345 1228 2416 βασιλεύοντος
1263 2344 1385 2398 τότε
1418 2345 1508 2397 τὸν
1543 2342 1712 2412 θυμὸν
1740 2343 2032 2411 ὑπειδόμε-

352 2453 433 2489 νοι
453 2476 468 2498 ,
502 2437 561 2488 06
585 2435 679 2488 τοῦ
722 2434 892 2505 δήμου
929 2433 1025 2505 τὴν
1059 2433 1456 2495 ἐπανάστασιν,
1478 2432 1539 2484 06
1569 2430 1668 2500 τῆς
1699 2431 1904 2494 πόλεως
1937 2429 2035 2494 τὰς

353 2522 670 2585 ἐπιϐουλάς.
714 2521 933 2592 Ἐπειδὴ
973 2520 1083 2591 γὰρ
1120 2520 1364 2586 ἐδέξαντο
1406 2519 1467 2573 :6
1511 2519 1792 2589 κήρυγμα,
1826 2518 2036 2587 1:01:91.-

352 2610 572 2680 λόσοφοι
608 2612 700 2664 καὶ
732 2611 1006 2681 μάρτυρες
1027 2609 1228 2673 ζῶντες
1261 2609 1456 2680 ἀθρόον
1483 2609 1741 2677 γίνονται,
1776 2607 2036 2662 κατατολ-

356 2700 568 2770 μῶντες
591 2699 844 2761 θανάτου,
862 2695 1329 2768 καταφρονοῦντες
1352 2696 1631 2760 κινδύνων,
1657 2695 2035 2768 ὑπερορῶντες

351 2789 452 2858 τῆς
491 2787 774 2858 παρούσης
807 2785 976 2856 ζωῆς,
1008 2788 1065 2837 ἐν
1094 2784 1376 2856 παρρησία
1406 2785 1871 2854 ἀνακηρύττοντες
1896 2786 2034 2855 ὅπερ

352 2876 594 2943 ἔμαθον,
639 2879 698 2929 ἐν
753 2876 902 2947 μέσῳ
933 2875 1090 2946 δήμῳ
1141 2875 1234 2926 καὶ
1279 2874 1420 2944 μέσῃ
1468 2872 1618 2924 πόλει
1656 2870 1747 2924 τὸν
1775 2871 2034 2942 τεχθέντα

354 2963 801 3036 ἀναγορεύοντες.
848 2963 948 3027 ᾼιά
979 2963 1086 3032 γάρ
1117 2960 1274 3014 τοῦτο
1309 2961 1401 3014 καὶ
1429 2962 1457 3012 6
1483 2961 1660 3029 ἀστὴρ
1696 2960 1998 3029 κρύπτεται
2019 3000 2033 3024 ,

356 3053 445 3108 ἵνα
478 3053 844 3114 ἀπολέσαντες
871 3050 961 3104 τὸν
996 3047 1438 3120 χειραγωγοῦντα
1469 3047 1855 3114 ἀναγκασθῶσι
1884 3047 2035 3118 παρὰ

368 3142 640 3195 Ἰουδαίων
687 3140 1008 3211 μανθάνειν,
1059 3137 1257 3208 μᾶλλον
1294 3137 1350 3190 δὲ
1400 3139 1456 3189 ἐν
1498 3135 1575 3206 τῷ
1624 3135 1914 3205 μανθάνειν
1959 3137 2036 3190 δια

356 3230 576 3284 δάσκειν
606 3230 875 3292 ἐκείνους·
917 3227 1006 3280 τὸν
1034 3227 1140 3296 γὰρ
1170 3226 1333 3279 τόπον
1378 3224 1600 3296 ζητοῦσι
1636 3225 1815 3294 μόνον,
1853 3226 1934 3278 ὃτι
1980 3225 2036 3278 δὲ

355 3320 592 3389 ἐτέχθη,
643 3317 1006 3389 προλαϐόντες
1051 3315 1267 3386 ᾔδεσαν.
1319 3313 1454 3365 Ἀλλ’
1505 3313 1606 3383 ὅρα
1639 3311 1772 3364 Θεοῦ
1819 3313 2034 3381 σοφίαν,

357 3408 478 3470 πῶς
516 3407 711 3468 αὐτοὺς
757 3405 1034 3458 ἐκάλεσεν.
1083 3403 1155 3454 ()6
1204 3403 1490 3472 προφήτην
1539 3401 1802 3471 ἔπεμψεν,
1838 3403 1894 3454 ού
1928 3402 2038 3472 γάρ

357 3496 428 3549 ἂν
466 3495 790 3566 ἠνέσχοντο·
830 3494 933 3546 ούκ
972 3491 1267 3545 ἀπόστολον
1295 3529 1309 3552 ,
1344 3491 1405 3542 ού
1451 3489 1558 3558 γὰρ
1605 3493 1924 3562 προσεῖχον·
1977 3491 2038 3542 06

359 3584 617 3655 γραφὰς,
674 3583 734 3637 06
778 3583 886 3653 γὰρ
945 3581 1176 3651 ᾔδεσαν·
1228 3579 1343 3633 ἀλλ’
1383 3578 1491 3633 ἀπὸ
1537 3578 1642 3633 τῶν
1685 3580 1900 3632 οἰκείων
1946 3582 2039 3633 καὶ

361 3673 679 3744 συντρόφων
731 3672 1071 3754 πραγμάτων
1114 3670 1377 3738 ἀνιμᾶται
1424 3668 1522 3738 τῆς
1576 3667 1783 3739 πλάνης
1821 3668 2036 3754 αὐτούς.

371 3761 592 3830 Ἐπειδὴ
639 3759 748 3831 γὰρ
794 3761 954 3829 μάγοι
1003 3753 1164 3828 ἦσαν,
1203 3757 1297 3810 καὶ
1349 3757 1476 3828 περὶ
1525 3757 1759 3826 ἀστέρας
1790 3753 2038 3829 αύτοῖςῆ

356 3851 545 3922 τέχνη,
567 3852 742 3921 ἀστὴρ
756 3851 938 3912 αὐτοῖς
956 3849 1223 3918 φαίνεται,
1240 3848 1411 3901 ἔλκων
1430 3849 1625 3912 αὐτοὺς
1645 3849 1751 3902 ἀπὸ
1765 3849 1862 3919 τῆς
1882 3851 2044 3920 ὑπερ·

359 3941 534 4010 ορίας,
567 3941 742 4010 ἀστὴρ
769 3940 866 4008 οῦχ
890 3933 968 4000 εἷς
1001 3938 1108 3990 τῶν
1146 3937 1458 4010 ὁρωμένων,
1495 3938 1631 3990 ἀλλά
1665 3937 1782 3990 θεία
1817 3957 1900 3999 τις
1949 3940 2042 3992 καὶ

359 4031 592 4098 ἀόρατος
623 4026 848 4098 δύναμις
876 4027 954 4088 εἰς
982 4026 1102 4094 όψιν
1133 4026 1362 4095 ἀστέρος
1393 4025 1826 4096 σχηματισθεῖσα
1851 4043 1862 4055 ·
1893 4027 2042 4080 έλκει

359 4119 416 4171 δέ
448 4117 646 4179 αὐτοὺς
676 4115 868 4184 ἀστὴρ,
906 4115 988 4166 ἵνα
1014 4114 1294 4184 ἀπαλλάξῃ
1326 4113 1416 4167 τοῦ
1447 4115 1574 4185 περ)⁸
1601 4116 1838 4185 ἀστέρας
1859 4116 2042 4169 λοιπὸν

361 4205 730 4275 ὴοχολῆσθαι,
776 4204 871 4256 καὶ
917 4203 1014 4274 τὴν
1063 4203 1162 4272 τῆς
1212 4203 1578 4273 ἀστρονομίας
1613 4204 1891 4275 καταλύσῃ
1946 4222 2042 4257 τυ-

362 4293 601 4365 ραννίδα.
654 4290 806 4343 Οῦτω
851 4290 944 4343 καὶ
998 4293 1026 4342 6
1068 4289 1278 4354 Παῦλος
1323 4291 1577 4362 ἐποίησε,
1627 4292 1718 4346 τὸν
1765 4295 2043 4365 Δεσπότην

360 4383 452 4435 τὸν
497 4379 691 4434 ἐαυτοῦ
739 4378 1107 4449 μιμούμενος·
1156 4380 1411 4447 Μιμηταί
1467 4381 1574 4448 γάρ
1613 4399 1734 4450 μου
1767 4383 2040 4451 γίνεσθε,

363 4469 520 4543 φησὶ,
555 4468 748 4533 καθὼς
775 4467 936 4535 κάγὼ
967 4467 1244 4535 Χριστοῦ.
1277 4467 1543 4538 Καθάπερ
1576 4469 1683 4538 γάρ
1713 4471 1740 4520 6
1769 4471 2042 4539 Δεσπότης

363 4559 529 4612 αὑτοῦ
563 4559 770 4627 μάγους
795 4555 977 4608 καλῶν
1010 4555 1236 4625 ἀστέρος
1266 4555 1508 4625 ἔπεμψεν
1539 4556 1681 4625 ὄψιν,
1712 4558 1796 4608 ἵνα
1833 4560 1892 4610 τὸ
1916 4561 2042 4612 σύν-

362 4645 492 4716 ηθες
525 4644 836 4710 ἐπιγνόντες
863 4640 1098 4703 εύκόλως
1147 4642 1520 4703 ὑπακούσωσι,
1553 4643 1645 4694 καὶ
1682 4642 1922 4706 ἐλθόντες
1955 4645 2045 4697 τὸν

361 4733 471 4785 τῶν
505 4733 750 4801 ἀστέρων
784 4731 933 4782 ἴδωσι
955 4730 1250 4800 Δεσπότην,
1279 4730 1374 4781 καὶ
1407 4730 1503 4798 τῆς
1526 4729 1765 4793 δουλείας
1799 4733 2042 4784 ἀπαλλασ-

363 4821 553 4889 γέντες
590 4820 803 4889 ἐκείνης
824 4857 839 4877 ,
867 4817 1042 4890 ταύτῃ
1082 4818 1420 4889 προσέλθωσι
1445 4822 1509 4887 τῇ
1550 4819 1870 4890 δεσποτεία·
1904 4823 2045 4873 οὕτω

360 4909 426 4980 δὴ
457 4909 551 4961 καὶ
585 4907 746 4970 αὐτὸς
783 4906 991 4977 μέλλων
1032 4907 1334 4978 περιτομὴν
1379 4907 1681 4978 καθαιρεῖν,
1722 4909 1856 4977 μετά
1891 4927 2046 4979 περι-

360 4997 535 5066 τομῆς
562 4996 774 5066 ἔπεμψε
795 4995 886 5048 τὸν
912 4995 1190 5064 Τιμόθεον.
1248 4995 1460 5064 Ἐπειδὴ
1488 4995 1596 5066 γάρ
1641 4997 1879 5049 Ἰουδαῖοι
1904 4994 2044 5068 ἦσαν

362 5088 413 5140 οἱ
443 5085 727 5155 μέλλοντες
751 5083 913 5137 αὐτὸν
944 5083 1222 5153 δέχεσθαι,
1256 5084 1415 5146 06:6;
1439 5085 1494 5136 δὲ
1524 5081 1592 5154 ἦν
1620 5088 1877 5152 γυναικὸς
1918 5089 2045 5141 Ἰου-

361 5175 518 5237 δαίας
552 5173 750 5242 πιστῆς
786 5172 922 5235 υἱὸς,
952 5173 1155 5243 πατρὸς
1194 5171 1250 5224 δὲ
1290 5172 1710 5241 Ἐλληνο;,καὶ
1757 5175 1844 5226 διὰ
1889 5175 2046 5223 τοῦτο

362 5261 736 5332 ἀκρόϐυστος,
780 5260 1075 5332 περιέθηκε
1111 5260 1208 5330 τὴν
1241 5260 1562 5330 περιτομὴν,
1601 5262 1668 5313 τά
1704 5263 1809 5314 τῶν
1850 5265 2045 5316 ἀλιέων

364 5349 733 5419 ἐργαζόμενος
753 5365 764 5376 ·
799 5349 893 5400 1:01
927 5346 1034 5418 γὰρ
1065 5349 1261 5400 ἐκεῖνοι
1291 5347 1352 5399 :6
1385 5346 1679 5418 ἄγκιστρον
1707 5350 1910 5419 γυμνὸν
1945 5352 2045 5404 οὐκ

364 5439 591 5507 ἀφιᾶσιν
624 5437 703 5500 είς
733 5436 792 5488 :6
819 5435 1074 5503 πέλαγος,
1108 5434 1243 5488 ἀλλὰ
1273 5435 1438 5506 κρέας
1472 5435 1621 5505 αύτῷ
1657 5437 2042 5506 περιτιθέντες.

369 5527 553 5578 Ἔστω
605 5524 783 5577 τοίνυν
834 5524 868 5591 ἡ
922 5525 1211 5592 συναγωγὴ
1265 5524 1527 5591 πέλαγος,
1583 5524 1631 5575 οἱ
1678 5523 1734 5576 δὲ
1804 5526 2046 5581 Ἰουδαῖοι

371 5613 571 5684 ἰχθύες,
600 5611 660 5663 :6
707 5610 762 5662 δὲ
799 5612 1091 5681 ἄγκιστρον
1133 5614 1160 5663 6
1194 5610 1485 5681 Τιμόθεος,
1530 5613 1561 5681 ἡ
1603 5611 1657 5662 δὲ
1691 5615 1960 5684 περιτομὴ
1988 5617 2047 5668 τὸ

368 5699 536 5770 κρέας
580 5699 640 5750 :6
689 5697 766 5768 τῷ
803 5699 1083 5768 ἀγκίστρῳ
1130 5699 1570 5768 περιτιθέμενον,
1627 5700 1654 5751 6
1701 5699 1755 5751 δὲ
1801 5683 1982 5764 ἁλιεὺς
2020 5707 2048 5758 ὁ

369 5788 610 5850 Παῦλος·
663 5787 844 5856 ῥίπτει
883 5788 1058 5839 τοίνυν
1097 5787 1156 5839 τὸ
1186 5789 1476 5856 ἄγκιστρον
1508 5790 1584 5850 εἰς
1613 5783 1711 5854 τὴν
1737 5789 2009 5842 θάλατταν
2032 5833 2046 5857 ,

372 5875 521 5951 [379]
537 5877 650 5930 ἀλλ’
673 5878 732 5929 οῦ
759 5876 981 5947 γυμνὸν,
1004 5875 1091 5929 τὸν
1113 5878 1394 5949 Τιμόθεον,
1419 5880 1553 5947 μετὰ
1581 5880 1898 5951 περιτομῆς,
1930 5882 2042 5934 ἀλλ’

1054 378 1167 447 VIII
1206 377 1508 447 IIOMILIA,
1549 377 1804 437 HABITA
1842 379 2220 450 POSTQUAM
2263 381 2674 440 PRESBYTER
2706 378 3010 447 GOTIIUS,
3051 379 3208 438 ETC.

3722 377 3826 433 508

2133 505 2233 557 061:
2263 503 2602 576 ἀκρόϐυστον
2627 522 2640 534 ·
2673 505 2722 558 εί
2754 505 2864 576 γὰρ
2882 501 3222 574 ἀκρόϐυστον
3246 499 3512 570 ἔπεμψεν,
3541 497 3742 570 ἔφυγον
3761 500 3830 555 ἂν

2130 593 2178 646 οί
2211 591 2425 663 ἰχθύες,
2449 593 2656 664 γυμνὸν
2697 592 2760 646 :6
2799 593 3096 662 ἄγκιστρον
3143 589 3470 668 θεασάμενοι
3492 604 3509 622 ο
3544 588 3632 641 διά
3672 586 3830 643 τοῦτο

2129 680 2263 733 αὐτὸ
2287 681 2628 749 περιστέλλει
2648 683 2716 752 τῇ
2738 681 3030 752 περιτομῇ,
3052 677 3138 730 ἵνα
3152 677 3212 731 :6
3230 675 3460 748 σύνηθες
3487 675 3824 745 ἐπιγνόντες,

2130 767 2414 838 δράμωσιν
2441 771 2535 822 ἐπὶ
2563 768 2902 840 τὴνθήραν,
2933 767 3027 820 καὶ
3057 766 3130 838 μὴ
3155 765 3365 838 σοϐήοῃ
3386 765 3483 836 τὴν
3498 765 3676 836 ἄγραν
3700 765 3830 836 δρα-

2134 853 2342 922 μόντων
2381 855 2474 908 ἐπὶ
2516 856 2617 926 τὴν
2660 850 2869 927 θήραν·
2895 854 3044 919 ὃπως
3077 851 3382 908 ἐλκυσθῶσι
3418 853 3517 922 μὲν
3549 852 3638 907 διά
3674 867 3831 924 περι-

2129 945 2329 1013 τομῆς.
2377 943 2758 1014 κατασχεθῶσι
2816 943 2874 997 δέ
2911 941 2990 1014 τῷ
3041 941 3186 1012 λόγῳ
3235 941 3334 1012 τῆς
3379 939 3760 1003 διδασκαλίας·
3801 938 3831 992 δ

2131 1030 2196 1102 δὴ
2226 1030 2322 1084 καὶ
2367 1031 2614 1098 γέγονεν.
2660 1030 2932 1084 Εἰσελθὼν
2977 1030 3090 1100 γάρ
3147 1029 3243 1083 καὶ
3289 1028 3598 1098 περιτομὴν
3652 1026 3828 1098 ἔχων,

2131 1117 2396 1172 κατέλυσε
2433 1119 2532 1191 τὴν
2579 1122 2903 1190 περιτομήν.
2950 1119 3190 1172 Τοιαῦτα
3234 1121 3343 1190 γάρ
3378 1117 3447 1192 τά
3474 1117 3572 1187 τῆς
3615 1117 3831 1169 οίκονο-

2134 1205 2263 1276 μίας
2283 1221 2297 1236 ο
2327 1205 2750 1274 συγκαταϐαίνει
2776 1206 3061 1277 πρότερον,
3103 1207 3197 1260 καὶ
3229 1204 3351 1260 τότε
3387 1204 3629 1276 ἀνασπᾷ.
3671 1202 3829 1257 Οὕτω

2133 1293 2226 1348 καὶ
2266 1296 2295 1348 6
2329 1294 2563 1365 Χριστὸς
2604 1295 2829 1366 ἐποίησε
2872 1293 3185 1366 βαρϐάρους
3234 1293 3438 1349 καλῶν.
3475 1292 3690 1363 Ὠσπερ
3720 1291 3829 1361 γὰρ

2130 1380 2452 1452 ἀνθρώπους
2491 1382 2704 1442 καλῶν.
2743 1383 3030 1456 ἄνθρωπον
3061 1378 3460 1454 [ἀνθριῦπουῖ]
3497 1378 3831 1450 περιέθηκεν

2132 1469 2312 1540 ἐαυτῷ
2341 1471 2436 1524 καὶ
2461 1470 2586 1540 ὕψιν
2613 1470 2709 1524 καὶ
2733 1470 2896 1540 φύσιν
2915 1484 2930 1499 ·
2959 1469 3104 1524 οὕτω
3135 1471 3226 1523 καὶ
3262 1468 3470 1539 μάγους
3496 1465 3696 1530 καλῶν,
3730 1467 3832 1537 τὴν

2133 1556 2363 1628 ἀόρατον
2406 1557 2639 1628 δύναμιν
2685 1559 2765 1622 είς
2817 1557 3050 1630 ἀστέρος
3097 1555 3224 1626 ὄψιν
3269 1555 3658 1626 ἐσχημάτισεν.
3705 1555 3830 1607 ὐτι

2132 1644 2239 1717 γὰρ
2268 1644 2369 1698 061:
2397 1644 2572 1716 ἀστὴρ
2600 1640 2668 1716 ἢν
2700 1640 2781 1708 εἷς
2803 1643 2912 1697 τῶν
2943 1643 3155 1698 πολλῶν
3183 1644 3212 1696 6
3242 1642 3419 1713 ἀστὴρ
3453 1643 3683 1705 ἐκεῖνος,
3719 1641 3831 1693 ἀπὸ

2133 1730 2226 1786 τοῦ
2262 1731 2464 1803 δρόμου
2511 1732 2773 1803 μάνθανε.
2829 1731 2904 1786 U6
2951 1731 3073 1803 γὰρ.
3103 1731 3213 1784 ἀπὸ
3245 1729 3511 1800 ἀνατολῆς
3557 1731 3638 1793 είς
3676 1728 3831 1782 δύσιν

2134 1820 2354 1890 ἔτρεχεν
2377 1862 2390 1886 ,
2426 1820 2540 1874 ἀλλ’
2579 1821 2689 1875 ἀπὸ
2717 1821 2919 1890 ἄρκτου
2966 1822 3046 1884 είς
3095 1820 3282 1874 νότον·
3312 1817 3456 1873 οὕτω
3491 1819 3599 1890 γάρ
3641 1819 3673 1888 ἡ
3714 1818 3827 1870 Πα-

2133 1905 2381 1976 λαιστίνη
2421 1907 2558 1977 πρὸς
2595 1907 2694 1977 τὴν
2725 1907 2962 1978 Περσίδα
2988 1908 3167 1960 κεῖται
3190 1921 3205 1937 ⁸
3235 1907 3328 1961 καὶ
3361 1906 3612 1975 φαίνεται
3647 1906 3746 1958 οὐκ
3773 1907 3830 1957 ἐν

2136 1993 2313 2058 νυκτὶ,
2345 1993 2461 2046 ἀλλ’
2482 1995 2541 2047 ἐν
2567 1993 2778 2065 ἡμέρα,
2803 1995 2941 2065 ὅπερ
2970 1994 3070 2048 061:
3103 1994 3249 2048 ἔστιν
3273 1994 3501 2064 ἀστέρος
3522 2008 3533 2021 ·
3565 1993 3652 2046 διὰ
3672 1992 3833 2047 τοῦτο

2136 2081 2229 2134 καὶ
2269 2082 2519 2151 φαίνεται
2560 2085 2655 2135 καὶ
2691 2081 3024 2159 κρύπτεται,
3064 2082 3203 2154 ὅπερ
3235 2082 3356 2135 ούδέ
3389 2083 3520 2136 06:6
3561 2077 3789 2151 ἀστέρος
3813 2096 3831 2116 ο

2137 2171 2227 2223 καλ⁸
2253 2169 2575 2240 κρύπτεται,
2596 2171 2684 2224 ὅτε
2708 2171 2984 2240 ἐπέϐησαν
3018 2170 3432 2242 Ἰεροσολύμων,
3465 2170 3558 2222 καὶ
3580 2171 3835 2239 φαίνεται

2135 2258 2224 2311 ὅτε
2253 2258 2652 2329 ἀπηλλάγησαν
2683 2259 2777 2312 τοῦ
2810 2258 3089 2328 βασιλέως.
3125 2259 3288 2313 Ὅθεν
3319 2258 3478 2328 δῆλον
3525 2257 3603 2312 6::
3631 2258 3830 2329 λογική

2134 2363 2216 2409 τις
2244 2342 2313 2418 ἦν
2349 2347 2580 2418 δύναμις
2627 2347 2766 2420 1:96;
2793 2347 2854 2400 :6
2899 2346 3194 2418 ἐπιταχθὲν
3234 2347 3412 2401 πάντα
3445 2345 3830 2418 οίκονομοῦσα.

2136 2435 2251 2488 O61:
2288 2433 2537 2489 ἐντεῦθεν
2565 2435 2622 2488 δὲ
2668 2434 2828 2505 μόνον
2860 2433 3020 2488 τοῦτο
3059 2434 3239 2505 δῆλον,
3276 2434 3391 2488 ἀλλ’
3433 2434 3516 2487 ὅτι
3562 2434 3656 2486 καὶ
3681 2449 3833 2503 χειρ-
3909 2430 3927 2497 '_

2136 2523 2434 2592 αγωγήσας
2473 2524 2608 2594 πρὸς
2642 2524 2739 2594 τὴν
2775 2523 3007 2594 φάτνην,
3036 2523 3137 2575 οῦκ
3158 2521 3366 2576 ἀνωθεν
3399 2523 3582 2584 αὐτοῖς
3621 2521 3831 2574 δείκνυ-

2135 2628 2227 2664 ται
2253 2650 2267 2674 ,
2332 2610 2468 2664 ἀλλὰ
2508 2611 2659 2664 κάτω
2709 2609 2986 2665 κατελθὼν
3045 2610 3209 2681 ἔστη,
3253 2605 3326 2664 06'
3367 2605 3435 2680 ἦν
3473 2611 3534 2663 :6
3583 2608 3836 2672 παιδίον,

2137 2699 2323 2752 ἐπάνω
2353 2699 2493 2771 ὑπὲρ
2523 2699 2694 2770 αὐτῆς
2715 2698 2790 2757 ὡς
2813 2700 2987 2751 εἰπεῖν
3021 2698 3118 2768 τῆς
3143 2697 3414 2768 κεφαλῆς·
3450 2699 3498 2750 εί
3526 2697 3634 2766 γὰρ
3657 2696 3836 2769 ἀστὴρ

2135 2780 2223 2855 ἦν,
2251 2787 2350 2839 061:
2382 2785 2447 2840 ἂν
2486 2786 2728 2840 τοιοῦτον
2777 2786 2944 2851 ἔδειξε
2991 2787 3177 2849 τόπον,
3217 2787 3402 2838 στενὸν
3442 2786 3538 2837 καὶ
3568 2802 3833 2856 περιωρι-

2139 2874 2356 2944 σμένον.
2394 2877 2538 2928 Ἰστε
2576 2874 2684 2946 γὰρ
2714 2875 2885 2944 δήπου
2917 2875 3103 2943 σαφῶς
3123 2917 3138 2940 ,
3175 2875 3256 2926 ὅτι
3287 2874 3372 2927 διὰ
3409 2873 3507 2945 τὴν
3531 2870 3835 2943 ὑπερϐολὴν

2137 2960 2230 3013 τοῦ
2276 2961 2441 3030 ὕψους
2471 2962 2594 3014 0662-:
2639 2962 2848 3025 πόλεως
2878 2961 3041 3014 τόπον
3073 2960 3480 3032 χαρακτηρίσαι
3523 2959 3730 3012 δύναιτ’
3769 2961 3835 3013 ἂν

2139 3048 2349 3120 ἀστὴρ,
2409 3049 2532 3102 οὐδὲ
2585 3049 2826 3121 εῦσημός
2886 3051 3033 3102 ἐστιν
3090 3049 3255 3104 αὑτοῦ
3307 3051 3340 3120 ὴ
3391 3049 3574 3101 εὐθεῖα
3623 3050 3657 3120 ὴ
3695 3048 3840 3101 κατά

2141 3137 2370 3191 κάθετον
2402 3139 2670 3209 ἀφιεμένη
2717 3139 2803 3192 διὰ
2847 3137 2947 3209 τὴν
2992 3139 3299 3209 ὑπερϐολὴν
3344 3137 3453 3190 τῶν
3495 3137 3833 3208 ύψωμάτων.

2154 3228 2391 3290 Ἐκεῖνος
2441 3227 2497 3280 δὲ
2548 3227 2660 3278 καὶ.
2694 3227 2890 3298 μικρὸν
2943 3227 3142 3298 χωρίον
3196 3228 3291 3279 καὶ
3337 3227 3546 3298 φάτνην
3597 3225 3834 3291 ἐδείκνυ,

2141 3316 2370 3386 πλησίον
2403 3315 2500 3385 τῆς
2530 3314 2774 3385 κεφαλῆς
2800 3315 3089 3384 γενόμενος
3111 3354 3127 3376 ,
3168 3315 3263 3367 καὶ
3297 3312 3475 3380 δείξας
3500 3312 3703 3377 εὐθέως
3730 3314 3840 3367 ἀπ-

2142 3405 2410 3476 επήδησεν
2432 3422 2443 3434 ·
2482 3405 2618 3474 ὅπερ
2648 3403 2748 3455 οῦκ
2776 3399 2844 3474 ἦν
2869 3404 3117 3476 ἀστέρος.

2159 3488 2162 3489 ν
2212 3491 2278 3556 ζ’.
2314 3493 2376 3544 EE
2430 3492 2485 3545 δὲ
2534 3493 2582 3544 οἱ
2640 3492 2806 3560 μάγοι
2858 3491 3115 3558 λέγουσι,
3169 3489 3428 3560 Εἵδομεν
3488 3489 3678 3546 αὑτοῦ
3730 3491 3836 3543 τὸν

2141 3580 2398 3649 ἀστέρα,
2455 3581 2563 3633 ἀπὸ
2610 3581 2706 3650 τῆς
2754 3581 2962 3644 οἰκείας
3010 3581 3208 3650 τέχνης
3254 3581 3392 3644 τέως
3436 3581 3833 3650 φθεγγόμενοι,

2144 3670 2368 3742 ὕστερον
2400 3669 2583 3737 μέντοι
2612 3668 3116 3742 χειραγωγηθέντες
3138 3667 3556 3738 ἀπηλλάγησαν.
3583 3669 3706 3721 Ὅτι
3726 3669 3852 3738 γὰρ-

2142 3758 2278 3828 όμοῦ
2305 3775 2360 3811 τε
2397 3753 2539 3810 εἶδον
2568 3757 2659 3811 τὸν
2687 3757 2896 3827 ἀστέρα
2921 3757 3015 3809 καὶ
3042 3757 3141 3828 τῆς
3172 3756 3381 3828 πλάνης
3414 3756 3840 3827 ἀπηλλάγησαν,

2143 3847 2234 3915 ἀφ’
2279 3838 2340 3899 οῦ
2383 3844 2751 3916 προσκυνοῦσι
2779 3844 2968 3914 δῆλον·
3001 3847 3048 3898 εί
3076 3847 3184 3916 γὰρ
3209 3844 3306 3898 ἕνα
3343 3843 3452 3897 τῶν
3478 3845 3688 3898 πολλῶν
3724 3846 3838 3898 ἐνό-

2147 3933 2323 4006 μιζον,
2351 3936 2451 3987 061:
2482 3934 2548 3988 ἂν
2580 3933 3019 4006 προσεκύνησαν.
3058 3933 3124 3986 Τί
3154 3933 3264 4005 γὰρ
3303 3934 3651 4004 προσεδόκων
3687 3935 3840 4005 παρά

2146 4022 2356 4075 παιδίου
2387 4021 2480 4074 καὶ
2517 4021 2657 4086 ξένοι
2690 4022 2785 4074 καὶ
2818 4019 3084 4090 ἐπήλυδες
3119 4022 3214 4074 καὶ
3245 4021 3545 4092 βάρϐαροι;
3579 4020 3743 4074 πόθεν
3781 4021 3838 4072 δὲ

2144 4112 2341 4182 ᾔδεσαν
2374 4112 2458 4164 ὅτι
2499 4110 2684 4180 βιώσει
2715 4111 2810 4163 καὶ
2851 4109 3123 4164 ἀποδώσει
3156 4110 3258 4175 τάς
3285 4109 3520 4181 ἀμοιϐάς
3547 4111 3731 4173 αὐτοῖς
3773 4111 3836 4161 ὲκ

2143 4200 2398 4253 τοσούτου
2434 4199 2801 4268 διαστήματος
2855 4194 3014 4264 οὗσι;
3048 4199 3167 4262 πῶς
3215 4200 3270 4252 δέ
3308 4199 3399 4252 τὸν
3441 4199 3686 4269 παρόντα
3715 4199 3833 4250 κίν-

2144 4288 2297 4342 δυνον
2343 4288 2404 4340 06
2465 4288 2778 4357 προείλοντο
2829 4285 3302 4360 [προείδοντοη;
3345 4286 3463 4351 πῶς
3497 4287 3553 4340 δὲ
3612 4287 3713 4338 061:
3750 4286 3839 4337 ἐν·

2146 4379 2375 4448 ενόησαν
2403 4377 2484 4429 ὅτι
2511 4377 2606 4429 καὶ
2639 4370 3172 4446 ’προεξαρπασθῆναι
3227 4376 3374 4438 είκδς
3416 4375 3513 4446 τῆς
3551 4373 3838 4444 παρούσης

2147 4465 2310 4535 ζωῆς,
2343 4465 2434 4517 τοῦ
2471 4466 2588 4517 τότε
2621 4464 2998 4534 βασιλεύοντος
3038 4465 3237 4527 06:06;
3275 4464 3665 4535 ἀναιροῦντος;
3703 4463 3840 4515 τίδὲ

2147 4555 2239 4605 καὶ
2271 4553 2546 4623 βασιλείας
2580 4553 2846 4624 σύμϐολον
2890 4547 3063 4616 εἷδον;
3103 4554 3228 4605 ποῖα
3272 4551 3622 4622 προπύλαια;
3654 4550 3840 4612 ποίους

2145 4641 2517 4711 δορυφόρουςς
2587 4640 2772 4702 ποίους
2831 4631 3211 4705 ύπασπιστάςζ
3284 4639 3444 4693 ποίαν
3503 4640 3837 4710 θεραπείαν;

2149 4733 2308 4793 ποίας
2355 4731 2588 4793 ἀσπίδας
2622 4733 2862 4802 χρυσᾶςς
2909 4734 3036 4784 ποῖα
3070 4731 3358 4801 ὀχήματα;
3401 4732 3550 4783 ποῖον
3604 4731 3839 4800 ὅροφον;

2148 4820 2305 4882 ποίας
2345 4821 2548 4884 αύλάς;
2593 4820 2759 4872 ποίων
2790 4819 3060 4889 εὐνούχων
3101 4819 3340 4889 ἀγέλην;
3390 4820 3558 4873 Οὐδὲν
3591 4819 3837 4883 τούτων,

2147 4908 2280 4960 ἀλλα
2307 4907 2565 4960 τάναντία
2587 4908 2832 4971 ἅπαντα,
2874 4910 3082 4977 φάτνην
3105 4908 3198 4960 καὶ
3241 4907 3485 4979 καλύϐην
3538 4909 3630 4960 καλ.
3676 4908 3842 4960 κατά-

2147 4996 2293 5066 λυμα
2332 4997 2423 5047 7.0".
2471 4995 2686 5066 μητέρα
2715 4996 2938 5066 πτωχὴν
2969 4996 3063 5048 καὶ
3098 4997 3286 5049 πενίαν
3316 4996 3716 5068 ἐπιτεταμένην
3745 4999 3842 5048 καὶ

2149 5087 2457 5156 σπάργανα.
2489 5084 2605 5136 Τίνι
2643 5084 2824 5137 τοίνυν
2871 5086 3211 5157 προσέφερον
3252 5088 3341 5137 τὸν
3374 5085 3574 5156 χρυσὸν
3616 5089 3710 5137 καὶ
3745 5085 3842 5137 τὸν

2146 5174 2364 5226 λίϐανον
2410 5173 2505 5224 καὶ
2548 5171 2648 5242 τὴν
2701 5172 2982 5243 σμύρναν;
3034 5175 3133 5225 ούκ
3181 5171 3403 5242 εῦδηλον
3435 5175 3514 5224 ὅτι
3558 5176 3620 5242 τῇ
3656 5173 3838 5225 πίστε.

2148 5263 2246 5332 ἤδη
2303 5257 2443 5332 ἦσαν
2503 5262 2910 5331 ἐπτερωμένοις
2971 5262 3081 5314 Καὶ
3131 5262 3300 5332 πολλὴ
3436 5262 3668 5332 διαφορά
3727 5263 3836 5314 τῶν

2145 5349 2365 5420 δώρων,
2414 5347 2573 5419 [καὶ]
2623 5347 2975 5419 κηρύγματος
3028 5349 3302 5419 ἐπέχουσα
3357 5349 3530 5414 τάξιν.
3599 5350 3674 5401 Οὐ
3727 5349 3839 5419 γὰρ

2147 5439 2452 5507 ἀπόϐλητος
2475 5439 2502 5490 6
2530 5438 2715 5506 λόγος,
2745 5441 2793 5491 εἰ
2827 5439 2917 5492 καὶ
2954 5439 3107 5510 παρά
3141 5439 3354 5492 πολλῶν
3378 5439 3592 5510 εἴρηται
3618 5483 3630 5501 ,
3669 5440 3748 5492 ὅτι
3771 5440 3837 5510 δὴ

2148 5528 2239 5581 καὶ
2263 5527 2394 5578 Θεὸν
2421 5527 2735 5596 ὡμολόγουν
2758 5527 2845 5581 διὰ
2883 5527 3032 5600 [58H]
3071 5528 3164 5580 τοῦ
3195 5528 3442 5592 λιϐάνου,
3481 5532 3573 5582 καὶ
3605 5527 3836 5598 βασιλέα

2147 5616 2232 5669 διά
2259 5614 2352 5667 τοῦ
2377 5615 2602 5685 χρυσοῦ,
2629 5616 2725 5669 καὶ
2759 5616 2851 5668 τὸν
2875 5617 3154 5687 πάσχοντα
3202 5617 3290 5669 διὰ
3327 5617 3424 5687 τῆς
3469 5617 3715 5686 σμύρνης
3742 5617 3834 5669 τὸν

2148 5707 2316 5773 τάφον
2349 5706 2784 5773 ἐνδεικνύμενοι·
2823 5706 2964 5758 οὕτω
3003 5705 3132 5773 γοῦν
3172 5708 3264 5758 καὶ
3292 5706 3466 5777 ἐτάφη
3490 5723 3501 5734 ·
3536 5705 3628 5757 καὶ
3665 5705 3836 5759 ταῦτα

2149 5794 2213 5845 δι’
2235 5789 2310 5845 ὧν
2330 5794 2545 5847 ἐποίουν
2567 5789 2712 5847 οὗτοι
2733 5794 3168 5865 προανεφώνουν.
3187 5796 3259 5846 ()6
3279 5794 3456 5847 τοίνυν
3474 5796 3839 5864 ἀστρονομίας

2157 5884 2308 5953 ἰσχῦς
2337 5878 2402 5952 ἦν
2438 5884 2496 5934 :6
2525 5900 2580 5952 γι
2601 5884 2830 5953 νόμενον,
2863 5882 2976 5936 ἀλλ’
3001 5882 3314 5952 οἰκονομίας
3361 5882 3528 5935 Θεοῦ·
3565 5883 3625 5935 06
3669 5884 3779 5956 γὰρ
3802 5887 3828 5937 6
