4124 6336
231 437 340 494 Silii

234 591 335 642 per
377 570 651 645 myrrham
673 584 836 639 ,qna:
880 566 1209 637 sepulturam
1240 563 1551 621 ostenderet
1585 559 1698 634 (a);
1752 563 1823 616 ita

232 665 385 719 enim
407 661 648 730 κρειιιιις
686 671 768 715 est
797 678 810 714 :
841 668 897 714 et
924 658 1040 713 huic
1074 672 1169 727 per
1197 670 1259 710 ea
1289 666 1409 726 quin
1438 654 1703 709 faciehmtt
1730 654 1828 720 illi,

233 754 690 826 prrmmtiabant.
739 751 853 806 Non
903 766 1034 820 ergo
1064 747 1410 803 astronomia:
1443 748 1614 802 virtus
1640 755 1756 802 crat
1783 745 1835 800 id

231 847 385 919 quod
414 846 605 908 (lebat.
632 845 726 900 sed
755 844 846 900 Dei
875 842 1189 899 meonomia:
1220 858 1233 894 :
1264 855 1438 911 neque
1458 839 1601 895 enim
1634 840 1679 894 is
1698 880 1714 904 ,
1742 836 1835 907 q‘ui

234 941 491 995 virtutem
532 938 788 994 docturus
833 944 1056 991 venerat
1083 942 1143 989 ut
1182 931 1509 989 astronomia
1550 929 1838 985 inducere-

237 1040 333 1087 tur
359 1032 624 1088 eﬂ'ecisset
651 1046 667 1097 ;
695 1028 790 1086 sed
825 1028 970 1084 illam
996 1026 1288 1082 admodum
1316 1025 1577 1087 eliminat.
1598 1039 1721 1079 cum
1743 1023 1839 1079 de-

236 1122 493 1177 terminat
521 1122 658 1177 iutra
698 1120 851 1185 illud,
880 1119 1017 1175 velle
1040 1128 1094 1173 et
1124 1132 1231 1173 non
1258 1116 1418 1183 velle,
1449 1116 1588 1172 bona
1616 1125 1672 1171 et
1698 1116 1837 1170 mala

237 1215 528 1273 contineri.
558 1215 790 1285 Ideoque
817 1210 1115 1285 gehennam
1146 1211 1378 1266 minatus
1403 1219 1506 1277 est,
1534 1218 1589 1266 et
1613 1224 1839 1280 regnum

239 1305 607 1378 pneparavit:
640 1321 746 1361 non
793 1305 858 1360 iis
889 1303 978 1375 qui
1007 1318 1073 1358 ex
1118 1302 1436 1359 necessitate
1459 1312 1699 1373 agerent,
1755 1300 1839 1354 vel

238 1412 473 1454 coronas
523 1398 869 1468 praeparavit,
910 1395 996 1451 vel
1066 1394 1385 1464 supplicium
1442 1392 1677 1448 minatus
1719 1400 1839 1458 est;

240 1500 533 1559 utrumque
558 1489 701 1545 enim
729 1488 797 1543 ad
818 1502 880 1543 ea
901 1502 1021 1557 qua:
1042 1486 1097 1542 in
1122 1486 1398 1543 voluntate
1420 1494 1543 1540 sunt
1565 1484 1796 1555 pertinet
1823 1500 1838 1537 :

240 1596 354 1635 non
407 1580 555 1651 leges
600 1567 885 1650 posuisset,
942 1593 1051 1633 non
1102 1578 1301 1633 monita
1350 1576 1616 1641 dedisset,
1668 1591 1843 1646 neque

241 1681 394 1728 tanta
420 1672 656 1737 fecisset,
687 1671 731 1726 si
762 1671 1083 1727 necessitate
1107 1684 1277 1739 genus
1305 1669 1597 1723 humanum
1620 1667 1839 1739 ligatum

238 1773 429 1819 esset:
477 1751 575 1818 sed
605 1764 729 1833 quia
756 1762 910 1817 liberi
936 1770 1195 1817 sutnnset
1219 1757 1841 1826 liberiarbitriidomini,

240 1854 319 1909 ab
336 1854 545 1926 ignavia
590 1852 819 1923 improbi
862 1850 1153 1916 eﬂicimur.
1178 1863 1233 1908 et
1253 1868 1284 1906 a
1308 1866 1436 1907 cura
1460 1851 1845 1923 diligentiaque

244 1944 373 2002 boni
394 1955 447 2001 et
477 1944 703 2001 modesti
726 1986 740 2009 ,
768 1944 1022 1999 salutaria
1050 1943 1336 2013 pharmaca
1361 1942 1430 1998 ad
1457 1943 1560 1997 hoc
1586 1941 1839 1997 ducentia

242 2048 605 2111 apparaturus
648 2037 737 2092 ille
763 2039 927 2103 venit,
957 2047 1102 2093 metu
1146 2035 1406 2105 gehennae
1452 2044 1505 2090 et
1534 2035 1681 2106 regni
1722 2048 1842 2103 pro-

245 2128 506 2185 missione
530 2126 725 2184 multos
752 2127 1049 2198 corrigens,
1075 2136 1129 2181 et
1155 2141 1254 2197 per
1282 2122 1845 2229 leges‘philosopbiam

244 2223 471 2278 docens.

320 2314 513 2368 Contra
556 2312 1020 2385 genethlialogiae
1065 2342 1139 2353 —
1175 2312 1308 2381 Quia
1357 2312 1500 2370 enim
1542 2325 1712 2382 neque
1752 2325 1846 2381 ge-

249 2403 597 2474 netltlialogia
624 2414 729 2470 est,
764 2418 939 2475 neque
965 2413 1235 2459 astrorum
1263 2418 1455 2459 cursus
1501 2402 1735 2459 humana
1764 2402 1847 2456 di-

250 2497 457 2567 rigens,
492 2496 576 2551 vel
610 2497 728 2551 sine
755 2496 1152 2566 Scripturarmn
1184 2512 1285 2566 cpe
1309 2496 1378 2551 ab
1408 2494 1538 2566 ipsis
1565 2496 1725 2552 rebus
1752 2510 1847 2566 pa-

251 2586 360 2643 lam
382 2597 485 2643 est.
503 2586 557 2644 Si
576 2588 719 2644 enim
742 2586 843 2643 sub
866 2587 1161 2643 Italintalis
1184 2589 1292 2642 fato
1313 2598 1439 2642 sunt
1462 2603 1548 2643 res
1571 2588 1842 2654 humanae,

256 2697 356 2737 cur
381 2681 701 2738 verberibus
721 2682 887 2737 cmdis
914 2697 1127 2736 servum
1149 2681 1239 2753 qui
1266 2683 1469 2738 iuratus
1494 2681 1609 2738 est?
1637 2696 1733 2737 cur
1759 2681 1855 2734 ad-

255 2775 487 2831 ulteram
514 2790 741 2831 uxorem
772 2774 840 2830 ad
877 2776 1161 2831 tribunalia
1191 2775 1408 2831 trahis?
1452 2768 1552 2831 cur
1593 2784 1645 2830 te
1690 2775 1854 2844 pudet

253 2880 388 2921 cum
416 2866 555 2921 mala
588 2868 948 2937 perpetrasti?
969 2868 1023 2923 Si
1046 2868 1189 2923 enim
1212 2884 1278 2923 ex
1309 2868 1634 2923 necessitate
1666 2881 1853 2935 pecca-

256 2964 372 3011 tum
396 2964 502 3023 est,
528 2972 625 3012 cur
638 2958 977 3012 contumeliae
1002 2958 1164 3012 verba
1193 2973 1297 3011 non
1316 2959 1580 3021 sustines;
1610 2957 1703 3012 sed
1730 2973 1853 3012 cum

254 3046 382 3118 quis
408 3056 460 3102 te
490 3058 643 3102 vocat
668 3046 989 3111 adulterum,
1018 3057 1110 3101 aut
1132 3046 1529 3114 fornicatorem,
1561 3058 1653 3102 aut
1680 3048 1856 3104 homi-

256 3136 434 3192 cidam
457 3178 471 3202 .
524 3138 575 3191 id
603 3139 981 3193 contumeliam
1009 3153 1129 3192 esse
1154 3137 1331 3193 dicis?
1368 3138 1421 3194 Si
1469 3143 1613 3194 enim
1656 3155 1763 3194 non
1790 3156 1858 3195 ex

259 3229 445 3285 animo
472 3238 564 3285 tuo
594 3239 873 3302 peccatum
905 3231 1102 3299 prodit,
1134 3247 1310 3302 neque
1336 3233 1490 3302 culpa
1521 3243 1603 3285 est
1632 3232 1682 3286 id
1712 3233 1858 3303 quod

261 3320 464 3378 factum
496 3332 599 3386 est,
639 3338 812 3393 neque
840 3323 1156 3378 contumelia
1186 3325 1235 3378 id
1280 3326 1423 3394 quod
1462 3324 1678 3381 dicitur.
1710 3325 1862 3379 Nunc

260 3422 442 3468 autem
471 3423 528 3469 et
556 3429 678 3469 cum
707 3413 777 3469 de
804 3415 1019 3469 caateris
1035 3414 1265 3483 judicas,
1300 3424 1495 3469 etcum
1517 3416 1863 3485 peccantibus

264 3522 375 3563 non
417 3507 684 3579 ignoscis,
708 3516 765 3563 et
796 3523 917 3562 cum
970 3508 1186 3578 quando
1215 3509 1355 3563 male
1401 3508 1594 3565 fecisse
1623 3520 1673 3565 te
1703 3511 1866 3579 pudet

262 3610 327 3656 et
349 3600 516 3657 latere
553 3599 759 3669 studes,
786 3610 841 3656 et
864 3616 960 3657 eos
985 3603 1074 3671 qui
1105 3600 1155 3656 id
1184 3601 1274 3655 tibi
1306 3602 1866 3671 olijieiuntcnntumc-

268 3693 433 3749 liusos
453 3708 576 3750 esse
598 3701 773 3764 putas.
805 3703 860 3749 et
880 3708 976 3763 per
1001 3694 1178 3749 omnia
1202 3695 1318 3749 hmo
1337 3695 1631 3760 conﬁteris,
1685 3711 1866 3751 nostra

267 3800 378 3840 non
424 3786 748 3840 necessitate
778 3784 1013 3855 alligari,
1057 3786 1151 3840 sed
1198 3784 1443 3840 libertate
1488 3788 1870 3845 lionorari:iis

266 3876 415 3932 enim
453 3876 543 3945 qui
591 3877 911 3932 necessitate
954 3874 1263 3931 detinentur
1307 3877 1589 3948 ignoscere
1643 3881 1868 3937 scimus.

268 3968 330 4026 Si
379 3969 523 4025 enim
566 3970 721 4039 quis,
773 3985 805 4025 a
854 3971 1099 4025 daemone
1144 3985 1459 4043 possessus,
1510 3986 1610 4027 n04
1651 3976 1874 4043 percus-

271 4062 442 4128 serit,
495 4072 589 4118 aut
644 4072 849 4119 vestem
901 4064 1153 4130 scidcrit,
1215 4075 1307 4120 aut
1354 4064 1537 4135 plagas
1593 4067 1871 4135 intulerit;

273 4168 385 4209 non
414 4153 578 4209 modo
619 4155 795 4225 ipsum
850 4171 957 4211 non
1002 4156 1254 4226 punimus
1276 4198 1292 4220 .
1322 4172 1497 4228 neque
1522 4157 1588 4213 ad
1612 4158 1873 4228 judicium

275 4245 563 4314 trahimus,
587 4247 683 4302 sed
711 4248 873 4303 etiam
898 4247 1017 4319 ejus
1043 4250 1365 4305 miseremur
1396 4249 1608 4322 ipsique
1641 4254 1877 4324 ignosci-

275 4351 417 4391 mus.
430 4336 794 4406 Quare20uia
818 4353 924 4394 non
946 4339 1163 4395 libertas
1182 4341 1413 4409 arbitrii,
1432 4343 1526 4397 sed
1548 4343 1878 4402 dmmoniaca

276 4429 633 4485 necessitasid
646 4430 841 4487 effecit.
854 4432 1223 4504 Quapropter,
1238 4433 1283 4488 si
1297 4433 1400 4489 alia
1413 4449 1632 4505 quoque
1662 4448 1878 4506 peccata

275 4534 343 4574 ex
372 4520 462 4574 fati
492 4520 819 4576 necessitate
845 4531 1044 4588 essent,
1097 4522 1228 4592 ipsis
1271 4525 1433 4579 etiam
1488 4541 1830 4595 parceremus
1864 4549 1878 4585 :

275 4612 407 4682 quia
446 4626 577 4667 vero
619 4611 823 4668 scimus
849 4628 950 4669 nos
998 4629 1103 4667 non
1135 4615 1186 4668 in
1214 4617 1535 4673 necessitate
1577 4635 1719 4686 esse,
1762 4622 1882 4677 ideo

278 4716 390 4758 non
413 4702 706 4771 parcimus,
733 4719 840 4758 non
868 4704 1071 4759 domini
1100 4707 1293 4771 servis,
1329 4723 1435 4761 non
1466 4710 1565 4763 viri
1593 4714 1878 4779 uxoribus,

279 4808 390 4848 non
414 4808 614 4850 uxores
631 4794 787 4861 viris,
806 4810 913 4851 non
939 4805 1119 4866 patres
1146 4798 1288 4863 (iliis,
1315 4815 1422 4853 non
1449 4799 1701 4857 doctores
1723 4805 1881 4859 disci-

282 4884 450 4955 pulis,
481 4900 588 4942 non
619 4886 893 4958 principes
917 4889 1170 4958 subditis,
1196 4903 1303 4945 non
1334 4882 1670 4962 legislatures
1693 4895 1756 4948 iis
1782 4897 1874 4966 qui

844 5020 1152 5098 il‘lalutzcum,
1181 5032 1217 5075 t.
1243 5026 1304 5085 6,
1328 5024 1558 5098 col._6i3,
1587 5027 1673 5089 litt,
1702 5028 1881 5098 H._le-

281 5086 415 5152 gitur
437 5088 654 5152 :Jltegem
675 5086 806 5132 enim
828 5094 1161 5152 cognoscentes
1184 5101 1320 5152 enin,
1350 5086 1615 5152 propitium
1647 5086 1883 5143 mundum

281 5146 345 5213 cf.
362 5140 620 5213 pretiosum
653 5140 930 5213 sanctorum
948 5181 963 5203 ,
989 5145 1081 5213 sibi
1098 5162 1280 5213 qurum
1303 5140 1563 5213 ic'positttm
1586 5140 1879 5205 oblitteram.

527 5212 695 5275 autem
712 5214 757 5255 et
781 5206 969 5275 cwteste
992 5208 1309 5275 intelligentes
1336 5203 1632 5274 principium
1656 5217 1759 5275 ejus
1776 5254 1787 5271 .
1819 5203 1879 5266 li-

424 5266 697 5338 mit-term
725 5269 987 5338 odorem...
1012 5261 1287 5338 Ηιιηιξὶηψη
1315 5261 1543 5325 (intentat
1566 5261 1881 5338 iammilites;

284 5328 384 5388 ηαδ
405 5328 726 5403 auelligentes
750 5332 1068 5395 sepulturam,
1102 5336 1375 5387 obtutertmt
1399 5330 1667 5401 myrrham.

780 430 885 485 \‘Ill
937 425 1237 495 IIOMIIJA,
1283 425 1532 483 IIABITA
1580 422 1945 489 Ροδτρυμι
1988 423 2395 480 PRESBYTER
2432 425 2733 495 GOTHUS.
2776 428 2931 486 ETC.

3431 432 3531 490 811]

1944 540 2092 611 leges
2110 540 2395 610 accipiunt;
2416 542 2511 596 sed
2533 544 2711 600 acerbi
2733 544 3052 601 delictorum
3077 552 3541 610 examinatoreset

1942 631 2183 687 vindices
2204 648 2421 689 sumus:
2448 635 2733 690 tribunalia
2760 636 2989 702 adimus,
3019 638 3200 711 plagas
3223 641 3535 713 inﬂigimus.

1941 721 2383 792 castigationibus
2410 728 2631 792 utimur,
2672 728 2913 800 nihilque
2943 745 3050 786 non
3083 734 3294 803 agimus
3323 745 3381 789 ut
3410 750 3533 792 ser-

1942 829 2067 869 vum
2094 830 2123 869 a
2154 817 2388 886 nequitia
2418 829 2473 873 et
2505 819 2673 874 lilium
2708 836 2738 875 a
2782 821 2983 878 malitia
3023 825 3346 883 eximamus.
3396 826 3542 895 Qua-

1944 917 2164 977 propter
2189 908 2318 975 ipsis
2344 919 2398 964 et
2430 910 2752 983 paedagogus
2782 913 3112 970 instituimus
3134 958 3151 982 ,
3179 926 3233 973 et
3260 918 3327 974 ad
3374 923 3544 990 magi-

1943 1008 2087 1053 stros
2113 1000 2391 1056 mittentes
2422 1004 2596 1058 minas
2623 1004 2952 1063 iutentamns
2978 1048 2994 1073 ,
3022 1019 3077 1064 et
3122 1011 3305 1082 plagas
3346 1012 3546 1085 infligi-

1945 1105 2081 1144 mus.
2115 1088 2245 1158 Cur,
2273 1103 2328 1149 et
2351 1110 2454 1165 qua
2480 1096 2549 1151 de
2574 1112 2760 1163 causa,
2792 1100 2877 1155 dic
2906 1100 3078 1157 mihi?
3109 1104 3153 1159 si
3182 1106 3325 1159 enim
3350 1108 3453 1177 ipsi
3477 1124 3544 1164 ex

1946 1181 2057 1236 fato
2084 1185 2434 1241 constitutum
2464 1188 2531 1242 sit
2562 1198 2621 1244 ut
2650 1192 2721 1245 sit
2754 1193 3053 1263 improbus.
3087 1196 3155 1252 ad
3185 1199 3314 1271 quid
3342 1201 3541 1259 auxilia

1944 1273 2048 1344 ipsi
2077 1280 2437 1345 prastentur?
2468 1280 2656 1337 Palam
2684 1299 2813 1354 ergo
2835 1296 2918 1341 est
2940 1303 3063 1342 eum
3090 1303 3196 1343 non
3223 1295 3546 1352 necessitate

1946 1367 2117 1437 ligari,
2153 1369 2249 1425 sed
2279 1373 2459 1429 omnia
2493 1376 2545 1429 in
2574 1376 2799 1432 arbitrio
2824 1380 2941 1449 ejus
2972 1382 3075 1434 sita
3102 1397 3243 1439 esse.
3293 1385 3543 1459 Quapro-

1946 1468 2067 1529 pter
2084 1461 2280 1516 auxilia
2327 1464 2537 1531 damus,
2581 1476 2637 1523 et
2676 1467 2745 1524 ab
2794 1469 3001 1541 ignavia
3032 1474 3157 1530 illos
3203 1477 3545 1551 abducimus,

1944 1561 2107 1624 atque
2132 1555 2198 1609 ad
2228 1560 2476 1613 virtutem
2502 1562 2937 1633 amplectendam
2962 1566 3285 1625 inducimus.
3314 1572 3428 1628 Cur
3447 1590 3549 1630 au-

1948 1656 2057 1702 tem
2088 1648 2139 1702 in
2160 1651 2293 1705 mari
2322 1654 2657 1724 navigamus,
2688 1662 2889 1712 terram
2910 1660 3159 1730 colimus,
3189 1665 3352 1721 nrbes
3375 1668 3548 1724 reditio

1947 1753 2151 1803 camus,
2196 1743 2419 1797 multam
2447 1745 2767 1805 adhibemus
2811 1765 2997 1807 curant
3037 1768 3160 1809 cum
3190 1757 3550 1821 infirmamur.

1951 1832 2205 1901 pecunias
2245 1833 2610 1905 impendimus
2628 1881 2643 1904 ,
2672 1842 2910 1898 medicos
2938 1860 3195 1905 vocamus
3216 1891 3230 1913 ,
3261 1852 3550 1921 pharmaca

1951 1938 2221 1992 paramus.
2234 1940 2478 1983 ventrem
2495 1930 2859 1998 moderantur,
2876 1947 2931 1991 et
2946 1941 3443 2011 concupiscentiam
3461 1963 3550 2004 ca-

1949 2016 2233 2084 stigamus?
2245 2018 2299 2071 Si
2317 2020 2484 2087 enim,
2504 2033 2559 2077 ut
2580 2032 2634 2077 tu
2649 2022 2805 2093 dicis,
2826 2027 2877 2081 in
2898 2028 3005 2084 fato
3018 2032 3182 2087 situm
3196 2043 3282 2090 est
3297 2046 3353 2092 et
3371 2040 3553 2095 vivere

1950 2114 2005 2162 ct
2035 2109 2191 2173 mori,
2222 2112 2509 2181 superﬂua.-
2533 2126 2660 2172 sunt
2689 2121 3039 2191 pecuniarum
3079 2140 3354 2198 expensa,
3388 2147 3575 2202 super-

1951 2199 2043 2253 ilui
2066 2201 2399 2259 medicorum
2430 2206 2726 2278 ingressus,
2756 2213 3025 2283 superﬂua
3045 2228 3131 2272 est
3156 2232 3408 2277 accurata
3433 2199 3552 2294 phi-

1951 2291 2194 2363 losOphia
2211 2310 2372 2367 quam
2394 2297 2591 2355 inﬁrmi
2609 2313 2845 2360 servant.
2866 2305 3019 2363 Nunc
3032 2320 3210 2366 autem
3236 2329 3332 2383 per
3352 2331 3415 2370 ea
3433 2291 3554 2388 qua:

1951 2399 2141 2443 omnes
2158 2388 2379 2458 faciunt,
2397 2393 2685 2451 ostendunt
2701 2396 2833 2453 nihil
2852 2399 3042 2456 horum
3061 2418 3183 2460 esse
3199 2408 3553 2477 superﬂuum;

1955 2483 2050 2539 sed
2081 2484 2361 2541 facessunt
2392 2502 2456 2543 ea
2488 2504 2611 2559 quae
2640 2490 2707 2545 ad
2739 2491 2911 2547 fatum
2934 2503 3206 2564 spectant,
3232 2513 3412 2569 neque
3444 2502 3554 2556 ulla

1954 2580 2285 2634 necessitate
2318 2590 2505 2637 nostra
2537 2592 2826 2654 reguntur,
2860 2587 3047 2642 omnia
3077 2598 3264 2644 autem
3299 2592 3556 2650 libertate

1952 2664 2172 2722 arbitrii
2196 2666 2561 2725 honorantur.
2577 2673 2708 2738 Quae
2728 2684 2913 2731 autem
2934 2676 3185 2732 laborum
3210 2690 3265 2735 et
3286 2682 3553 2737 sudorunt

1952 2771 2055 2826 pro
2089 2759 2296 2815 virtute
2321 2762 2657 2818 necessitas?
2682 2765 2727 2820 si
2762 2768 2909 2821 enim
2940 2783 3008 2824 ex
3044 2769 3157 2825 fato
3190 2773 3556 2829 constitutum

1951 2856 2125 2902 estut
2153 2850 2278 2919 quis
2304 2851 2377 2907 sit
2410 2854 2608 2921 bonus,
2648 2856 2761 2911 sive
2789 2858 3029 2915 dormiat
3062 2863 3179 2918 sive
3211 2874 3406 2920 stertat
3440 2866 3554 2931 ille,

1953 2938 2134 2995 bonus
2154 2942 2266 2998 erit
2292 2960 2305 2997 :
2334 2942 2447 2999 imo
2466 2962 2599 3001 vero
2630 2950 2793 3003 talem
2818 2950 3097 3007 hominem
3123 2954 3332 3009 bonum
3357 2971 3556 3011 vocare

1959 3037 2250 3101 convenit,
2277 3036 2369 3107 qui
2395 3053 2461 3094 ex
2497 3041 2823 3098 necessitate
2856 3046 2979 3100 talis
3007 3048 3097 3102 sit.
3131 3049 3269 3118 Quae
3301 3060 3380 3108 tut
3411 3054 3567 3110 labo-

1964 3145 2083 3185 rum
2116 3141 2166 3185 et
2193 3131 2454 3187 sudorum
2485 3138 2826 3193 necessitas?
2855 3140 2900 3193 si
2943 3143 3088 3195 enim
3135 3144 3227 3198 fati
3272 3149 3569 3204 necessitas

1964 3232 2069 3288 est,
2096 3231 2155 3277 ut
2179 3227 2299 3294 quis
2326 3227 2501 3283 malus
2525 3227 2595 3281 sit
2614 3267 2629 3291 .
2661 3230 2872 3286 etiamsi
2904 3232 3107 3287 millies
3136 3251 3257 3291 sese
3290 3238 3569 3295 laboribus

1966 3315 2242 3371 excruciet
2262 3358 2277 3382 ,
2314 3317 2485 3372 malus
2527 3320 2631 3374 erit
2657 3338 2669 3373 :
2695 3322 2806 3377 imo
2830 3339 2959 3379 vero
2993 3340 3169 3396 neque
3198 3327 3342 3383 hunc
3371 3332 3569 3386 malum

1967 3405 2150 3462 dicere
2174 3411 2448 3476 convenit,
2478 3412 2569 3481 qui
2596 3428 2623 3464 a
2660 3418 2984 3471 necessitate
3012 3419 3265 3486 pellatur.
3295 3420 3564 3489 Quemad-

1969 3498 2189 3553 modum
2207 3501 2349 3555 enim
2370 3502 2458 3572 qui
2478 3503 2804 3559 dzemonitttn
2822 3506 3003 3565 habet.
3024 3511 3068 3562 si
3088 3514 3412 3569 contumelia
3435 3515 3573 3571 infe-

1971 3599 2057 3644 rat
2077 3590 2290 3661 (eodem
2310 3594 2453 3647 enim
2474 3610 2663 3651 rursus
2682 3606 2803 3651 utor
2818 3584 3111 3673 exemplo),
3133 3618 3239 3659 non
3262 3605 3414 3662 illum
3431 3608 3580 3665 dice-

1972 3698 2094 3736 mus
2124 3686 2576 3741 contumeliosum
2599 3729 2616 3754 ,
2641 3704 2816 3759 neque
2858 3693 3166 3761 putabnnns
3190 3699 3574 3754 contumeliam

1975 3774 2123 3829 illam
2145 3790 2266 3831 esse
2284 3779 2609 3846 convicium,
2628 3779 2723 3835 scd
2744 3782 2793 3835 id
2817 3798 2882 3837 ex
2900 3788 3221 3841 necessitate
3243 3786 3574 3843 darmuniara

1976 3870 2173 3924 factum
2207 3888 2221 3925 :
2253 3872 2333 3926 sic
2361 3887 2463 3927 nec
2497 3872 2843 3944 improbum,
2876 3877 2921 3932 si
2951 3896 2980 3930 a
3030 3878 3143 3932 fato
3173 3890 3228 3934 et
3256 3881 3580 3939 necessitate

1980 3961 2231 4030 pellatur,
2250 3964 2554 4033 improbutn
2583 3981 2857 4036 vocemus,
2884 3980 2941 4023 ut
2966 3986 3068 4027 nec
3091 3972 3289 4027 bonum
3309 3974 3581 4042 similiter,

1980 4054 2201 4110 bonum.
2236 4056 2347 4111 Nisi
2400 4059 2544 4113 enim
2592 4062 2773 4115 omnia
2818 4063 2898 4116 sic
2946 4065 3361 4142 constituamus,
3421 4078 3582 4123 erunt

1982 4150 2161 4202 omnia
2188 4148 2456 4217 confusio,
2477 4153 2832 4223 perturbatio,
2862 4171 3041 4211 rerum
3069 4160 3315 4224 eversio;
3350 4176 3451 4216 nec
3474 4163 3579 4215 vir-

1986 4252 2091 4307 los,
2115 4258 2213 4297 nec
2228 4244 2430 4300 malitia
2450 4247 2695 4310 erit;non
2724 4256 2888 4314 artes,
2919 4265 3028 4303 non
3054 4250 3219 4321 leges,
3239 4253 3373 4306 nihil
3400 4253 3587 4323 lmjns-

1983 4337 2412 4393 cemodi.Vidcn’
2436 4354 2544 4409 quo
2568 4341 2748 4395 tendat
2776 4357 2900 4397 esca
2929 4343 3149 4409 diaboli,
3173 4346 3372 4416 etquid
3395 4349 3584 4403 orbem

1988 4436 2145 4483 terr-.e
2162 4428 2371 4486 eilicere
2383 4433 2533 4499 velit,
2548 4442 2603 4488 et
2618 4433 2683 4487 ad
2701 4448 2863 4505 quem
2896 4436 3054 4489 linem
3079 4438 3257 4492 omnia
3284 4438 3588 4497 adducere?

1990 4518 2112 4573 Ila'c
2139 4531 2317 4576 autem
2347 4524 2527 4577 omnia
2549 4530 2785 4582 scientes
2807 4537 2864 4582 et
2892 4528 2973 4583 his
3000 4529 3150 4599 plura
3174 4531 3412 4600 (possem
3441 4533 3585 4588 enim

1988 4612 2152 4666 inulta
2175 4613 2398 4677 addere,
2426 4616 2518 4670 sed
2540 4619 2975 4686 prudentioribus
3003 4626 3117 4675 haec
3141 4625 3455 4691 sutlieiant).
3480 4642 3582 4679 nc—

1987 4708 2212 4776 qnittatn
2270 4708 2553 4777 fugiamus,
2606 4716 2857 4766 virtutem
2907 4714 3194 4784 eligamus,
3243 4729 3296 4771 ut
3328 4718 3592 4787 imprimis

1992 4800 2157 4855 Deum
2187 4804 2479 4871 propitium
2512 4806 2826 4870 habeamus,
2861 4806 3163 4877 deindeque
3194 4824 3222 4861 a
3246 4812 3493 4879 gehenna
3522 4812 3587 4864 li-

1991 4894 2243 4950 beremur
2261 4939 2277 4962 ,
2314 4907 2474 4968 atque
2499 4901 2717 4954 internis
2745 4902 2985 4956 fruamur
3012 4903 3165 4958 bonis
3190 4922 3203 4957 :
3230 4921 3350 4975 qua:
3385 4905 3585 4962 utinam

1992 5004 2093 5041 nos
2108 5005 2295 5043 omnes
2325 5005 2740 5059 Conseqnamnr,
2770 4995 2937 5064 gratia
2959 5004 3013 5049 et
3032 4995 3359 5064 benignitate
3381 4995 3592 5052 Domini

1993 5080 2162 5135 noStri
2189 5080 2314 5135 Jesn
2333 5082 2555 5148 Cill‘iali,
2579 5101 2671 5154 per
2694 5102 2855 5155 quem
2882 5098 2937 5139 et
2958 5102 3199 5156 cumquo
3218 5088 3358 5141 Patri
3382 5089 3548 5157 gloria
3576 5129 3591 5154 ,

1993 5192 2093 5229 una
2116 5193 2235 5229 eum
2258 5177 2682 5248 Spiritusaucto,
2717 5195 2857 5235 nunc
2881 5189 2935 5235 et
2962 5196 3198 5251 semper,
3228 5191 3281 5237 et
3308 5182 3359 5236 itt
3388 5184 3587 5238 smcula

1990 5272 2332 5324 swculorum.
2360 5274 2551 5327 Amen.
