4124 6336
671 408 761 466 5H
1408 402 1466 457 S.
1492 399 1768 460 JOANNIS
1793 398 2260 457 CllllYSOSTOMI
2298 398 2614 455 ABCIIIEP.
2643 400 3169 461 CONSTANTINOP.

3831 416 3932 471 512

674 520 3848 551 __________________________________________

2013 580 2353 643 HOMlLlA
2399 585 2512 646 ΙΧ.

685 728 926 800 Ejusdem
948 772 962 796 ,
994 730 1131 799 quod
1158 743 1258 782 non
1284 736 1515 797 Oporteat
1544 726 1612 779 ad
1635 726 1821 779 circum
1851 724 1928 779 vel
1955 723 2025 825 ad
2049 724 2243 825 theatra

745 822 1037 876 ascendere.
1068 817 1137 873 Et
1161 835 1279 873 cum
1307 817 1412 872 illis
1439 817 1715 871 molestiam
1740 829 1970 880 creasset,
1992 814 2169 868 deinde
2191 815 2243 866 in

741 920 985 966 conventu
1011 898 1378 981 sequenti’post
1407 910 1547 963 illam
1582 908 1895 961 Dominicant
1920 949 1933 973 ,
1958 924 2073 960 cum
2116 922 2239 959 cott-

744 1003 967 1056 cessisset
988 1001 1225 1071 διήκορο
1247 1000 1468 1062 cuidam,
1496 1000 1583 1070 qui
1604 1016 1665 1054 ea:
1691 996 1895 1052 Galatia
1921 1005 2120 1052 venerat
2142 993 2239 1068 (α),

736 1091 1070 1147 conciattandi
1090 1092 1405 1163 facultatem,
1427 1099 1472 1145 et
1498 1091 1605 1161 ipse
1626 1090 2057 1171 tacuisset,latque
2072 1089 2123 1141 in
2145 1087 2239 1141 hoc

736 1200 935 1254 quoque
964 1183 1081 1239 illos
1108 1182 1436 1251 offendisset,
1482 1182 1614 1235 hanc
1657 1181 1832 1235 habuit
1882 1180 2145 1234 Itontt'liam
2186 1178 2240 1231 in

735 1275 924 1347 Magna
948 1276 1176 1341 ecclesia,
1205 1276 1257 1327 in
1283 1273 1413 1328 illud
1445 1288 1464 1328 :
1495 1273 1651 1327 Pater
1680 1287 1833 1327 mens
1873 1286 2041 1340 usque
2081 1270 2240 1325 modo

737 1376 1010 1436 operatur,
1040 1375 1094 1421 et
1122 1380 1221 1437 ego
1248 1379 1446 1435 operor
1472 1364 1653 1465 (loco.
1681 1365 1733 1418 5.
1770 1363 1989 1467 νην).
2140 1450 2178 1467 Α

737 1459 789 1511 Ι.
820 1455 1362 1526 ConstantinOpolitani
1390 1454 1608 1525 graviter
1628 1454 1897 1521 increpati,
1926 1454 2235 1522 frequentio-

663 1567 744 1605 res
774 1550 839 1602 ad
868 1548 1157 1602 concionem
1188 1547 1410 1601 veniunt.
1430 1575 1502 1586 —
1530 1544 1710 1616 Nuper
1739 1545 1893 1599 valde
1915 1559 2008 1597 vos
2037 1542 2237 1613 pupugi

664 1640 732 1694 de
760 1638 982 1692 theatris
1005 1648 1058 1690 et
1087 1637 1153 1692 de
1182 1636 1519 1706 equestribus
1550 1637 1686 1690 ludis
1716 1636 1938 1704 loquens
1970 1651 1985 1689 :
2014 1633 2238 1703 ideoque

662 1732 814 1785 hetor
840 1739 892 1784 rt
916 1730 1124 1784 exsulto
1152 1727 1442 1783 secundum
1467 1728 1813 1798 apostolicam
1844 1742 2025 1782 vocem
2055 1726 2237 1781 dicen-

666 1832 771 1875 tem
804 1841 814 1873 :
841 1819 914 1874 Et
942 1821 1054 1891 quis
1082 1830 1153 1874 est
1181 1821 1268 1889 qui
1296 1837 1374 1874 me
1403 1821 1636 1889 Iztiﬁcet,
1670 1821 1767 1873 nisi
1797 1820 1882 1888 qui
1909 1821 2235 1873 contristatur

662 1928 724 1965 ex
754 1928 830 1964 me
861 1911 934 1982 (Ξ.
964 1909 1282 1979 Cor.2.2)?
1334 1910 1555 1964 Multum
1608 1912 1749 1966 enim
1800 1910 1952 1965 video
2002 1908 2235 1964 fructum

659 2020 724 2057 ex
760 2003 857 2057 hac
901 2003 1108 2056 tristitia
1154 2002 1439 2057 orientem.
1486 2002 1616 2057 Nam
1657 2013 1711 2057 et
1756 2002 2064 2072 pharmaca,
2116 2017 2234 2072 qua:

660 2097 838 2150 ulcera
863 2104 1070 2158 sanant,
1100 2094 1246 2165 prius
1268 2096 1485 2149 vulnera
1510 2094 1777 2159 mordent,
1801 2105 1853 2150 et
1880 2104 2007 2150 tunc
2030 2112 2059 2149 a
2085 2095 2232 2149 sanie

661 2186 886 2238 liberant
912 2203 925 2238 :
952 2190 1020 2238 ita
1046 2194 1099 2238 et
1124 2199 1304 2240 sermo
1330 2185 1417 2255 qui
1445 2184 1744 2240 auditorem
1772 2186 1991 2256 pungit,
2023 2186 2231 2239 initium

658 2275 1176 2331 correctionis-facit.
1228 2275 1375 2330 Sicut
1416 2278 1558 2330 enim
1601 2277 1653 2331 in
1695 2277 2008 2346 corporibus
2037 2277 2233 2331 nostris

658 2382 784 2420 caro
832 2381 950 2435 qua:
998 2366 1165 2420 semel
1208 2375 1449 2421 emortua
1493 2376 1597 2433 est,
1632 2383 1734 2420 non
1769 2369 2057 2423 sectionem
2080 2408 2094 2433 ,
2127 2384 2229 2422 non

659 2457 941 2525 pharmaca
960 2496 975 2518 ,
1010 2470 1112 2509 non
1135 2457 1365 2510 cauteria
1389 2457 1579 2519 sentit;
1606 2456 1828 2527 ideoque
1846 2458 2056 2512 etiamsi
2084 2459 2231 2512 innu-

662 2560 807 2601 mera
852 2546 1222 2611 adhibeantur,
1252 2562 1354 2600 non
1401 2546 1468 2601 ad
1510 2548 1788 2603 sanitatem
1827 2549 2000 2604 redire
2033 2559 2227 2619 potest,

658 2652 784 2691 eum
834 2637 1124 2692 curationis
1175 2638 1380 2691 initium
1418 2647 1473 2692 et
1510 2638 1908 2694 fundamentum
1952 2642 2225 2707 amiserit;

658 2746 778 2798 qua:
805 2744 931 2784 vero
960 2729 1120 2783 sentit
1146 2739 1201 2783 et
1230 2728 1427 2784 ferrum
1446 2740 1496 2785 et
1524 2731 1696 2801 ignem
1721 2742 1773 2786 ot
1796 2733 2099 2802 pharmaca,
2123 2735 2231 2788 cito

657 2822 725 2876 ad
755 2821 1111 2876 valetudinem
1136 2821 1354 2876 redierit
1378 2838 1392 2876 :
1418 2824 1496 2877 sic
1520 2831 1573 2877 ct
1600 2825 1650 2877 in
1681 2825 1978 2887 animabus,
2006 2842 2123 2893 qua:
2152 2826 2232 2879 in-

658 2914 885 2981 sensiles
916 2922 1060 2975 sunt,
1095 2929 1198 2967 non
1231 2913 1387 2969 facile
1416 2924 1723 2979 mutentur;
1753 2933 1872 2985 qua:
1900 2933 2029 2973 vero
2058 2919 2234 2973 sciunt

658 3015 712 3059 et
741 3004 940 3074 pudore
968 3004 1107 3058 al‘llci
1138 3015 1193 3059 et
1219 3005 1538 3061 erubescere
1563 3021 1625 3061 ac
1653 3006 1838 3062 dolore
1870 3012 2037 3078 premi
2071 3012 2121 3064 in
2154 3012 2233 3065 in-

657 3094 1073 3163 crepationibus,
1090 3095 1376 3148 maximum
1401 3096 1554 3150 nobis
1578 3098 1815 3167 praebent
1831 3111 2226 3170 argumentum,

657 3185 798 3254 quod
830 3185 934 3240 cito
960 3200 989 3239 a
1021 3186 1252 3254 nequitia
1280 3185 1554 3242 destiturte
1582 3189 1705 3242 sint.
1738 3190 2021 3261 Propterea
2046 3192 2233 3249 beatus

658 3277 869 3337 Paulus,
901 3290 1019 3328 cum
1052 3275 1162 3330 inec
1190 3277 1367 3341 sciret,
1400 3292 1493 3332 eos
1531 3280 1619 3348 qui
1660 3278 1909 3335 dolebant
1942 3283 2097 3337 valde
2130 3299 2228 3354 ap-

659 3368 933 3436 probabat,
964 3366 1133 3435 deque
1163 3368 1271 3421 illis
1299 3370 1613 3437 hetabatur;
1656 3372 1723 3425 de
1755 3374 1819 3427 iis
1849 3390 1974 3428 vero
2003 3376 2092 3444 qui
2123 3392 2227 3431 non

660 3459 729 3512 ita
761 3457 931 3511 allecti
965 3468 1137 3521 erant,
1168 3459 1485 3526 drSperabat
1513 3461 1731 3515 dicens:
1760 3461 1860 3528 Qui
1890 3466 2031 3518 nullo
2062 3467 2233 3534 a/fectt'

659 3550 834 3603 dolore
860 3566 912 3602 se
939 3550 1252 3602 tradiderunt
1281 3552 1612 3621 impudicitia
1632 3597 1646 3619 ,
1678 3555 1729 3607 in
1757 3559 2100 3623 Operationrnt
2132 3562 2231 3614 im-

655 3640 921 3693 munditiis:
942 3640 1121 3703 omnis,
1147 3640 1197 3691 in
1224 3642 1490 3694 avaritiam
1513 3642 1726 3713 (Ep/tes.
1748 3647 1799 3700 4.
1830 3648 1939 3716 i9).
1964 3650 2063 3713 Qui
2088 3653 2228 3705 enim

657 3732 842 3785 dolere
891 3732 1102 3791 nescit,
1144 3733 1416 3801 quomodo
1460 3750 1712 3804 umquam
1758 3740 2077 3810 corrigatur,
2129 3733 2228 3797 nisi

659 3826 807 3893 prius
863 3824 991 3877 illud
1042 3822 1323 3879 didicerit?
1367 3825 1629 3891 Quoniam
1682 3829 1837 3899 igitur
1863 3832 1963 3887 hoc
2016 3850 2043 3886 a
2084 3838 2232 3893 vobis

656 3928 802 3971 recte
822 3914 1015 3969 Laetum
1033 3922 1135 3980 ost,
1159 3916 1311 3969 valde
1334 3916 1651 3971 cantidimus
1673 3935 1768 3988 pro
1788 3922 2005 3978 caritate
2028 3938 2232 3983 vestra:

656 4008 701 4060 si
729 4007 869 4061 enim
902 4006 1191 4072 alloquium
1223 4022 1384 4059 untnn
1416 4007 1483 4061 ita
1515 4022 1612 4062 vos
1639 4012 1941 4075 momordit.
1964 4026 2014 4070 et
2044 4018 2094 4069 in
2123 4027 2235 4072 tan-

659 4111 765 4153 tam
796 4100 1122 4153 anxietatem
1153 4115 1248 4153 vos
1275 4099 1524 4169 coniecit,
1562 4109 1618 4155 ut
1642 4103 1820 4157 animo
1850 4105 2148 4164 deliceretis
2178 4122 2233 4167 et

661 4192 1043 4255 turbarctnini;
1074 4190 1409 4245 manifestum
1443 4203 1525 4246 est
1554 4196 1694 4263 quod
1728 4198 1965 4252 secunda
1998 4210 2051 4254 et
2080 4204 2231 4257 tertia

665 4284 962 4347 atldila,.ab
1000 4283 1144 4336 oumi
1180 4284 1365 4337 morbo
1400 4298 1495 4338 vos
1538 4285 1800 4341 liberabit.
1853 4287 1919 4343 Et
1966 4299 2023 4344 ut
2063 4291 2234 4347 disca-

667 4377 735 4429 iis
763 4390 847 4428 me
874 4388 977 4427 non
1010 4373 1159 4427 vobis
1188 4375 1489 4429 adulantem
1524 4376 1637 4432 luec
1661 4378 1869 4440 dicere.
1911 4396 2005 4450 per
2028 4399 2089 4437 ea
2118 4400 2235 4454 qua:

661 4482 827 4535 nuper
846 4466 1160 4520 exhibuistis
1176 4466 1435 4522 dictorum
1453 4481 1587 4523 nosti
1603 4484 1751 4525 orum
1779 4475 2053 4531 veritatem
2082 4481 2233 4533 testi-

661 4558 799 4611 ficati
828 4558 973 4611 estis.
1005 4558 1213 4612 Etenim
1242 4558 1331 4628 qui
1360 4562 1437 4614 sic
1468 4561 1724 4629 increpati
1755 4563 1976 4621 fueratis
1999 4610 2012 4633 ,
2047 4579 2103 4623 ut
2129 4571 2231 4624 do-

661 4649 841 4703 lerctis
867 4659 917 4702 et
946 4650 1124 4703 animo
1171 4650 1492 4717 deficeretis,
1543 4655 1777 4722 proxima
1824 4657 2097 4715 Dominiea
2158 4666 2227 4736 (c)

724 4762 796 4822 (η)
835 4760 951 4809 Erat
990 4768 1101 4831 tunc
1132 4763 1366 4831 temporis
1393 4762 1627 4831 Leontius
1648 4770 1902 4831 episcoitus
1934 4772 2226 4827 Galatarum.

660 4822 765 4872 Hos
787 4830 954 4893 autem.
975 4823 1185 4893 vigebat,
1210 4824 1399 4893 quando
1419 4822 1987 4893 epise0pus'peregriuus
2003 4822 2232 4890 adit-iiii;

660 4886 759 4937 Νι,
786 4886 829 4931 ei
854 4884 1034 4943 copiam
1059 4884 1247 4932 dicendi
1271 4884 1448 4935 facere.

725 4946 795 5005 (lt)
838 4944 1122 5011 Necessario
1156 4946 1365 5011 legi-uda
1386 4957 1499 4997 sunt
1522 4962 1579 4999 ea
1602 4964 1711 5007 qua!
1732 4954 1860 5002 circa
1887 4955 2010 5007 hunc
2042 4960 2231 5011 titulum

660 5008 867 5073 dixiinus
898 5008 943 5053 in
970 5006 1163 5073 Mtniito.
1192 5009 1394 5073 Multum
1421 5012 1586 5060 tribuit
1621 5006 2016 5069 Monteliilconius
2046 5006 2229 5073 hisiin:

658 5069 873 5126 ilicibus,
908 5069 1210 5145 inrepittitqt‘te
1248 5070 1370 5139 adeo
1405 5084 1491 5145 eos
1524 5072 1706 5145 additos
1729 5088 1839 5145 esse
1870 5093 1899 5126 a
1921 5069 2127 5141 quodam
2150 5069 2233 5145 qia

660 5138 706 5200 δε
744 5128 951 5208 doctoris
986 5128 1627 5208 tuteri’lta’sisseuideretur.
1663 5128 2229 5208 Meo-laterinuniq'uam

661 5190 895 5266 ejusmodi
937 5187 1058 5238 latro
1094 5188 1571 5266 barbarusdta‘r‘eat,
1610 5210 1765 5266 apage
1792 5202 1802 5248 ε
1830 5187 2059 5266 Plerique
2089 5187 2229 5259 uenio;

660 5252 848 5298 indices
880 5252 1046 5322 harum
1083 5252 1303 5323 undecim
1339 5252 1651 5327 hmniliart‘un'
1672 5252 1736 5327 ita
1769 5272 1883 5310 sunt
1914 5252 2231 5327 ροιῗΐιῖμῖξ-ἰιί

661 5325 755 5383 nec
792 5314 1097 5383 grammatica
1131 5316 1249 5362 ratio
1280 5326 1484 5366 mustei.
1530 5319 1577 5383 l_d
1617 5321 1760 5369 etiam
1786 5328 2004 5375 convenit
2034 5314 2232 5383 inibunt.)

660 5372 883 5421 indicem.
924 5373 1304 5442 Brevin-rumne
1338 5386 1501 5426 contra
1536 5380 1671 5429 ludus
1695 5372 2019 5438 circenstset
2043 5372 2230 5442 theatra

657 5434 889 5501 tliSputat,
905 5435 1037 5501 quod
1060 5436 1301 5501 copiosius
1316 5446 1365 5486 et
1384 5442 1724 5492 vehementius
1745 5448 1808 5493 tle
1830 5461 1884 5495 re
1904 5434 2231 5501 cadi-india;

659 5504 735 5542 rat
759 5496 992 5604 ithllilitlla
1014 5505 1126 5545 ante
1151 5498 1272 5547 hanc
1296 5500 1505 5563 homiha,
1530 5518 1637 5566 quae
1660 5508 1840 5567 legitur
1866 5517 1900 5557 t.
1926 5496 2226 5568 ϋξρῦίᾶἀέ.

659 5568 763 5604 suo.
841 5572 975 5604 Αττίι.

658 5568 763 5605 ειμι.
792 5568 975 5605 ΜΛΤΤΠ.

702 5569 1113 5689 l(de.)"liligtrifinquit
1128 5619 1415 5679 Mattlueius,
1428 5625 1566 5689 istam
1583 5626 1792 5677 ultimam
1808 5631 2046 5682 homiliam
2065 5637 2232 5689 habuit

660 5679 874 5758 ῗίὼιῖίηθ·
902 5679 1193 5749 ¹)(’¹“ί¹¹¹α¹¹¹¹
1226 5693 1389 5758 Ξὶυξοψ
1426 5686 1505 5758 hic,
1534 5691 1745 5758 ερρυηυὲ
1780 5679 2227 5758 πωςιιιιιιήιέέειῖέιῖἑέῖ

664 5737 731 5785 lio
752 5740 1110 5823 tlie‘tltpiscop'us
1134 5756 1194 5813 ex
1225 5744 1405 5823 Galatia
1434 5737 1913 5823 Ιιίξὺυῖίςοιξιτὲουυηξ.
1930 5737 2085 5808 libi-te
2112 5777 2231 5823 ergo

659 5809 823 5847 contra
837 5800 1252 5873 Mittllt‘g‘ll‘ﬂllilltll
1274 5808 1440 5873 videor
1457 5811 1677 5861 doemsse
1692 5816 1827 5863 istam
1849 5818 2061 5867 ultimam
2078 5800 2229 5873 homi-

635 5858 750 5908 ltam
764 5874 861 5909 non
872 5860 953 5912 die
969 5862 1224 5929 Uominica,
1237 5870 1324 5919 sed
1336 5872 1535 5922 sabbato
1552 5883 1689 5939 ante;
1710 5879 1845 5928 asella
1866 5896 1975 5931 t‘Sa'.‘
1993 5883 2214 5935 habitam.

2352 726 2494 781 illam
2526 729 2859 801 insequente,
2887 736 3219 805 splendidius
3262 745 3435 815 nobis,
3463 747 3731 806 theatrum
3773 753 3927 809 exhi-

2348 819 2563 888 lmistis,
2588 827 3007 883 numerosiorem
3033 842 3356 889 conventum
3378 847 3429 891 et
3455 839 3711 909 majorem
3739 843 3928 900 alacri-

2349 918 2547 976 tatem;
2580 928 2871 987 omnesque
2898 924 3142 991 suSpensi
3172 926 3370 992 eratis,
3404 929 3542 985 sicut
3582 926 3923 993 hirundinum

2347 1003 2473 1071 pulli
2496 1019 2524 1057 a
2544 1005 2669 1061 nido
2698 1010 3010 1077 pendentes,
3030 1024 3084 1069 et
3104 1015 3169 1070 ad
3194 1017 3428 1088 linguam
3453 1031 3688 1079 uestram
3719 1027 3927 1083 inhiaa-

2349 1101 2447 1145 tes.
2474 1093 2672 1151 Deinde
2694 1100 2813 1167 quia
2849 1102 2995 1156 fratri
3022 1115 3230 1174 nostro,
3258 1111 3345 1177 qui
3369 1128 3432 1166 ex
3454 1112 3659 1169 Galatia
3684 1132 3924 1187 venerat,

2343 1196 2500 1251 quem
2530 1198 2585 1240 et
2616 1200 2831 1259 propter
2872 1193 3039 1262 ipsam
3092 1195 3347 1254 Ecclesite
3394 1202 3564 1273 legem
3613 1209 3924 1279 peregrinos

2344 1274 2413 1329 ita
2444 1279 2715 1347 suscipere
2735 1282 3015 1351 jubentem
3036 1329 3049 1351 ,
3082 1298 3135 1343 et
3184 1301 3401 1359 pr0pter
3442 1274 3803 1355 venerandam
3834 1317 3921 1357 ca-

2343 1366 2524 1422 nitiem
2558 1368 2966 1437 honorabamus.
2993 1378 3165 1433 locum
3196 1385 3457 1441 cessimus
3484 1395 3539 1442 ut
3566 1392 3920 1450 concionare-

2342 1466 2448 1522 tur,
2474 1461 2832 1520 oeciamantes
2853 1467 3206 1538 recedebatis,
3229 1476 3462 1544 graviter
3485 1476 3739 1546 ferentes,
3765 1485 3915 1552 quasi

2337 1546 2446 1616 jam
2478 1550 2566 1605 diu
2594 1554 2730 1609 fame
2779 1563 3174 1630 prcmeremini,
3217 1575 3271 1621 et
3317 1567 3548 1637 linguam
3577 1584 3813 1629 nostram
3853 1580 3918 1629 ita

2342 1651 2611 1698 secantem
2706 1660 3041 1718 exoptantes,
3092 1655 3233 1709 illam
3281 1672 3476 1731 nempe
3528 1661 3918 1733 increpantem,

2342 1745 2681 1804 potigcntem,
2710 1739 2945 1796 dolorem
2967 1743 3299 1811 aflerentem,
3332 1750 3557 1821 idipsum
3585 1734 3837 1811 facientes
3863 1776 3922 1814 ac

2340 1826 2381 1878 si
2412 1827 2663 1893 puerulus
2692 1832 3022 1901 verberatus,
3069 1838 3393 1910 increpatus,
3423 1860 3487 1899 ne
3525 1846 3604 1901 sic
3630 1836 3844 1920 quidem
3891 1868 3919 1904 a

2339 1925 2506 1970 matre
2526 1918 2828 1987 absisteret,
2860 1925 2951 1979 sed
2985 1926 3199 1994 plorans
3226 1944 3558 2002 sequeretur,
3588 1918 3923 1997 vestimentis

2339 2009 2522 2061 matris
2537 2009 2604 2062 ab
2625 2011 2788 2067 latere
2816 2013 3044 2083 haerens,
3080 2029 3132 2072 et
3153 2034 3211 2075 se
3247 2024 3463 2079 trahens
3484 2026 3601 2095 post
3623 2028 3766 2084 illam
3799 2048 3919 2086 eum

2338 2096 2814 2157 lamentationibus.
2838 2104 3124 2175 Propterea
3142 2113 3351 2166 exsulto
3372 2124 3423 2169 et
3444 2120 3615 2187 gestio
3640 2136 3749 2189 pra:
3772 2123 3921 2176 volu-

2340 2197 2499 2255 ptate,
2528 2190 2843 2263 beatumque
2868 2212 2954 2252 me
2983 2213 3102 2254 esse
3131 2203 3362 2269 prmdico
3380 2206 3523 2261 inter
3549 2218 3626 2263 tot
3652 2222 3920 2268 amatores

2337 2279 2677 2347 eoneionans,
2718 2300 2811 2339 vos
2843 2286 2920 2340 sic
2951 2290 3245 2357 pendentes
3271 2292 3473 2352 habens
3499 2314 3530 2353 e
3562 2299 3735 2370 lingua
3776 2320 3915 2357 mea.

2337 2366 2447 2422 Hoc
2476 2372 2604 2425 mihi
2632 2373 2779 2429 radio
2816 2378 2975 2433 solari
3008 2381 3215 2437 dulcius
3242 2393 3323 2439 est
3343 2428 3356 2451 ,
3388 2387 3491 2443 hoc
3531 2391 3649 2446 luce
3668 2396 3916 2461 suavius;

2337 2459 2437 2515 hoc
2456 2463 2555 2516 vita
2569 2477 2713 2522 certe
2730 2477 2831 2535 est,
2854 2479 2957 2524 tam
2979 2483 3160 2542 gratos
3179 2476 3373 2534 habere
3389 2481 3680 2549 auditores,
3699 2488 3788 2556 qui
3814 2504 3916 2543 non

2334 2552 2495 2607 modo
2519 2556 2790 2626 plaudere,
2811 2562 2901 2615 sed
2926 2565 3086 2619 etiam
3109 2569 3302 2639 corrigi
3332 2573 3532 2640 volunt,
3552 2578 3639 2642 qui
3662 2579 3916 2649 inerepati

2336 2658 2439 2697 non
2470 2648 2732 2713 resiliunt,
2756 2650 2849 2705 sed
2870 2653 2939 2725 ad
2962 2654 3325 2727 increpantem
3349 2663 3676 2735 confugiunt.
3702 2648 3829 2727 ideo
3868 2686 3922 2729 ct

2335 2752 2434 2808 ego
2458 2756 2576 2794 cum
2610 2744 2798 2813 majori
2844 2747 3119 2807 alacritate
3162 2770 3255 2808 vos
3281 2757 3649 2829 alloquuturus
3680 2782 3797 2821 sum
3822 2812 3835 2835 ,
3867 2781 3921 2826 et

2337 2846 2505 2900 nuper
2528 2834 2788 2892 dictorum
2817 2841 3065 2911 reliquias
3092 2847 3397 2905 redditurus
3430 2852 3622 2921 hodie;
3672 2860 3919 2931 increpa-

2336 2922 2479 2977 tione
2500 2940 2640 2981 nuuc
2656 2929 2892 2995 dimissa,
2905 2950 2970 2988 ne
2981 2951 3162 2992 rursus
3180 2939 3396 3009 ignavos
3419 2945 3707 3004 incusando
3720 2956 3923 3008 studie-

2337 3014 2412 3068 sis
2428 3015 2676 3072 damnum
2697 3020 2977 3079 aderamus
2998 3068 3013 3092 ,
3047 3027 3171 3082 dum
3196 3040 3362 3087 totum
3384 3034 3707 3107 colloquium
3730 3046 3796 3097 ad
3830 3062 3922 3101 eos

2337 3110 3004 3177 arguendosinsumcmus.
3036 3118 3254 3176 Etiamsi
3274 3126 3415 3179 enim
3437 3130 3617 3185 nihila
3651 3135 3805 3188 nobis
3836 3139 3920 3191 di-

2338 3212 2569 3267 ceretur,
2601 3204 2651 3257 id
2680 3206 2821 3274 quod
2860 3209 2974 3265 heri
3003 3214 3226 3284 contigit
3270 3220 3401 3272 satis
3444 3232 3587 3277 esset
3614 3225 3679 3279 ad
3708 3242 3804 3281 eos
3831 3232 3919 3299 qui

2338 3307 2460 3362 erga
2490 3294 2897 3363 hippodromum
2926 3302 3135 3360 fuerunt
3161 3317 3213 3361 et
3242 3310 3386 3365 rabie
3411 3312 3698 3383 ducuntur,
3726 3320 3796 3373 ah
3826 3294 3923 3379 hac

2339 3383 2707 3455 intempestiva
2737 3396 3169 3462 concupiscentia
3199 3404 3543 3459 avertendos.
3574 3408 3785 3464 Etenim
3818 3428 3924 3467 ca:-

2342 3476 2438 3531 des
2468 3476 2518 3531 in
2552 3479 2903 3549 hippodromo
2930 3486 3043 3541 heri
3076 3502 3278 3558 patrata
3316 3494 3415 3565 (a).
3445 3500 3696 3569 tragoedia
3734 3506 3919 3561 urbem

2338 3576 2500 3622 totam
2534 3572 2789 3642 implevit,
2824 3578 3107 3634 mulierum
3140 3584 3334 3639 choro<
3365 3590 3810 3661 circumattraxit,
3847 3599 3923 3651 fo-

2339 3675 2453 3713 rum
2485 3664 2728 3718 lamentis
2755 3668 2932 3723 multis
2960 3672 3216 3740 replevit,
3242 3677 3367 3731 dum
3395 3680 3440 3733 is
3464 3684 3553 3750 qui
3598 3698 3625 3737 a
3673 3690 3922 3745 curribus

2338 3751 2407 3804 ita
2436 3753 3071 3816 miserabiliterconcisus
3098 3775 3149 3818 et
3178 3765 3450 3836 disceptns
3481 3770 3673 3839 fuerat,
3696 3792 3792 3845 per
3810 3796 3923 3835 me-

2336 3841 2479 3895 dium
2524 3845 2770 3913 populum
2808 3860 3124 3917 gestarctur.
3147 3854 3241 3910 llic
3270 3868 3323 3911 ut
3356 3861 3493 3926 novi,
3529 3865 3616 3931 qui
3665 3841 3923 3935 postridie

2336 3934 2599 4002 nuptiales
2646 3937 2916 4008 lampadas
2965 3958 3290 4002 accensuros
3338 3962 3473 4019 erat,
3510 3969 3629 4009 cum
3677 3965 3921 4028 apparati

2338 4025 2554 4080 thalami
2587 4041 2785 4095 essent,
2820 4042 2869 4086 et
2902 4034 3079 4090 omnia
3111 4038 3174 4090 ad
3210 4041 3425 4109 nuptias
3448 4049 3787 4113 concinnata,
3823 4057 3924 4109 sub

2338 4116 2587 4175 Praetoris
2612 4124 2817 4189 ordine,
2847 4128 2899 4179 in
2930 4129 3107 4184 stadio
3146 4130 3320 4187 locum
3355 4137 3578 4205 habens,
3622 4157 3741 4196 cum
3778 4146 3918 4201 infra

2337 4223 2595 4277 curreret,
2623 4214 2939 4272 instantibus
2960 4221 3156 4291 aurigis
3180 4233 3231 4277 et
3260 4238 3441 4281 mutuo
3467 4239 3919 4307 concertantibus,

2340 4303 2545 4357 medius
2576 4305 2936 4376 interceptus,
2970 4313 3255 4368 violentam
3291 4318 3433 4372 illam
3479 4332 3532 4376 et
3563 4325 3919 4383 miserabilem

2340 4405 2564 4448 mortem
2598 4398 2776 4465 subiit,
2809 4401 2980 4469 capite
3009 4414 3062 4457 et
3087 4410 3339 4462 extremis
3372 4413 3626 4470 membris
3644 4417 3916 4475 abscissis.

2409 4487 2461 4541 2.
2514 4489 2755 4547 Vidistiu’
2785 4496 3116 4567 hippodromi
3147 4500 3414 4560 fruetum?
3450 4508 3514 4561 Et
3534 4513 3657 4579 quid
3685 4515 3751 4568 ad
3780 4533 3879 4571 nos
3902 4560 3919 4583 ,

2340 4578 2584 4648 inquies,
2616 4586 2700 4653 qui
2733 4600 2942 4640 sursum
2973 4590 3259 4647 sedemus?
3288 4598 3363 4651 Ad
3395 4615 3487 4653 ros
3524 4605 3791 4660 maxime:
3819 4611 3916 4664 nisi

2336 4672 2478 4725 enim
2495 4689 2590 4728 vos
2605 4682 2955 4735 concurrendi
2971 4684 3198 4739 studium
3215 4693 3542 4761 excitat'etis,
3555 4696 3640 4749 illa
3662 4698 3794 4752 infra
3812 4718 3916 4755 non

2337 4766 2660 4822 cveniSsent.
2709 4772 2811 4824 Sed
2841 4789 2906 4827 ne
2936 4791 3121 4830 rursus
3150 4781 3510 4838 molestiorem
3553 4788 3770 4844 reddam
3801 4808 3917 4847 ser-

2337 4873 2547 4913 monem
2579 4872 2630 4914 et
2660 4865 2845 4919 vulnus
2876 4866 3119 4923 refricem
3153 4915 3165 4936 ,
3202 4872 3314 4927 lnec
3343 4888 3533 4933 vestra:
3573 4887 3918 4943 conscientia:

2338 4952 2646 5022 relinquens
2672 4996 2685 5020 ,
2720 4974 2888 5024 nuper
2914 4960 3177 5019 dirtorum
3210 4967 3459 5035 reliquias
3496 4972 3627 5029 dare
3656 4982 3912 5038 conabor.

2335 5042 2587 5108 Qumnam
2614 5062 2743 5116 ergo
2768 5065 2935 5118 nuper
2964 5052 3267 5110 dicebamus
3285 5058 3307 5109 ?
3327 5059 3617 5119 Nan-aliam
3647 5068 3915 5128 Christum

2338 5133 2736 5193 lanulamentum
2771 5145 2946 5196 vocari
2988 5146 3004 5214 (
3033 5148 3083 5199 1.
3110 5147 3229 5202 Cor.
3265 5152 3317 5205 3.
3354 5153 3409 5207 ll
3442 5156 3495 5223 ),
3529 5168 3582 5210 ut
3611 5162 3699 5229 qui
3733 5168 3913 5221 onmia

2338 5235 2512 5292 portet
2536 5268 2549 5293 ,
2575 5230 2834 5284 sustineat
2856 5244 3015 5302 atque
3039 5249 3209 5303 gestet
3235 5257 3246 5291 :
3273 5239 3373 5296 hoc
3396 5260 3536 5301 nunc
3563 5264 3625 5301 ex
3653 5252 3757 5305 alio
3788 5271 3916 5324 apo-

2336 5316 2526 5369 szolieo
2577 5318 2743 5373 dicto-
2770 5322 3140 5382 demonstrare
3188 5332 3350 5385 volo:
3386 5334 3471 5389 hic
3508 5340 3648 5391 enim
3690 5344 3778 5412 qui
3829 5348 3912 5400 illa

2334 5406 2486 5472 dixit,
2508 5408 2705 5462 dictum
2724 5414 2848 5466 illud
2882 5416 3239 5485 interpretans
3259 5427 3363 5482 ait:
3390 5426 3489 5492 Qui
3512 5445 3628 5483 cum
3657 5406 3721 5485 sii
3745 5437 3916 5504 splen-

2337 5498 2433 5553 dor
2470 5502 2647 5563 gloria:
2690 5516 2735 5558 et
2782 5510 2944 5572 ﬁgura
2990 5512 3286 5569 substantia:
3327 5520 3464 5590 ejus,
3499 5535 3706 5592 portans
3746 5534 3917 5584 omnia

2336 5590 2480 5645 verba
2509 5595 2707 5649 virtutis
2731 5615 2853 5661 suat,
2879 5618 2967 5669 per
2986 5605 3206 5673 sripsum
3229 5613 3577 5679 purgationem
3600 5617 3812 5686 faciens,
3832 5641 3913 5676 se-

2398 5703 2471 5784 (q)
2496 5703 2623 5768 largo
2644 5710 2788 5784 etiam
2808 5709 3052 5784 Dominira
3067 5719 3307 5784 paschalis
3327 5721 3514 5775 fuerant
3531 5726 3627 5777 ludi
3649 5732 3910 5784 circenses.

3074 5763 3082 5776 Ι
3121 5763 3128 5765 .
3161 5763 3307 5769 ν--ςςννν
3328 5763 3514 5775 ---ν-ι-σιι
3531 5763 3627 5777 qul
3649 5763 3763 5780 ιηιοι
3783 5763 3838 5782 ΙΙῧ
3859 5763 3910 5784 ’Νι

2339 5763 2693 5851 maxumumst
2718 5774 2863 5851 etiam
2888 5774 3179 5851 Aintiorheni
3211 5783 3467 5851 liticinum
3487 5802 3661 5851 magno
3686 5763 3913 5851 omni]?

2335 5828 2504 5939 31222:.
2522 5829 2723 5882 ί¹¹υ³ίν³η
2752 5835 2821 5885 ετ·
2843 5844 2873 5886 ι·
2901 5836 2947 5899 έν
3098 5828 3912 5917 wn.’tat:3131's:infestis:

2387 5904 2523 5937 anu.
