  <div class='ocr_page' id='page_1' title='image "/cluster/home/n/w/nwhite01/storage/ocr_20150623/63/pst.000004899563/426.png"; bbox 0 0 4124 6336; ppageno 0'>
   <div class='ocr_carea' id='block_1_1' title="bbox 295 327 401 384">
    <p class='ocr_par' dir='ltr' id='par_1_1' title="bbox 295 327 401 384">
     <span class='ocr_line' id='line_1_1' title="bbox 295 327 401 384; baseline -0.038 -1"><span class='ocrx_word' id='word_1_1' title='bbox 295 327 401 384; x_wconf 65' lang='lat' dir='ltr'><strong>filii</strong></span> 
     </span>
    </p>
   </div>
   <div class='ocr_carea' id='block_1_2' title="bbox 296 441 1885 518">
    <p class='ocr_par' dir='ltr' id='par_1_2' title="bbox 296 441 1885 518">
     <span class='ocr_line' id='line_1_2' title="bbox 296 441 1885 518; baseline -0.007 -13"><span class='ocrx_word' id='word_1_2' title='bbox 296 452 377 505; x_wconf 76' lang='lat' dir='ltr'><strong>det</strong></span> <span class='ocrx_word' id='word_1_3' title='bbox 402 450 454 502; x_wconf 85' lang='lat' dir='ltr'><strong>in</strong></span> <span class='ocrx_word' id='word_1_4' title='bbox 488 450 700 503; x_wconf 73' lang='lat' dir='ltr'><strong>deatera</strong></span> <span class='ocrx_word' id='word_1_5' title='bbox 734 446 1102 518; x_wconf 81' lang='lat' dir='ltr'><strong>magnitudinis</strong></span> <span class='ocrx_word' id='word_1_6' title='bbox 1143 446 1197 498; x_wconf 88' lang='lat' dir='ltr'><strong>in</strong></span> <span class='ocrx_word' id='word_1_7' title='bbox 1227 445 1439 500; x_wconf 62' lang='lat' dir='ltr'><strong>arcelsis</strong></span> <span class='ocrx_word' id='word_1_8' title='bbox 1468 444 1485 515; x_wconf 94' lang='lat'>(</span> <span class='ocrx_word' id='word_1_9' title='bbox 1515 441 1674 496; x_wconf 82' lang='lat' dir='ltr'><strong>Hebr.</strong></span> <span class='ocrx_word' id='word_1_10' title='bbox 1702 443 1755 497; x_wconf 88' lang='lat'><strong>1.</strong></span> <span class='ocrx_word' id='word_1_11' title='bbox 1785 441 1822 496; x_wconf 77' lang='lat'><strong>5</strong></span> <span class='ocrx_word' id='word_1_12' title='bbox 1846 442 1885 507; x_wconf 94' lang='lat'><strong>).</strong></span> 
     </span>
    </p>
   </div>
   <div class='ocr_carea' id='block_1_3' title="bbox 293 533 1890 607">
    <p class='ocr_par' dir='ltr' id='par_1_3' title="bbox 293 533 1890 607">
     <span class='ocr_line' id='line_1_3' title="bbox 293 533 1890 607; baseline -0.005 -14"><span class='ocrx_word' id='word_1_13' title='bbox 293 540 432 607; x_wconf 81' lang='lat' dir='ltr'><strong>Quid</strong></span> <span class='ocrx_word' id='word_1_14' title='bbox 464 549 551 595; x_wconf 85' lang='lat' dir='ltr'><strong>est</strong></span> <span class='ocrx_word' id='word_1_15' title='bbox 582 539 710 593; x_wconf 88' lang='lat' dir='ltr'><strong>illud</strong></span> <span class='ocrx_word' id='word_1_16' title='bbox 735 579 753 606; x_wconf 92' lang='lat'><strong>,</strong></span> <span class='ocrx_word' id='word_1_17' title='bbox 785 537 1045 592; x_wconf 76' lang='lat' dir='ltr'><strong>Portum?</strong></span> <span class='ocrx_word' id='word_1_18' title='bbox 1068 537 1315 606; x_wconf 80' lang='lat' dir='ltr'><strong>Regens,</strong></span> <span class='ocrx_word' id='word_1_19' title='bbox 1340 536 1655 605; x_wconf 74' lang='lat' dir='ltr'><strong>gubernans</strong></span> <span class='ocrx_word' id='word_1_20' title='bbox 1675 575 1691 601; x_wconf 95' lang='lat'><strong>,</strong></span> <span class='ocrx_word' id='word_1_21' title='bbox 1719 533 1890 587; x_wconf 88' lang='lat' dir='ltr'><strong>admi-</strong></span> 
     </span>
    </p>
   </div>
   <div class='ocr_carea' id='block_1_4' title="bbox 296 626 1889 701">
    <p class='ocr_par' dir='ltr' id='par_1_4' title="bbox 296 626 1889 701">
     <span class='ocr_line' id='line_1_4' title="bbox 296 626 1889 701; baseline -0.004 -15"><span class='ocrx_word' id='word_1_22' title='bbox 296 634 560 694; x_wconf 68' lang='lat' dir='ltr'><strong>nistrans,</strong></span> <span class='ocrx_word' id='word_1_23' title='bbox 605 632 898 701; x_wconf 73' lang='lat' dir='ltr'><strong>imperans,</strong></span> <span class='ocrx_word' id='word_1_24' title='bbox 940 632 1256 695; x_wconf 80' lang='lat' dir='ltr'><strong>continens,</strong></span> <span class='ocrx_word' id='word_1_25' title='bbox 1302 630 1539 699; x_wconf 68' lang='lat' dir='ltr'><strong>gestans.</strong></span> <span class='ocrx_word' id='word_1_26' title='bbox 1572 627 1687 681; x_wconf 86' lang='lat' dir='ltr'><strong>Non</strong></span> <span class='ocrx_word' id='word_1_27' title='bbox 1713 626 1889 682; x_wconf 84' lang='lat' dir='ltr'><strong>solum</strong></span> 
     </span>
    </p>
   </div>
   <div class='ocr_carea' id='block_1_5' title="bbox 292 720 1889 791">
    <p class='ocr_par' dir='ltr' id='par_1_5' title="bbox 292 720 1889 791">
     <span class='ocr_line' id='line_1_5' title="bbox 292 720 1889 791; baseline -0.002 -14"><span class='ocrx_word' id='word_1_28' title='bbox 292 726 439 779; x_wconf 80' lang='lat' dir='ltr'><strong>enim</strong></span> <span class='ocrx_word' id='word_1_29' title='bbox 453 741 518 779; x_wconf 90' lang='lat' dir='ltr'><strong>ex</strong></span> <span class='ocrx_word' id='word_1_30' title='bbox 535 740 641 778; x_wconf 88' lang='lat' dir='ltr'><strong>non</strong></span> <span class='ocrx_word' id='word_1_31' title='bbox 658 723 989 779; x_wconf 86' lang='lat' dir='ltr'><strong>exstantibus</strong></span> <span class='ocrx_word' id='word_1_32' title='bbox 1001 721 1179 776; x_wconf 94' lang='lat' dir='ltr'><strong>omnia</strong></span> <span class='ocrx_word' id='word_1_33' title='bbox 1193 722 1465 791; x_wconf 85' lang='lat' dir='ltr'><strong>produxit,</strong></span> <span class='ocrx_word' id='word_1_34' title='bbox 1486 722 1578 776; x_wconf 86' lang='lat' dir='ltr'><strong>sed</strong></span> <span class='ocrx_word' id='word_1_35' title='bbox 1598 720 1750 774; x_wconf 70' lang='lat' dir='ltr'><strong>lactis</strong></span> <span class='ocrx_word' id='word_1_36' title='bbox 1769 736 1889 790; x_wconf 86' lang='lat' dir='ltr'><strong>pro-</strong></span> 
     </span>
    </p>
   </div>
   <div class='ocr_carea' id='block_1_6' title="bbox 294 811 1890 885">
    <p class='ocr_par' dir='ltr' id='par_1_6' title="bbox 294 811 1890 885">
     <span class='ocr_line' id='line_1_6' title="bbox 294 811 1890 885; baseline -0.003 -15"><span class='ocrx_word' id='word_1_37' title='bbox 294 818 463 881; x_wconf 74' lang='lat' dir='ltr'><strong>videt,</strong></span> <span class='ocrx_word' id='word_1_38' title='bbox 490 826 549 871; x_wconf 90' lang='lat' dir='ltr'><strong>ut</strong></span> <span class='ocrx_word' id='word_1_39' title='bbox 574 816 735 871; x_wconf 82' lang='lat' dir='ltr'><strong>Pater</strong></span> <span class='ocrx_word' id='word_1_40' title='bbox 753 815 843 885; x_wconf 88' lang='lat' dir='ltr'><strong>qui</strong></span> <span class='ocrx_word' id='word_1_41' title='bbox 890 814 1036 869; x_wconf 88' lang='lat' dir='ltr'><strong>illum</strong></span> <span class='ocrx_word' id='word_1_42' title='bbox 1059 814 1260 883; x_wconf 76' lang='lat' dir='ltr'><strong>genuit.</strong></span> <span class='ocrx_word' id='word_1_43' title='bbox 1309 812 1433 867; x_wconf 88' lang='lat' dir='ltr'><strong>Ideo</strong></span> <span class='ocrx_word' id='word_1_44' title='bbox 1478 812 1579 867; x_wconf 92' lang='lat' dir='ltr'><strong>hoc</strong></span> <span class='ocrx_word' id='word_1_45' title='bbox 1605 811 1890 866; x_wconf 88' lang='lat' dir='ltr'><strong>declarans</strong></span> 
     </span>
    </p>
   </div>
   <div class='ocr_carea' id='block_1_7' title="bbox 291 906 1910 988">
    <p class='ocr_par' dir='ltr' id='par_1_7' title="bbox 291 906 1910 988">
     <span class='ocr_line' id='line_1_7' title="bbox 291 906 1910 988; baseline -0.004 -25"><span class='ocrx_word' id='word_1_46' title='bbox 291 910 505 964; x_wconf 89' lang='lat' dir='ltr'><strong>dicebat</strong></span> <span class='ocrx_word' id='word_1_47' title='bbox 529 926 543 964; x_wconf 87' lang='lat'><strong>:</strong></span> <span class='ocrx_word' id='word_1_48' title='bbox 565 907 721 964; x_wconf 83' lang='lat' dir='ltr'><strong>Pater</strong></span> <span class='ocrx_word' id='word_1_49' title='bbox 736 924 874 962; x_wconf 78' lang='lat' dir='ltr'><strong>mens</strong></span> <span class='ocrx_word' id='word_1_50' title='bbox 891 922 1046 977; x_wconf 68' lang='lat' dir='ltr'><strong>usque</strong></span> <span class='ocrx_word' id='word_1_51' title='bbox 1056 906 1207 961; x_wconf 69' lang='lat' dir='ltr'><strong>modo</strong></span> <span class='ocrx_word' id='word_1_52' title='bbox 1231 916 1491 976; x_wconf 83' lang='lat' dir='ltr'><strong>operatur,</strong></span> <span class='ocrx_word' id='word_1_53' title='bbox 1511 914 1557 959; x_wconf 87' lang='lat' dir='ltr'><strong>et</strong></span> <span class='ocrx_word' id='word_1_54' title='bbox 1585 922 1677 975; x_wconf 84' lang='lat' dir='ltr'><strong>ego</strong></span> <span class='ocrx_word' id='word_1_55' title='bbox 1705 919 1910 988; x_wconf 33' lang='lat' dir='ltr'><strong>operor.</strong></span> 
     </span>
    </p>
   </div>
   <div class='ocr_carea' id='block_1_8' title="bbox 292 998 1888 1076">
    <p class='ocr_par' dir='ltr' id='par_1_8' title="bbox 292 998 1888 1076">
     <span class='ocr_line' id='line_1_8' title="bbox 292 998 1888 1076; baseline -0.001 -21"><span class='ocrx_word' id='word_1_56' title='bbox 292 1003 479 1076; x_wconf 77' lang='lat' dir='ltr'><strong>(Joan.</strong></span> <span class='ocrx_word' id='word_1_57' title='bbox 514 1003 567 1059; x_wconf 80' lang='lat'><strong>5.</strong></span> <span class='ocrx_word' id='word_1_58' title='bbox 597 1003 710 1073; x_wconf 84' lang='lat'><strong>17).</strong></span> <span class='ocrx_word' id='word_1_59' title='bbox 740 1001 974 1072; x_wconf 80' lang='lat' dir='ltr'><strong>Ideoque</strong></span> <span class='ocrx_word' id='word_1_60' title='bbox 1000 1000 1169 1071; x_wconf 84' lang='lat' dir='ltr'><strong>magis</strong></span> <span class='ocrx_word' id='word_1_61' title='bbox 1193 999 1509 1070; x_wconf 76' lang='lat' dir='ltr'><strong>quzerehant</strong></span> <span class='ocrx_word' id='word_1_62' title='bbox 1548 1000 1695 1053; x_wconf 93' lang='lat' dir='ltr'><strong>illum</strong></span> <span class='ocrx_word' id='word_1_63' title='bbox 1717 998 1888 1053; x_wconf 59' lang='lat' dir='ltr'><strong>.Iudtei</strong></span> 
     </span>
    </p>
   </div>
   <div class='ocr_carea' id='block_1_9' title="bbox 293 1091 1886 1164">
    <p class='ocr_par' dir='ltr' id='par_1_9' title="bbox 293 1091 1886 1164">
     <span class='ocr_line' id='line_1_9' title="bbox 293 1091 1886 1164; baseline -0.001 -15"><span class='ocrx_word' id='word_1_64' title='bbox 293 1095 622 1162; x_wconf 67' lang='lat' dir='ltr'><strong>interficere,</strong></span> <span class='ocrx_word' id='word_1_65' title='bbox 654 1110 761 1150; x_wconf 93' lang='lat' dir='ltr'><strong>non</strong></span> <span class='ocrx_word' id='word_1_66' title='bbox 808 1094 980 1150; x_wconf 88' lang='lat' dir='ltr'><strong>solum</strong></span> <span class='ocrx_word' id='word_1_67' title='bbox 1011 1094 1134 1164; x_wconf 89' lang='lat' dir='ltr'><strong>quia</strong></span> <span class='ocrx_word' id='word_1_68' title='bbox 1164 1092 1413 1147; x_wconf 87' lang='lat' dir='ltr'><strong>solvebat</strong></span> <span class='ocrx_word' id='word_1_69' title='bbox 1436 1093 1740 1158; x_wconf 85' lang='lat' dir='ltr'><strong>sabbatum,</strong></span> <span class='ocrx_word' id='word_1_70' title='bbox 1790 1091 1886 1147; x_wconf 82' lang='lat' dir='ltr'><strong>sed</strong></span> 
     </span>
    </p>
   </div>
   <div class='ocr_carea' id='block_1_10' title="bbox 290 1176 1887 1259">
    <p class='ocr_par' dir='ltr' id='par_1_10' title="bbox 290 1176 1887 1259">
     <span class='ocr_line' id='line_1_10' title="bbox 290 1176 1887 1259; baseline -0.001 -18"><span class='ocrx_word' id='word_1_71' title='bbox 290 1189 454 1241; x_wconf 85' lang='lat' dir='ltr'><strong>etiam</strong></span> <span class='ocrx_word' id='word_1_72' title='bbox 476 1188 601 1259; x_wconf 88' lang='lat' dir='ltr'><strong>quia</strong></span> <span class='ocrx_word' id='word_1_73' title='bbox 637 1187 853 1243; x_wconf 78' lang='lat' dir='ltr'><strong>Patrem</strong></span> <span class='ocrx_word' id='word_1_74' title='bbox 884 1200 1041 1241; x_wconf 89' lang='lat' dir='ltr'><strong>suum</strong></span> <span class='ocrx_word' id='word_1_75' title='bbox 1078 1185 1291 1243; x_wconf 88' lang='lat' dir='ltr'><strong>dicebat</strong></span> <span class='ocrx_word' id='word_1_76' title='bbox 1319 1201 1440 1242; x_wconf 85' lang='lat' dir='ltr'><strong>esse</strong></span> <span class='ocrx_word' id='word_1_77' title='bbox 1465 1185 1634 1241; x_wconf 85' lang='lat' dir='ltr'><strong>Deum</strong></span> <span class='ocrx_word' id='word_1_78' title='bbox 1658 1176 1689 1253; x_wconf 19' lang='grc' dir='ltr'><strong>,Α</strong></span> <span class='ocrx_word' id='word_1_79' title='bbox 1708 1202 1887 1257; x_wconf 72' lang='lat' dir='ltr'><strong>arqua-</strong></span> 
     </span>
    </p>
   </div>
   <div class='ocr_carea' id='block_1_11' title="bbox 292 1279 881 1335">
    <p class='ocr_par' dir='ltr' id='par_1_11' title="bbox 292 1279 881 1335">
     <span class='ocr_line' id='line_1_11' title="bbox 292 1279 881 1335; baseline -0.002 -2"><span class='ocrx_word' id='word_1_80' title='bbox 292 1279 399 1335; x_wconf 84' lang='lat' dir='ltr'><strong>lem</strong></span> <span class='ocrx_word' id='word_1_81' title='bbox 428 1294 490 1335; x_wconf 86' lang='lat' dir='ltr'><strong>se</strong></span> <span class='ocrx_word' id='word_1_82' title='bbox 520 1279 720 1334; x_wconf 70' lang='lat' dir='ltr'><strong>facit-ns</strong></span> <span class='ocrx_word' id='word_1_83' title='bbox 750 1280 881 1334; x_wconf 88' lang='lat' dir='ltr'><strong>Deo.</strong></span> 
     </span>
    </p>
   </div>
   <div class='ocr_carea' id='block_1_12' title="bbox 365 1369 1888 1427">
    <p class='ocr_par' dir='ltr' id='par_1_12' title="bbox 365 1369 1888 1427">
     <span class='ocr_line' id='line_1_12' title="bbox 365 1369 1888 1427; baseline 0 -1"><span class='ocrx_word' id='word_1_84' title='bbox 365 1371 557 1426; x_wconf 80' lang='lat' dir='ltr'><strong>Contra</strong></span> <span class='ocrx_word' id='word_1_85' title='bbox 584 1372 799 1425; x_wconf 64' lang='lat' dir='ltr'><strong>rit-ianos</strong></span> <span class='ocrx_word' id='word_1_86' title='bbox 825 1382 873 1425; x_wconf 86' lang='lat' dir='ltr'><strong>et</strong></span> <span class='ocrx_word' id='word_1_87' title='bbox 901 1372 1188 1427; x_wconf 75' lang='lat' dir='ltr'><strong>Anomteos.</strong></span> <span class='ocrx_word' id='word_1_88' title='bbox 1209 1400 1255 1411; x_wconf 94' lang='lat'><strong>-</strong></span> <span class='ocrx_word' id='word_1_89' title='bbox 1272 1369 1375 1426; x_wconf 88' lang='lat' dir='ltr'><strong>Ubi</strong></span> <span class='ocrx_word' id='word_1_90' title='bbox 1402 1385 1543 1426; x_wconf 89' lang='lat' dir='ltr'><strong>nunc</strong></span> <span class='ocrx_word' id='word_1_91' title='bbox 1563 1381 1689 1425; x_wconf 86' lang='lat' dir='ltr'><strong>sunt</strong></span> <span class='ocrx_word' id='word_1_92' title='bbox 1715 1370 1888 1426; x_wconf 61' lang='lat' dir='ltr'><strong>hatre-</strong></span> 
     </span>
    </p>
   </div>
   <div class='ocr_carea' id='block_1_13' title="bbox 291 1463 1886 1533">
    <p class='ocr_par' dir='ltr' id='par_1_13' title="bbox 291 1463 1886 1533">
     <span class='ocr_line' id='line_1_13' title="bbox 291 1463 1886 1533; baseline 0.001 -16"><span class='ocrx_word' id='word_1_93' title='bbox 291 1464 384 1517; x_wconf 85' lang='lat' dir='ltr'><strong>tiei</strong></span> <span class='ocrx_word' id='word_1_94' title='bbox 424 1463 516 1533; x_wconf 88' lang='lat' dir='ltr'><strong>qui</strong></span> <span class='ocrx_word' id='word_1_95' title='bbox 537 1473 721 1518; x_wconf 87' lang='lat' dir='ltr'><strong>contra</strong></span> <span class='ocrx_word' id='word_1_96' title='bbox 740 1464 968 1519; x_wconf 90' lang='lat' dir='ltr'><strong>salutem</strong></span> <span class='ocrx_word' id='word_1_97' title='bbox 984 1479 1137 1518; x_wconf 84' lang='lat' dir='ltr'><strong>suam</strong></span> <span class='ocrx_word' id='word_1_98' title='bbox 1155 1465 1358 1518; x_wconf 87' lang='lat' dir='ltr'><strong>insania</strong></span> <span class='ocrx_word' id='word_1_99' title='bbox 1377 1463 1645 1519; x_wconf 89' lang='lat' dir='ltr'><strong>ducuntur</strong></span> <span class='ocrx_word' id='word_1_100' title='bbox 1657 1474 1712 1519; x_wconf 89' lang='lat' dir='ltr'><strong>et</strong></span> <span class='ocrx_word' id='word_1_101' title='bbox 1738 1465 1886 1519; x_wconf 91' lang='lat' dir='ltr'><strong>illum</strong></span> 
     </span>
    </p>
   </div>
   <div class='ocr_carea' id='block_1_14' title="bbox 289 1554 1890 1626">
    <p class='ocr_par' dir='ltr' id='par_1_14' title="bbox 289 1554 1890 1626">
     <span class='ocr_line' id='line_1_14' title="bbox 289 1554 1890 1626; baseline 0.005 -20"><span class='ocrx_word' id='word_1_102' title='bbox 289 1555 613 1610; x_wconf 83' lang='lat' dir='ltr'><strong>abscindunt</strong></span> <span class='ocrx_word' id='word_1_103' title='bbox 651 1555 719 1609; x_wconf 91' lang='lat' dir='ltr'><strong>ab</strong></span> <span class='ocrx_word' id='word_1_104' title='bbox 760 1555 1062 1626; x_wconf 66' lang='lat' dir='ltr'><strong>arqualitate</strong></span> <span class='ocrx_word' id='word_1_105' title='bbox 1100 1571 1223 1611; x_wconf 89' lang='lat' dir='ltr'><strong>cum</strong></span> <span class='ocrx_word' id='word_1_106' title='bbox 1276 1554 1433 1612; x_wconf 87' lang='lat' dir='ltr'><strong>Patre</strong></span> <span class='ocrx_word' id='word_1_107' title='bbox 1481 1558 1626 1612; x_wconf 75' lang='lat' dir='ltr'><strong>suo?</strong></span> <span class='ocrx_word' id='word_1_108' title='bbox 1657 1558 1890 1613; x_wconf 83' lang='lat' dir='ltr'><strong>Audiant</strong></span> 
     </span>
    </p>
   </div>
   <div class='ocr_carea' id='block_1_15' title="bbox 288 1646 1884 1719">
    <p class='ocr_par' dir='ltr' id='par_1_15' title="bbox 288 1646 1884 1719">
     <span class='ocr_line' id='line_1_15' title="bbox 288 1646 1884 1719; baseline 0.004 -22"><span class='ocrx_word' id='word_1_109' title='bbox 288 1646 641 1716; x_wconf 71' lang='lat' dir='ltr'><strong>evangelista:</strong></span> <span class='ocrx_word' id='word_1_110' title='bbox 685 1661 869 1703; x_wconf 89' lang='lat' dir='ltr'><strong>vocem</strong></span> <span class='ocrx_word' id='word_1_111' title='bbox 898 1646 918 1716; x_wconf 89' lang='lat'><strong>(</strong></span> <span class='ocrx_word' id='word_1_112' title='bbox 947 1662 1067 1701; x_wconf 89' lang='lat' dir='ltr'><strong>cum</strong></span> <span class='ocrx_word' id='word_1_113' title='bbox 1114 1657 1293 1702; x_wconf 89' lang='lat' dir='ltr'><strong>autem</strong></span> <span class='ocrx_word' id='word_1_114' title='bbox 1331 1647 1715 1719; x_wconf 85' lang='lat' dir='ltr'><strong>evangelistam</strong></span> <span class='ocrx_word' id='word_1_115' title='bbox 1743 1650 1884 1714; x_wconf 86' lang='lat' dir='ltr'><strong>dico,</strong></span> 
     </span>
    </p>
   </div>
   <div class='ocr_carea' id='block_1_16' title="bbox 290 1737 1891 1811">
    <p class='ocr_par' dir='ltr' id='par_1_16' title="bbox 290 1737 1891 1811">
     <span class='ocr_line' id='line_1_16' title="bbox 290 1737 1891 1811; baseline 0.003 -20"><span class='ocrx_word' id='word_1_116' title='bbox 290 1737 566 1791; x_wconf 79' lang='lat' dir='ltr'><strong>Christum</strong></span> <span class='ocrx_word' id='word_1_117' title='bbox 591 1737 713 1792; x_wconf 85' lang='lat' dir='ltr'><strong>dico</strong></span> <span class='ocrx_word' id='word_1_118' title='bbox 745 1738 835 1807; x_wconf 88' lang='lat' dir='ltr'><strong>qui</strong></span> <span class='ocrx_word' id='word_1_119' title='bbox 885 1737 1027 1793; x_wconf 90' lang='lat' dir='ltr'><strong>illius</strong></span> <span class='ocrx_word' id='word_1_120' title='bbox 1064 1739 1297 1793; x_wconf 87' lang='lat' dir='ltr'><strong>animam</strong></span> <span class='ocrx_word' id='word_1_121' title='bbox 1324 1738 1798 1811; x_wconf 87' lang='lat' dir='ltr'><strong>movet):audiant</strong></span> <span class='ocrx_word' id='word_1_122' title='bbox 1835 1751 1891 1796; x_wconf 91' lang='lat' dir='ltr'><strong>et</strong></span> 
     </span>
    </p>
   </div>
   <div class='ocr_carea' id='block_1_17' title="bbox 290 1828 1888 1893">
    <p class='ocr_par' dir='ltr' id='par_1_17' title="bbox 290 1828 1888 1893">
     <span class='ocr_line' id='line_1_17' title="bbox 290 1828 1888 1893; baseline 0 -9"><span class='ocrx_word' id='word_1_123' title='bbox 290 1829 695 1893; x_wconf 83' lang='lat' dir='ltr'><strong>cruhescant,et</strong></span> <span class='ocrx_word' id='word_1_124' title='bbox 709 1830 781 1884; x_wconf 91' lang='lat' dir='ltr'><strong>ita</strong></span> <span class='ocrx_word' id='word_1_125' title='bbox 800 1829 1004 1885; x_wconf 89' lang='lat' dir='ltr'><strong>lurendi</strong></span> <span class='ocrx_word' id='word_1_126' title='bbox 1026 1828 1183 1885; x_wconf 82' lang='lat' dir='ltr'><strong>linem</strong></span> <span class='ocrx_word' id='word_1_127' title='bbox 1200 1829 1414 1888; x_wconf 78' lang='lat' dir='ltr'><strong>iaciant.</strong></span> <span class='ocrx_word' id='word_1_128' title='bbox 1434 1830 1562 1888; x_wconf 87' lang='lat' dir='ltr'><strong>Nam</strong></span> <span class='ocrx_word' id='word_1_129' title='bbox 1580 1830 1748 1889; x_wconf 78' lang='lat' dir='ltr'><strong>Judaei</strong></span> <span class='ocrx_word' id='word_1_130' title='bbox 1770 1832 1888 1886; x_wconf 88' lang='lat' dir='ltr'><strong>ideo</strong></span> 
     </span>
    </p>
   </div>
   <div class='ocr_carea' id='block_1_18' title="bbox 290 1920 1887 1993">
    <p class='ocr_par' dir='ltr' id='par_1_18' title="bbox 290 1920 1887 1993">
     <span class='ocr_line' id='line_1_18' title="bbox 290 1920 1887 1993; baseline 0.004 -18"><span class='ocrx_word' id='word_1_131' title='bbox 290 1920 468 1991; x_wconf 73' lang='lat' dir='ltr'><strong>ipsum</strong></span> <span class='ocrx_word' id='word_1_132' title='bbox 499 1921 981 1992; x_wconf 87' lang='lat' dir='ltr'><strong>persequebantur,</strong></span> <span class='ocrx_word' id='word_1_133' title='bbox 1000 1922 1122 1992; x_wconf 85' lang='lat' dir='ltr'><strong>quia</strong></span> <span class='ocrx_word' id='word_1_134' title='bbox 1154 1937 1337 1993; x_wconf 85' lang='lat' dir='ltr'><strong>parem</strong></span> <span class='ocrx_word' id='word_1_135' title='bbox 1366 1938 1427 1979; x_wconf 86' lang='lat' dir='ltr'><strong>se</strong></span> <span class='ocrx_word' id='word_1_136' title='bbox 1456 1924 1669 1981; x_wconf 81' lang='lat' dir='ltr'><strong>dixerat</strong></span> <span class='ocrx_word' id='word_1_137' title='bbox 1701 1943 1715 1980; x_wconf 90' lang='lat'><strong>:</strong></span> <span class='ocrx_word' id='word_1_138' title='bbox 1747 1939 1802 1982; x_wconf 89' lang='lat' dir='ltr'><strong>et</strong></span> <span class='ocrx_word' id='word_1_139' title='bbox 1832 1925 1887 1982; x_wconf 88' lang='lat' dir='ltr'><strong>lti</strong></span> 
     </span>
    </p>
   </div>
   <div class='ocr_carea' id='block_1_19' title="bbox 290 2012 1888 2085">
    <p class='ocr_par' dir='ltr' id='par_1_19' title="bbox 290 2012 1888 2085">
     <span class='ocr_line' id='line_1_19' title="bbox 290 2012 1888 2085; baseline 0.006 -19"><span class='ocrx_word' id='word_1_140' title='bbox 290 2012 414 2066; x_wconf 87' lang='lat' dir='ltr'><strong>ideo</strong></span> <span class='ocrx_word' id='word_1_141' title='bbox 442 2028 504 2067; x_wconf 83' lang='lat' dir='ltr'><strong>se</strong></span> <span class='ocrx_word' id='word_1_142' title='bbox 520 2013 673 2082; x_wconf 86' lang='lat' dir='ltr'><strong>quasi</strong></span> <span class='ocrx_word' id='word_1_143' title='bbox 690 2014 1043 2083; x_wconf 87' lang='lat' dir='ltr'><strong>strangulant,</strong></span> <span class='ocrx_word' id='word_1_144' title='bbox 1066 2014 1187 2085; x_wconf 83' lang='lat' dir='ltr'><strong>quia</strong></span> <span class='ocrx_word' id='word_1_145' title='bbox 1218 2014 1287 2070; x_wconf 89' lang='lat' dir='ltr'><strong>ab</strong></span> <span class='ocrx_word' id='word_1_146' title='bbox 1311 2031 1377 2071; x_wconf 91' lang='lat' dir='ltr'><strong>eo</strong></span> <span class='ocrx_word' id='word_1_147' title='bbox 1400 2027 1544 2073; x_wconf 90' lang='lat' dir='ltr'><strong>recte</strong></span> <span class='ocrx_word' id='word_1_148' title='bbox 1566 2017 1765 2073; x_wconf 86' lang='lat' dir='ltr'><strong>dictum</strong></span> <span class='ocrx_word' id='word_1_149' title='bbox 1797 2035 1888 2075; x_wconf 86' lang='lat' dir='ltr'><strong>re-</strong></span> 
     </span>
    </p>
   </div>
   <div class='ocr_carea' id='block_1_20' title="bbox 291 2103 1889 2182">
    <p class='ocr_par' dir='ltr' id='par_1_20' title="bbox 291 2103 1889 2182">
     <span class='ocr_line' id='line_1_20' title="bbox 291 2103 1889 2182; baseline 0.008 -27"><span class='ocrx_word' id='word_1_150' title='bbox 291 2103 625 2167; x_wconf 79' lang='lat' dir='ltr'><strong>lerimus,ab</strong></span> <span class='ocrx_word' id='word_1_151' title='bbox 655 2105 769 2173; x_wconf 89' lang='lat' dir='ltr'><strong>ipso</strong></span> <span class='ocrx_word' id='word_1_152' title='bbox 795 2104 1013 2160; x_wconf 84' lang='lat' dir='ltr'><strong>eruditi.</strong></span> <span class='ocrx_word' id='word_1_153' title='bbox 1043 2106 1114 2160; x_wconf 85' lang='lat' dir='ltr'><strong>At</strong></span> <span class='ocrx_word' id='word_1_154' title='bbox 1142 2120 1248 2161; x_wconf 92' lang='lat' dir='ltr'><strong>non</strong></span> <span class='ocrx_word' id='word_1_155' title='bbox 1272 2106 1417 2162; x_wconf 88' lang='lat' dir='ltr'><strong>illius</strong></span> <span class='ocrx_word' id='word_1_156' title='bbox 1436 2148 1452 2174; x_wconf 92' lang='lat'><strong>,</strong></span> <span class='ocrx_word' id='word_1_157' title='bbox 1476 2108 1684 2178; x_wconf 89' lang='lat' dir='ltr'><strong>inquit,</strong></span> <span class='ocrx_word' id='word_1_158' title='bbox 1714 2126 1889 2182; x_wconf 83' lang='lat' dir='ltr'><strong>neque</strong></span> 
     </span>
    </p>
   </div>
   <div class='ocr_carea' id='block_1_21' title="bbox 286 2194 1889 2265">
    <p class='ocr_par' dir='ltr' id='par_1_21' title="bbox 286 2194 1889 2265">
     <span class='ocr_line' id='line_1_21' title="bbox 286 2194 1889 2265; baseline 0.007 -16"><span class='ocrx_word' id='word_1_159' title='bbox 286 2194 639 2265; x_wconf 73' lang='lat' dir='ltr'><strong>evangelista:</strong></span> <span class='ocrx_word' id='word_1_160' title='bbox 665 2205 782 2251; x_wconf 88' lang='lat' dir='ltr'><strong>crat</strong></span> <span class='ocrx_word' id='word_1_161' title='bbox 812 2195 927 2251; x_wconf 78' lang='lat' dir='ltr'><strong>[nec</strong></span> <span class='ocrx_word' id='word_1_162' title='bbox 954 2199 1243 2265; x_wconf 78' lang='lat' dir='ltr'><strong>sententia,</strong></span> <span class='ocrx_word' id='word_1_163' title='bbox 1262 2199 1356 2254; x_wconf 83' lang='lat' dir='ltr'><strong>sed</strong></span> <span class='ocrx_word' id='word_1_164' title='bbox 1381 2198 1711 2257; x_wconf 65' lang='lat' dir='ltr'><strong>Juda‘orum.</strong></span> <span class='ocrx_word' id='word_1_165' title='bbox 1748 2202 1813 2257; x_wconf 88' lang='lat' dir='ltr'><strong>Et</strong></span> <span class='ocrx_word' id='word_1_166' title='bbox 1841 2204 1889 2260; x_wconf 84' lang='lat' dir='ltr'><strong>si</strong></span> 
     </span>
    </p>
   </div>
   <div class='ocr_carea' id='block_1_22' title="bbox 290 2287 1887 2364">
    <p class='ocr_par' dir='ltr' id='par_1_22' title="bbox 290 2287 1887 2364">
     <span class='ocr_line' id='line_1_22' title="bbox 290 2287 1887 2364; baseline 0.006 -24"><span class='ocrx_word' id='word_1_167' title='bbox 290 2288 373 2341; x_wconf 84' lang='lat' dir='ltr'><strong>vel</strong></span> <span class='ocrx_word' id='word_1_168' title='bbox 416 2288 651 2342; x_wconf 83' lang='lat' dir='ltr'><strong>maxime</strong></span> <span class='ocrx_word' id='word_1_169' title='bbox 695 2287 1002 2343; x_wconf 74' lang='lat' dir='ltr'><strong>Judreorum</strong></span> <span class='ocrx_word' id='word_1_170' title='bbox 1041 2298 1194 2355; x_wconf 89' lang='lat' dir='ltr'><strong>erat,</strong></span> <span class='ocrx_word' id='word_1_171' title='bbox 1249 2289 1354 2346; x_wconf 86' lang='lat' dir='ltr'><strong>boo</strong></span> <span class='ocrx_word' id='word_1_172' title='bbox 1392 2307 1640 2364; x_wconf 84' lang='lat' dir='ltr'><strong>magnum</strong></span> <span class='ocrx_word' id='word_1_173' title='bbox 1681 2296 1887 2351; x_wconf 89' lang='lat' dir='ltr'><strong>crimen</strong></span> 
     </span>
    </p>
   </div>
   <div class='ocr_carea' id='block_1_23' title="bbox 293 2378 1887 2457">
    <p class='ocr_par' dir='ltr' id='par_1_23' title="bbox 293 2378 1887 2457">
     <span class='ocr_line' id='line_1_23' title="bbox 293 2378 1887 2457; baseline 0.006 -26"><span class='ocrx_word' id='word_1_174' title='bbox 293 2388 443 2432; x_wconf 88' lang='lat' dir='ltr'><strong>tuum</strong></span> <span class='ocrx_word' id='word_1_175' title='bbox 474 2388 558 2433; x_wconf 82' lang='lat' dir='ltr'><strong>est.</strong></span> <span class='ocrx_word' id='word_1_176' title='bbox 583 2388 637 2434; x_wconf 86' lang='lat' dir='ltr'><strong>et</strong></span> <span class='ocrx_word' id='word_1_177' title='bbox 662 2378 732 2433; x_wconf 91' lang='lat' dir='ltr'><strong>de</strong></span> <span class='ocrx_word' id='word_1_178' title='bbox 760 2382 1018 2436; x_wconf 87' lang='lat' dir='ltr'><strong>extremis</strong></span> <span class='ocrx_word' id='word_1_179' title='bbox 1046 2383 1316 2438; x_wconf 86' lang='lat' dir='ltr'><strong>accusatio</strong></span> <span class='ocrx_word' id='word_1_180' title='bbox 1336 2422 1353 2448; x_wconf 83' lang='lat'><strong><em>.</em></strong></span> <span class='ocrx_word' id='word_1_181' title='bbox 1378 2384 1523 2455; x_wconf 85' lang='lat' dir='ltr'><strong>quod</strong></span> <span class='ocrx_word' id='word_1_182' title='bbox 1553 2399 1617 2441; x_wconf 89' lang='lat' dir='ltr'><strong>ea</strong></span> <span class='ocrx_word' id='word_1_183' title='bbox 1645 2402 1765 2457; x_wconf 70' lang='lat' dir='ltr'><strong>qttze</strong></span> <span class='ocrx_word' id='word_1_184' title='bbox 1792 2387 1887 2443; x_wconf 81' lang='lat' dir='ltr'><strong>Ju-</strong></span> 
     </span>
    </p>
   </div>
   <div class='ocr_carea' id='block_1_24' title="bbox 292 2470 1889 2549">
    <p class='ocr_par' dir='ltr' id='par_1_24' title="bbox 292 2470 1889 2549">
     <span class='ocr_line' id='line_1_24' title="bbox 292 2470 1889 2549; baseline 0.008 -27"><span class='ocrx_word' id='word_1_185' title='bbox 292 2470 391 2524; x_wconf 79' lang='lat' dir='ltr'><strong>da-i</strong></span> <span class='ocrx_word' id='word_1_186' title='bbox 409 2472 601 2539; x_wconf 81' lang='lat' dir='ltr'><strong>ingrati</strong></span> <span class='ocrx_word' id='word_1_187' title='bbox 628 2470 878 2526; x_wconf 75' lang='lat' dir='ltr'><strong>videbant</strong></span> <span class='ocrx_word' id='word_1_188' title='bbox 907 2486 974 2528; x_wconf 86' lang='lat' dir='ltr'><strong>ex</strong></span> <span class='ocrx_word' id='word_1_189' title='bbox 991 2473 1169 2529; x_wconf 86' lang='lat' dir='ltr'><strong>verbis</strong></span> <span class='ocrx_word' id='word_1_190' title='bbox 1182 2474 1299 2544; x_wconf 89' lang='lat' dir='ltr'><strong>ejus</strong></span> <span class='ocrx_word' id='word_1_191' title='bbox 1325 2477 1603 2547; x_wconf 83' lang='lat' dir='ltr'><strong>consequi,</strong></span> <span class='ocrx_word' id='word_1_192' title='bbox 1626 2489 1678 2532; x_wconf 90' lang='lat' dir='ltr'><strong>tu</strong></span> <span class='ocrx_word' id='word_1_193' title='bbox 1694 2490 1889 2549; x_wconf 90' lang='lat' dir='ltr'><strong>sponte</strong></span> 
     </span>
    </p>
   </div>
   <div class='ocr_carea' id='block_1_25' title="bbox 294 2563 1887 2638">
    <p class='ocr_par' dir='ltr' id='par_1_25' title="bbox 294 2563 1887 2638">
     <span class='ocr_line' id='line_1_25' title="bbox 294 2563 1887 2638; baseline 0.006 -22"><span class='ocrx_word' id='word_1_194' title='bbox 294 2572 378 2617; x_wconf 83' lang='lat' dir='ltr'><strong>tua</strong></span> <span class='ocrx_word' id='word_1_195' title='bbox 400 2577 580 2617; x_wconf 73' lang='lat' dir='ltr'><strong>czcens</strong></span> <span class='ocrx_word' id='word_1_196' title='bbox 610 2579 715 2617; x_wconf 85' lang='lat' dir='ltr'><strong>non</strong></span> <span class='ocrx_word' id='word_1_197' title='bbox 746 2564 913 2619; x_wconf 81' lang='lat' dir='ltr'><strong>vides.</strong></span> <span class='ocrx_word' id='word_1_198' title='bbox 932 2563 1048 2619; x_wconf 87' lang='lat' dir='ltr'><strong>Non</strong></span> <span class='ocrx_word' id='word_1_199' title='bbox 1081 2566 1223 2620; x_wconf 89' lang='lat' dir='ltr'><strong>enim</strong></span> <span class='ocrx_word' id='word_1_200' title='bbox 1250 2582 1317 2621; x_wconf 85' lang='lat' dir='ltr'><strong>ex</strong></span> <span class='ocrx_word' id='word_1_201' title='bbox 1346 2582 1405 2622; x_wconf 86' lang='lat' dir='ltr'><strong>se</strong></span> <span class='ocrx_word' id='word_1_202' title='bbox 1436 2567 1521 2621; x_wconf 89' lang='lat' dir='ltr'><strong>illa</strong></span> <span class='ocrx_word' id='word_1_203' title='bbox 1540 2568 1887 2638; x_wconf 83' lang='lat' dir='ltr'><strong>inducebant,</strong></span> 
     </span>
    </p>
   </div>
   <div class='ocr_carea' id='block_1_26' title="bbox 292 2654 1891 2732">
    <p class='ocr_par' dir='ltr' id='par_1_26' title="bbox 292 2654 1891 2732">
     <span class='ocr_line' id='line_1_26' title="bbox 292 2654 1891 2732; baseline 0.008 -26"><span class='ocrx_word' id='word_1_204' title='bbox 292 2654 385 2707; x_wconf 81' lang='lat' dir='ltr'><strong>sed</strong></span> <span class='ocrx_word' id='word_1_205' title='bbox 416 2669 484 2707; x_wconf 83' lang='lat' dir='ltr'><strong>ex</strong></span> <span class='ocrx_word' id='word_1_206' title='bbox 516 2654 580 2707; x_wconf 86' lang='lat' dir='ltr'><strong>iis</strong></span> <span class='ocrx_word' id='word_1_207' title='bbox 625 2670 743 2723; x_wconf 76' lang='lat' dir='ltr'><strong>qua:</strong></span> <span class='ocrx_word' id='word_1_208' title='bbox 784 2654 1033 2709; x_wconf 86' lang='lat' dir='ltr'><strong>Christus</strong></span> <span class='ocrx_word' id='word_1_209' title='bbox 1062 2654 1277 2711; x_wconf 85' lang='lat' dir='ltr'><strong>dicebat</strong></span> <span class='ocrx_word' id='word_1_210' title='bbox 1323 2658 1659 2728; x_wconf 71' lang='lat' dir='ltr'><strong>colligentes.</strong></span> <span class='ocrx_word' id='word_1_211' title='bbox 1714 2662 1891 2732; x_wconf 82' lang='lat' dir='ltr'><strong>Atque</strong></span> 
     </span>
    </p>
   </div>
   <div class='ocr_carea' id='block_1_27' title="bbox 295 2748 1889 2821">
    <p class='ocr_par' dir='ltr' id='par_1_27' title="bbox 295 2748 1889 2821">
     <span class='ocr_line' id='line_1_27' title="bbox 295 2748 1889 2821; baseline 0.006 -20"><span class='ocrx_word' id='word_1_212' title='bbox 295 2760 347 2802; x_wconf 93' lang='lat' dir='ltr'><strong>ut</strong></span> <span class='ocrx_word' id='word_1_213' title='bbox 372 2750 550 2803; x_wconf 88' lang='lat' dir='ltr'><strong>discas</strong></span> <span class='ocrx_word' id='word_1_214' title='bbox 578 2748 678 2802; x_wconf 89' lang='lat' dir='ltr'><strong>hoc</strong></span> <span class='ocrx_word' id='word_1_215' title='bbox 707 2748 909 2802; x_wconf 87' lang='lat' dir='ltr'><strong>dictum</strong></span> <span class='ocrx_word' id='word_1_216' title='bbox 942 2765 1009 2805; x_wconf 90' lang='lat' dir='ltr'><strong>ne</strong></span> <span class='ocrx_word' id='word_1_217' title='bbox 1034 2764 1157 2805; x_wconf 89' lang='lat' dir='ltr'><strong>esse</strong></span> <span class='ocrx_word' id='word_1_218' title='bbox 1183 2750 1401 2821; x_wconf 82' lang='lat' dir='ltr'><strong>quidem</strong></span> <span class='ocrx_word' id='word_1_219' title='bbox 1430 2751 1760 2819; x_wconf 68' lang='lat' dir='ltr'><strong>Judaeorum,</strong></span> <span class='ocrx_word' id='word_1_220' title='bbox 1792 2756 1889 2811; x_wconf 85' lang='lat' dir='ltr'><strong>sed</strong></span> 
     </span>
    </p>
   </div>
   <div class='ocr_carea' id='block_1_28' title="bbox 291 2843 1889 2915">
    <p class='ocr_par' dir='ltr' id='par_1_28' title="bbox 291 2843 1889 2915">
     <span class='ocr_line' id='line_1_28' title="bbox 291 2843 1889 2915; baseline 0.005 -19"><span class='ocrx_word' id='word_1_221' title='bbox 291 2845 637 2913; x_wconf 65' lang='lat' dir='ltr'><strong>emulgelista:</strong></span> <span class='ocrx_word' id='word_1_222' title='bbox 689 2843 889 2897; x_wconf 77' lang='lat' dir='ltr'><strong>Chrisd</strong></span> <span class='ocrx_word' id='word_1_223' title='bbox 935 2859 1130 2914; x_wconf 89' lang='lat' dir='ltr'><strong>nempe</strong></span> <span class='ocrx_word' id='word_1_224' title='bbox 1159 2846 1248 2915; x_wconf 90' lang='lat' dir='ltr'><strong>qui</strong></span> <span class='ocrx_word' id='word_1_225' title='bbox 1280 2846 1396 2915; x_wconf 89' lang='lat' dir='ltr'><strong>ejus</strong></span> <span class='ocrx_word' id='word_1_226' title='bbox 1442 2858 1677 2902; x_wconf 84' lang='lat' dir='ltr'><strong>mentem</strong></span> <span class='ocrx_word' id='word_1_227' title='bbox 1708 2863 1889 2905; x_wconf 89' lang='lat' dir='ltr'><strong>move-</strong></span> 
     </span>
    </p>
   </div>
   <div class='ocr_carea' id='block_1_29' title="bbox 296 2933 1891 3002">
    <p class='ocr_par' dir='ltr' id='par_1_29' title="bbox 296 2933 1891 3002">
     <span class='ocr_line' id='line_1_29' title="bbox 296 2933 1891 3002; baseline 0.007 -16"><span class='ocrx_word' id='word_1_228' title='bbox 296 2934 405 2997; x_wconf 84' lang='lat' dir='ltr'><strong>hat,</strong></span> <span class='ocrx_word' id='word_1_229' title='bbox 453 2935 567 3002; x_wconf 87' lang='lat' dir='ltr'><strong>ipsa</strong></span> <span class='ocrx_word' id='word_1_230' title='bbox 601 2934 761 2987; x_wconf 87' lang='lat' dir='ltr'><strong>verba</strong></span> <span class='ocrx_word' id='word_1_231' title='bbox 790 2934 1035 2988; x_wconf 82' lang='lat' dir='ltr'><strong>examina</strong></span> <span class='ocrx_word' id='word_1_232' title='bbox 1069 2951 1083 2988; x_wconf 91' lang='lat'><strong>:</strong></span> <span class='ocrx_word' id='word_1_233' title='bbox 1119 2933 1277 2989; x_wconf 85' lang='lat' dir='ltr'><strong>Pater</strong></span> <span class='ocrx_word' id='word_1_234' title='bbox 1303 2952 1461 2991; x_wconf 75' lang='lat' dir='ltr'><strong>meus.</strong></span> <span class='ocrx_word' id='word_1_235' title='bbox 1495 2940 1688 2993; x_wconf 76' lang='lat' dir='ltr'><strong>Annon</strong></span> <span class='ocrx_word' id='word_1_236' title='bbox 1719 2940 1891 2997; x_wconf 87' lang='lat' dir='ltr'><strong>cuivis</strong></span> 
     </span>
    </p>
   </div>
   <div class='ocr_carea' id='block_1_30' title="bbox 295 3026 1887 3100">
    <p class='ocr_par' dir='ltr' id='par_1_30' title="bbox 295 3026 1887 3100">
     <span class='ocr_line' id='line_1_30' title="bbox 295 3026 1887 3100; baseline 0.008 -23"><span class='ocrx_word' id='word_1_237' title='bbox 295 3028 479 3099; x_wconf 77' lang='lat' dir='ltr'><strong>palam</strong></span> <span class='ocrx_word' id='word_1_238' title='bbox 503 3036 605 3091; x_wconf 92' lang='lat' dir='ltr'><strong>est,</strong></span> <span class='ocrx_word' id='word_1_239' title='bbox 630 3027 790 3080; x_wconf 89' lang='lat' dir='ltr'><strong>etiam</strong></span> <span class='ocrx_word' id='word_1_240' title='bbox 813 3026 1102 3081; x_wconf 91' lang='lat' dir='ltr'><strong>admodmn</strong></span> <span class='ocrx_word' id='word_1_241' title='bbox 1130 3028 1337 3094; x_wconf 73' lang='lat' dir='ltr'><strong>insano,</strong></span> <span class='ocrx_word' id='word_1_242' title='bbox 1359 3030 1505 3083; x_wconf 90' lang='lat' dir='ltr'><strong>illum</strong></span> <span class='ocrx_word' id='word_1_243' title='bbox 1522 3030 1643 3085; x_wconf 92' lang='lat' dir='ltr'><strong>ideo</strong></span> <span class='ocrx_word' id='word_1_244' title='bbox 1663 3031 1887 3100; x_wconf 81' lang='lat' dir='ltr'><strong>dixisse,</strong></span> 
     </span>
    </p>
   </div>
   <div class='ocr_carea' id='block_1_31' title="bbox 299 3116 1888 3191">
    <p class='ocr_par' dir='ltr' id='par_1_31' title="bbox 299 3116 1888 3191">
     <span class='ocr_line' id='line_1_31' title="bbox 299 3116 1888 3191; baseline 0.007 -23"><span class='ocrx_word' id='word_1_245' title='bbox 299 3116 456 3170; x_wconf 79' lang='lat' dir='ltr'><strong>Pater</strong></span> <span class='ocrx_word' id='word_1_246' title='bbox 494 3133 670 3177; x_wconf 69' lang='lat' dir='ltr'><strong>meus.</strong></span> <span class='ocrx_word' id='word_1_247' title='bbox 726 3126 785 3170; x_wconf 90' lang='lat' dir='ltr'><strong>ut</strong></span> <span class='ocrx_word' id='word_1_248' title='bbox 838 3118 1113 3187; x_wconf 84' lang='lat' dir='ltr'><strong>proprium</strong></span> <span class='ocrx_word' id='word_1_249' title='bbox 1178 3119 1279 3173; x_wconf 91' lang='lat' dir='ltr'><strong>sibi</strong></span> <span class='ocrx_word' id='word_1_250' title='bbox 1340 3121 1682 3180; x_wconf 81' lang='lat' dir='ltr'><strong>declararet?</strong></span> <span class='ocrx_word' id='word_1_251' title='bbox 1735 3123 1888 3191; x_wconf 89' lang='lat' dir='ltr'><strong>Quod</strong></span> 
     </span>
    </p>
   </div>
   <div class='ocr_carea' id='block_1_32' title="bbox 293 3209 1887 3281">
    <p class='ocr_par' dir='ltr' id='par_1_32' title="bbox 293 3209 1887 3281">
     <span class='ocr_line' id='line_1_32' title="bbox 293 3209 1887 3281; baseline 0.006 -21"><span class='ocrx_word' id='word_1_252' title='bbox 293 3222 472 3262; x_wconf 83' lang='lat' dir='ltr'><strong>autem</strong></span> <span class='ocrx_word' id='word_1_253' title='bbox 494 3209 655 3262; x_wconf 82' lang='lat' dir='ltr'><strong>addat</strong></span> <span class='ocrx_word' id='word_1_254' title='bbox 684 3225 889 3269; x_wconf 84' lang='lat' dir='ltr'><strong>rursus,</strong></span> <span class='ocrx_word' id='word_1_255' title='bbox 935 3209 1213 3277; x_wconf 80' lang='lat' dir='ltr'><strong>Operatur,</strong></span> <span class='ocrx_word' id='word_1_256' title='bbox 1236 3220 1282 3263; x_wconf 87' lang='lat' dir='ltr'><strong>et</strong></span> <span class='ocrx_word' id='word_1_257' title='bbox 1301 3228 1394 3281; x_wconf 83' lang='lat' dir='ltr'><strong>ego</strong></span> <span class='ocrx_word' id='word_1_258' title='bbox 1432 3228 1616 3281; x_wconf 90' lang='lat' dir='ltr'><strong>operor</strong></span> <span class='ocrx_word' id='word_1_259' title='bbox 1643 3254 1659 3276; x_wconf 92' lang='lat'><strong>,</strong></span> <span class='ocrx_word' id='word_1_260' title='bbox 1707 3230 1887 3270; x_wconf 87' lang='lat' dir='ltr'><strong>annon</strong></span> 
     </span>
    </p>
   </div>
   <div class='ocr_carea' id='block_1_33' title="bbox 292 3300 1890 3377">
    <p class='ocr_par' dir='ltr' id='par_1_33' title="bbox 292 3300 1890 3377">
     <span class='ocr_line' id='line_1_33' title="bbox 292 3300 1890 3377; baseline 0.006 -23"><span class='ocrx_word' id='word_1_261' title='bbox 292 3301 655 3371; x_wconf 71' lang='lat' dir='ltr'><strong>avpmlitatem</strong></span> <span class='ocrx_word' id='word_1_262' title='bbox 684 3300 970 3354; x_wconf 88' lang='lat' dir='ltr'><strong>iudicantis</strong></span> <span class='ocrx_word' id='word_1_263' title='bbox 997 3310 1123 3355; x_wconf 88' lang='lat' dir='ltr'><strong>sunt</strong></span> <span class='ocrx_word' id='word_1_264' title='bbox 1148 3302 1173 3355; x_wconf 75' lang='grc' dir='ltr'>τ</span> <span class='ocrx_word' id='word_1_265' title='bbox 1198 3301 1313 3358; x_wconf 82' lang='lat' dir='ltr'><strong>Non</strong></span> <span class='ocrx_word' id='word_1_266' title='bbox 1333 3304 1659 3370; x_wconf 84' lang='lat' dir='ltr'><strong>enim,dixit</strong></span> <span class='ocrx_word' id='word_1_267' title='bbox 1683 3306 1890 3377; x_wconf 80' lang='lat' dir='ltr'><strong>Opem—</strong></span> 
     </span>
    </p>
   </div>
   <div class='ocr_carea' id='block_1_34' title="bbox 295 3391 1889 3469">
    <p class='ocr_par' dir='ltr' id='par_1_34' title="bbox 295 3391 1889 3469">
     <span class='ocr_line' id='line_1_34' title="bbox 295 3391 1889 3469; baseline 0.005 -24"><span class='ocrx_word' id='word_1_268' title='bbox 295 3403 380 3446; x_wconf 92' lang='lat' dir='ltr'><strong>tur</strong></span> <span class='ocrx_word' id='word_1_269' title='bbox 400 3392 509 3458; x_wconf 75' lang='lat' dir='ltr'><strong>ille,</strong></span> <span class='ocrx_word' id='word_1_270' title='bbox 539 3400 593 3445; x_wconf 90' lang='lat' dir='ltr'><strong>et</strong></span> <span class='ocrx_word' id='word_1_271' title='bbox 620 3406 721 3461; x_wconf 86' lang='lat' dir='ltr'><strong>ego</strong></span> <span class='ocrx_word' id='word_1_272' title='bbox 750 3391 1135 3458; x_wconf 81' lang='lat' dir='ltr'><strong>sulnninistro;</strong></span> <span class='ocrx_word' id='word_1_273' title='bbox 1170 3392 1436 3463; x_wconf 85' lang='lat' dir='ltr'><strong>Operatur</strong></span> <span class='ocrx_word' id='word_1_274' title='bbox 1460 3395 1569 3461; x_wconf 90' lang='lat' dir='ltr'><strong>ille,</strong></span> <span class='ocrx_word' id='word_1_275' title='bbox 1600 3406 1655 3451; x_wconf 87' lang='lat' dir='ltr'><strong>et</strong></span> <span class='ocrx_word' id='word_1_276' title='bbox 1683 3412 1784 3469; x_wconf 83' lang='lat' dir='ltr'><strong>ego</strong></span> <span class='ocrx_word' id='word_1_277' title='bbox 1815 3398 1889 3454; x_wconf 84' lang='lat' dir='ltr'><strong>illi</strong></span> 
     </span>
    </p>
   </div>
   <div class='ocr_carea' id='block_1_35' title="bbox 292 3481 1889 3558">
    <p class='ocr_par' dir='ltr' id='par_1_35' title="bbox 292 3481 1889 3558">
     <span class='ocr_line' id='line_1_35' title="bbox 292 3481 1889 3558; baseline 0.006 -22"><span class='ocrx_word' id='word_1_278' title='bbox 292 3484 505 3547; x_wconf 87' lang='lat' dir='ltr'><strong>servio;</strong></span> <span class='ocrx_word' id='word_1_279' title='bbox 562 3482 687 3548; x_wconf 83' lang='lat' dir='ltr'><strong>sed,</strong></span> <span class='ocrx_word' id='word_1_280' title='bbox 732 3481 824 3537; x_wconf 89' lang='lat' dir='ltr'><strong>llle</strong></span> <span class='ocrx_word' id='word_1_281' title='bbox 876 3492 1165 3552; x_wconf 78' lang='lat' dir='ltr'><strong>operatur,</strong></span> <span class='ocrx_word' id='word_1_282' title='bbox 1198 3493 1253 3539; x_wconf 93' lang='lat' dir='ltr'><strong>et</strong></span> <span class='ocrx_word' id='word_1_283' title='bbox 1294 3499 1397 3556; x_wconf 84' lang='lat' dir='ltr'><strong>ego</strong></span> <span class='ocrx_word' id='word_1_284' title='bbox 1438 3498 1652 3558; x_wconf 88' lang='lat' dir='ltr'><strong>operor.</strong></span> <span class='ocrx_word' id='word_1_285' title='bbox 1702 3489 1889 3545; x_wconf 80' lang='lat' dir='ltr'><strong>Viden‘</strong></span> 
     </span>
    </p>
   </div>
   <div class='ocr_carea' id='block_1_36' title="bbox 291 3574 1888 3647">
    <p class='ocr_par' dir='ltr' id='par_1_36' title="bbox 291 3574 1888 3647">
     <span class='ocr_line' id='line_1_36' title="bbox 291 3574 1888 3647; baseline 0.006 -19"><span class='ocrx_word' id='word_1_286' title='bbox 291 3576 565 3645; x_wconf 83' lang='lat' dir='ltr'><strong>quomodo</strong></span> <span class='ocrx_word' id='word_1_287' title='bbox 608 3576 723 3629; x_wconf 80' lang='lat' dir='ltr'><strong>ha-c</strong></span> <span class='ocrx_word' id='word_1_288' title='bbox 764 3591 871 3630; x_wconf 91' lang='lat' dir='ltr'><strong>non</strong></span> <span class='ocrx_word' id='word_1_289' title='bbox 924 3574 1232 3631; x_wconf 71' lang='lat' dir='ltr'><strong>Judmorum</strong></span> <span class='ocrx_word' id='word_1_290' title='bbox 1274 3587 1421 3632; x_wconf 85' lang='lat' dir='ltr'><strong>esset</strong></span> <span class='ocrx_word' id='word_1_291' title='bbox 1459 3582 1722 3635; x_wconf 87' lang='lat' dir='ltr'><strong>sententia</strong></span> <span class='ocrx_word' id='word_1_292' title='bbox 1748 3624 1764 3647; x_wconf 91' lang='lat'><strong>,</strong></span> <span class='ocrx_word' id='word_1_293' title='bbox 1792 3582 1888 3639; x_wconf 87' lang='lat' dir='ltr'><strong>sed</strong></span> 
     </span>
    </p>
   </div>
   <div class='ocr_carea' id='block_1_37' title="bbox 292 3667 1887 3738">
    <p class='ocr_par' dir='ltr' id='par_1_37' title="bbox 292 3667 1887 3738">
     <span class='ocr_line' id='line_1_37' title="bbox 292 3667 1887 3738; baseline 0.004 -15"><span class='ocrx_word' id='word_1_294' title='bbox 292 3687 472 3724; x_wconf 80' lang='lat' dir='ltr'><strong>sermo</strong></span> <span class='ocrx_word' id='word_1_295' title='bbox 502 3668 572 3723; x_wconf 90' lang='lat' dir='ltr'><strong>ab</strong></span> <span class='ocrx_word' id='word_1_296' title='bbox 600 3669 694 3723; x_wconf 90' lang='lat' dir='ltr'><strong>illo</strong></span> <span class='ocrx_word' id='word_1_297' title='bbox 726 3673 1053 3738; x_wconf 81' lang='lat' dir='ltr'><strong>apparatus?</strong></span> <span class='ocrx_word' id='word_1_298' title='bbox 1082 3667 1215 3725; x_wconf 79' lang='lat' dir='ltr'><strong>Nam</strong></span> <span class='ocrx_word' id='word_1_299' title='bbox 1250 3669 1296 3725; x_wconf 92' lang='lat' dir='ltr'><strong>si</strong></span> <span class='ocrx_word' id='word_1_300' title='bbox 1332 3671 1518 3727; x_wconf 74' lang='lat' dir='ltr'><strong>fuisset</strong></span> <span class='ocrx_word' id='word_1_301' title='bbox 1559 3673 1648 3727; x_wconf 88' lang='lat' dir='ltr'><strong>illa</strong></span> <span class='ocrx_word' id='word_1_302' title='bbox 1670 3673 1887 3730; x_wconf 70' lang='lat' dir='ltr'><strong>Jttdteo-</strong></span> 
     </span>
    </p>
   </div>
   <div class='ocr_carea' id='block_1_38' title="bbox 292 3761 1887 3835">
    <p class='ocr_par' dir='ltr' id='par_1_38' title="bbox 292 3761 1887 3835">
     <span class='ocr_line' id='line_1_38' title="bbox 292 3761 1887 3835; baseline 0.006 -22"><span class='ocrx_word' id='word_1_303' title='bbox 292 3778 409 3814; x_wconf 86' lang='lat' dir='ltr'><strong>rum</strong></span> <span class='ocrx_word' id='word_1_304' title='bbox 462 3775 691 3815; x_wconf 89' lang='lat' dir='ltr'><strong>erronea</strong></span> <span class='ocrx_word' id='word_1_305' title='bbox 737 3761 972 3829; x_wconf 85' lang='lat' dir='ltr'><strong>suspicio</strong></span> <span class='ocrx_word' id='word_1_306' title='bbox 1019 3771 1074 3815; x_wconf 90' lang='lat' dir='ltr'><strong>et</strong></span> <span class='ocrx_word' id='word_1_307' title='bbox 1117 3763 1408 3830; x_wconf 81' lang='lat' dir='ltr'><strong>sententia,</strong></span> <span class='ocrx_word' id='word_1_308' title='bbox 1456 3765 1601 3833; x_wconf 86' lang='lat' dir='ltr'><strong>quod</strong></span> <span class='ocrx_word' id='word_1_309' title='bbox 1649 3768 1887 3835; x_wconf 80' lang='lat' dir='ltr'><strong>seipsum</strong></span> 
     </span>
    </p>
   </div>
   <div class='ocr_carea' id='block_1_39' title="bbox 290 3851 1883 3924">
    <p class='ocr_par' dir='ltr' id='par_1_39' title="bbox 290 3851 1883 3924">
     <span class='ocr_line' id='line_1_39' title="bbox 290 3851 1883 3924; baseline 0.006 -18"><span class='ocrx_word' id='word_1_310' title='bbox 290 3854 551 3923; x_wconf 72' lang='lat' dir='ltr'><strong>aequalem</strong></span> <span class='ocrx_word' id='word_1_311' title='bbox 582 3851 783 3907; x_wconf 85' lang='lat' dir='ltr'><strong>laceret</strong></span> <span class='ocrx_word' id='word_1_312' title='bbox 810 3852 920 3906; x_wconf 90' lang='lat' dir='ltr'><strong>Deo</strong></span> <span class='ocrx_word' id='word_1_313' title='bbox 944 3894 958 3917; x_wconf 89' lang='lat'><strong>,</strong></span> <span class='ocrx_word' id='word_1_314' title='bbox 991 3853 1209 3924; x_wconf 88' lang='lat' dir='ltr'><strong>ipseque</strong></span> <span class='ocrx_word' id='word_1_315' title='bbox 1235 3855 1496 3910; x_wconf 87' lang='lat' dir='ltr'><strong>noluisset</strong></span> <span class='ocrx_word' id='word_1_316' title='bbox 1522 3856 1642 3911; x_wconf 89' lang='lat' dir='ltr'><strong>illos</strong></span> <span class='ocrx_word' id='word_1_317' title='bbox 1669 3858 1738 3913; x_wconf 88' lang='lat' dir='ltr'><strong>ita</strong></span> <span class='ocrx_word' id='word_1_318' title='bbox 1765 3874 1883 3915; x_wconf 87' lang='lat' dir='ltr'><strong>sus-</strong></span> 
     </span>
    </p>
   </div>
   <div class='ocr_carea' id='block_1_40' title="bbox 291 3943 1884 4020">
    <p class='ocr_par' dir='ltr' id='par_1_40' title="bbox 291 3943 1884 4020">
     <span class='ocr_line' id='line_1_40' title="bbox 291 3943 1884 4020; baseline 0.006 -23"><span class='ocrx_word' id='word_1_319' title='bbox 291 3945 455 4013; x_wconf 85' lang='lat' dir='ltr'><strong>picari</strong></span> <span class='ocrx_word' id='word_1_320' title='bbox 478 3961 491 4007; x_wconf 92' lang='lat'><strong>;</strong></span> <span class='ocrx_word' id='word_1_321' title='bbox 519 3943 854 4010; x_wconf 63' lang='lat' dir='ltr'><strong>Judaeivcro,</strong></span> <span class='ocrx_word' id='word_1_322' title='bbox 884 3957 1004 3999; x_wconf 90' lang='lat' dir='ltr'><strong>cum</strong></span> <span class='ocrx_word' id='word_1_323' title='bbox 1024 3944 1123 4000; x_wconf 85' lang='lat' dir='ltr'><strong>hoc</strong></span> <span class='ocrx_word' id='word_1_324' title='bbox 1152 3946 1266 4016; x_wconf 84' lang='lat' dir='ltr'><strong>ipse</strong></span> <span class='ocrx_word' id='word_1_325' title='bbox 1295 3947 1478 4011; x_wconf 89' lang='lat' dir='ltr'><strong>nollet,</strong></span> <span class='ocrx_word' id='word_1_326' title='bbox 1505 3949 1605 4004; x_wconf 86' lang='lat' dir='ltr'><strong>alia</strong></span> <span class='ocrx_word' id='word_1_327' title='bbox 1627 3952 1884 4020; x_wconf 79' lang='lat' dir='ltr'><strong>suspicati</strong></span> 
     </span>
    </p>
   </div>
   <div class='ocr_carea' id='block_1_41' title="bbox 290 4035 1885 4104">
    <p class='ocr_par' dir='ltr' id='par_1_41' title="bbox 290 4035 1885 4104">
     <span class='ocr_line' id='line_1_41' title="bbox 290 4035 1885 4104; baseline 0.006 -15"><span class='ocrx_word' id='word_1_328' title='bbox 290 4039 538 4097; x_wconf 73' lang='lat' dir='ltr'><strong>luisse.:t,</strong></span> <span class='ocrx_word' id='word_1_329' title='bbox 581 4050 739 4104; x_wconf 87' lang='lat' dir='ltr'><strong>quam</strong></span> <span class='ocrx_word' id='word_1_330' title='bbox 783 4035 923 4103; x_wconf 84' lang='lat' dir='ltr'><strong>quod</strong></span> <span class='ocrx_word' id='word_1_331' title='bbox 983 4035 1072 4090; x_wconf 91' lang='lat' dir='ltr'><strong>ille</strong></span> <span class='ocrx_word' id='word_1_332' title='bbox 1115 4036 1355 4093; x_wconf 89' lang='lat' dir='ltr'><strong>iudicare</strong></span> <span class='ocrx_word' id='word_1_333' title='bbox 1404 4039 1609 4094; x_wconf 78' lang='lat' dir='ltr'><strong>vellet:</strong></span> <span class='ocrx_word' id='word_1_334' title='bbox 1645 4056 1751 4097; x_wconf 83' lang='lat' dir='ltr'><strong>non</strong></span> <span class='ocrx_word' id='word_1_335' title='bbox 1785 4044 1885 4098; x_wconf 89' lang='lat' dir='ltr'><strong>hoc</strong></span> 
     </span>
    </p>
   </div>
   <div class='ocr_carea' id='block_1_42' title="bbox 290 4127 1884 4203">
    <p class='ocr_par' dir='ltr' id='par_1_42' title="bbox 290 4127 1884 4203">
     <span class='ocr_line' id='line_1_42' title="bbox 290 4127 1884 4203; baseline 0.007 -21"><span class='ocrx_word' id='word_1_336' title='bbox 290 4139 436 4185; x_wconf 86' lang='lat' dir='ltr'><strong>rcrte</strong></span> <span class='ocrx_word' id='word_1_337' title='bbox 465 4129 585 4182; x_wconf 87' lang='lat' dir='ltr'><strong>sine</strong></span> <span class='ocrx_word' id='word_1_338' title='bbox 609 4127 949 4183; x_wconf 85' lang='lat' dir='ltr'><strong>correctione</strong></span> <span class='ocrx_word' id='word_1_339' title='bbox 993 4129 1213 4185; x_wconf 77' lang='lat' dir='ltr'><strong>sivisset</strong></span> <span class='ocrx_word' id='word_1_340' title='bbox 1254 4132 1584 4203; x_wconf 76' lang='lat' dir='ltr'><strong>evangelista</strong></span> <span class='ocrx_word' id='word_1_341' title='bbox 1606 4175 1619 4201; x_wconf 76' lang='lat'><strong>,</strong></span> <span class='ocrx_word' id='word_1_342' title='bbox 1654 4135 1749 4190; x_wconf 89' lang='lat' dir='ltr'><strong>sed</strong></span> <span class='ocrx_word' id='word_1_343' title='bbox 1781 4136 1884 4194; x_wconf 90' lang='lat' dir='ltr'><strong>hoc</strong></span> 
     </span>
    </p>
   </div>
   <div class='ocr_carea' id='block_1_43' title="bbox 287 4220 1885 4293">
    <p class='ocr_par' dir='ltr' id='par_1_43' title="bbox 287 4220 1885 4293">
     <span class='ocr_line' id='line_1_43' title="bbox 287 4220 1885 4293; baseline 0.006 -17"><span class='ocrx_word' id='word_1_344' title='bbox 287 4222 643 4293; x_wconf 69' lang='lat' dir='ltr'><strong>significasset</strong></span> <span class='ocrx_word' id='word_1_345' title='bbox 670 4230 724 4275; x_wconf 88' lang='lat' dir='ltr'><strong>et</strong></span> <span class='ocrx_word' id='word_1_346' title='bbox 771 4220 916 4275; x_wconf 89' lang='lat' dir='ltr'><strong>clare</strong></span> <span class='ocrx_word' id='word_1_347' title='bbox 960 4220 1207 4278; x_wconf 76' lang='lat' dir='ltr'><strong>dixisset.</strong></span> <span class='ocrx_word' id='word_1_348' title='bbox 1251 4222 1460 4279; x_wconf 83' lang='lat' dir='ltr'><strong>Etenim</strong></span> <span class='ocrx_word' id='word_1_349' title='bbox 1492 4225 1568 4279; x_wconf 87' lang='lat' dir='ltr'><strong>illi</strong></span> <span class='ocrx_word' id='word_1_350' title='bbox 1600 4225 1669 4281; x_wconf 88' lang='lat' dir='ltr'><strong>ita</strong></span> <span class='ocrx_word' id='word_1_351' title='bbox 1710 4226 1885 4285; x_wconf 84' lang='lat' dir='ltr'><strong>lacere</strong></span> 
     </span>
    </p>
   </div>
   <div class='ocr_carea' id='block_1_44' title="bbox 288 4311 1883 4386">
    <p class='ocr_par' dir='ltr' id='par_1_44' title="bbox 288 4311 1883 4386">
     <span class='ocr_line' id='line_1_44' title="bbox 288 4311 1883 4386; baseline 0.004 -19"><span class='ocrx_word' id='word_1_352' title='bbox 288 4314 466 4367; x_wconf 79' lang='lat' dir='ltr'><strong>solent</strong></span> <span class='ocrx_word' id='word_1_353' title='bbox 490 4354 506 4378; x_wconf 96' lang='lat'><strong>,</strong></span> <span class='ocrx_word' id='word_1_354' title='bbox 530 4324 585 4367; x_wconf 85' lang='lat' dir='ltr'><strong>et.</strong></span> <span class='ocrx_word' id='word_1_355' title='bbox 611 4311 770 4367; x_wconf 82' lang='lat' dir='ltr'><strong>Jesus</strong></span> <span class='ocrx_word' id='word_1_356' title='bbox 820 4312 935 4382; x_wconf 88' lang='lat' dir='ltr'><strong>ipse</strong></span> <span class='ocrx_word' id='word_1_357' title='bbox 982 4327 1235 4384; x_wconf 87' lang='lat' dir='ltr'><strong>quoque:</strong></span> <span class='ocrx_word' id='word_1_358' title='bbox 1267 4314 1476 4386; x_wconf 85' lang='lat' dir='ltr'><strong>hocque</strong></span> <span class='ocrx_word' id='word_1_359' title='bbox 1501 4332 1567 4371; x_wconf 88' lang='lat' dir='ltr'><strong>ex</strong></span> <span class='ocrx_word' id='word_1_360' title='bbox 1611 4332 1719 4373; x_wconf 91' lang='lat' dir='ltr'><strong>uno</strong></span> <span class='ocrx_word' id='word_1_361' title='bbox 1744 4321 1883 4375; x_wconf 63' lang='lat' dir='ltr'><strong>alte.</strong></span> 
     </span>
    </p>
   </div>
   <div class='ocr_carea' id='block_1_45' title="bbox 290 4404 1881 4482">
    <p class='ocr_par' dir='ltr' id='par_1_45' title="bbox 290 4404 1881 4482">
     <span class='ocr_line' id='line_1_45' title="bbox 290 4404 1881 4482; baseline 0.004 -22"><span class='ocrx_word' id='word_1_362' title='bbox 290 4422 418 4460; x_wconf 79' lang='lat' dir='ltr'><strong>iove</strong></span> <span class='ocrx_word' id='word_1_363' title='bbox 472 4404 720 4473; x_wconf 90' lang='lat' dir='ltr'><strong>exemplo</strong></span> <span class='ocrx_word' id='word_1_364' title='bbox 770 4404 1011 4459; x_wconf 91' lang='lat' dir='ltr'><strong>conabor</strong></span> <span class='ocrx_word' id='word_1_365' title='bbox 1065 4406 1217 4460; x_wconf 80' lang='lat' dir='ltr'><strong>vobis</strong></span> <span class='ocrx_word' id='word_1_366' title='bbox 1270 4406 1684 4475; x_wconf 83' lang='lat' dir='ltr'><strong>demonstrare;</strong></span> <span class='ocrx_word' id='word_1_367' title='bbox 1737 4412 1881 4482; x_wconf 88' lang='lat' dir='ltr'><strong>quod</strong></span> 
     </span>
    </p>
   </div>
   <div class='ocr_carea' id='block_1_46' title="bbox 289 4494 1879 4571">
    <p class='ocr_par' dir='ltr' id='par_1_46' title="bbox 289 4494 1879 4571">
     <span class='ocr_line' id='line_1_46' title="bbox 289 4494 1879 4571; baseline 0.003 -19"><span class='ocrx_word' id='word_1_368' title='bbox 289 4511 504 4566; x_wconf 89' lang='lat' dir='ltr'><strong>nempe,</strong></span> <span class='ocrx_word' id='word_1_369' title='bbox 536 4494 750 4565; x_wconf 88' lang='lat' dir='ltr'><strong>quando</strong></span> <span class='ocrx_word' id='word_1_370' title='bbox 778 4495 1025 4551; x_wconf 89' lang='lat' dir='ltr'><strong>Christus</strong></span> <span class='ocrx_word' id='word_1_371' title='bbox 1050 4497 1249 4568; x_wconf 88' lang='lat' dir='ltr'><strong>aliquid</strong></span> <span class='ocrx_word' id='word_1_372' title='bbox 1269 4498 1504 4563; x_wconf 88' lang='lat' dir='ltr'><strong>dixerit,</strong></span> <span class='ocrx_word' id='word_1_373' title='bbox 1535 4502 1677 4571; x_wconf 89' lang='lat' dir='ltr'><strong>quod</strong></span> <span class='ocrx_word' id='word_1_374' title='bbox 1707 4502 1879 4558; x_wconf 80' lang='lat' dir='ltr'><strong>Juda-i</strong></span> 
     </span>
    </p>
   </div>
   <div class='ocr_carea' id='block_1_47' title="bbox 286 4586 1882 4659">
    <p class='ocr_par' dir='ltr' id='par_1_47' title="bbox 286 4586 1882 4659">
     <span class='ocr_line' id='line_1_47' title="bbox 286 4586 1882 4659; baseline 0.005 -16"><span class='ocrx_word' id='word_1_375' title='bbox 286 4603 449 4643; x_wconf 85' lang='lat' dir='ltr'><strong>secus</strong></span> <span class='ocrx_word' id='word_1_376' title='bbox 469 4601 628 4656; x_wconf 87' lang='lat' dir='ltr'><strong>quam</strong></span> <span class='ocrx_word' id='word_1_377' title='bbox 657 4587 748 4641; x_wconf 83' lang='lat' dir='ltr'><strong>ille</strong></span> <span class='ocrx_word' id='word_1_378' title='bbox 768 4586 901 4640; x_wconf 68' lang='lat' dir='ltr'><strong>dixit</strong></span> <span class='ocrx_word' id='word_1_379' title='bbox 929 4587 1132 4642; x_wconf 88' lang='lat' dir='ltr'><strong>dictum</strong></span> <span class='ocrx_word' id='word_1_380' title='bbox 1153 4590 1518 4659; x_wconf 72' lang='lat' dir='ltr'><strong>suspicantur,</strong></span> <span class='ocrx_word' id='word_1_381' title='bbox 1550 4594 1679 4648; x_wconf 88' lang='lat' dir='ltr'><strong>illud</strong></span> <span class='ocrx_word' id='word_1_382' title='bbox 1709 4596 1882 4650; x_wconf 65' lang='lat' dir='ltr'><strong>corrio</strong></span> 
     </span>
    </p>
   </div>
   <div class='ocr_carea' id='block_1_48' title="bbox 286 4678 1880 4753">
    <p class='ocr_par' dir='ltr' id='par_1_48' title="bbox 286 4678 1880 4753">
     <span class='ocr_line' id='line_1_48' title="bbox 286 4678 1880 4753; baseline 0.008 -22"><span class='ocrx_word' id='word_1_383' title='bbox 286 4680 363 4749; x_wconf 87' lang='lat' dir='ltr'><strong>git</strong></span> <span class='ocrx_word' id='word_1_384' title='bbox 392 4678 725 4747; x_wconf 75' lang='lat' dir='ltr'><strong>evangelista</strong></span> <span class='ocrx_word' id='word_1_385' title='bbox 758 4694 773 4732; x_wconf 88' lang='lat'>:</span> <span class='ocrx_word' id='word_1_386' title='bbox 805 4679 946 4747; x_wconf 93' lang='lat' dir='ltr'><strong>quod</strong></span> <span class='ocrx_word' id='word_1_387' title='bbox 972 4688 1027 4733; x_wconf 90' lang='lat' dir='ltr'><strong>ut</strong></span> <span class='ocrx_word' id='word_1_388' title='bbox 1053 4680 1201 4736; x_wconf 84' lang='lat' dir='ltr'><strong>clare</strong></span> <span class='ocrx_word' id='word_1_389' title='bbox 1234 4683 1505 4753; x_wconf 84' lang='lat' dir='ltr'><strong>intelligas</strong></span> <span class='ocrx_word' id='word_1_390' title='bbox 1528 4725 1543 4748; x_wconf 93' lang='lat'><strong>,</strong></span> <span class='ocrx_word' id='word_1_391' title='bbox 1567 4686 1691 4740; x_wconf 91' lang='lat' dir='ltr'><strong>audi</strong></span> <span class='ocrx_word' id='word_1_392' title='bbox 1717 4686 1880 4743; x_wconf 80' lang='lat' dir='ltr'><strong>Joan-</strong></span> 
     </span>
    </p>
   </div>
   <div class='ocr_carea' id='block_1_49' title="bbox 286 4770 1876 4839">
    <p class='ocr_par' dir='ltr' id='par_1_49' title="bbox 286 4770 1876 4839">
     <span class='ocr_line' id='line_1_49' title="bbox 286 4770 1876 4839; baseline 0.007 -14"><span class='ocrx_word' id='word_1_393' title='bbox 286 4787 410 4826; x_wconf 88' lang='lat' dir='ltr'><strong>nem</strong></span> <span class='ocrx_word' id='word_1_394' title='bbox 443 4771 545 4824; x_wconf 85' lang='lat' dir='ltr'><strong>hoc</strong></span> <span class='ocrx_word' id='word_1_395' title='bbox 575 4770 748 4839; x_wconf 70' lang='lat' dir='ltr'><strong>ipsum</strong></span> <span class='ocrx_word' id='word_1_396' title='bbox 793 4772 1182 4828; x_wconf 85' lang='lat' dir='ltr'><strong>declarantem.</strong></span> <span class='ocrx_word' id='word_1_397' title='bbox 1214 4774 1348 4828; x_wconf 90' lang='lat' dir='ltr'><strong>Cum</strong></span> <span class='ocrx_word' id='word_1_398' title='bbox 1380 4779 1524 4831; x_wconf 91' lang='lat' dir='ltr'><strong>enim</strong></span> <span class='ocrx_word' id='word_1_399' title='bbox 1568 4778 1786 4834; x_wconf 85' lang='lat' dir='ltr'><strong>intravit</strong></span> <span class='ocrx_word' id='word_1_400' title='bbox 1824 4782 1876 4836; x_wconf 89' lang='lat' dir='ltr'><strong>in</strong></span> 
     </span>
    </p>
   </div>
   <div class='ocr_carea' id='block_1_50' title="bbox 286 4860 1875 4941">
    <p class='ocr_par' dir='ltr' id='par_1_50' title="bbox 286 4860 1875 4941">
     <span class='ocr_line' id='line_1_50' title="bbox 286 4860 1875 4941; baseline 0.008 -26"><span class='ocrx_word' id='word_1_401' title='bbox 286 4861 545 4929; x_wconf 85' lang='lat' dir='ltr'><strong>templum</strong></span> <span class='ocrx_word' id='word_1_402' title='bbox 565 4860 683 4925; x_wconf 84' lang='lat' dir='ltr'><strong>Dei,</strong></span> <span class='ocrx_word' id='word_1_403' title='bbox 712 4871 762 4915; x_wconf 91' lang='lat' dir='ltr'><strong>et</strong></span> <span class='ocrx_word' id='word_1_404' title='bbox 790 4863 1182 4920; x_wconf 81' lang='lat' dir='ltr'><strong>nuunnnlarios</strong></span> <span class='ocrx_word' id='word_1_405' title='bbox 1203 4867 1433 4936; x_wconf 75' lang='lat' dir='ltr'><strong>expulit,</strong></span> <span class='ocrx_word' id='word_1_406' title='bbox 1455 4868 1665 4936; x_wconf 81' lang='lat' dir='ltr'><strong>ﬂagello</strong></span> <span class='ocrx_word' id='word_1_407' title='bbox 1692 4870 1834 4927; x_wconf 80' lang='lat' dir='ltr'><strong>facto</strong></span> <span class='ocrx_word' id='word_1_408' title='bbox 1858 4914 1875 4941; x_wconf 90' lang='lat'><strong>,</strong></span> 
     </span>
    </p>
   </div>
   <div class='ocr_carea' id='block_1_51' title="bbox 283 4951 1873 5027">
    <p class='ocr_par' dir='ltr' id='par_1_51' title="bbox 283 4951 1873 5027">
     <span class='ocr_line' id='line_1_51' title="bbox 283 4951 1873 5027; baseline 0.009 -20"><span class='ocrx_word' id='word_1_409' title='bbox 283 4954 472 5008; x_wconf 82' lang='lat' dir='ltr'><strong>dicens</strong></span> <span class='ocrx_word' id='word_1_410' title='bbox 499 4971 514 5007; x_wconf 86' lang='lat'><strong>:</strong></span> <span class='ocrx_word' id='word_1_411' title='bbox 550 4951 729 5007; x_wconf 80' lang='lat' dir='ltr'><strong>Nolite</strong></span> <span class='ocrx_word' id='word_1_412' title='bbox 767 4957 935 5027; x_wconf 81' lang='lat' dir='ltr'><strong>facere</strong></span> <span class='ocrx_word' id='word_1_413' title='bbox 961 4957 1170 5011; x_wconf 85' lang='lat' dir='ltr'><strong>domum</strong></span> <span class='ocrx_word' id='word_1_414' title='bbox 1199 4957 1377 5014; x_wconf 84' lang='lat' dir='ltr'><strong>Patris</strong></span> <span class='ocrx_word' id='word_1_415' title='bbox 1408 4963 1505 5015; x_wconf 85' lang='lat' dir='ltr'><strong>mei</strong></span> <span class='ocrx_word' id='word_1_416' title='bbox 1543 4962 1751 5019; x_wconf 80' lang='lat' dir='ltr'><strong>domum</strong></span> <span class='ocrx_word' id='word_1_417' title='bbox 1781 4984 1873 5021; x_wconf 81' lang='lat' dir='ltr'><strong>ne-</strong></span> 
     </span>
    </p>
   </div>
   <div class='ocr_carea' id='block_1_52' title="bbox 284 5046 1873 5121">
    <p class='ocr_par' dir='ltr' id='par_1_52' title="bbox 284 5046 1873 5121">
     <span class='ocr_line' id='line_1_52' title="bbox 284 5046 1873 5121; baseline 0.01 -23"><span class='ocrx_word' id='word_1_418' title='bbox 284 5046 576 5116; x_wconf 79' lang='lat' dir='ltr'><strong>gotiationis</strong></span> <span class='ocrx_word' id='word_1_419' title='bbox 604 5046 789 5115; x_wconf 85' lang='lat' dir='ltr'><strong>(Joan.</strong></span> <span class='ocrx_word' id='word_1_420' title='bbox 819 5049 875 5103; x_wconf 73' lang='lat'><strong>2.</strong></span> <span class='ocrx_word' id='word_1_421' title='bbox 904 5046 1013 5121; x_wconf 85' lang='lat'><strong>16).</strong></span> <span class='ocrx_word' id='word_1_422' title='bbox 1049 5050 1371 5107; x_wconf 85' lang='lat' dir='ltr'><strong>accedentes</strong></span> <span class='ocrx_word' id='word_1_423' title='bbox 1399 5053 1607 5111; x_wconf 71' lang='lat' dir='ltr'><strong>Scriba:</strong></span> <span class='ocrx_word' id='word_1_424' title='bbox 1645 5067 1699 5112; x_wconf 90' lang='lat' dir='ltr'><strong>et</strong></span> <span class='ocrx_word' id='word_1_425' title='bbox 1730 5058 1873 5115; x_wconf 83' lang='lat' dir='ltr'><strong>Pha-</strong></span> 
     </span>
    </p>
   </div>
   <div class='ocr_carea' id='block_1_53' title="bbox 282 5136 1876 5219">
    <p class='ocr_par' dir='ltr' id='par_1_53' title="bbox 282 5136 1876 5219">
     <span class='ocr_line' id='line_1_53' title="bbox 282 5136 1876 5219; baseline 0.009 -28"><span class='ocrx_word' id='word_1_426' title='bbox 282 5138 425 5192; x_wconf 75' lang='lat' dir='ltr'><strong>risa2i</strong></span> <span class='ocrx_word' id='word_1_427' title='bbox 457 5136 706 5192; x_wconf 88' lang='lat' dir='ltr'><strong>dicebant</strong></span> <span class='ocrx_word' id='word_1_428' title='bbox 738 5156 752 5191; x_wconf 90' lang='lat'>:</span> <span class='ocrx_word' id='word_1_429' title='bbox 787 5138 936 5204; x_wconf 86' lang='lat' dir='ltr'><strong>Quod</strong></span> <span class='ocrx_word' id='word_1_430' title='bbox 957 5140 1158 5211; x_wconf 79' lang='lat' dir='ltr'><strong>signum</strong></span> <span class='ocrx_word' id='word_1_431' title='bbox 1187 5144 1410 5199; x_wconf 80' lang='lat' dir='ltr'><strong>ostendis</strong></span> <span class='ocrx_word' id='word_1_432' title='bbox 1430 5147 1596 5214; x_wconf 80' lang='lat' dir='ltr'><strong>nobis,</strong></span> <span class='ocrx_word' id='word_1_433' title='bbox 1619 5150 1739 5219; x_wconf 77' lang='lat' dir='ltr'><strong>quia</strong></span> <span class='ocrx_word' id='word_1_434' title='bbox 1766 5150 1876 5206; x_wconf 66' lang='lat' dir='ltr'><strong>haec</strong></span> 
     </span>
    </p>
   </div>
   <div class='ocr_carea' id='block_1_54' title="bbox 282 5228 1870 5303">
    <p class='ocr_par' dir='ltr' id='par_1_54' title="bbox 282 5228 1870 5303">
     <span class='ocr_line' id='line_1_54' title="bbox 282 5228 1870 5303; baseline 0.008 -20"><span class='ocrx_word' id='word_1_435' title='bbox 282 5231 409 5301; x_wconf 78' lang='lat' dir='ltr'><strong>[aris</strong></span> <span class='ocrx_word' id='word_1_436' title='bbox 438 5230 465 5283; x_wconf 78' lang='grc'><strong><em>7</em></strong></span> <span class='ocrx_word' id='word_1_437' title='bbox 490 5228 626 5297; x_wconf 89' lang='lat' dir='ltr'><strong>Qttid</strong></span> <span class='ocrx_word' id='word_1_438' title='bbox 652 5244 782 5299; x_wconf 85' lang='lat' dir='ltr'><strong>ergo</strong></span> <span class='ocrx_word' id='word_1_439' title='bbox 814 5230 943 5284; x_wconf 80' lang='lat' dir='ltr'><strong>ille?</strong></span> <span class='ocrx_word' id='word_1_440' title='bbox 966 5230 1162 5287; x_wconf 80' lang='lat' dir='ltr'><strong>Solvite</strong></span> <span class='ocrx_word' id='word_1_441' title='bbox 1180 5236 1426 5303; x_wconf 83' lang='lat' dir='ltr'><strong>templum</strong></span> <span class='ocrx_word' id='word_1_442' title='bbox 1454 5238 1550 5291; x_wconf 81' lang='lat' dir='ltr'><strong>hoc</strong></span> <span class='ocrx_word' id='word_1_443' title='bbox 1573 5280 1590 5303; x_wconf 96' lang='lat'><strong>,</strong></span> <span class='ocrx_word' id='word_1_444' title='bbox 1620 5250 1666 5292; x_wconf 89' lang='lat' dir='ltr'><strong>et</strong></span> <span class='ocrx_word' id='word_1_445' title='bbox 1690 5242 1744 5294; x_wconf 87' lang='lat' dir='ltr'><strong>in</strong></span> <span class='ocrx_word' id='word_1_446' title='bbox 1769 5242 1870 5295; x_wconf 84' lang='lat' dir='ltr'><strong>tri-</strong></span> 
     </span>
    </p>
   </div>
   <div class='ocr_carea' id='block_1_55' title="bbox 282 5322 1872 5406">
    <p class='ocr_par' dir='ltr' id='par_1_55' title="bbox 282 5322 1872 5406">
     <span class='ocr_line' id='line_1_55' title="bbox 282 5322 1872 5406; baseline 0.012 -33"><span class='ocrx_word' id='word_1_447' title='bbox 282 5323 373 5374; x_wconf 76' lang='lat' dir='ltr'><strong>bus</strong></span> <span class='ocrx_word' id='word_1_448' title='bbox 399 5322 575 5375; x_wconf 64' lang='lat' dir='ltr'><strong>diebus</strong></span> <span class='ocrx_word' id='word_1_449' title='bbox 600 5322 831 5377; x_wconf 72' lang='lat' dir='ltr'><strong>excitabo</strong></span> <span class='ocrx_word' id='word_1_450' title='bbox 870 5324 1000 5377; x_wconf 84' lang='lat' dir='ltr'><strong>illud</strong></span> <span class='ocrx_word' id='word_1_451' title='bbox 1031 5323 1049 5394; x_wconf 94' lang='lat'>(</span> <span class='ocrx_word' id='word_1_452' title='bbox 1079 5322 1157 5378; x_wconf 88' lang='lat' dir='ltr'><strong>Ib.</strong></span> <span class='ocrx_word' id='word_1_453' title='bbox 1182 5342 1230 5379; x_wconf 82' lang='grc' dir='ltr'><strong>υ.</strong></span> <span class='ocrx_word' id='word_1_454' title='bbox 1257 5328 1344 5383; x_wconf 90' lang='lat'><strong>18.</strong></span> <span class='ocrx_word' id='word_1_455' title='bbox 1376 5328 1483 5402; x_wconf 84' lang='lat'><strong>19)</strong></span> <span class='ocrx_word' id='word_1_456' title='bbox 1505 5348 1521 5390; x_wconf 83' lang='lat'><strong>;</strong></span> <span class='ocrx_word' id='word_1_457' title='bbox 1552 5332 1618 5386; x_wconf 91' lang='lat' dir='ltr'><strong>de</strong></span> <span class='ocrx_word' id='word_1_458' title='bbox 1642 5348 1872 5406; x_wconf 85' lang='lat' dir='ltr'><strong>corpore</strong></span> 
     </span>
    </p>
   </div>
   <div class='ocr_carea' id='block_1_56' title="bbox 282 5411 1870 5495">
    <p class='ocr_par' dir='ltr' id='par_1_56' title="bbox 282 5411 1870 5495">
     <span class='ocr_line' id='line_1_56' title="bbox 282 5411 1870 5495; baseline 0.011 -32"><span class='ocrx_word' id='word_1_459' title='bbox 282 5426 379 5464; x_wconf 84' lang='lat' dir='ltr'><strong>suo</strong></span> <span class='ocrx_word' id='word_1_460' title='bbox 396 5412 604 5465; x_wconf 84' lang='lat' dir='ltr'><strong>dicens.</strong></span> <span class='ocrx_word' id='word_1_461' title='bbox 629 5411 824 5465; x_wconf 76' lang='lat' dir='ltr'><strong>\‘crum</strong></span> <span class='ocrx_word' id='word_1_462' title='bbox 852 5413 925 5467; x_wconf 91' lang='lat' dir='ltr'><strong>illi</strong></span> <span class='ocrx_word' id='word_1_463' title='bbox 947 5413 1047 5468; x_wconf 90' lang='lat' dir='ltr'><strong>hoc</strong></span> <span class='ocrx_word' id='word_1_464' title='bbox 1068 5430 1171 5468; x_wconf 92' lang='lat' dir='ltr'><strong>non</strong></span> <span class='ocrx_word' id='word_1_465' title='bbox 1206 5417 1609 5487; x_wconf 85' lang='lat' dir='ltr'><strong>intellexerunt,</strong></span> <span class='ocrx_word' id='word_1_466' title='bbox 1628 5423 1723 5478; x_wconf 87' lang='lat' dir='ltr'><strong>sed</strong></span> <span class='ocrx_word' id='word_1_467' title='bbox 1741 5426 1870 5495; x_wconf 91' lang='lat' dir='ltr'><strong>quid</strong></span> 
     </span>
    </p>
   </div>
   <div class='ocr_carea' id='block_1_57' title="bbox 279 5503 1870 5589">
    <p class='ocr_par' dir='ltr' id='par_1_57' title="bbox 279 5503 1870 5589">
     <span class='ocr_line' id='line_1_57' title="bbox 279 5503 1870 5589; baseline 0.009 -32"><span class='ocrx_word' id='word_1_468' title='bbox 279 5505 505 5559; x_wconf 85' lang='lat' dir='ltr'><strong>dicunt?</strong></span> <span class='ocrx_word' id='word_1_469' title='bbox 529 5503 886 5575; x_wconf 83' lang='lat' dir='ltr'><strong>Quadraginta</strong></span> <span class='ocrx_word' id='word_1_470' title='bbox 912 5524 1000 5561; x_wconf 77' lang='lat' dir='ltr'><strong>sex</strong></span> <span class='ocrx_word' id='word_1_471' title='bbox 1024 5509 1173 5563; x_wconf 82' lang='lat' dir='ltr'><strong>annis</strong></span> <span class='ocrx_word' id='word_1_472' title='bbox 1198 5511 1507 5578; x_wconf 72' lang='lat' dir='ltr'><strong>(edi/iratum</strong></span> <span class='ocrx_word' id='word_1_473' title='bbox 1530 5525 1602 5568; x_wconf 85' lang='lat' dir='ltr'><strong>est</strong></span> <span class='ocrx_word' id='word_1_474' title='bbox 1626 5519 1870 5589; x_wconf 83' lang='lat' dir='ltr'><strong>templum</strong></span> 
     </span>
    </p>
   </div>
   <div class='ocr_carea' id='block_1_58' title="bbox 280 5598 1868 5682">
    <p class='ocr_par' dir='ltr' id='par_1_58' title="bbox 280 5598 1868 5682">
     <span class='ocr_line' id='line_1_58' title="bbox 280 5598 1868 5682; baseline 0.011 -32"><span class='ocrx_word' id='word_1_475' title='bbox 280 5599 392 5662; x_wconf 71' lang='lat' dir='ltr'><strong>hoc,</strong></span> <span class='ocrx_word' id='word_1_476' title='bbox 423 5606 471 5651; x_wconf 75' lang='lat' dir='ltr'><strong>et</strong></span> <span class='ocrx_word' id='word_1_477' title='bbox 501 5608 555 5651; x_wconf 82' lang='lat' dir='ltr'><strong>tu</strong></span> <span class='ocrx_word' id='word_1_478' title='bbox 586 5601 639 5651; x_wconf 86' lang='lat' dir='ltr'><strong>in</strong></span> <span class='ocrx_word' id='word_1_479' title='bbox 664 5600 824 5651; x_wconf 85' lang='lat' dir='ltr'><strong>tribus</strong></span> <span class='ocrx_word' id='word_1_480' title='bbox 855 5598 1028 5653; x_wconf 83' lang='lat' dir='ltr'><strong>diebus</strong></span> <span class='ocrx_word' id='word_1_481' title='bbox 1049 5602 1292 5658; x_wconf 73' lang='lat' dir='ltr'><strong>excitabit</strong></span> <span class='ocrx_word' id='word_1_482' title='bbox 1312 5603 1445 5659; x_wconf 85' lang='lat' dir='ltr'><strong>illud</strong></span> <span class='ocrx_word' id='word_1_483' title='bbox 1476 5605 1642 5679; x_wconf 88' lang='lat' dir='ltr'><strong>(Ibid.</strong></span> <span class='ocrx_word' id='word_1_484' title='bbox 1669 5623 1718 5664; x_wconf 77' lang='grc' dir='ltr'><strong>υ.</strong></span> <span class='ocrx_word' id='word_1_485' title='bbox 1745 5610 1868 5682; x_wconf 68' lang='lat'><strong>20)?</strong></span> 
     </span>
    </p>
   </div>
   <div class='ocr_carea' id='block_1_59' title="bbox 280 5690 1865 5765">
    <p class='ocr_par' dir='ltr' id='par_1_59' title="bbox 280 5690 1865 5765">
     <span class='ocr_line' id='line_1_59' title="bbox 280 5690 1865 5765; baseline 0.01 -21"><span class='ocrx_word' id='word_1_486' title='bbox 280 5690 341 5744; x_wconf 84' lang='lat' dir='ltr'><strong>de</strong></span> <span class='ocrx_word' id='word_1_487' title='bbox 371 5691 574 5759; x_wconf 85' lang='lat' dir='ltr'><strong>templo</strong></span> <span class='ocrx_word' id='word_1_488' title='bbox 602 5691 889 5760; x_wconf 87' lang='lat' dir='ltr'><strong>loquentes</strong></span> <span class='ocrx_word' id='word_1_489' title='bbox 914 5692 1136 5749; x_wconf 81' lang='lat' dir='ltr'><strong>.Iudaico</strong></span> <span class='ocrx_word' id='word_1_490' title='bbox 1165 5695 1432 5765; x_wconf 73' lang='lat' dir='ltr'><strong>lapidibus</strong></span> <span class='ocrx_word' id='word_1_491' title='bbox 1459 5709 1667 5757; x_wconf 83' lang='lat' dir='ltr'><strong>structo</strong></span> <span class='ocrx_word' id='word_1_492' title='bbox 1693 5722 1706 5759; x_wconf 86' lang='lat'><strong>:</strong></span> <span class='ocrx_word' id='word_1_493' title='bbox 1737 5704 1865 5761; x_wconf 84' lang='lat' dir='ltr'><strong>illud</strong></span> 
     </span>
    </p>
   </div>
   <div class='ocr_carea' id='block_1_60' title="bbox 279 5784 1863 5863">
    <p class='ocr_par' dir='ltr' id='par_1_60' title="bbox 279 5784 1863 5863">
     <span class='ocr_line' id='line_1_60' title="bbox 279 5784 1863 5863; baseline 0.009 -23"><span class='ocrx_word' id='word_1_494' title='bbox 279 5786 415 5840; x_wconf 81' lang='lat' dir='ltr'><strong>enim</strong></span> <span class='ocrx_word' id='word_1_495' title='bbox 447 5784 805 5855; x_wconf 79' lang='lat' dir='ltr'><strong>quadraginta</strong></span> <span class='ocrx_word' id='word_1_496' title='bbox 838 5800 932 5841; x_wconf 87' lang='lat' dir='ltr'><strong>sex</strong></span> <span class='ocrx_word' id='word_1_497' title='bbox 963 5800 1225 5844; x_wconf 88' lang='lat' dir='ltr'><strong>annorum</strong></span> <span class='ocrx_word' id='word_1_498' title='bbox 1256 5792 1433 5863; x_wconf 82' lang='lat' dir='ltr'><strong>spatio</strong></span> <span class='ocrx_word' id='word_1_499' title='bbox 1462 5803 1722 5851; x_wconf 81' lang='lat' dir='ltr'><strong>structum</strong></span> <span class='ocrx_word' id='word_1_500' title='bbox 1765 5797 1863 5855; x_wconf 84' lang='lat' dir='ltr'><strong>luit</strong></span> 
     </span>
    </p>
   </div>
   <div class='ocr_carea' id='block_1_61' title="bbox 731 322 3157 399">
    <p class='ocr_par' dir='ltr' id='par_1_61' title="bbox 731 322 3157 399">
     <span class='ocr_line' id='line_1_61' title="bbox 731 322 3157 399; baseline 0.005 -18"><span class='ocrx_word' id='word_1_501' title='bbox 731 326 796 384; x_wconf 75' lang='lat' dir='ltr'><strong>lx</strong></span> <span class='ocrx_word' id='word_1_502' title='bbox 843 325 1148 393; x_wconf 68' lang='lat' dir='ltr'><strong>llOlllLlA,</strong></span> <span class='ocrx_word' id='word_1_503' title='bbox 1192 323 1257 381; x_wconf 83' lang='lat' dir='ltr'><strong>IN</strong></span> <span class='ocrx_word' id='word_1_504' title='bbox 1299 324 1527 392; x_wconf 87' lang='lat' dir='ltr'><strong>ll.l.UD,</strong></span> <span class='ocrx_word' id='word_1_505' title='bbox 1572 322 1798 379; x_wconf 67' lang='lat' dir='ltr'><strong>PATER</strong></span> <span class='ocrx_word' id='word_1_506' title='bbox 1840 322 2026 379; x_wconf 72' lang='grc' dir='ltr'><strong>ΜΕυὸ</strong></span> <span class='ocrx_word' id='word_1_507' title='bbox 2068 322 2294 393; x_wconf 77' lang='lat' dir='ltr'><strong>USQUB</strong></span> <span class='ocrx_word' id='word_1_508' title='bbox 2337 324 2526 381; x_wconf 81' lang='lat' dir='ltr'><strong>MODO</strong></span> <span class='ocrx_word' id='word_1_509' title='bbox 2561 325 2959 399; x_wconf 72' lang='lat' dir='ltr'><strong>OPEBATUR,</strong></span> <span class='ocrx_word' id='word_1_510' title='bbox 3003 333 3157 394; x_wconf 79' lang='grc' dir='ltr'><strong>ΕἸὈ.</strong></span> 
     </span>
    </p>
   </div>
   <div class='ocr_carea' id='block_1_62' title="bbox 3484 344 3595 403">
    <p class='ocr_par' dir='ltr' id='par_1_62' title="bbox 3484 344 3595 403">
     <span class='ocr_line' id='line_1_62' title="bbox 3484 344 3595 403; baseline 0.018 -2"><span class='ocrx_word' id='word_1_511' title='bbox 3484 344 3595 403; x_wconf 73' lang='lat' dir='ltr'><strong>5H</strong></span> 
     </span>
    </p>
   </div>
   <div class='ocr_carea' id='block_1_63' title="bbox 2001 440 3592 520">
    <p class='ocr_par' dir='ltr' id='par_1_63' title="bbox 2001 440 3592 520">
     <span class='ocr_line' id='line_1_63' title="bbox 2001 440 3592 520; baseline 0.017 -30"><span class='ocrx_word' id='word_1_512' title='bbox 2001 448 2123 507; x_wconf 87' lang='lat' dir='ltr'><strong>post</strong></span> <span class='ocrx_word' id='word_1_513' title='bbox 2146 440 2378 495; x_wconf 89' lang='lat' dir='ltr'><strong>reditum</strong></span> <span class='ocrx_word' id='word_1_514' title='bbox 2405 455 2469 496; x_wconf 82' lang='lat' dir='ltr'><strong>ex</strong></span> <span class='ocrx_word' id='word_1_515' title='bbox 2499 442 2775 514; x_wconf 84' lang='lat' dir='ltr'><strong>Babylone</strong></span> <span class='ocrx_word' id='word_1_516' title='bbox 2794 486 2809 511; x_wconf 91' lang='lat'><strong>,</strong></span> <span class='ocrx_word' id='word_1_517' title='bbox 2833 448 2960 515; x_wconf 86' lang='lat' dir='ltr'><strong>quia</strong></span> <span class='ocrx_word' id='word_1_518' title='bbox 2983 447 3018 503; x_wconf 89' lang='lat' dir='ltr'><strong>ii</strong></span> <span class='ocrx_word' id='word_1_519' title='bbox 3048 450 3139 520; x_wconf 88' lang='lat' dir='ltr'><strong>qui</strong></span> <span class='ocrx_word' id='word_1_520' title='bbox 3159 452 3495 514; x_wconf 65' lang='lat' dir='ltr'><strong>aediﬁcabant</strong></span> <span class='ocrx_word' id='word_1_521' title='bbox 3524 476 3592 517; x_wconf 84' lang='lat' dir='ltr'><strong>ex</strong></span> 
     </span>
    </p>
   </div>
   <div class='ocr_carea' id='block_1_64' title="bbox 1998 530 3584 617">
    <p class='ocr_par' dir='ltr' id='par_1_64' title="bbox 1998 530 3584 617">
     <span class='ocr_line' id='line_1_64' title="bbox 1998 530 3584 617; baseline 0.014 -33"><span class='ocrx_word' id='word_1_522' title='bbox 1998 530 2353 586; x_wconf 84' lang='lat' dir='ltr'><strong>barbarorum</strong></span> <span class='ocrx_word' id='word_1_523' title='bbox 2389 533 2605 588; x_wconf 89' lang='lat' dir='ltr'><strong>insidiis</strong></span> <span class='ocrx_word' id='word_1_524' title='bbox 2632 536 3095 607; x_wconf 88' lang='lat' dir='ltr'><strong>impediebantur;</strong></span> <span class='ocrx_word' id='word_1_525' title='bbox 3121 552 3175 599; x_wconf 89' lang='lat' dir='ltr'><strong>ct</strong></span> <span class='ocrx_word' id='word_1_526' title='bbox 3199 558 3323 600; x_wconf 88' lang='lat' dir='ltr'><strong>cum</strong></span> <span class='ocrx_word' id='word_1_527' title='bbox 3354 550 3584 617; x_wconf 89' lang='lat' dir='ltr'><strong>multum</strong></span> 
     </span>
    </p>
   </div>
   <div class='ocr_carea' id='block_1_65' title="bbox 1998 624 3592 705">
    <p class='ocr_par' dir='ltr' id='par_1_65' title="bbox 1998 624 3592 705">
     <span class='ocr_line' id='line_1_65' title="bbox 1998 624 3592 705; baseline 0.011 -26"><span class='ocrx_word' id='word_1_528' title='bbox 1998 624 2254 694; x_wconf 74' lang='lat' dir='ltr'><strong>temporis</strong></span> <span class='ocrx_word' id='word_1_529' title='bbox 2276 626 2595 695; x_wconf 79' lang='lat' dir='ltr'><strong>efﬂuxisset,</strong></span> <span class='ocrx_word' id='word_1_530' title='bbox 2622 629 2883 700; x_wconf 88' lang='lat' dir='ltr'><strong>templum</strong></span> <span class='ocrx_word' id='word_1_531' title='bbox 2909 633 3124 689; x_wconf 85' lang='lat' dir='ltr'><strong>tandem</strong></span> <span class='ocrx_word' id='word_1_532' title='bbox 3148 638 3443 705; x_wconf 81' lang='lat' dir='ltr'><strong>perfectum</strong></span> <span class='ocrx_word' id='word_1_533' title='bbox 3471 642 3592 698; x_wconf 79' lang='lat' dir='ltr'><strong>fuit.</strong></span> 
     </span>
    </p>
   </div>
   <div class='ocr_carea' id='block_1_66' title="bbox 1996 716 3591 797">
    <p class='ocr_par' dir='ltr' id='par_1_66' title="bbox 1996 716 3591 797">
     <span class='ocr_line' id='line_1_66' title="bbox 1996 716 3591 797; baseline 0.013 -30"><span class='ocrx_word' id='word_1_534' title='bbox 1996 716 2127 783; x_wconf 81' lang='lat' dir='ltr'><strong>Quia</strong></span> <span class='ocrx_word' id='word_1_535' title='bbox 2160 718 2318 787; x_wconf 86' lang='lat' dir='ltr'><strong>igitur</strong></span> <span class='ocrx_word' id='word_1_536' title='bbox 2337 718 2614 775; x_wconf 82' lang='lat' dir='ltr'><strong>Jcsusboe</strong></span> <span class='ocrx_word' id='word_1_537' title='bbox 2631 720 2702 777; x_wconf 88' lang='lat' dir='ltr'><strong>dc</strong></span> <span class='ocrx_word' id='word_1_538' title='bbox 2725 735 2955 792; x_wconf 89' lang='lat' dir='ltr'><strong>corpore</strong></span> <span class='ocrx_word' id='word_1_539' title='bbox 2982 740 3082 781; x_wconf 79' lang='lat' dir='ltr'><strong>suo</strong></span> <span class='ocrx_word' id='word_1_540' title='bbox 3112 726 3344 797; x_wconf 80' lang='lat' dir='ltr'><strong>dixerat,</strong></span> <span class='ocrx_word' id='word_1_541' title='bbox 3370 746 3591 788; x_wconf 79' lang='lat' dir='ltr'><strong>crucem</strong></span> 
     </span>
    </p>
   </div>
   <div class='ocr_carea' id='block_1_67' title="bbox 1996 810 3681 883">
    <p class='ocr_par' dir='ltr' id='par_1_67' title="bbox 1996 810 3681 883">
     <span class='ocr_line' id='line_1_67' title="bbox 1996 810 3681 883; baseline 0.011 -20"><span class='ocrx_word' id='word_1_542' title='bbox 1996 818 2049 863; x_wconf 91' lang='lat' dir='ltr'><strong>et</strong></span> <span class='ocrx_word' id='word_1_543' title='bbox 2079 810 2533 866; x_wconf 80' lang='lat' dir='ltr'><strong>resurrectionem</strong></span> <span class='ocrx_word' id='word_1_544' title='bbox 2562 812 2878 883; x_wconf 70' lang='lat' dir='ltr'><strong>significans</strong></span> <span class='ocrx_word' id='word_1_545' title='bbox 2908 834 2921 870; x_wconf 87' lang='lat'><strong>:</strong></span> <span class='ocrx_word' id='word_1_546' title='bbox 2956 816 3058 873; x_wconf 87' lang='lat' dir='ltr'><strong>hoc</strong></span> <span class='ocrx_word' id='word_1_547' title='bbox 3082 820 3226 875; x_wconf 89' lang='lat' dir='ltr'><strong>enim</strong></span> <span class='ocrx_word' id='word_1_548' title='bbox 3255 822 3356 878; x_wconf 89' lang='lat' dir='ltr'><strong>sibi</strong></span> <span class='ocrx_word' id='word_1_549' title='bbox 3384 826 3497 879; x_wconf 89' lang='lat' dir='ltr'><strong>vult</strong></span> <span class='ocrx_word' id='word_1_550' title='bbox 3527 826 3593 879; x_wconf 86' lang='lat' dir='ltr'><strong>il-</strong></span> <span class='ocrx_word' id='word_1_551' title='bbox 3676 817 3681 825; x_wconf 78' lang='grc'>’</span> 
     </span>
    </p>
   </div>
   <div class='ocr_carea' id='block_1_68' title="bbox 1998 899 3591 973">
    <p class='ocr_par' dir='ltr' id='par_1_68' title="bbox 1998 899 3591 973">
     <span class='ocr_line' id='line_1_68' title="bbox 1998 899 3591 973; baseline 0.013 -20"><span class='ocrx_word' id='word_1_552' title='bbox 1998 899 2086 954; x_wconf 92' lang='lat' dir='ltr'><strong>lud</strong></span> <span class='ocrx_word' id='word_1_553' title='bbox 2113 944 2127 964; x_wconf 88' lang='lat'><strong>,</strong></span> <span class='ocrx_word' id='word_1_554' title='bbox 2158 900 2354 956; x_wconf 75' lang='lat' dir='ltr'><strong>Solvite</strong></span> <span class='ocrx_word' id='word_1_555' title='bbox 2381 904 2623 973; x_wconf 86' lang='lat' dir='ltr'><strong>templum</strong></span> <span class='ocrx_word' id='word_1_556' title='bbox 2648 905 2764 972; x_wconf 77' lang='lat' dir='ltr'><strong>hoc,</strong></span> <span class='ocrx_word' id='word_1_557' title='bbox 2789 917 2839 961; x_wconf 85' lang='lat' dir='ltr'><strong>et</strong></span> <span class='ocrx_word' id='word_1_558' title='bbox 2884 908 2937 961; x_wconf 90' lang='lat' dir='ltr'><strong>in</strong></span> <span class='ocrx_word' id='word_1_559' title='bbox 2969 911 3131 965; x_wconf 77' lang='lat' dir='ltr'><strong>tribas</strong></span> <span class='ocrx_word' id='word_1_560' title='bbox 3161 912 3339 970; x_wconf 77' lang='lat' dir='ltr'><strong>diebus</strong></span> <span class='ocrx_word' id='word_1_561' title='bbox 3358 917 3591 973; x_wconf 66' lang='lat' dir='ltr'><strong>excitabo</strong></span> 
     </span>
    </p>
   </div>
   <div class='ocr_carea' id='block_1_69' title="bbox 1993 990 3583 1079">
    <p class='ocr_par' dir='ltr' id='par_1_69' title="bbox 1993 990 3583 1079">
     <span class='ocr_line' id='line_1_69' title="bbox 1993 990 3583 1079; baseline 0.014 -36"><span class='ocrx_word' id='word_1_562' title='bbox 1993 990 2127 1044; x_wconf 83' lang='lat' dir='ltr'><strong>illud</strong></span> <span class='ocrx_word' id='word_1_563' title='bbox 2150 1010 2169 1049; x_wconf 93' lang='lat'><em>:</em></span> <span class='ocrx_word' id='word_1_564' title='bbox 2193 992 2266 1046; x_wconf 87' lang='lat' dir='ltr'><strong>illi</strong></span> <span class='ocrx_word' id='word_1_565' title='bbox 2300 1002 2480 1049; x_wconf 89' lang='lat' dir='ltr'><strong>autem</strong></span> <span class='ocrx_word' id='word_1_566' title='bbox 2509 994 2577 1050; x_wconf 89' lang='lat' dir='ltr'><strong>de</strong></span> <span class='ocrx_word' id='word_1_567' title='bbox 2618 999 2818 1067; x_wconf 89' lang='lat' dir='ltr'><strong>templo</strong></span> <span class='ocrx_word' id='word_1_568' title='bbox 2844 998 3071 1057; x_wconf 80' lang='lat' dir='ltr'><strong>Judaieo</strong></span> <span class='ocrx_word' id='word_1_569' title='bbox 3094 1002 3299 1060; x_wconf 89' lang='lat' dir='ltr'><strong>dictum</strong></span> <span class='ocrx_word' id='word_1_570' title='bbox 3336 1010 3583 1079; x_wconf 84' lang='lat' dir='ltr'><strong>suspica-</strong></span> 
     </span>
    </p>
   </div>
   <div class='ocr_carea' id='block_1_70' title="bbox 1996 1083 3598 1168">
    <p class='ocr_par' dir='ltr' id='par_1_70' title="bbox 1996 1083 3598 1168">
     <span class='ocr_line' id='line_1_70' title="bbox 1996 1083 3598 1168; baseline 0.012 -31"><span class='ocrx_word' id='word_1_571' title='bbox 1996 1083 2227 1151; x_wconf 88' lang='lat' dir='ltr'><strong>bantur;</strong></span> <span class='ocrx_word' id='word_1_572' title='bbox 2258 1098 2590 1156; x_wconf 64' lang='lat' dir='ltr'><strong>quaprotnter</strong></span> <span class='ocrx_word' id='word_1_573' title='bbox 2619 1090 2873 1147; x_wconf 89' lang='lat' dir='ltr'><strong>dicebant</strong></span> <span class='ocrx_word' id='word_1_574' title='bbox 2900 1110 2915 1150; x_wconf 85' lang='lat'><strong>:</strong></span> <span class='ocrx_word' id='word_1_575' title='bbox 2953 1092 3312 1168; x_wconf 74' lang='lat' dir='ltr'><strong>Quadraginta</strong></span> <span class='ocrx_word' id='word_1_576' title='bbox 3337 1117 3427 1155; x_wconf 79' lang='lat' dir='ltr'><strong>sea:</strong></span> <span class='ocrx_word' id='word_1_577' title='bbox 3446 1105 3598 1157; x_wconf 82' lang='lat' dir='ltr'><strong>annis</strong></span> 
     </span>
    </p>
   </div>
   <div class='ocr_carea' id='block_1_71' title="bbox 1992 1174 3596 1249">
    <p class='ocr_par' dir='ltr' id='par_1_71' title="bbox 1992 1174 3596 1249">
     <span class='ocr_line' id='line_1_71' title="bbox 1992 1174 3596 1249; baseline 0.011 -19"><span class='ocrx_word' id='word_1_578' title='bbox 1992 1174 2302 1243; x_wconf 73' lang='lat' dir='ltr'><strong>ardiﬁcatnm</strong></span> <span class='ocrx_word' id='word_1_579' title='bbox 2330 1187 2401 1232; x_wconf 78' lang='lat' dir='ltr'><strong>est</strong></span> <span class='ocrx_word' id='word_1_580' title='bbox 2432 1181 2677 1249; x_wconf 77' lang='lat' dir='ltr'><strong>templum</strong></span> <span class='ocrx_word' id='word_1_581' title='bbox 2704 1184 2821 1249; x_wconf 83' lang='lat' dir='ltr'><strong>hoc,</strong></span> <span class='ocrx_word' id='word_1_582' title='bbox 2845 1193 2891 1237; x_wconf 89' lang='lat' dir='ltr'><strong>et</strong></span> <span class='ocrx_word' id='word_1_583' title='bbox 2913 1195 2967 1238; x_wconf 78' lang='lat' dir='ltr'><strong>tu</strong></span> <span class='ocrx_word' id='word_1_584' title='bbox 2989 1186 3043 1239; x_wconf 89' lang='lat' dir='ltr'><strong>in</strong></span> <span class='ocrx_word' id='word_1_585' title='bbox 3068 1188 3227 1243; x_wconf 84' lang='lat' dir='ltr'><strong>tribus</strong></span> <span class='ocrx_word' id='word_1_586' title='bbox 3253 1190 3429 1245; x_wconf 75' lang='lat' dir='ltr'><strong>diebus</strong></span> <span class='ocrx_word' id='word_1_587' title='bbox 3456 1196 3596 1247; x_wconf 72' lang='lat' dir='ltr'><strong>ext-i-</strong></span> 
     </span>
    </p>
   </div>
   <div class='ocr_carea' id='block_1_72' title="bbox 1993 1269 3601 1350">
    <p class='ocr_par' dir='ltr' id='par_1_72' title="bbox 1993 1269 3601 1350">
     <span class='ocr_line' id='line_1_72' title="bbox 1993 1269 3601 1350; baseline 0.013 -29"><span class='ocrx_word' id='word_1_588' title='bbox 1993 1269 2122 1322; x_wconf 85' lang='lat' dir='ltr'><strong>tabis</strong></span> <span class='ocrx_word' id='word_1_589' title='bbox 2148 1269 2321 1324; x_wconf 78' lang='lat' dir='ltr'><strong>illud?</strong></span> <span class='ocrx_word' id='word_1_590' title='bbox 2347 1271 2469 1325; x_wconf 85' lang='lat' dir='ltr'><strong>vide</strong></span> <span class='ocrx_word' id='word_1_591' title='bbox 2494 1274 2765 1342; x_wconf 89' lang='lat' dir='ltr'><strong>quomodo</strong></span> <span class='ocrx_word' id='word_1_592' title='bbox 2796 1276 2899 1332; x_wconf 88' lang='lat' dir='ltr'><strong>hoc</strong></span> <span class='ocrx_word' id='word_1_593' title='bbox 2940 1294 3046 1334; x_wconf 92' lang='lat' dir='ltr'><strong>non</strong></span> <span class='ocrx_word' id='word_1_594' title='bbox 3089 1284 3384 1350; x_wconf 66' lang='lat' dir='ltr'><strong>lirmterivit</strong></span> <span class='ocrx_word' id='word_1_595' title='bbox 3432 1302 3601 1343; x_wconf 82' lang='lat' dir='ltr'><strong>evan-</strong></span> 
     </span>
    </p>
   </div>
   <div class='ocr_carea' id='block_1_73' title="bbox 1991 1362 3593 1443">
    <p class='ocr_par' dir='ltr' id='par_1_73' title="bbox 1991 1362 3593 1443">
     <span class='ocr_line' id='line_1_73' title="bbox 1991 1362 3593 1443; baseline 0.013 -28"><span class='ocrx_word' id='word_1_596' title='bbox 1991 1363 2179 1431; x_wconf 83' lang='lat' dir='ltr'><strong>gelista</strong></span> <span class='ocrx_word' id='word_1_597' title='bbox 2206 1405 2223 1429; x_wconf 93' lang='lat'><strong>,</strong></span> <span class='ocrx_word' id='word_1_598' title='bbox 2257 1362 2351 1418; x_wconf 75' lang='lat' dir='ltr'><strong>sed</strong></span> <span class='ocrx_word' id='word_1_599' title='bbox 2410 1369 2804 1424; x_wconf 89' lang='lat' dir='ltr'><strong>correctionem</strong></span> <span class='ocrx_word' id='word_1_600' title='bbox 2857 1372 3139 1443; x_wconf 87' lang='lat' dir='ltr'><strong>subjunxit</strong></span> <span class='ocrx_word' id='word_1_601' title='bbox 3163 1418 3179 1443; x_wconf 97' lang='lat'><strong>,</strong></span> <span class='ocrx_word' id='word_1_602' title='bbox 3222 1376 3453 1434; x_wconf 84' lang='lat' dir='ltr'><strong>dicens:</strong></span> <span class='ocrx_word' id='word_1_603' title='bbox 3489 1379 3593 1436; x_wconf 79' lang='lat' dir='ltr'><strong>Ille</strong></span> 
     </span>
    </p>
   </div>
   <div class='ocr_carea' id='block_1_74' title="bbox 1990 1456 3593 1545">
    <p class='ocr_par' dir='ltr' id='par_1_74' title="bbox 1990 1456 3593 1545">
     <span class='ocr_line' id='line_1_74' title="bbox 1990 1456 3593 1545; baseline 0.015 -39"><span class='ocrx_word' id='word_1_604' title='bbox 1990 1465 2159 1509; x_wconf 82' lang='lat' dir='ltr'><strong>autem</strong></span> <span class='ocrx_word' id='word_1_605' title='bbox 2188 1456 2488 1526; x_wconf 73' lang='lat' dir='ltr'><strong>loquebatur</strong></span> <span class='ocrx_word' id='word_1_606' title='bbox 2514 1460 2579 1513; x_wconf 82' lang='lat' dir='ltr'><strong>de</strong></span> <span class='ocrx_word' id='word_1_607' title='bbox 2606 1463 2796 1533; x_wconf 83' lang='lat' dir='ltr'><strong>templo</strong></span> <span class='ocrx_word' id='word_1_608' title='bbox 2820 1468 3055 1537; x_wconf 76' lang='lat' dir='ltr'><strong>corporis</strong></span> <span class='ocrx_word' id='word_1_609' title='bbox 3077 1470 3156 1523; x_wconf 85' lang='lat' dir='ltr'><strong>sui</strong></span> <span class='ocrx_word' id='word_1_610' title='bbox 3190 1469 3375 1543; x_wconf 77' lang='lat' dir='ltr'><strong>(latin.</strong></span> <span class='ocrx_word' id='word_1_611' title='bbox 3399 1472 3593 1545; x_wconf 70' lang='lat'><strong>2.21).</strong></span> 
     </span>
    </p>
   </div>
   <div class='ocr_carea' id='block_1_75' title="bbox 1990 1543 3596 1629">
    <p class='ocr_par' dir='ltr' id='par_1_75' title="bbox 1990 1543 3596 1629">
     <span class='ocr_line' id='line_1_75' title="bbox 1990 1543 3596 1629; baseline 0.014 -30"><span class='ocrx_word' id='word_1_612' title='bbox 1990 1543 2175 1616; x_wconf 86' lang='lat' dir='ltr'><strong>Neque</strong></span> <span class='ocrx_word' id='word_1_613' title='bbox 2201 1549 2346 1602; x_wconf 89' lang='lat' dir='ltr'><strong>enim</strong></span> <span class='ocrx_word' id='word_1_614' title='bbox 2373 1550 2587 1606; x_wconf 76' lang='lat' dir='ltr'><strong>dixerat</strong></span> <span class='ocrx_word' id='word_1_615' title='bbox 2610 1594 2624 1617; x_wconf 89' lang='lat'><strong>,</strong></span> <span class='ocrx_word' id='word_1_616' title='bbox 2655 1551 2860 1610; x_wconf 83' lang='lat' dir='ltr'><strong>Solvite</strong></span> <span class='ocrx_word' id='word_1_617' title='bbox 2887 1571 3089 1629; x_wconf 90' lang='lat' dir='ltr'><strong>corpus</strong></span> <span class='ocrx_word' id='word_1_618' title='bbox 3117 1559 3219 1616; x_wconf 87' lang='lat' dir='ltr'><strong>hoc</strong></span> <span class='ocrx_word' id='word_1_619' title='bbox 3242 1580 3257 1618; x_wconf 73' lang='grc' dir='ltr'>ι</span> <span class='ocrx_word' id='word_1_620' title='bbox 3285 1565 3402 1629; x_wconf 88' lang='lat' dir='ltr'><strong>sed,</strong></span> <span class='ocrx_word' id='word_1_621' title='bbox 3442 1543 3596 1622; x_wconf 78' lang='lat' dir='ltr'><strong>Teni-</strong></span> 
     </span>
    </p>
   </div>
   <div class='ocr_carea' id='block_1_76' title="bbox 1992 1640 3594 1718">
    <p class='ocr_par' dir='ltr' id='par_1_76' title="bbox 1992 1640 3594 1718">
     <span class='ocr_line' id='line_1_76' title="bbox 1992 1640 3594 1718; baseline 0.017 -26"><span class='ocrx_word' id='word_1_622' title='bbox 1992 1640 2136 1707; x_wconf 83' lang='lat' dir='ltr'><strong>plum</strong></span> <span class='ocrx_word' id='word_1_623' title='bbox 2166 1682 2183 1706; x_wconf 91' lang='lat'><strong>,</strong></span> <span class='ocrx_word' id='word_1_624' title='bbox 2225 1651 2284 1696; x_wconf 87' lang='lat' dir='ltr'><strong>ut</strong></span> <span class='ocrx_word' id='word_1_625' title='bbox 2338 1641 2727 1701; x_wconf 85' lang='lat' dir='ltr'><strong>inhabitantem</strong></span> <span class='ocrx_word' id='word_1_626' title='bbox 2782 1647 2949 1705; x_wconf 84' lang='lat' dir='ltr'><strong>Deum</strong></span> <span class='ocrx_word' id='word_1_627' title='bbox 3001 1651 3351 1714; x_wconf 80' lang='lat' dir='ltr'><strong>declararet:</strong></span> <span class='ocrx_word' id='word_1_628' title='bbox 3386 1658 3594 1718; x_wconf 76' lang='lat' dir='ltr'><strong>Solvite</strong></span> 
     </span>
    </p>
   </div>
   <div class='ocr_carea' id='block_1_77' title="bbox 1992 1733 3595 1825">
    <p class='ocr_par' dir='ltr' id='par_1_77' title="bbox 1992 1733 3595 1825">
     <span class='ocr_line' id='line_1_77' title="bbox 1992 1733 3595 1825; baseline 0.011 -40"><span class='ocrx_word' id='word_1_629' title='bbox 1992 1733 2251 1802; x_wconf 86' lang='lat' dir='ltr'><strong>templum</strong></span> <span class='ocrx_word' id='word_1_630' title='bbox 2281 1737 2451 1791; x_wconf 91' lang='lat' dir='ltr'><strong>multo</strong></span> <span class='ocrx_word' id='word_1_631' title='bbox 2475 1737 2664 1793; x_wconf 82' lang='lat' dir='ltr'><strong>melius</strong></span> <span class='ocrx_word' id='word_1_632' title='bbox 2692 1738 2934 1797; x_wconf 80' lang='lat' dir='ltr'><strong>Juduico.</strong></span> <span class='ocrx_word' id='word_1_633' title='bbox 2970 1742 3102 1799; x_wconf 85' lang='lat' dir='ltr'><strong>Illud</strong></span> <span class='ocrx_word' id='word_1_634' title='bbox 3130 1748 3272 1802; x_wconf 85' lang='lat' dir='ltr'><strong>enim</strong></span> <span class='ocrx_word' id='word_1_635' title='bbox 3296 1750 3469 1825; x_wconf 86' lang='lat' dir='ltr'><strong>legem</strong></span> <span class='ocrx_word' id='word_1_636' title='bbox 3495 1756 3595 1813; x_wconf 63' lang='lat' dir='ltr'><strong>ha-</strong></span> 
     </span>
    </p>
   </div>
   <div class='ocr_carea' id='block_1_78' title="bbox 1992 1822 3585 1920">
    <p class='ocr_par' dir='ltr' id='par_1_78' title="bbox 1992 1822 3585 1920">
     <span class='ocr_line' id='line_1_78' title="bbox 1992 1822 3585 1920; baseline 0.019 -45"><span class='ocrx_word' id='word_1_637' title='bbox 1992 1822 2191 1887; x_wconf 85' lang='lat' dir='ltr'><strong>bebat,</strong></span> <span class='ocrx_word' id='word_1_638' title='bbox 2224 1827 2326 1881; x_wconf 91' lang='lat' dir='ltr'><strong>hoc</strong></span> <span class='ocrx_word' id='word_1_639' title='bbox 2372 1840 2552 1882; x_wconf 89' lang='lat' dir='ltr'><strong>autem</strong></span> <span class='ocrx_word' id='word_1_640' title='bbox 2596 1830 2999 1905; x_wconf 77' lang='lat' dir='ltr'><strong>legislaturem;</strong></span> <span class='ocrx_word' id='word_1_641' title='bbox 3033 1836 3159 1897; x_wconf 91' lang='lat' dir='ltr'><strong>illttd</strong></span> <span class='ocrx_word' id='word_1_642' title='bbox 3209 1822 3417 1902; x_wconf 72' lang='lat' dir='ltr'><strong>litemin</strong></span> <span class='ocrx_word' id='word_1_643' title='bbox 3460 1866 3585 1920; x_wconf 87' lang='lat' dir='ltr'><strong>qu:e</strong></span> 
     </span>
    </p>
   </div>
   <div class='ocr_carea' id='block_1_79' title="bbox 1990 1915 3577 2011">
    <p class='ocr_par' dir='ltr' id='par_1_79' title="bbox 1990 1915 3577 2011">
     <span class='ocr_line' id='line_1_79' title="bbox 1990 1915 3577 2011; baseline 0.018 -39"><span class='ocrx_word' id='word_1_644' title='bbox 1990 1915 2211 1983; x_wconf 85' lang='lat' dir='ltr'><strong>occidit,</strong></span> <span class='ocrx_word' id='word_1_645' title='bbox 2238 1918 2341 1978; x_wconf 89' lang='lat' dir='ltr'><strong>ltoc</strong></span> <span class='ocrx_word' id='word_1_646' title='bbox 2368 1920 2617 1992; x_wconf 74' lang='lat' dir='ltr'><strong>spiritum</strong></span> <span class='ocrx_word' id='word_1_647' title='bbox 2646 1930 2737 1998; x_wconf 89' lang='lat' dir='ltr'><strong>qui</strong></span> <span class='ocrx_word' id='word_1_648' title='bbox 2773 1932 3046 2000; x_wconf 72' lang='lat' dir='ltr'><strong>vivilimt;</strong></span> <span class='ocrx_word' id='word_1_649' title='bbox 3080 1935 3209 1992; x_wconf 87' lang='lat' dir='ltr'><strong>illud</strong></span> <span class='ocrx_word' id='word_1_650' title='bbox 3242 1939 3445 2011; x_wconf 85' lang='lat' dir='ltr'><strong>virgam</strong></span> <span class='ocrx_word' id='word_1_651' title='bbox 3469 1915 3577 1999; x_wconf 51' lang='lat' dir='ltr'><strong>da-</strong></span> 
     </span>
    </p>
   </div>
   <div class='ocr_carea' id='block_1_80' title="bbox 1990 2012 2737 2087">
    <p class='ocr_par' dir='ltr' id='par_1_80' title="bbox 1990 2012 2737 2087">
     <span class='ocr_line' id='line_1_80' title="bbox 1990 2012 2737 2087; baseline 0.015 -21"><span class='ocrx_word' id='word_1_652' title='bbox 1990 2012 2163 2078; x_wconf 86' lang='lat' dir='ltr'><strong>ronis,</strong></span> <span class='ocrx_word' id='word_1_653' title='bbox 2193 2013 2297 2071; x_wconf 87' lang='lat' dir='ltr'><strong>hoc</strong></span> <span class='ocrx_word' id='word_1_654' title='bbox 2326 2017 2526 2087; x_wconf 83' lang='lat' dir='ltr'><strong>virgam</strong></span> <span class='ocrx_word' id='word_1_655' title='bbox 2548 2018 2737 2077; x_wconf 67' lang='lat' dir='ltr'><strong>Jessa‘.</strong></span> 
     </span>
    </p>
   </div>
   <div class='ocr_carea' id='block_1_81' title="bbox 2064 2106 3586 2189">
    <p class='ocr_par' dir='ltr' id='par_1_81' title="bbox 2064 2106 3586 2189">
     <span class='ocr_line' id='line_1_81' title="bbox 2064 2106 3586 2189; baseline 0.018 -27"><span class='ocrx_word' id='word_1_656' title='bbox 2064 2106 2116 2162; x_wconf 77' lang='grc'><strong>5.</strong></span> <span class='ocrx_word' id='word_1_657' title='bbox 2142 2106 2351 2165; x_wconf 81' lang='lat' dir='ltr'><strong>Rursus</strong></span> <span class='ocrx_word' id='word_1_658' title='bbox 2371 2111 2497 2167; x_wconf 87' lang='lat' dir='ltr'><strong>alibi</strong></span> <span class='ocrx_word' id='word_1_659' title='bbox 2524 2124 2645 2183; x_wconf 89' lang='lat' dir='ltr'><strong>post</strong></span> <span class='ocrx_word' id='word_1_660' title='bbox 2667 2130 2865 2185; x_wconf 73' lang='lat' dir='ltr'><strong>putum</strong></span> <span class='ocrx_word' id='word_1_661' title='bbox 2895 2120 3212 2179; x_wconf 89' lang='lat' dir='ltr'><strong>miraculum</strong></span> <span class='ocrx_word' id='word_1_662' title='bbox 3243 2128 3431 2185; x_wconf 83' lang='lat' dir='ltr'><strong>abiens</strong></span> <span class='ocrx_word' id='word_1_663' title='bbox 3460 2146 3586 2189; x_wconf 79' lang='lat' dir='ltr'><strong>eum</strong></span> 
     </span>
    </p>
   </div>
   <div class='ocr_carea' id='block_1_82' title="bbox 1992 2197 3579 2293">
    <p class='ocr_par' dir='ltr' id='par_1_82' title="bbox 1992 2197 3579 2293">
     <span class='ocr_line' id='line_1_82' title="bbox 1992 2197 3579 2293; baseline 0.017 -41"><span class='ocrx_word' id='word_1_664' title='bbox 1992 2197 2122 2267; x_wconf 90' lang='lat' dir='ltr'><strong>illis,</strong></span> <span class='ocrx_word' id='word_1_665' title='bbox 2151 2199 2205 2254; x_wconf 92' lang='lat' dir='ltr'><strong>in</strong></span> <span class='ocrx_word' id='word_1_666' title='bbox 2228 2201 2514 2259; x_wconf 85' lang='lat' dir='ltr'><strong>adversam</strong></span> <span class='ocrx_word' id='word_1_667' title='bbox 2542 2207 2715 2276; x_wconf 90' lang='lat' dir='ltr'><strong>ripam</strong></span> <span class='ocrx_word' id='word_1_668' title='bbox 2749 2210 2980 2280; x_wconf 73' lang='lat' dir='ltr'><strong>trajecit;</strong></span> <span class='ocrx_word' id='word_1_669' title='bbox 3009 2223 3065 2269; x_wconf 91' lang='lat' dir='ltr'><strong>et</strong></span> <span class='ocrx_word' id='word_1_670' title='bbox 3096 2216 3306 2274; x_wconf 82' lang='lat' dir='ltr'><strong>dicebat</strong></span> <span class='ocrx_word' id='word_1_671' title='bbox 3338 2222 3579 2293; x_wconf 52' lang='lat' dir='ltr'><strong>discipn.</strong></span> 
     </span>
    </p>
   </div>
   <div class='ocr_carea' id='block_1_83' title="bbox 1991 2287 3591 2373">
    <p class='ocr_par' dir='ltr' id='par_1_83' title="bbox 1991 2287 3591 2373">
     <span class='ocr_line' id='line_1_83' title="bbox 1991 2287 3591 2373; baseline 0.02 -31"><span class='ocrx_word' id='word_1_672' title='bbox 1991 2287 2098 2343; x_wconf 88' lang='lat' dir='ltr'><strong>lis:</strong></span> <span class='ocrx_word' id='word_1_673' title='bbox 2126 2291 2385 2348; x_wconf 78' lang='lat' dir='ltr'><strong>Attendite</strong></span> <span class='ocrx_word' id='word_1_674' title='bbox 2408 2311 2439 2348; x_wconf 90' lang='lat' dir='ltr'><strong>a</strong></span> <span class='ocrx_word' id='word_1_675' title='bbox 2466 2300 2716 2366; x_wconf 79' lang='lat' dir='ltr'><strong>fermento</strong></span> <span class='ocrx_word' id='word_1_676' title='bbox 2748 2299 3135 2361; x_wconf 71' lang='lat' dir='ltr'><strong>Plini-iurarunt</strong></span> <span class='ocrx_word' id='word_1_677' title='bbox 3174 2319 3221 2363; x_wconf 88' lang='lat' dir='ltr'><strong>et</strong></span> <span class='ocrx_word' id='word_1_678' title='bbox 3267 2287 3591 2373; x_wconf 64' lang='lat' dir='ltr'><strong>Sadducieo-</strong></span> 
     </span>
    </p>
   </div>
   <div class='ocr_carea' id='block_1_84' title="bbox 1990 2382 3589 2471">
    <p class='ocr_par' dir='ltr' id='par_1_84' title="bbox 1990 2382 3589 2471">
     <span class='ocr_line' id='line_1_84' title="bbox 1990 2382 3589 2471; baseline 0.019 -37"><span class='ocrx_word' id='word_1_679' title='bbox 1990 2396 2109 2434; x_wconf 74' lang='lat' dir='ltr'><strong>rum</strong></span> <span class='ocrx_word' id='word_1_680' title='bbox 2142 2383 2161 2453; x_wconf 94' lang='lat'><strong>(</strong></span> <span class='ocrx_word' id='word_1_681' title='bbox 2196 2382 2359 2439; x_wconf 73' lang='lat' dir='ltr'><strong>Marc.</strong></span> <span class='ocrx_word' id='word_1_682' title='bbox 2392 2386 2446 2441; x_wconf 86' lang='lat'><strong>8.</strong></span> <span class='ocrx_word' id='word_1_683' title='bbox 2482 2389 2550 2443; x_wconf 77' lang='grc' dir='ltr'>Η</span> <span class='ocrx_word' id='word_1_684' title='bbox 2598 2407 2615 2456; x_wconf 87' lang='grc'>;</span> <span class='ocrx_word' id='word_1_685' title='bbox 2727 2390 2915 2447; x_wconf 75' lang='lat' dir='ltr'><strong>Matth.</strong></span> <span class='ocrx_word' id='word_1_686' title='bbox 2945 2396 3033 2452; x_wconf 88' lang='lat'><strong>16.</strong></span> <span class='ocrx_word' id='word_1_687' title='bbox 3065 2400 3100 2453; x_wconf 79' lang='lat'><strong>6</strong></span> <span class='ocrx_word' id='word_1_688' title='bbox 3129 2399 3169 2471; x_wconf 94' lang='lat'><strong>).</strong></span> <span class='ocrx_word' id='word_1_689' title='bbox 3205 2402 3281 2457; x_wconf 89' lang='lat' dir='ltr'><strong>Illi</strong></span> <span class='ocrx_word' id='word_1_690' title='bbox 3314 2421 3444 2459; x_wconf 86' lang='lat' dir='ltr'><strong>vero</strong></span> <span class='ocrx_word' id='word_1_691' title='bbox 3473 2406 3589 2465; x_wconf 81' lang='lat' dir='ltr'><strong>fer-</strong></span> 
     </span>
    </p>
   </div>
   <div class='ocr_carea' id='block_1_85' title="bbox 1946 2478 3585 2563">
    <p class='ocr_par' dir='ltr' id='par_1_85' title="bbox 1946 2478 3585 2563">
     <span class='ocr_line' id='line_1_85' title="bbox 1946 2478 3585 2563; baseline 0.02 -37"><span class='ocrx_word' id='word_1_692' title='bbox 1946 2485 1958 2492; x_wconf 87' lang='lat'><strong>&#39;</strong></span> <span class='ocrx_word' id='word_1_693' title='bbox 1993 2483 2233 2529; x_wconf 88' lang='lat' dir='ltr'><strong>mentum</strong></span> <span class='ocrx_word' id='word_1_694' title='bbox 2260 2478 2545 2534; x_wconf 87' lang='lat' dir='ltr'><strong>audientes</strong></span> <span class='ocrx_word' id='word_1_695' title='bbox 2570 2480 2637 2537; x_wconf 92' lang='lat' dir='ltr'><strong>de</strong></span> <span class='ocrx_word' id='word_1_696' title='bbox 2668 2485 2895 2551; x_wconf 86' lang='lat' dir='ltr'><strong>panibus</strong></span> <span class='ocrx_word' id='word_1_697' title='bbox 2920 2487 2970 2542; x_wconf 91' lang='lat' dir='ltr'><strong>id</strong></span> <span class='ocrx_word' id='word_1_698' title='bbox 2997 2490 3102 2544; x_wconf 89' lang='lat' dir='ltr'><strong>dici</strong></span> <span class='ocrx_word' id='word_1_699' title='bbox 3130 2495 3585 2563; x_wconf 87' lang='lat' dir='ltr'><strong>suspicabantur:</strong></span> 
     </span>
    </p>
   </div>
   <div class='ocr_carea' id='block_1_86' title="bbox 1994 2566 3594 2649">
    <p class='ocr_par' dir='ltr' id='par_1_86' title="bbox 1994 2566 3594 2649">
     <span class='ocr_line' id='line_1_86' title="bbox 1994 2566 3594 2649; baseline 0.018 -29"><span class='ocrx_word' id='word_1_700' title='bbox 1994 2566 2086 2623; x_wconf 90' lang='lat' dir='ltr'><strong>ille</strong></span> <span class='ocrx_word' id='word_1_701' title='bbox 2112 2576 2418 2625; x_wconf 88' lang='lat' dir='ltr'><strong>autemnon</strong></span> <span class='ocrx_word' id='word_1_702' title='bbox 2442 2572 2510 2627; x_wconf 89' lang='lat' dir='ltr'><strong>de</strong></span> <span class='ocrx_word' id='word_1_703' title='bbox 2528 2575 2755 2642; x_wconf 87' lang='lat' dir='ltr'><strong>panibus</strong></span> <span class='ocrx_word' id='word_1_704' title='bbox 2772 2577 3115 2649; x_wconf 82' lang='lat' dir='ltr'><strong>loquebatur,</strong></span> <span class='ocrx_word' id='word_1_705' title='bbox 3139 2585 3233 2640; x_wconf 89' lang='lat' dir='ltr'><strong>sed</strong></span> <span class='ocrx_word' id='word_1_706' title='bbox 3259 2585 3329 2642; x_wconf 87' lang='lat' dir='ltr'><strong>de</strong></span> <span class='ocrx_word' id='word_1_707' title='bbox 3348 2589 3594 2647; x_wconf 89' lang='lat' dir='ltr'><strong>doctrina</strong></span> 
     </span>
    </p>
   </div>
   <div class='ocr_carea' id='block_1_87' title="bbox 1994 2656 3593 2746">
    <p class='ocr_par' dir='ltr' id='par_1_87' title="bbox 1994 2656 3593 2746">
     <span class='ocr_line' id='line_1_87' title="bbox 1994 2656 3593 2746; baseline 0.016 -33"><span class='ocrx_word' id='word_1_708' title='bbox 1994 2656 2392 2718; x_wconf 62' lang='lat' dir='ltr'><strong>Pharisaaorum</strong></span> <span class='ocrx_word' id='word_1_709' title='bbox 2439 2664 2573 2733; x_wconf 84' lang='lat' dir='ltr'><strong>Quia</strong></span> <span class='ocrx_word' id='word_1_710' title='bbox 2605 2668 2749 2721; x_wconf 91' lang='lat' dir='ltr'><strong>enim</strong></span> <span class='ocrx_word' id='word_1_711' title='bbox 2774 2669 2920 2725; x_wconf 87' lang='lat' dir='ltr'><strong>aliud</strong></span> <span class='ocrx_word' id='word_1_712' title='bbox 2947 2672 3060 2740; x_wconf 86' lang='lat' dir='ltr'><strong>ipse</strong></span> <span class='ocrx_word' id='word_1_713' title='bbox 3085 2673 3317 2746; x_wconf 78' lang='lat' dir='ltr'><strong>dixerat,</strong></span> <span class='ocrx_word' id='word_1_714' title='bbox 3347 2681 3492 2736; x_wconf 92' lang='lat' dir='ltr'><strong>aliud</strong></span> <span class='ocrx_word' id='word_1_715' title='bbox 3518 2684 3593 2739; x_wconf 84' lang='lat' dir='ltr'><strong>illi</strong></span> 
     </span>
    </p>
   </div>
   <div class='ocr_carea' id='block_1_88' title="bbox 1994 2751 3591 2838">
    <p class='ocr_par' dir='ltr' id='par_1_88' title="bbox 1994 2751 3591 2838">
     <span class='ocr_line' id='line_1_88' title="bbox 1994 2751 3591 2838; baseline 0.017 -35"><span class='ocrx_word' id='word_1_716' title='bbox 1994 2751 2413 2821; x_wconf 88' lang='lat' dir='ltr'><strong>suspicabantur</strong></span> <span class='ocrx_word' id='word_1_717' title='bbox 2441 2795 2459 2821; x_wconf 87' lang='lat'><strong>,</strong></span> <span class='ocrx_word' id='word_1_718' title='bbox 2504 2757 2627 2813; x_wconf 89' lang='lat' dir='ltr'><strong>vide</strong></span> <span class='ocrx_word' id='word_1_719' title='bbox 2655 2762 2927 2829; x_wconf 88' lang='lat' dir='ltr'><strong>quomodo</strong></span> <span class='ocrx_word' id='word_1_720' title='bbox 2956 2762 3005 2817; x_wconf 90' lang='lat' dir='ltr'><strong>id</strong></span> <span class='ocrx_word' id='word_1_721' title='bbox 3033 2769 3270 2838; x_wconf 88' lang='lat' dir='ltr'><strong>corrigat</strong></span> <span class='ocrx_word' id='word_1_722' title='bbox 3293 2814 3308 2835; x_wconf 90' lang='lat'><strong>,</strong></span> <span class='ocrx_word' id='word_1_723' title='bbox 3355 2771 3546 2829; x_wconf 86' lang='lat' dir='ltr'><strong>dicens</strong></span> <span class='ocrx_word' id='word_1_724' title='bbox 3573 2790 3591 2830; x_wconf 88' lang='lat'><strong>:</strong></span> 
     </span>
    </p>
   </div>
   <div class='ocr_carea' id='block_1_89' title="bbox 1993 2845 3591 2923">
    <p class='ocr_par' dir='ltr' id='par_1_89' title="bbox 1993 2845 3591 2923">
     <span class='ocr_line' id='line_1_89' title="bbox 1993 2845 3591 2923; baseline 0.015 -24"><span class='ocrx_word' id='word_1_725' title='bbox 1993 2845 2180 2900; x_wconf 77' lang='lat' dir='ltr'><strong>Adhuc</strong></span> <span class='ocrx_word' id='word_1_726' title='bbox 2218 2858 2265 2902; x_wconf 90' lang='lat' dir='ltr'><strong>et</strong></span> <span class='ocrx_word' id='word_1_727' title='bbox 2301 2865 2389 2903; x_wconf 83' lang='lat' dir='ltr'><strong>ros</strong></span> <span class='ocrx_word' id='word_1_728' title='bbox 2426 2852 2537 2905; x_wconf 80' lang='lat' dir='ltr'><strong>sine</strong></span> <span class='ocrx_word' id='word_1_729' title='bbox 2584 2853 2845 2910; x_wconf 86' lang='lat' dir='ltr'><strong>intellectu</strong></span> <span class='ocrx_word' id='word_1_730' title='bbox 2892 2858 3011 2911; x_wconf 80' lang='lat' dir='ltr'><strong>estis</strong></span> <span class='ocrx_word' id='word_1_731' title='bbox 3034 2860 3061 2913; x_wconf 63' lang='grc' dir='ltr'><em>τ</em></span> <span class='ocrx_word' id='word_1_732' title='bbox 3088 2876 3190 2915; x_wconf 88' lang='lat' dir='ltr'><strong>non</strong></span> <span class='ocrx_word' id='word_1_733' title='bbox 3244 2867 3591 2923; x_wconf 83' lang='lat' dir='ltr'><strong>recordamini</strong></span> 
     </span>
    </p>
   </div>
   <div class='ocr_carea' id='block_1_90' title="bbox 1992 2939 3585 3028">
    <p class='ocr_par' dir='ltr' id='par_1_90' title="bbox 1992 2939 3585 3028">
     <span class='ocr_line' id='line_1_90' title="bbox 1992 2939 3585 3028; baseline 0.016 -38"><span class='ocrx_word' id='word_1_734' title='bbox 1992 2939 2212 3007; x_wconf 79' lang='lat' dir='ltr'><strong>quinque</strong></span> <span class='ocrx_word' id='word_1_735' title='bbox 2242 2956 2433 3009; x_wconf 87' lang='lat' dir='ltr'><strong>panum</strong></span> <span class='ocrx_word' id='word_1_736' title='bbox 2454 2951 2501 2996; x_wconf 85' lang='lat' dir='ltr'><strong>et</strong></span> <span class='ocrx_word' id='word_1_737' title='bbox 2530 2954 2651 3011; x_wconf 82' lang='lat' dir='ltr'><strong>quot</strong></span> <span class='ocrx_word' id='word_1_738' title='bbox 2690 2946 2937 3017; x_wconf 75' lang='lat' dir='ltr'><strong>cophinos</strong></span> <span class='ocrx_word' id='word_1_739' title='bbox 2965 2952 3253 3020; x_wconf 84' lang='lat' dir='ltr'><strong>suntpsistis</strong></span> <span class='ocrx_word' id='word_1_740' title='bbox 3272 2997 3285 3019; x_wconf 89' lang='lat'><strong>,</strong></span> <span class='ocrx_word' id='word_1_741' title='bbox 3312 2965 3361 3011; x_wconf 85' lang='lat' dir='ltr'><strong>et</strong></span> <span class='ocrx_word' id='word_1_742' title='bbox 3390 2969 3585 3028; x_wconf 66' lang='lat' dir='ltr'><strong>septem</strong></span> 
     </span>
    </p>
   </div>
   <div class='ocr_carea' id='block_1_91' title="bbox 1997 3040 3584 3122">
    <p class='ocr_par' dir='ltr' id='par_1_91' title="bbox 1997 3040 3584 3122">
     <span class='ocr_line' id='line_1_91' title="bbox 1997 3040 3584 3122; baseline 0.018 -44"><span class='ocrx_word' id='word_1_743' title='bbox 1997 3044 2185 3097; x_wconf 84' lang='lat' dir='ltr'><strong>panum</strong></span> <span class='ocrx_word' id='word_1_744' title='bbox 2206 3041 2253 3083; x_wconf 83' lang='lat' dir='ltr'><strong>et</strong></span> <span class='ocrx_word' id='word_1_745' title='bbox 2279 3042 2401 3099; x_wconf 83' lang='lat' dir='ltr'><strong>quot</strong></span> <span class='ocrx_word' id='word_1_746' title='bbox 2424 3047 2625 3104; x_wconf 86' lang='lat' dir='ltr'><strong>sporlas</strong></span> <span class='ocrx_word' id='word_1_747' title='bbox 2653 3040 2919 3108; x_wconf 78' lang='lat' dir='ltr'><strong>accepistis</strong></span> <span class='ocrx_word' id='word_1_748' title='bbox 2940 3040 2967 3094; x_wconf 79' lang='lat'><strong><em>?</em></strong></span> <span class='ocrx_word' id='word_1_749' title='bbox 2992 3058 3147 3111; x_wconf 85' lang='lat' dir='ltr'><strong>quare</strong></span> <span class='ocrx_word' id='word_1_750' title='bbox 3174 3061 3275 3099; x_wconf 90' lang='lat' dir='ltr'><strong>non</strong></span> <span class='ocrx_word' id='word_1_751' title='bbox 3296 3048 3584 3122; x_wconf 82' lang='lat' dir='ltr'><strong>intelligitis</strong></span> 
     </span>
    </p>
   </div>
   <div class='ocr_carea' id='block_1_92' title="bbox 1992 3124 3591 3212">
    <p class='ocr_par' dir='ltr' id='par_1_92' title="bbox 1992 3124 3591 3212">
     <span class='ocr_line' id='line_1_92' title="bbox 1992 3124 3591 3212; baseline 0.017 -40"><span class='ocrx_word' id='word_1_752' title='bbox 1992 3124 2113 3191; x_wconf 83' lang='lat' dir='ltr'><strong>quia</strong></span> <span class='ocrx_word' id='word_1_753' title='bbox 2138 3139 2240 3179; x_wconf 81' lang='lat' dir='ltr'><strong>non</strong></span> <span class='ocrx_word' id='word_1_754' title='bbox 2270 3125 2334 3178; x_wconf 87' lang='lat' dir='ltr'><strong>de</strong></span> <span class='ocrx_word' id='word_1_755' title='bbox 2352 3127 2571 3205; x_wconf 78' lang='lat' dir='ltr'><strong>panibus</strong></span> <span class='ocrx_word' id='word_1_756' title='bbox 2593 3130 2705 3183; x_wconf 71' lang='lat' dir='ltr'><strong>dixi</strong></span> <span class='ocrx_word' id='word_1_757' title='bbox 2731 3131 2871 3185; x_wconf 73' lang='lat' dir='ltr'><strong>vobis</strong></span> <span class='ocrx_word' id='word_1_758' title='bbox 2892 3176 2907 3199; x_wconf 96' lang='lat'><strong>,</strong></span> <span class='ocrx_word' id='word_1_759' title='bbox 2936 3137 3022 3212; x_wconf 61' lang='lat' dir='ltr'><strong>sed</strong></span> <span class='ocrx_word' id='word_1_760' title='bbox 3049 3136 3112 3189; x_wconf 83' lang='lat' dir='ltr'><strong>de</strong></span> <span class='ocrx_word' id='word_1_761' title='bbox 3139 3136 3373 3194; x_wconf 85' lang='lat' dir='ltr'><strong>doctrina</strong></span> <span class='ocrx_word' id='word_1_762' title='bbox 3396 3141 3591 3199; x_wconf 80' lang='lat' dir='ltr'><strong>Phari-</strong></span> 
     </span>
    </p>
   </div>
   <div class='ocr_carea' id='block_1_93' title="bbox 1992 3218 3595 3305">
    <p class='ocr_par' dir='ltr' id='par_1_93' title="bbox 1992 3218 3595 3305">
     <span class='ocr_line' id='line_1_93' title="bbox 1992 3218 3595 3305; baseline 0.017 -42"><span class='ocrx_word' id='word_1_763' title='bbox 1992 3226 2211 3265; x_wconf 72' lang='lat' dir='ltr'><strong>sa&#39;orum</strong></span> <span class='ocrx_word' id='word_1_764' title='bbox 2230 3256 2244 3279; x_wconf 91' lang='lat'><strong>,</strong></span> <span class='ocrx_word' id='word_1_765' title='bbox 2266 3224 2335 3291; x_wconf 80' lang='lat' dir='ltr'><strong>nt</strong></span> <span class='ocrx_word' id='word_1_766' title='bbox 2362 3218 2638 3274; x_wconf 82' lang='lat' dir='ltr'><strong>attendatis</strong></span> <span class='ocrx_word' id='word_1_767' title='bbox 2664 3222 2682 3290; x_wconf 70' lang='grc' dir='ltr'>ζ</span> <span class='ocrx_word' id='word_1_768' title='bbox 2706 3218 2893 3275; x_wconf 75' lang='grc' dir='ltr'><strong>ΙΙαιιΙι.</strong></span> <span class='ocrx_word' id='word_1_769' title='bbox 2925 3224 3013 3279; x_wconf 82' lang='lat'><strong>15.</strong></span> <span class='ocrx_word' id='word_1_770' title='bbox 3045 3225 3130 3281; x_wconf 86' lang='lat'><strong>16.</strong></span> <span class='ocrx_word' id='word_1_771' title='bbox 3167 3238 3213 3282; x_wconf 83' lang='lat' dir='ltr'><strong>et</strong></span> <span class='ocrx_word' id='word_1_772' title='bbox 3241 3230 3327 3285; x_wconf 90' lang='lat'><strong>16.</strong></span> <span class='ocrx_word' id='word_1_773' title='bbox 3359 3233 3392 3287; x_wconf 83' lang='lat'><strong>9</strong></span> <span class='ocrx_word' id='word_1_774' title='bbox 3411 3232 3475 3305; x_wconf 75' lang='lat' dir='ltr'><strong>)‘l</strong></span> <span class='ocrx_word' id='word_1_775' title='bbox 3505 3236 3595 3291; x_wconf 77' lang='lat' dir='ltr'><strong>Vi-</strong></span> 
     </span>
    </p>
   </div>
   <div class='ocr_carea' id='block_1_94' title="bbox 1991 3299 3593 3391">
    <p class='ocr_par' dir='ltr' id='par_1_94' title="bbox 1991 3299 3593 3391">
     <span class='ocr_line' id='line_1_94' title="bbox 1991 3299 3593 3391; baseline 0.019 -38"><span class='ocrx_word' id='word_1_776' title='bbox 1991 3299 2116 3355; x_wconf 85' lang='lat' dir='ltr'><strong>den’</strong></span> <span class='ocrx_word' id='word_1_777' title='bbox 2142 3305 2415 3373; x_wconf 89' lang='lat' dir='ltr'><strong>quomodo</strong></span> <span class='ocrx_word' id='word_1_778' title='bbox 2454 3316 2513 3362; x_wconf 90' lang='lat' dir='ltr'><strong>et</strong></span> <span class='ocrx_word' id='word_1_779' title='bbox 2542 3310 2687 3364; x_wconf 76' lang='lat' dir='ltr'><strong>circa</strong></span> <span class='ocrx_word' id='word_1_780' title='bbox 2724 3315 2981 3381; x_wconf 89' lang='lat' dir='ltr'><strong>templum</strong></span> <span class='ocrx_word' id='word_1_781' title='bbox 3023 3320 3349 3390; x_wconf 79' lang='lat' dir='ltr'><strong>evangelista</strong></span> <span class='ocrx_word' id='word_1_782' title='bbox 3374 3365 3391 3391; x_wconf 89' lang='lat'><strong>,</strong></span> <span class='ocrx_word' id='word_1_783' title='bbox 3411 3299 3480 3381; x_wconf 32' lang='lat' dir='ltr'><strong>vet</strong></span> <span class='ocrx_word' id='word_1_784' title='bbox 3506 3328 3593 3385; x_wconf 85' lang='lat' dir='ltr'><strong>hic</strong></span> 
     </span>
    </p>
   </div>
   <div class='ocr_carea' id='block_1_95' title="bbox 1992 3394 3582 3496">
    <p class='ocr_par' dir='ltr' id='par_1_95' title="bbox 1992 3394 3582 3496">
     <span class='ocr_line' id='line_1_95' title="bbox 1992 3394 3582 3496; baseline 0.023 -48"><span class='ocrx_word' id='word_1_785' title='bbox 1992 3394 2244 3451; x_wconf 83' lang='lat' dir='ltr'><strong>Christus</strong></span> <span class='ocrx_word' id='word_1_786' title='bbox 2273 3404 2571 3458; x_wconf 79' lang='lat' dir='ltr'><strong>ermutium</strong></span> <span class='ocrx_word' id='word_1_787' title='bbox 2594 3407 2958 3477; x_wconf 86' lang='lat' dir='ltr'><strong>suspicionem</strong></span> <span class='ocrx_word' id='word_1_788' title='bbox 2984 3417 3252 3488; x_wconf 79' lang='lat' dir='ltr'><strong>corrigat?</strong></span> <span class='ocrx_word' id='word_1_789' title='bbox 3280 3420 3370 3475; x_wconf 91' lang='lat' dir='ltr'><strong>Sic</strong></span> <span class='ocrx_word' id='word_1_790' title='bbox 3400 3425 3582 3496; x_wconf 83' lang='lat' dir='ltr'><strong>itaque</strong></span> 
     </span>
    </p>
   </div>
   <div class='ocr_carea' id='block_1_96' title="bbox 1992 3492 3591 3577">
    <p class='ocr_par' dir='ltr' id='par_1_96' title="bbox 1992 3492 3591 3577">
     <span class='ocr_line' id='line_1_96' title="bbox 1992 3492 3591 3577; baseline 0.021 -33"><span class='ocrx_word' id='word_1_791' title='bbox 1992 3498 2047 3545; x_wconf 91' lang='lat' dir='ltr'><strong>et</strong></span> <span class='ocrx_word' id='word_1_792' title='bbox 2070 3492 2121 3546; x_wconf 88' lang='lat' dir='ltr'><strong>in</strong></span> <span class='ocrx_word' id='word_1_793' title='bbox 2150 3507 2238 3559; x_wconf 91' lang='lat' dir='ltr'><strong>eo,</strong></span> <span class='ocrx_word' id='word_1_794' title='bbox 2261 3496 2405 3564; x_wconf 89' lang='lat' dir='ltr'><strong>quod</strong></span> <span class='ocrx_word' id='word_1_795' title='bbox 2443 3512 2503 3551; x_wconf 85' lang='lat' dir='ltr'><strong>se</strong></span> <span class='ocrx_word' id='word_1_796' title='bbox 2531 3500 2797 3567; x_wconf 79' lang='lat' dir='ltr'><strong>:equulem</strong></span> <span class='ocrx_word' id='word_1_797' title='bbox 2832 3504 2940 3559; x_wconf 89' lang='lat' dir='ltr'><strong>Deo</strong></span> <span class='ocrx_word' id='word_1_798' title='bbox 2966 3505 3123 3564; x_wconf 76' lang='lat' dir='ltr'><strong>faciat</strong></span> <span class='ocrx_word' id='word_1_799' title='bbox 3142 3552 3160 3577; x_wconf 89' lang='lat'><strong>,</strong></span> <span class='ocrx_word' id='word_1_800' title='bbox 3192 3513 3236 3566; x_wconf 90' lang='lat' dir='ltr'><strong>si</strong></span> <span class='ocrx_word' id='word_1_801' title='bbox 3272 3515 3363 3571; x_wconf 91' lang='lat' dir='ltr'><strong>ille</strong></span> <span class='ocrx_word' id='word_1_802' title='bbox 3385 3492 3506 3573; x_wconf 71' lang='lat' dir='ltr'><strong>non</strong></span> <span class='ocrx_word' id='word_1_803' title='bbox 3528 3535 3591 3577; x_wconf 83' lang='lat' dir='ltr'><strong>se</strong></span> 
     </span>
    </p>
   </div>
   <div class='ocr_carea' id='block_1_97' title="bbox 1992 3580 3584 3682">
    <p class='ocr_par' dir='ltr' id='par_1_97' title="bbox 1992 3580 3584 3682">
     <span class='ocr_line' id='line_1_97' title="bbox 1992 3580 3584 3682; baseline 0.023 -47"><span class='ocrx_word' id='word_1_804' title='bbox 1992 3581 2169 3654; x_wconf 82' lang='lat' dir='ltr'><strong>ipsum</strong></span> <span class='ocrx_word' id='word_1_805' title='bbox 2192 3587 2451 3656; x_wconf 82' lang='lat' dir='ltr'><strong>:equalcm</strong></span> <span class='ocrx_word' id='word_1_806' title='bbox 2476 3589 2587 3646; x_wconf 84' lang='lat' dir='ltr'><strong>Deo</strong></span> <span class='ocrx_word' id='word_1_807' title='bbox 2602 3592 2839 3661; x_wconf 78' lang='lat' dir='ltr'><strong>fecisset,</strong></span> <span class='ocrx_word' id='word_1_808' title='bbox 2857 3580 2953 3653; x_wconf 80' lang='lat' dir='ltr'><strong>sed</strong></span> <span class='ocrx_word' id='word_1_809' title='bbox 2974 3598 3144 3658; x_wconf 71' lang='lat' dir='ltr'><strong>Judmi</strong></span> <span class='ocrx_word' id='word_1_810' title='bbox 3169 3605 3298 3663; x_wconf 91' lang='lat' dir='ltr'><strong>illud</strong></span> <span class='ocrx_word' id='word_1_811' title='bbox 3325 3612 3584 3682; x_wconf 84' lang='lat' dir='ltr'><strong>suspicati</strong></span> 
     </span>
    </p>
   </div>
   <div class='ocr_carea' id='block_1_98' title="bbox 1990 3679 3587 3765">
    <p class='ocr_par' dir='ltr' id='par_1_98' title="bbox 1990 3679 3587 3765">
     <span class='ocr_line' id='line_1_98' title="bbox 1990 3679 3587 3765; baseline 0.021 -34"><span class='ocrx_word' id='word_1_812' title='bbox 1990 3685 2175 3731; x_wconf 86' lang='lat' dir='ltr'><strong>essent</strong></span> <span class='ocrx_word' id='word_1_813' title='bbox 2218 3692 2283 3733; x_wconf 85' lang='lat' dir='ltr'><strong>ex</strong></span> <span class='ocrx_word' id='word_1_814' title='bbox 2324 3679 2486 3735; x_wconf 88' lang='lat' dir='ltr'><strong>dictis</strong></span> <span class='ocrx_word' id='word_1_815' title='bbox 2514 3682 2671 3752; x_wconf 87' lang='lat' dir='ltr'><strong>ejus:</strong></span> <span class='ocrx_word' id='word_1_816' title='bbox 2698 3686 2843 3743; x_wconf 89' lang='lat' dir='ltr'><strong>illam</strong></span> <span class='ocrx_word' id='word_1_817' title='bbox 2870 3694 3233 3765; x_wconf 86' lang='lat' dir='ltr'><strong>suspicionem</strong></span> <span class='ocrx_word' id='word_1_818' title='bbox 3259 3679 3587 3764; x_wconf 79' lang='lat' dir='ltr'><strong>correxisset</strong></span> 
     </span>
    </p>
   </div>
   <div class='ocr_carea' id='block_1_99' title="bbox 1990 3768 3593 3865">
    <p class='ocr_par' dir='ltr' id='par_1_99' title="bbox 1990 3768 3593 3865">
     <span class='ocr_line' id='line_1_99' title="bbox 1990 3768 3593 3865; baseline 0.021 -42"><span class='ocrx_word' id='word_1_819' title='bbox 1990 3768 2320 3838; x_wconf 84' lang='lat' dir='ltr'><strong>evangelista</strong></span> <span class='ocrx_word' id='word_1_820' title='bbox 2377 3773 2713 3845; x_wconf 81' lang='lat' dir='ltr'><strong>dixissetque</strong></span> <span class='ocrx_word' id='word_1_821' title='bbox 2764 3778 2984 3839; x_wconf 70' lang='lat' dir='ltr'><strong>Judzeos</strong></span> <span class='ocrx_word' id='word_1_822' title='bbox 3034 3788 3254 3856; x_wconf 85' lang='lat' dir='ltr'><strong>quidem</strong></span> <span class='ocrx_word' id='word_1_823' title='bbox 3316 3799 3593 3865; x_wconf 76' lang='lat' dir='ltr'><strong>potavisse</strong></span> 
     </span>
    </p>
   </div>
   <div class='ocr_carea' id='block_1_100' title="bbox 1992 3859 3588 3958">
    <p class='ocr_par' dir='ltr' id='par_1_100' title="bbox 1992 3859 3588 3958">
     <span class='ocr_line' id='line_1_100' title="bbox 1992 3859 3588 3958; baseline 0.021 -45"><span class='ocrx_word' id='word_1_824' title='bbox 1992 3859 2165 3931; x_wconf 87' lang='lat' dir='ltr'><strong>ipsmn</strong></span> <span class='ocrx_word' id='word_1_825' title='bbox 2194 3875 2254 3916; x_wconf 89' lang='lat' dir='ltr'><strong>se</strong></span> <span class='ocrx_word' id='word_1_826' title='bbox 2279 3866 2544 3934; x_wconf 79' lang='lat' dir='ltr'><strong>:equalem</strong></span> <span class='ocrx_word' id='word_1_827' title='bbox 2570 3867 2683 3923; x_wconf 90' lang='lat' dir='ltr'><strong>Deo</strong></span> <span class='ocrx_word' id='word_1_828' title='bbox 2705 3869 2939 3940; x_wconf 79' lang='lat' dir='ltr'><strong>fecisse;</strong></span> <span class='ocrx_word' id='word_1_829' title='bbox 2975 3875 3151 3947; x_wconf 90' lang='lat' dir='ltr'><strong>ipsum</strong></span> <span class='ocrx_word' id='word_1_830' title='bbox 3184 3859 3510 3958; x_wconf 37' lang='lat' dir='ltr'><strong>vero&#39;neque</strong></span> <span class='ocrx_word' id='word_1_831' title='bbox 3537 3892 3588 3947; x_wconf 94' lang='lat' dir='ltr'><strong>id</strong></span> 
     </span>
    </p>
   </div>
   <div class='ocr_carea' id='block_1_101' title="bbox 1990 3953 3592 4043">
    <p class='ocr_par' dir='ltr' id='par_1_101' title="bbox 1990 3953 3592 4043">
     <span class='ocr_line' id='line_1_101' title="bbox 1990 3953 3592 4043; baseline 0.022 -38"><span class='ocrx_word' id='word_1_832' title='bbox 1990 3953 2111 4008; x_wconf 56' lang='lat' dir='ltr'><strong>loci.~</strong></span> <span class='ocrx_word' id='word_1_833' title='bbox 2121 3967 2181 4008; x_wconf 87' lang='lat' dir='ltr'><strong>se</strong></span> <span class='ocrx_word' id='word_1_834' title='bbox 2201 3970 2376 4025; x_wconf 87' lang='lat' dir='ltr'><strong>neque</strong></span> <span class='ocrx_word' id='word_1_835' title='bbox 2398 3956 2681 4015; x_wconf 71' lang='lat' dir='ltr'><strong>indiCasse.</strong></span> <span class='ocrx_word' id='word_1_836' title='bbox 2694 3959 2763 4018; x_wconf 87' lang='lat' dir='ltr'><strong>Ut</strong></span> <span class='ocrx_word' id='word_1_837' title='bbox 2782 3975 2961 4020; x_wconf 89' lang='lat' dir='ltr'><strong>autem</strong></span> <span class='ocrx_word' id='word_1_838' title='bbox 2979 3968 3047 4024; x_wconf 90' lang='lat' dir='ltr'><strong>ab</strong></span> <span class='ocrx_word' id='word_1_839' title='bbox 3065 3970 3194 4042; x_wconf 84' lang='lat' dir='ltr'><strong>ipsis</strong></span> <span class='ocrx_word' id='word_1_840' title='bbox 3212 3975 3393 4034; x_wconf 85' lang='lat' dir='ltr'><strong>verbis</strong></span> <span class='ocrx_word' id='word_1_841' title='bbox 3411 3953 3592 4043; x_wconf 75' lang='lat' dir='ltr'><strong>disras</strong></span> 
     </span>
    </p>
   </div>
   <div class='ocr_carea' id='block_1_102' title="bbox 1987 4046 3591 4140">
    <p class='ocr_par' dir='ltr' id='par_1_102' title="bbox 1987 4046 3591 4140">
     <span class='ocr_line' id='line_1_102' title="bbox 1987 4046 3591 4140; baseline 0.022 -44"><span class='ocrx_word' id='word_1_842' title='bbox 1987 4046 2129 4113; x_wconf 91' lang='lat' dir='ltr'><strong>quod</strong></span> <span class='ocrx_word' id='word_1_843' title='bbox 2164 4046 2291 4101; x_wconf 89' lang='lat' dir='ltr'><strong>illud</strong></span> <span class='ocrx_word' id='word_1_844' title='bbox 2338 4052 2573 4105; x_wconf 81' lang='lat' dir='ltr'><strong>maxime</strong></span> <span class='ocrx_word' id='word_1_845' title='bbox 2617 4053 2669 4105; x_wconf 90' lang='lat' dir='ltr'><strong>iu</strong></span> <span class='ocrx_word' id='word_1_846' title='bbox 2717 4065 2926 4112; x_wconf 88' lang='lat' dir='ltr'><strong>mentes</strong></span> <span class='ocrx_word' id='word_1_847' title='bbox 2962 4059 3242 4119; x_wconf 88' lang='lat' dir='ltr'><strong>hominum</strong></span> <span class='ocrx_word' id='word_1_848' title='bbox 3278 4068 3591 4140; x_wconf 86' lang='lat' dir='ltr'><strong>imprimere</strong></span> 
     </span>
    </p>
   </div>
   <div class='ocr_carea' id='block_1_103' title="bbox 1988 4139 3587 4222">
    <p class='ocr_par' dir='ltr' id='par_1_103' title="bbox 1988 4139 3587 4222">
     <span class='ocr_line' id='line_1_103' title="bbox 1988 4139 3587 4222; baseline 0.019 -31"><span class='ocrx_word' id='word_1_849' title='bbox 1988 4139 2239 4207; x_wconf 89' lang='lat' dir='ltr'><strong>voluerit,</strong></span> <span class='ocrx_word' id='word_1_850' title='bbox 2262 4156 2569 4199; x_wconf 90' lang='lat' dir='ltr'><strong>sermonem</strong></span> <span class='ocrx_word' id='word_1_851' title='bbox 2598 4161 2627 4199; x_wconf 90' lang='lat' dir='ltr'><strong>a</strong></span> <span class='ocrx_word' id='word_1_852' title='bbox 2652 4148 2923 4217; x_wconf 83' lang='lat' dir='ltr'><strong>prioribus</strong></span> <span class='ocrx_word' id='word_1_853' title='bbox 2953 4167 3291 4215; x_wconf 88' lang='lat' dir='ltr'><strong>resumamus</strong></span> <span class='ocrx_word' id='word_1_854' title='bbox 3322 4139 3377 4217; x_wconf 86' lang='lat' dir='ltr'><strong>et</strong></span> <span class='ocrx_word' id='word_1_855' title='bbox 3404 4164 3587 4222; x_wconf 84' lang='lat' dir='ltr'><strong>disca-</strong></span> 
     </span>
    </p>
   </div>
   <div class='ocr_carea' id='block_1_104' title="bbox 1985 4236 3584 4331">
    <p class='ocr_par' dir='ltr' id='par_1_104' title="bbox 1985 4236 3584 4331">
     <span class='ocr_line' id='line_1_104' title="bbox 1985 4236 3584 4331; baseline 0.02 -43"><span class='ocrx_word' id='word_1_856' title='bbox 1985 4249 2108 4289; x_wconf 91' lang='lat' dir='ltr'><strong>mus</strong></span> <span class='ocrx_word' id='word_1_857' title='bbox 2124 4236 2395 4305; x_wconf 89' lang='lat' dir='ltr'><strong>quomodo</strong></span> <span class='ocrx_word' id='word_1_858' title='bbox 2424 4239 2639 4295; x_wconf 86' lang='lat' dir='ltr'><strong>tandem</strong></span> <span class='ocrx_word' id='word_1_859' title='bbox 2655 4254 2943 4300; x_wconf 87' lang='lat' dir='ltr'><strong>accusatus</strong></span> <span class='ocrx_word' id='word_1_860' title='bbox 2961 4262 3081 4306; x_wconf 88' lang='lat' dir='ltr'><strong>sese</strong></span> <span class='ocrx_word' id='word_1_861' title='bbox 3097 4251 3421 4315; x_wconf 76' lang='lat' dir='ltr'><strong>defenderit.</strong></span> <span class='ocrx_word' id='word_1_862' title='bbox 3446 4260 3584 4331; x_wconf 87' lang='lat' dir='ltr'><strong>Quid</strong></span> 
     </span>
    </p>
   </div>
   <div class='ocr_carea' id='block_1_105' title="bbox 1988 4326 3586 4411">
    <p class='ocr_par' dir='ltr' id='par_1_105' title="bbox 1988 4326 3586 4411">
     <span class='ocr_line' id='line_1_105' title="bbox 1988 4326 3586 4411; baseline 0.02 -33"><span class='ocrx_word' id='word_1_863' title='bbox 1988 4326 2151 4396; x_wconf 88' lang='lat' dir='ltr'><strong>igitur</strong></span> <span class='ocrx_word' id='word_1_864' title='bbox 2168 4337 2285 4382; x_wconf 76' lang='lat' dir='ltr'><strong>erat</strong></span> <span class='ocrx_word' id='word_1_865' title='bbox 2316 4328 2443 4385; x_wconf 91' lang='lat' dir='ltr'><strong>illud</strong></span> <span class='ocrx_word' id='word_1_866' title='bbox 2466 4330 2534 4387; x_wconf 85' lang='lat' dir='ltr'><strong>de</strong></span> <span class='ocrx_word' id='word_1_867' title='bbox 2560 4348 2667 4403; x_wconf 91' lang='lat' dir='ltr'><strong>quo</strong></span> <span class='ocrx_word' id='word_1_868' title='bbox 2691 4337 3249 4411; x_wconf 66' lang='lat' dir='ltr'><strong>accttsamturlQuod</strong></span> <span class='ocrx_word' id='word_1_869' title='bbox 3276 4349 3327 4403; x_wconf 92' lang='lat' dir='ltr'><strong>in</strong></span> <span class='ocrx_word' id='word_1_870' title='bbox 3356 4326 3586 4411; x_wconf 78' lang='lat' dir='ltr'><strong>sabbato</strong></span> 
     </span>
    </p>
   </div>
   <div class='ocr_carea' id='block_1_106' title="bbox 1983 4416 3588 4510">
    <p class='ocr_par' dir='ltr' id='par_1_106' title="bbox 1983 4416 3588 4510">
     <span class='ocr_line' id='line_1_106' title="bbox 1983 4416 3588 4510; baseline 0.019 -38"><span class='ocrx_word' id='word_1_871' title='bbox 1983 4431 2148 4486; x_wconf 85' lang='lat' dir='ltr'><strong>Opera</strong></span> <span class='ocrx_word' id='word_1_872' title='bbox 2164 4416 2364 4475; x_wconf 85' lang='lat' dir='ltr'><strong>laceret</strong></span> <span class='ocrx_word' id='word_1_873' title='bbox 2383 4437 2399 4477; x_wconf 84' lang='lat'><strong>:</strong></span> <span class='ocrx_word' id='word_1_874' title='bbox 2422 4419 2569 4488; x_wconf 76' lang='lat' dir='ltr'><strong>Ideo,</strong></span> <span class='ocrx_word' id='word_1_875' title='bbox 2595 4424 2788 4494; x_wconf 88' lang='lat' dir='ltr'><strong>inquit,</strong></span> <span class='ocrx_word' id='word_1_876' title='bbox 2802 4426 2951 4482; x_wconf 86' lang='lat' dir='ltr'><strong>illum</strong></span> <span class='ocrx_word' id='word_1_877' title='bbox 2968 4428 3144 4487; x_wconf 66' lang='lat' dir='ltr'><strong>Judaei</strong></span> <span class='ocrx_word' id='word_1_878' title='bbox 3160 4444 3588 4510; x_wconf 82' lang='lat' dir='ltr'><strong>persequebantur</strong></span> 
     </span>
    </p>
   </div>
   <div class='ocr_carea' id='block_1_107' title="bbox 1996 4508 3586 4599">
    <p class='ocr_par' dir='ltr' id='par_1_107' title="bbox 1996 4508 3586 4599">
     <span class='ocr_line' id='line_1_107' title="bbox 1996 4508 3586 4599; baseline 0.021 -41"><span class='ocrx_word' id='word_1_879' title='bbox 1996 4508 2119 4581; x_wconf 62' lang='grc' dir='ltr'><strong>πυρά</strong></span> <span class='ocrx_word' id='word_1_880' title='bbox 2150 4512 2258 4563; x_wconf 69' lang='lat' dir='ltr'><strong>lure</strong></span> <span class='ocrx_word' id='word_1_881' title='bbox 2284 4511 2471 4579; x_wconf 83' lang='lat' dir='ltr'><strong>faceret</strong></span> <span class='ocrx_word' id='word_1_882' title='bbox 2500 4512 2554 4565; x_wconf 88' lang='lat' dir='ltr'><strong>in</strong></span> <span class='ocrx_word' id='word_1_883' title='bbox 2594 4513 2803 4569; x_wconf 84' lang='lat' dir='ltr'><strong>sabbato</strong></span> <span class='ocrx_word' id='word_1_884' title='bbox 2832 4517 2851 4586; x_wconf 89' lang='lat'><strong>(</strong></span> <span class='ocrx_word' id='word_1_885' title='bbox 2875 4519 3037 4575; x_wconf 82' lang='lat' dir='ltr'><strong>Joan.</strong></span> <span class='ocrx_word' id='word_1_886' title='bbox 3068 4522 3123 4578; x_wconf 85' lang='lat'><strong>5.</strong></span> <span class='ocrx_word' id='word_1_887' title='bbox 3159 4526 3228 4581; x_wconf 81' lang='lat'><strong>16</strong></span> <span class='ocrx_word' id='word_1_888' title='bbox 3256 4527 3296 4599; x_wconf 95' lang='lat'><strong>).</strong></span> <span class='ocrx_word' id='word_1_889' title='bbox 3315 4508 3586 4599; x_wconf 73' lang='lat' dir='ltr'><strong>Quarnam</strong></span> 
     </span>
    </p>
   </div>
   <div class='ocr_carea' id='block_1_108' title="bbox 1984 4596 3585 4687">
    <p class='ocr_par' dir='ltr' id='par_1_108' title="bbox 1984 4596 3585 4687">
     <span class='ocr_line' id='line_1_108' title="bbox 1984 4596 3585 4687; baseline 0.019 -35"><span class='ocrx_word' id='word_1_890' title='bbox 1984 4596 2118 4654; x_wconf 80' lang='lat' dir='ltr'><strong>illa?</strong></span> <span class='ocrx_word' id='word_1_891' title='bbox 2144 4600 2297 4669; x_wconf 88' lang='lat' dir='ltr'><strong>Quod</strong></span> <span class='ocrx_word' id='word_1_892' title='bbox 2323 4604 2673 4675; x_wconf 83' lang='lat' dir='ltr'><strong>paralyticum</strong></span> <span class='ocrx_word' id='word_1_893' title='bbox 2693 4613 2985 4678; x_wconf 85' lang='lat' dir='ltr'><strong>curaverit,</strong></span> <span class='ocrx_word' id='word_1_894' title='bbox 3014 4596 3317 4685; x_wconf 80' lang='lat' dir='ltr'><strong>acjusserit</strong></span> <span class='ocrx_word' id='word_1_895' title='bbox 3342 4596 3487 4682; x_wconf 81' lang='lat' dir='ltr'><strong>illum</strong></span> <span class='ocrx_word' id='word_1_896' title='bbox 3507 4630 3585 4687; x_wconf 62' lang='lat' dir='ltr'><strong>le.</strong></span> 
     </span>
    </p>
   </div>
   <div class='ocr_carea' id='block_1_109' title="bbox 1981 4698 3583 4791">
    <p class='ocr_par' dir='ltr' id='par_1_109' title="bbox 1981 4698 3583 4791">
     <span class='ocr_line' id='line_1_109' title="bbox 1981 4698 3583 4791; baseline 0.021 -44"><span class='ocrx_word' id='word_1_897' title='bbox 1981 4703 2129 4748; x_wconf 90' lang='lat' dir='ltr'><strong>ctum</strong></span> <span class='ocrx_word' id='word_1_898' title='bbox 2153 4710 2307 4749; x_wconf 89' lang='lat' dir='ltr'><strong>suum</strong></span> <span class='ocrx_word' id='word_1_899' title='bbox 2327 4698 2571 4768; x_wconf 88' lang='lat' dir='ltr'><strong>accipere</strong></span> <span class='ocrx_word' id='word_1_900' title='bbox 2592 4708 2645 4753; x_wconf 94' lang='lat' dir='ltr'><strong>et</strong></span> <span class='ocrx_word' id='word_1_901' title='bbox 2671 4701 2888 4756; x_wconf 90' lang='lat' dir='ltr'><strong>domum</strong></span> <span class='ocrx_word' id='word_1_902' title='bbox 2905 4704 3079 4763; x_wconf 89' lang='lat' dir='ltr'><strong>abire.</strong></span> <span class='ocrx_word' id='word_1_903' title='bbox 3101 4709 3583 4791; x_wconf 66' lang='lat' dir='ltr'><strong>ldeointermgath</strong></span> 
     </span>
    </p>
   </div>
   <div class='ocr_carea' id='block_1_110' title="bbox 1985 4784 3582 4872">
    <p class='ocr_par' dir='ltr' id='par_1_110' title="bbox 1985 4784 3582 4872">
     <span class='ocr_line' id='line_1_110' title="bbox 1985 4784 3582 4872; baseline 0.021 -35"><span class='ocrx_word' id='word_1_904' title='bbox 1985 4784 2518 4851; x_wconf 79' lang='lat' dir='ltr'><strong>tesillumdicebant,</strong></span> <span class='ocrx_word' id='word_1_905' title='bbox 2551 4791 2672 4859; x_wconf 88' lang='lat' dir='ltr'><strong>quis</strong></span> <span class='ocrx_word' id='word_1_906' title='bbox 2701 4802 2847 4848; x_wconf 84' lang='lat' dir='ltr'><strong>esset</strong></span> <span class='ocrx_word' id='word_1_907' title='bbox 2878 4797 2966 4865; x_wconf 89' lang='lat' dir='ltr'><strong>qui</strong></span> <span class='ocrx_word' id='word_1_908' title='bbox 2999 4797 3115 4855; x_wconf 65' lang='lat' dir='ltr'><strong>hate</strong></span> <span class='ocrx_word' id='word_1_909' title='bbox 3130 4801 3345 4871; x_wconf 87' lang='lat' dir='ltr'><strong>juberet</strong></span> <span class='ocrx_word' id='word_1_910' title='bbox 3377 4784 3493 4868; x_wconf 68' lang='lat' dir='ltr'><strong>lici‘i</strong></span> <span class='ocrx_word' id='word_1_911' title='bbox 3528 4815 3582 4872; x_wconf 89' lang='lat' dir='ltr'><strong>in</strong></span> 
     </span>
    </p>
   </div>
   <div class='ocr_carea' id='block_1_111' title="bbox 1981 4876 3586 4971">
    <p class='ocr_par' dir='ltr' id='par_1_111' title="bbox 1981 4876 3586 4971">
     <span class='ocr_line' id='line_1_111' title="bbox 1981 4876 3586 4971; baseline 0.02 -41"><span class='ocrx_word' id='word_1_912' title='bbox 1981 4876 2246 4933; x_wconf 84' lang='lat' dir='ltr'><strong>sabbato:</strong></span> <span class='ocrx_word' id='word_1_913' title='bbox 2284 4878 2370 4934; x_wconf 88' lang='lat' dir='ltr'><strong>ille</strong></span> <span class='ocrx_word' id='word_1_914' title='bbox 2413 4893 2592 4936; x_wconf 76' lang='lat' dir='ltr'><strong>autern</strong></span> <span class='ocrx_word' id='word_1_915' title='bbox 2622 4884 2791 4951; x_wconf 85' lang='lat' dir='ltr'><strong>dixit,</strong></span> <span class='ocrx_word' id='word_1_916' title='bbox 2844 4886 2946 4955; x_wconf 86' lang='lat' dir='ltr'><strong>Qui</strong></span> <span class='ocrx_word' id='word_1_917' title='bbox 2971 4906 3049 4947; x_wconf 87' lang='lat' dir='ltr'><strong>me</strong></span> <span class='ocrx_word' id='word_1_918' title='bbox 3097 4910 3282 4951; x_wconf 78' lang='lat' dir='ltr'><strong>sanum</strong></span> <span class='ocrx_word' id='word_1_919' title='bbox 3311 4903 3428 4970; x_wconf 81' lang='lat' dir='ltr'><strong>fecit</strong></span> <span class='ocrx_word' id='word_1_920' title='bbox 3451 4945 3467 4971; x_wconf 91' lang='lat'><strong>,</strong></span> <span class='ocrx_word' id='word_1_921' title='bbox 3496 4907 3586 4963; x_wconf 79' lang='lat' dir='ltr'><strong>ille</strong></span> 
     </span>
    </p>
   </div>
   <div class='ocr_carea' id='block_1_112' title="bbox 1981 4969 3578 5057">
    <p class='ocr_par' dir='ltr' id='par_1_112' title="bbox 1981 4969 3578 5057">
     <span class='ocr_line' id='line_1_112' title="bbox 1981 4969 3578 5057; baseline 0.021 -35"><span class='ocrx_word' id='word_1_922' title='bbox 1981 4969 2108 5024; x_wconf 80' lang='lat' dir='ltr'><strong>mihi</strong></span> <span class='ocrx_word' id='word_1_923' title='bbox 2135 4971 2285 5037; x_wconf 72' lang='lat' dir='ltr'><strong>dixit,</strong></span> <span class='ocrx_word' id='word_1_924' title='bbox 2315 4970 2465 5028; x_wconf 85' lang='lat' dir='ltr'><strong>Tolle</strong></span> <span class='ocrx_word' id='word_1_925' title='bbox 2490 4974 2673 5029; x_wconf 75' lang='lat' dir='ltr'><strong>lectum</strong></span> <span class='ocrx_word' id='word_1_926' title='bbox 2692 4985 2858 5047; x_wconf 84' lang='lat' dir='ltr'><strong>tuum,</strong></span> <span class='ocrx_word' id='word_1_927' title='bbox 2886 4991 2933 5034; x_wconf 87' lang='lat' dir='ltr'><strong>et</strong></span> <span class='ocrx_word' id='word_1_928' title='bbox 2958 4990 3085 5039; x_wconf 79' lang='lat' dir='ltr'><strong>uade</strong></span> <span class='ocrx_word' id='word_1_929' title='bbox 3104 4988 3157 5041; x_wconf 81' lang='lat' dir='ltr'><strong>in</strong></span> <span class='ocrx_word' id='word_1_930' title='bbox 3179 4969 3388 5047; x_wconf 81' lang='lat' dir='ltr'><strong>domum</strong></span> <span class='ocrx_word' id='word_1_931' title='bbox 3414 4969 3578 5057; x_wconf 65' lang='lat' dir='ltr'><strong>tuam.</strong></span> 
     </span>
    </p>
   </div>
   <div class='ocr_carea' id='block_1_113' title="bbox 1982 5062 3581 5162">
    <p class='ocr_par' dir='ltr' id='par_1_113' title="bbox 1982 5062 3581 5162">
     <span class='ocr_line' id='line_1_113' title="bbox 1982 5062 3581 5162; baseline 0.021 -46"><span class='ocrx_word' id='word_1_932' title='bbox 1982 5062 2272 5134; x_wconf 84' lang='lat' dir='ltr'><strong>Propterea</strong></span> <span class='ocrx_word' id='word_1_933' title='bbox 2300 5082 2441 5136; x_wconf 76' lang='lat' dir='ltr'><strong>agre</strong></span> <span class='ocrx_word' id='word_1_934' title='bbox 2459 5066 2713 5137; x_wconf 78' lang='lat' dir='ltr'><strong>ferentes,</strong></span> <span class='ocrx_word' id='word_1_935' title='bbox 2752 5076 3403 5155; x_wconf 85' lang='lat' dir='ltr'><strong>persequebanturillum,</strong></span> <span class='ocrx_word' id='word_1_936' title='bbox 3433 5094 3581 5162; x_wconf 85' lang='lat' dir='ltr'><strong>quod</strong></span> 
     </span>
    </p>
   </div>
   <div class='ocr_carea' id='block_1_114' title="bbox 1980 5153 3581 5247">
    <p class='ocr_par' dir='ltr' id='par_1_114' title="bbox 1980 5153 3581 5247">
     <span class='ocr_line' id='line_1_114' title="bbox 1980 5153 3581 5247; baseline 0.02 -38"><span class='ocrx_word' id='word_1_937' title='bbox 1980 5153 2326 5225; x_wconf 66' lang='lat' dir='ltr'><strong>barcjuberct</strong></span> <span class='ocrx_word' id='word_1_938' title='bbox 2377 5158 2429 5213; x_wconf 91' lang='lat' dir='ltr'><strong>in</strong></span> <span class='ocrx_word' id='word_1_939' title='bbox 2460 5160 2705 5227; x_wconf 85' lang='lat' dir='ltr'><strong>sabbato,</strong></span> <span class='ocrx_word' id='word_1_940' title='bbox 2738 5165 2881 5233; x_wconf 90' lang='lat' dir='ltr'><strong>quod</strong></span> <span class='ocrx_word' id='word_1_941' title='bbox 2917 5168 3201 5227; x_wconf 88' lang='lat' dir='ltr'><strong>videbatur</strong></span> <span class='ocrx_word' id='word_1_942' title='bbox 3241 5153 3581 5247; x_wconf 18' lang='lat' dir='ltr'><strong>iegisvtr&#39;ans-</strong></span> 
     </span>
    </p>
   </div>
   <div class='ocr_carea' id='block_1_115' title="bbox 1978 5251 3581 5335">
    <p class='ocr_par' dir='ltr' id='par_1_115' title="bbox 1978 5251 3581 5335">
     <span class='ocr_line' id='line_1_115' title="bbox 1978 5251 3581 5335; baseline 0.021 -33"><span class='ocrx_word' id='word_1_943' title='bbox 1978 5251 2187 5318; x_wconf 87' lang='lat' dir='ltr'><strong>gressio</strong></span> <span class='ocrx_word' id='word_1_944' title='bbox 2216 5267 2358 5306; x_wconf 90' lang='lat' dir='ltr'><strong>esse.</strong></span> <span class='ocrx_word' id='word_1_945' title='bbox 2401 5252 2539 5320; x_wconf 92' lang='lat' dir='ltr'><strong>Quid</strong></span> <span class='ocrx_word' id='word_1_946' title='bbox 2568 5269 2697 5325; x_wconf 86' lang='lat' dir='ltr'><strong>ergo</strong></span> <span class='ocrx_word' id='word_1_947' title='bbox 2737 5256 2803 5311; x_wconf 87' lang='lat' dir='ltr'><strong>ad</strong></span> <span class='ocrx_word' id='word_1_948' title='bbox 2851 5258 3222 5320; x_wconf 80' lang='lat' dir='ltr'><strong>defensionem</strong></span> <span class='ocrx_word' id='word_1_949' title='bbox 3250 5283 3404 5327; x_wconf 88' lang='lat' dir='ltr'><strong>suam</strong></span> <span class='ocrx_word' id='word_1_950' title='bbox 3446 5275 3581 5335; x_wconf 87' lang='lat' dir='ltr'><strong>dicit</strong></span> 
     </span>
    </p>
   </div>
   <div class='ocr_carea' id='block_1_116' title="bbox 1978 5339 3573 5440">
    <p class='ocr_par' dir='ltr' id='par_1_116' title="bbox 1978 5339 3573 5440">
     <span class='ocr_line' id='line_1_116' title="bbox 1978 5339 3573 5440; baseline 0.019 -47"><span class='ocrx_word' id='word_1_951' title='bbox 1978 5339 2282 5440; x_wconf 72' lang='lat' dir='ltr'><strong>Christus?</strong></span> <span class='ocrx_word' id='word_1_952' title='bbox 2325 5341 2481 5397; x_wconf 83' lang='lat' dir='ltr'><strong>Pater</strong></span> <span class='ocrx_word' id='word_1_953' title='bbox 2519 5362 2663 5401; x_wconf 77' lang='lat' dir='ltr'><strong>meus</strong></span> <span class='ocrx_word' id='word_1_954' title='bbox 2706 5364 2866 5419; x_wconf 84' lang='lat' dir='ltr'><strong>usque</strong></span> <span class='ocrx_word' id='word_1_955' title='bbox 2905 5354 3057 5408; x_wconf 88' lang='lat' dir='ltr'><strong>modo</strong></span> <span class='ocrx_word' id='word_1_956' title='bbox 3083 5369 3367 5429; x_wconf 78' lang='lat' dir='ltr'><strong>operatur,</strong></span> <span class='ocrx_word' id='word_1_957' title='bbox 3409 5377 3459 5420; x_wconf 81' lang='lat' dir='ltr'><strong>et</strong></span> <span class='ocrx_word' id='word_1_958' title='bbox 3478 5385 3573 5440; x_wconf 76' lang='lat' dir='ltr'><strong>ego</strong></span> 
     </span>
    </p>
   </div>
   <div class='ocr_carea' id='block_1_117' title="bbox 1978 5430 3577 5525">
    <p class='ocr_par' dir='ltr' id='par_1_117' title="bbox 1978 5430 3577 5525">
     <span class='ocr_line' id='line_1_117' title="bbox 1978 5430 3577 5525; baseline 0.017 -37"><span class='ocrx_word' id='word_1_959' title='bbox 1978 5430 2343 5505; x_wconf 78' lang='lat' dir='ltr'><strong>apem-(laid.</strong></span> <span class='ocrx_word' id='word_1_960' title='bbox 2375 5452 2421 5490; x_wconf 86' lang='grc' dir='ltr'><strong>υ.</strong></span> <span class='ocrx_word' id='word_1_961' title='bbox 2458 5436 2525 5491; x_wconf 89' lang='lat'><strong>17</strong></span> <span class='ocrx_word' id='word_1_962' title='bbox 2552 5436 2596 5508; x_wconf 94' lang='lat'><strong>).</strong></span> <span class='ocrx_word' id='word_1_963' title='bbox 2630 5440 2788 5510; x_wconf 82' lang='lat' dir='ltr'><strong>Atqui</strong></span> <span class='ocrx_word' id='word_1_964' title='bbox 2818 5444 2982 5498; x_wconf 91' lang='lat' dir='ltr'><strong>multa</strong></span> <span class='ocrx_word' id='word_1_965' title='bbox 3011 5446 3113 5502; x_wconf 90' lang='lat' dir='ltr'><strong>alia</strong></span> <span class='ocrx_word' id='word_1_966' title='bbox 3141 5449 3320 5509; x_wconf 86' lang='lat' dir='ltr'><strong>dicere</strong></span> <span class='ocrx_word' id='word_1_967' title='bbox 3344 5430 3577 5525; x_wconf 71' lang='lat' dir='ltr'><strong>poterat,</strong></span> 
     </span>
    </p>
   </div>
   <div class='ocr_carea' id='block_1_118' title="bbox 1977 5525 3576 5614">
    <p class='ocr_par' dir='ltr' id='par_1_118' title="bbox 1977 5525 3576 5614">
     <span class='ocr_line' id='line_1_118' title="bbox 1977 5525 3576 5614; baseline 0.018 -36"><span class='ocrx_word' id='word_1_968' title='bbox 1977 5525 2021 5578; x_wconf 90' lang='lat' dir='ltr'><strong>si</strong></span> <span class='ocrx_word' id='word_1_969' title='bbox 2048 5538 2170 5579; x_wconf 84' lang='lat' dir='ltr'><strong>sese</strong></span> <span class='ocrx_word' id='word_1_970' title='bbox 2206 5525 2496 5583; x_wconf 83' lang='lat' dir='ltr'><strong>defendere</strong></span> <span class='ocrx_word' id='word_1_971' title='bbox 2524 5538 2728 5585; x_wconf 88' lang='lat' dir='ltr'><strong>tantttm</strong></span> <span class='ocrx_word' id='word_1_972' title='bbox 2752 5534 3006 5589; x_wconf 78' lang='lat' dir='ltr'><strong>voluisset</strong></span> <span class='ocrx_word' id='word_1_973' title='bbox 3032 5578 3047 5600; x_wconf 91' lang='lat'><strong>,</strong></span> <span class='ocrx_word' id='word_1_974' title='bbox 3078 5555 3178 5596; x_wconf 87' lang='lat' dir='ltr'><strong>nec</strong></span> <span class='ocrx_word' id='word_1_975' title='bbox 3210 5547 3576 5614; x_wconf 74' lang='lat' dir='ltr'><strong>aequalitatem</strong></span> 
     </span>
    </p>
   </div>
   <div class='ocr_carea' id='block_1_119' title="bbox 1977 5620 3571 5704">
    <p class='ocr_par' dir='ltr' id='par_1_119' title="bbox 1977 5620 3571 5704">
     <span class='ocr_line' id='line_1_119' title="bbox 1977 5620 3571 5704; baseline 0.015 -31"><span class='ocrx_word' id='word_1_976' title='bbox 1977 5633 2128 5675; x_wconf 90' lang='lat' dir='ltr'><strong>suam</strong></span> <span class='ocrx_word' id='word_1_977' title='bbox 2147 5620 2453 5675; x_wconf 89' lang='lat' dir='ltr'><strong>ostendere.</strong></span> <span class='ocrx_word' id='word_1_978' title='bbox 2476 5622 2631 5691; x_wconf 55' lang='lat' dir='ltr'><strong>Saepe</strong></span> <span class='ocrx_word' id='word_1_979' title='bbox 2648 5640 2879 5692; x_wconf 89' lang='lat' dir='ltr'><strong>namque</strong></span> <span class='ocrx_word' id='word_1_980' title='bbox 2900 5629 3132 5685; x_wconf 87' lang='lat' dir='ltr'><strong>solutum</strong></span> <span class='ocrx_word' id='word_1_981' title='bbox 3156 5633 3252 5690; x_wconf 79' lang='lat' dir='ltr'><strong>fuit</strong></span> <span class='ocrx_word' id='word_1_982' title='bbox 3269 5638 3571 5704; x_wconf 84' lang='lat' dir='ltr'><strong>sabbatum.</strong></span> 
     </span>
    </p>
   </div>
   <div class='ocr_carea' id='block_1_120' title="bbox 1974 5712 3572 5789">
    <p class='ocr_par' dir='ltr' id='par_1_120' title="bbox 1974 5712 3572 5789">
     <span class='ocr_line' id='line_1_120' title="bbox 1974 5712 3572 5789; baseline 0.016 -25"><span class='ocrx_word' id='word_1_983' title='bbox 1974 5726 2040 5766; x_wconf 91' lang='lat' dir='ltr'><strong>ac</strong></span> <span class='ocrx_word' id='word_1_984' title='bbox 2080 5713 2255 5781; x_wconf 86' lang='lat' dir='ltr'><strong>primo</strong></span> <span class='ocrx_word' id='word_1_985' title='bbox 2301 5712 2514 5782; x_wconf 88' lang='lat' dir='ltr'><strong>quidem</strong></span> <span class='ocrx_word' id='word_1_986' title='bbox 2547 5714 2598 5768; x_wconf 92' lang='lat' dir='ltr'><strong>in</strong></span> <span class='ocrx_word' id='word_1_987' title='bbox 2634 5716 2850 5771; x_wconf 87' lang='lat' dir='ltr'><strong>civitate</strong></span> <span class='ocrx_word' id='word_1_988' title='bbox 2889 5717 3407 5784; x_wconf 78' lang='lat' dir='ltr'><strong>Jerichuntinorum.</strong></span> <span class='ocrx_word' id='word_1_989' title='bbox 3440 5733 3572 5789; x_wconf 86' lang='lat' dir='ltr'><strong>Cum</strong></span> 
     </span>
    </p>
   </div>
   <div class='ocr_carea' id='block_1_121' title="bbox 1977 5802 3574 5899">
    <p class='ocr_par' dir='ltr' id='par_1_121' title="bbox 1977 5802 3574 5899">
     <span class='ocr_line' id='line_1_121' title="bbox 1977 5802 3574 5899; baseline 0.016 -43"><span class='ocrx_word' id='word_1_990' title='bbox 1977 5802 2119 5858; x_wconf 87' lang='lat' dir='ltr'><strong>enim</strong></span> <span class='ocrx_word' id='word_1_991' title='bbox 2143 5819 2325 5858; x_wconf 76' lang='lat' dir='ltr'><strong>muros</strong></span> <span class='ocrx_word' id='word_1_992' title='bbox 2344 5820 2655 5878; x_wconf 82' lang='lat' dir='ltr'><strong>oppugnare</strong></span> <span class='ocrx_word' id='word_1_993' title='bbox 2675 5809 2865 5865; x_wconf 89' lang='lat' dir='ltr'><strong>vellent</strong></span> <span class='ocrx_word' id='word_1_994' title='bbox 2891 5853 2904 5879; x_wconf 88' lang='lat'><strong>,</strong></span> <span class='ocrx_word' id='word_1_995' title='bbox 2925 5812 3059 5881; x_wconf 62' lang='lat' dir='ltr'><strong>jussi</strong></span> <span class='ocrx_word' id='word_1_996' title='bbox 3090 5828 3211 5874; x_wconf 89' lang='lat' dir='ltr'><strong>sunt</strong></span> <span class='ocrx_word' id='word_1_997' title='bbox 3240 5835 3337 5888; x_wconf 77' lang='lat' dir='ltr'><strong>per</strong></span> <span class='ocrx_word' id='word_1_998' title='bbox 3367 5838 3574 5899; x_wconf 79' lang='lat' dir='ltr'><strong>septem</strong></span> 
     </span>
    </p>
   </div>
  </div>
