4124 6336
1307 326 1363 379 S.
1403 321 1676 379 JO.\.\'.\'13
1712 317 2184 375 ειιιιγδοδτοιιι

602 445 718 496 dies
747 444 882 497 tubis
906 442 1147 496 instructi
1180 441 1402 495 circuire
1435 452 1613 491 muros
1634 478 1648 501 ,
1679 446 1732 489 et
1758 435 1834 488 sic
1864 432 1988 486 urbs
2019 445 2175 485 ever-

603 553 659 590 sa
685 548 766 591 est
798 536 931 601 (λοι.
964 539 996 589 6
1045 537 1119 603 5).
1152 531 1301 599 Quod
1326 541 1499 585 autem
1530 522 1580 582 in
1611 538 1814 596 septem
1842 526 1945 577 illis
1965 524 2172 583 diebus,

603 628 972 694 undecumque
1001 619 1371 693 int-operimus,
1409 620 1685 675 sabbatum
1718 616 1954 671 incidere
1988 629 2174 667 neces-

603 732 662 770 se
692 720 782 779 sit,
824 718 990 771 cuivis
1042 714 1374 767 nianifestum
1428 722 1529 765 est.
1586 710 1856 764 Manifesta
1914 722 2042 775 ergo
2096 714 2178 771 est

602 808 800 860 solutio
855 806 1076 859 sabbati.
1108 804 1311 858 Rursus
1352 801 1654 856 circumcidi
1690 798 1848 868 jussit
1903 795 2172 850 hominem

607 910 790 951 octavo
826 898 911 951 die
932 915 944 949 :
968 911 1187 950 necesse
1216 908 1290 948 ρει
1333 894 1416 947 hic
1442 907 1650 960 quoque
1681 889 1959 942 sabbatum
1991 884 2123 940 solvi
2158 900 2172 949 ;

606 1008 722 1042 nam
756 1005 877 1043 cum
909 991 996 1057 qui
1027 990 1077 1041 iu
1111 987 1329 1041 sabbato
1361 996 1512 1038 Italus
1538 985 1625 1047 sit,
1648 995 1863 1035 necesse
1890 978 2044 1033 estin
2072 978 2176 1029 alio

602 1082 823 1135 Salibalo
863 1080 1189 1135 circumcidi.
1237 1077 1547 1133 Sacerdotes
1592 1086 1770 1128 autem
1825 1071 1945 1126 cum
1988 1070 2176 1137 majori

604 1172 851 1227 facultate
879 1172 1001 1225 illud
1019 1171 1312 1231 solvebant,
1330 1182 1515 1222 rursus
1535 1167 1587 1217 in
1612 1164 1834 1217 sabbato
1855 1161 2172 1215 sacrificium

602 1265 795 1318 offerre
821 1264 953 1333 jussi
988 1286 1001 1318 ι
1033 1264 1119 1317 ubi
1152 1276 1277 1314 vero
1303 1258 1851 1322 sacriticium,eratet
1872 1253 2171 1315 excoriare,

604 332 633 379 ὁ
646 329 659 378 l
673 330 703 377 .‘i

607 1372 792 1421 urere,
850 1367 904 1410 ct
955 1355 1106 1408 altari
1171 1354 1486 1421 imponere,
1544 1359 1597 1403 et
1641 1364 1831 1419 aquam
1886 1346 2077 1401 afferre
2124 1352 2207 1421 et,

607 1448 742 1515 ligna
783 1447 1045 1511 scindere,
1091 1455 1145 1500 et
1184 1446 1392 1499 cineres
1436 1441 1625 1495 efferre
1670 1451 1723 1492 et
1768 1439 1867 1492 alia
1909 1440 2068 1491 multa
2099 1434 2172 1489 fa-

604 1557 727 1592 cere
757 1552 975 1593 necesse
999 1548 1147 1603 erat,
1190 1548 1242 1590 et
1270 1536 1347 1589 sic
1376 1534 1652 1587 sabbatum
1689 1531 1918 1584 solvere.
1956 1528 2033 1581 Ad
2067 1532 2179 1580 tunc

604 1645 731 1683 Vero
757 1631 867 1699 ipsa
895 1632 1053 1683 etiam
1100 1628 1299 1681 crcalio
1330 1626 1604 1679 sabbatum
1637 1622 1914 1676 solvebat:
1954 1635 2071 1671 nam
2102 1617 2179 1671 sol

606 1730 857 1789 operatur
894 1721 943 1774 iu
972 1720 1213 1780 sabbato,
1258 1726 1327 1771 et'
1354 1717 1472 1770 luna
1500 1716 1685 1776 currit,
1732 1724 1783 1767 et
1808 1713 2050 1766 diversus
2094 1712 2182 1765 ille

605 1815 879 1869 stellarum
905 1814 1096 1866 chorus
1120 1821 1357 1879 apparet,
1377 1820 1428 1863 et
1454 1808 1594 1862 venti
1612 1807 1758 1869 llaut,
1792 1816 1845 1860 et
1871 1804 2043 1857 fontes
2067 1819 2183 1857 sca-

610 1907 831 1967 turiunt,
862 1914 914 1958 et
941 1903 1152 1956 ﬂutuiua
1187 1902 1375 1964 ﬂuunt,
1399 1914 1543 1952 mare
1572 1906 1959 1959 commovetur,
1984 1894 2187 1947 semina

605 1996 904 2065 germinant
932 2002 985 2047 ct
1015 1993 1224 2059 plantae,
1252 2000 1390 2044 terra
1424 1992 1579 2057 parit,
1615 2006 1714 2042 nec
1750 2004 1852 2040 non
1890 1991 2039 2040 bruta
2074 2003 2189 2036 oin-

610 2093 718 2146 nia,
743 2087 1023 2154 ipsumth
1054 2082 1325 2137 lt0minum
1354 2095 1543 2151 genus.
1574 2079 1869 2147 Numquam
1900 2077 2038 2129 enim
2075 2091 2188 2128 tnu-

612 2178 739 2230 liere
762 2178 812 2229 in
838 2175 1058 2228 sabbato
1082 2172 1430 2242 parturiente,
1453 2181 1636 2223 natura
1653 2169 2185 2237 exspectavitlcgem,

612 2268 901 2329 rtdistulit,
930 2266 1101 2320 donec
1129 2265 1407 2318 transisset
1433 2264 1729 2323 sabbatum,
1760 2273 1806 2315 et
1846 2271 1971 2314 lllllC
2000 2269 2182 2328 partus

612 2362 1014 2422 absolveretur;
1043 2359 1135 2412 sed
1172 2374 1324 2411 suum
1350 2372 1483 2424 opus
1512 2356 1670 2408 etiam
1697 2355 1749 2407 itt
1773 2353 1993 2406 sabbato
2026 2352 2187 2421 perfi-

611 2456 805 2508 ciebat.
838 2455 899 2507 Et
925 2466 1173 2521 superine
1204 2466 1416 2518 quoque
1442 2449 1664 2500 virtutes
1694 2446 1746 2499 in
1773 2446 1994 2498 sabbato
2033 2444 2188 2496 mitti-

611 2532 801 2607 strant,
856 2560 1023 2615 neque
1079 2544 1439 2598 intermittunt
1480 2539 1831 2594 ministerium
1884 2535 2189 2591 suum.Cur

612 2655 785 2706 ergo,
842 2636 927 2690 dic
983 2636 1153 2699 mihi,
1208 2650 1328 2688 cum
1386 2642 1463 2685 ιυι
1520 2631 1599 2685 sui
1644 2630 1957 2683 tlel'cutlctttii
2003 2628 2188 2681 modos

616 2730 855 2792 haberet,
883 2727 1023 2780 nullo
1056 2729 1242 2779 borum
1273 2734 1355 2778 est
1385 2738 1531 2785 usus,
1567 2736 1738 2791 neque
1768 2720 1901 2773 dixit
1924 2762 1937 2781 ,
1965 2719 2072 2772 Cur
2102 2734 2188 2772 me

614 2819 875 2872 accusatis
922 2817 1063 2887 quod
1108 2816 1382 2870 sabbatum
1432 2812 1677 2867 solvam?
1717 2811 2021 2865 sacerdotes
2048 2810 2187 2862 enim

616 2913 665 2963 iu
694 2909 907 2963 Jcricho
931 2910 1237 2971 solverunt,
1265 2917 1319 2960 ct
1347 2907 1397 2959 in
1430 2906 1629 2975 templo
1656 2904 1867 2956 Solvunt
1902 2921 1914 2955 :
1949 2901 2072 2969 quid
2104 2918 2189 2955 me

614 3004 878 3055 accusatis
917 3001 1055 3070 quod
1086 2999 1364 3053 sabbatum
1396 2996 1640 3051 solvam?
1667 2995 1747 3049 sol
1780 2996 1919 3049 enim
1956 2992 2111 3045 solvit
2136 3000 2190 3045 et

617 3095 736 3148 luna
770 3104 825 3149 ct
850 3094 1019 3147 stella!
1046 3100 1099 3147 et
1122 3095 1292 3146 omnis
1316 3099 1580 3153 creatura,
1611 3103 1834 3155 superna
1866 3096 1920 3141 et
1950 3084 2186 3138 inferna:

614 3185 706 3237 sed
747 3184 827 3238 his
873 3184 1120 3237 omnibus
1166 3182 1342 3234 missis
1380 3180 1443 3232 ad
1494 3179 1703 3233 Patrem
1752 3177 1915 3241 venit,
1967 3176 2187 3228 dicens:

616 3275 771 3327 Pater
797 3290 937 3326 meus
963 3282 1235 3340 aperatur,
1269 3279 1316 3323 et
1345 3287 1436 3339 ego
1468 3284 1669 3335 operor.
1728 3266 1909 3335 Neque
1944 3266 2087 3319 enim
2132 3278 2191 3317 sc

616 3378 817 3422 tantum
844 3366 1134 3421 defelldere
1164 3364 1395 3427 volebat,
1429 3362 1524 3416 sed
1564 3361 1722 3415 etiam
1750 3359 1967 3412 hOuoris
1996 3358 2192 3426 parita-

619 3474 723 3515 tetn
752 3459 1057 3514 ostendere.
1104 3457 1225 3512 Ideo
1264 3470 1369 3510 non
1400 3455 1573 3518 dixit,
1605 3454 1849 3523 Operor;
1881 3467 2109 3519 munquc
2136 3458 2191 3505 ct

621 3554 733 3623 ipsa
764 3559 947 3605 natura
974 3560 1260 3617 operatur;
1289 3562 1393 3600 non
1424 3548 1567 3601 enim
1606 3545 1697 3598 ille
1722 3553 1837 3597 erat
1874 3559 1936 3597 cx
1981 3550 2194 3596 creatu-

617 3656 794 3695 rarum
826 3654 1047 3694 uumero
1072 3657 1084 3691 :
1110 3637 1201 3692 sed
1227 3679 1241 3701 ,
1271 3638 1498 3705 Operor,
1517 3651 1648 3689 nam
1660 3644 1714 3688 et
1741 3635 1897 3689 l’ater
1918 3642 2189 3703 operatur.

616 3731 766 3785 lllius
794 3730 934 3784 enim
969 3738 1084 3784 erat
1108 3728 1419 3782 substantim
1442 3736 1497 3780 et
1520 3726 1815 3793 potestatis.

682 3826 738 3877 Ι..
767 3822 1103 3890 Quapropter
1130 3830 1235 3873 non
1265 3826 1339 3872 ‘ac
1380 3820 1421 3871 si
1467 3833 1532 3872 ex
1561 3826 1932 3871 creaturarum
1966 3830 2193 3868 numero

614 3923 779 3979 eiset,
805 3928 925 3967 sese
954 3910 1215 3975 defendit,
1240 3910 1334 3963 sed
1364 3919 1419 3963 ut
1445 3909 1587 3963 illius
1610 3909 1873 3978 genuinus
1916 3908 2098 3961 Filius.
2126 3907 2193 3961 Et

615 4017 673 4059 ut
694 4007 865 4059 discas
890 4005 1003 4059 haec
1031 4020 1133 4057 non
1163 4018 1230 4057 ex
1251 4006 1558 4070 conjectura
1585 4002 1721 4055 dicta
1743 4001 1928 4065 fuisse;
1949 3999 2192 4068 discipuli

615 4112 828 4165 quoque
868 4094 1153 4163 aliquando
1183 4094 1464 4148 sabbatum
1506 4093 1804 4155 solverunt,
1850 4107 1970 4145 cmn
2015 4092 2193 4158 spicas

616 4189 911 4241 evellerent
941 4202 1003 4239 ac
1033 4184 1397 4246 comedercnt,
1444 4193 1498 4237 et
1526 4199 1648 4237 cum
1675 4182 1843 4237 Judzei
1876 4192 2193 4236 acetisarcnt

616 4296 680 4333 ac
711 4280 975 4343 dicerent,
1002 4277 1117 4331 Non
1142 4276 1291 4331 vich
1337 4277 1388 4330 iu
1418 4276 1639 4329 sabbato
1669 4275 1795 4344 quid
1841 4276 1913 4328 illi
1960 4275 2192 4329 faciant?

617 4386 900 4438 muuquaut
931 4369 1137 4421 Patrem
1169 4367 1239 4421 ibi
1274 4375 1555 4431 memorat,
1585 4366 1680 4420 sed
1702 4365 1827 4435 quid
1856 4365 2023 4419 dicit?
2070 4364 2192 4419 Non

616 4462 803 4530 legistis
839 4460 961 4530 quid
1000 4459 1170 4527 fecerit
1215 4457 1376 4510 David
1420 4456 1624 4526 quando
1667 4457 1886 4510 esuriit?
1939 4457 2192 4524 quomodo

615 4550 894 4613 iuraverit,
920 4560 965 4602 et
1017 4566 1171 4619 panes
1214 4549 1571 4619 prapositionis
1624 4548 1914 4607 comederit,
1942 4564 2064 4616 quos
2093 4564 2197 4600 non

617 4640 795 4691 licebat
839 4638 936 4708 ipsi
989 4638 1265 4701 comedere,
1297 4655 1385 4691 nec
1416 4637 1477 4690 iis
1506 4637 1591 4706 qui
1608 4630 1719 4688 cuni
1748 4636 1837 4689 illo
1868 4636 2049 4689 erant?
2091 4652 2192 4689 non

617 4730 808 4797 legistis
836 4730 972 4794 quod
1006 4728 1285 4781 sacerdotes
1312 4730 1361 4780 in
1408 4728 1595 4795 templo
1624 4728 1883 4781 sabbatum
1909 4728 2123 4792 violant,
2148 4739 2193 4781 et

615 4820 863 4887 inculpati
889 4828 1004 4872 sunt
1054 4817 1264 4886 (.lluttlt.
1295 4820 1381 4872 1'2.
1417 4821 1449 4873 '5
1474 4850 1486 4858 -
1514 4818 1547 4873 5
1573 4820 1628 4885 )?
1661 4818 1846 4872 Videu'
1890 4819 2188 4887 quomodo,

614 4909 825 4979 quzmdo
846 4910 911 4964 de
935 4910 1105 4963 servis
1124 4910 1215 4963 dat
1247 4912 1535 4976 rationem,
1564 4926 1750 4965 servos
1769 4912 1819 4964 in
1854 4913 2088 4966 medium
2112 4912 2190 4965 af-

2227 313 2540 370 .\ll(lllll‘.P.
2584 310 3113 366 (IONSTANTINOP.

3759 310 3865 364 5ἲῦ

2286 430 2440 493 ferat,
2478 425 2729 479 llavidcm
2758 438 2809 478 ct
2842 424 3152 478 sacerdotes
3180 441 3194 486 ;
3224 422 3440 493 quando
3470 434 3644 478 autem
3672 423 3741 479 de
3769 446 3828 478 Η·
3850 467 3866 487 ,

2287 521 2530 575 I’atrem?
2556 519 2707 586 Quod
2736 520 2778 571 si
2798 518 3082 587 aliquando
3100 520 3219 571 aliis
3245 517 3866 585 ntat':rdefensionibus,

2286 622 2337 664 ut
2367 628 2484 665 cum
2536 609 2699 663 dicit:
2746 609 2806 664 Si
2834 609 3266 662 circumcisionem
3293 608 3476 677 accipit
3525 609 3695 674 homo,
3744 611 3870 661 mihi

2283 703 2621 772 indignemini
2646 744 2661 767 ,
2693 705 2827 770 quod
2868 710 3024 753 totum
3053 703 3307 752 hominem
3352 717 3530 753 sanum
3561 702 3764 770 ﬂ'ccritn
3818 705 3871 754 in

2290 796 2493 849 sabbato
2523 792 2699 864 (Joan.
2726 794 2779 846 7.
2822 791 2912 861 25)
2933 791 2956 840 ἶ)
2981 805 3043 845 ac
3086 807 3318 852 rursum,
3354 794 3478 857 Quis
3504 808 3567 844 ea;
3593 791 3728 844 rubis
3775 803 3871 851 (τι,

2288 889 2373 957 qui
2415 903 2513 940 non
2553 887 2711 939 solvat
2756 900 2908 940 ovem
2936 899 3085 938 suam
3133 892 3188 937 et
3209 883 3387 945 liorem
3430 883 3584 953 (Luc.
3623 885 3706 938 l5.
3742 885 3876 950 lii)?

2292 979 2423 1035 nihil
2472 980 2705 1033 mirum:
2758 993 2863 1032 non
2891 978 3032 1032 enim
3081 992 3295 1045 Semper
3342 978 3576 1044 loquitur
3618 986 3674 1029 ut
3708 977 3873 1041 licus,

2290 1071 2382 1127 sed
2414 1071 2700 1140 aliquando
2728 1070 2888 1125 etiam
2923 1078 2979 1123 ιιι
3011 1068 3191 1132 homo,
3223 1068 3343 1136 quia
3373 1078 3424 1120 et
3461 1069 3596 1121 Deus
3628 1078 3682 1123 et
3707 1068 3876 1121 homo

2291 1170 2423 1216 erat.
2459 1162 2553 1215 l-lic
2585 1176 2712 1215 vero
2740 1160 3033 1214 secundum
3079 1160 3393 1229 d'guitatem
3429 1174 3578 1213 suam
3612 1159 3872 1229 loquitur,

2291 1255 2475 1309 dicens
2498 1272 2510 1308 :
2546 1252 2702 1307 Pater
2733 1270 2873 1307 meus
2903 1269 3058 1318 usque
3084 1252 3232 1304 modo
3259 1263 3521 1319 operatur,
3554 1263 3599 1304 et
3625 1269 3717 1321 rgo
3745 1269 3872 1321 ope-

2292 1362 2397 1398 ror.
2431 1345 2555 1399 ldeo
2594 1345 2669 1397 ait
2710 1344 3057 1412 evangelista,
3087 1343 3551 1412 Pcrsequebantur
3579 1344 3726 1396 illum
3774 1343 3871 1395 Ju-

2296 1437 2435 1502 dzei;
2474 1452 2577 1491 non
2612 1436 2785 1489 solum
2816 1436 2935 1505 quia
2984 1435 3265 1489 sabbatum
3298 1435 3581 1497 solvebat,
3614 1436 3707 1489 sed
3747 1436 3873 1504 quia

2289 1532 2498 1586 Patrem
2524 1547 2675 1583 suum
2702 1530 2912 1584 diccbat
2935 1529 3120 1595 Deum,
3146 1528 3405 1599 aequalem
3429 1542 3487 1582 se
3516 1528 3715 1582 faciens
3741 1528 3871 1583 ilco.

2289 1623 2399 1691 Ego
2431 1638 2557 1675 vero
2587 1633 2638 1676 et
2662 1622 2763 1676 hoc
2792 1621 3020 1675 libenter
3049 1620 3361 1674 lncreticum
3388 1621 3828 1689 interrogari-rint
3857 1637 3871 1675 :

2292 1716 2498 1769 Patrem
2534 1732 2687 1769 suum
2718 1715 2927 1769 dicebat
2974 1715 3161 1775 Deum,
3206 1724 3298 1767 aut
3351 1728 3455 1768 non
3489 1712 3740 1766 dieeliat?
3783 1714 3878 1766 Ju-

2289 1809 2452 1862 daicze
2500 1808 2768 1876 opinionis
2818 1808 2920 1860 hoc
2978 1817 3114 1871 erat,
3170 1814 3263 1859 aut
3312 1806 3592 1860 sententia:
3624 1805 3876 1859 Christi?

2293 1898 2507 1953 litiamsi
2537 1900 2679 1951 enim
2705 1898 2988 1951 admodum
3023 1897 3357 1967 impudenter
3383 1898 3573 1965 egerit,
3594 1911 3621 1948 a
3651 1898 3878 1952 veritate

2290 1991 2644 2044 convincitur.
2675 1991 2911 2053 Dicebat,
2938 1989 3095 2043 Pater
3114 2008 3250 2043 meus
3268 2006 3425 2060 usque
3450 1996 3599 2043 modo
3615 2000 3875 2059 operatur,

2291 2092 2335 2134 et
2364 2100 2451 2153 ego
2484 2098 2700 2152 aperor:
2728 2083 2964 2137 solvebat
2992 2082 3295 2145 Sabbalttm,
3321 2091 3413 2135 attt
3441 2097 3544 2135 non
3588 2083 3877 2138 solvebat?

2293 2176 2468 2230 Palam
2495 2188 2575 2230 est
2605 2189 2780 2230 autem
2809 2177 2950 2245 quod
2979 2176 3108 2229 illttd
3136 2176 3405 2231 solveret:
3427 2176 3657 2245 Operor,
3683 2178 3876 2246 inquit,

2291 2280 2344 2322 ct
2374 2270 2461 2322 ille
2501 2282 2773 2338 operatur.
2819 2268 2981 2338 Igitur
3031 2279 3276 2324 neutrum
3315 2285 3499 2323 eorum
3532 2286 3595 2324 ex
3623 2270 3879 2339 Opinione

2292 2359 2507 2414 Judaica
2524 2369 2659 2420 erat,
2680 2361 2771 2414 sed
2801 2375 2864 2414 ex
2898 2359 3097 2415 Christi
3128 2361 3489 2415 declaratioue
3517 2371 3567 2415 ct
3586 2362 3876 2427 sententia,

2292 2463 2344 2506 et
2366 2453 2504 2523 quod
2533 2453 2765 2508 solveret
2792 2454 3094 2517 sabbatum,
3119 2462 3174 2508 et
3202 2453 3341 2524 quod
3374 2454 3584 2508 Patrem
3612 2468 3766 2507 suum
3796 2454 3881 2507 di-

2292 2555 2440 2597 ceret
2494 2545 2680 2597 Deum.
2719 2544 3000 2610 Quomodo
3042 2560 3191 2612 ergo,
3224 2559 3343 2599 cum
3375 2544 3489 2597 hate
3517 2560 3579 2597 ex
3612 2545 3880 2598 sententia

2292 2634 2485 2687 Christi
2536 2649 2658 2689 esse
2702 2634 2867 2700 dicat,
2900 2635 3027 2689 illud
3062 2634 3373 2689 Judaeorum
3409 2636 3732 2704 suspicionis
3758 2651 3882 2690 esse

2292 2725 2446 2790 dicis,
2479 2741 2599 2779 cum
2634 2738 2806 2781 tamen
2833 2728 3226 2781 consectarium
3258 2728 3328 2781 sit
3353 2736 3409 2782 et
3432 2728 3553 2782 huic
3581 2738 3728 2783 arcte
3752 2729 3881 2797 jun-

2291 2829 2457 2881 ctum,
2488 2829 2539 2871 et
2560 2820 2719 2872 simili
2748 2819 2904 2872 modo
2930 2820 2997 2873 ab
3020 2821 3347 2890 evangelista
3376 2822 3687 2876 enuntietur
3711 2822 3732 2874 ?
3755 2822 3882 2875 “.trc

2292 2925 2487 2979 quippe
2509 2911 2685 2963 munia
2716 2920 2837 2963 sunt
2859 2911 3200 2980 evangelista:
3231 2911 3499 2967 enarratio
3519 2952 3532 2973 ,
3560 2912 3883 2979 explicantis

2293 3018 2353 3056 ca
2378 3018 2494 3071 qum
2521 3021 2548 3054 ει
2572 3002 2783 3056 Christo
2806 3002 2940 3056 dicta
2968 3013 3110 3055 sunt.
3141 3001 3368 3072 Ideoque
3391 3002 3592 3057 Judazis
3614 3020 3882 3059 accusan-

2298 3094 2703 3159 tibus,dicebat,
2733 3094 2871 3162 qttod
2897 3106 3354 3163 persequerentur
3374 3095 3542 3161 illum,
3570 3113 3676 3149 non
3704 3099 3879 3153 solum

2295 3186 2414 3253 quia
2438 3184 2713 3238 sabbatum
2740 3185 3000 3250 solvebat,
3028 3185 3119 3238 sed
3149 3186 3305 3239 etiam
3326 3188 3445 3255 quia
3478 3186 3692 3242 Patrem
3723 3205 3880 3241 suum

2297 3276 2503 3329 diccbat
2529 3276 2714 3341 Deum,
2737 3276 2970 3346 seipsum
3006 3278 3114 3330 Deo
3140 3279 3401 3346 aequalem
3436 3277 3659 3333 faciens.
3681 3279 3881 3334 Verum

2297 3365 2408 3419 haec
2427 3367 2795 3421 haereticorurn
2810 3368 3106 3422 confulatio
3120 3368 3207 3424 hic
3233 3368 3481 3423 idoneum
3502 3381 3555 3424 et
3572 3386 3847 3441 congruen
3865 3402 3882 3414 -

2300 3466 2402 3512 tem
2435 3456 2591 3511 habet
2623 3459 2779 3512 tinem
2813 3478 2826 3510 :
2856 3461 2901 3513 si
2930 3474 3059 3514 vero
3080 3461 3241 3514 etiam
3274 3460 3483 3516 discere
3510 3463 3705 3529 velitis,
3735 3480 3886 3534 quie-

2298 3564 2419 3601 nam
2446 3549 2513 3602 sit
2535 3551 2775 3617 operatio
2791 3566 2889 3618 qua
2921 3550 3077 3605 Pater
3096 3562 3366 3620 operatur,
3389 3565 3441 3608 et
3459 3554 3621 3608 Filius
3640 3572 3883 3625 quoque;

2297 3640 2522 3693 dixerim
2554 3655 2674 3695 esse
2709 3640 3098 3710 providentiam
3129 3658 3258 3712 erga
3312 3659 3398 3700 res
3440 3658 3661 3710 omnes,
3691 3662 3883 3703 earum

2298 3734 2756 3787 conservationem
2784 3743 2839 3787 et
2867 3750 3073 3787 curam.
3106 3735 3236 3800 Qua:
3262 3736 3402 3789 enim
3432 3736 3682 3791 videntur
3698 3740 3883 3792 omnia

2299 3840 2391 3877 sex
2418 3824 2625 3876 dierum
2655 3826 2827 3893 spatio
2872 3824 3009 3880 facta
3059 3836 3213 3891 sunt,
3251 3826 3313 3879 Et
3340 3829 3578 3895 requievit
3630 3830 3770 3884 Deus
3798 3832 3886 3885 die

2300 3918 2509 3985 septimo
2559 3916 2708 3989 (Gen.
2740 3917 2793 3970 2.
2834 3918 2924 3988 9.);
2959 3920 3289 3988 providentia
3321 3929 3499 3974 autem
3530 3921 3743 3975 illorum
3774 3940 3880 3979 non

2300 4015 2579 4082 requievit.
2640 4012 2786 4067 llanc
2839 4013 3014 4080 itaque
3071 4012 3462 4080 providentiam
3508 4017 3880 4082 Operationem

2301 4114 2455 4159 vocat
2501 4105 2745 4159 Christus
2777 4144 2792 4168 ,
2840 4104 3026 4159 dicens
3081 4121 3093 4156 :
3152 4103 3310 4158 Pater
3348 4122 3488 4159 meus
3517 4118 3782 4175 operatur,
3831 4121 3880 4164 et

2298 4217 2389 4270 ego
2417 4217 2619 4267 aperor,
2656 4198 2959 4269 providens,
3007 4214 3220 4265 curans,
3278 4201 3468 4270 inquit,
3517 4218 3874 4270 conservans,

2299 4293 2601 4352 continens,
2626 4292 2754 4345 nihil
2783 4292 2965 4346 sitiens
2991 4291 3180 4346 difflui.
3201 4295 3512 4363 Dogmatum
3540 4312 3669 4364 ergo
3702 4311 3872 4354 recto-

2301 4400 2417 4437 rum
2448 4385 2902 4438 demonstratione
2931 4386 3009 4439 vel
3032 4401 3095 4439 ex
3127 4387 3281 4441 dictis
3305 4399 3543 4457 accepta,
3567 4402 3879 4448 accuratqu

2301 4480 2420 4530 vita:
2464 4478 2759 4531 institutum
2805 4487 2859 4531 et
2902 4477 3165 4547 dogmatis
3210 4494 3502 4549 congruum
3560 4482 3824 4539 addamus
3865 4505 3879 4541 :

2300 4568 2729 4637 quandoquidem
2768 4584 2873 4622 non
2926 4570 3121 4623 suflicit
3164 4571 3320 4624 nobis
3366 4572 3432 4624 ad
3483 4574 3714 4628 salutem
3768 4579 3884 4631 sola

2301 4670 2569 4713 rectormu
2598 4661 2904 4730 dogmatum
2933 4662 3177 4721 scientia,
3212 4662 3305 4717 sed
3334 4678 3469 4731 apus
3490 4674 3574 4719 est
3602 4666 3711 4719 vita
3742 4683 3884 4736 quo-

2298 4770 2401 4823 que
2446 4755 2682 4823 Optima;
2717 4766 2771 4809 ut
2802 4772 2897 4823 per
2937 4756 3115 4810 ontuia
3140 4758 3249 4812 Deo
3275 4758 3510 4827 gloriam,
3541 4758 3843 4816 referentes
3868 4803 3884 4827 ,

2303 4848 2558 4915 promissa
2595 4849 2731 4901 bona
2760 4864 3186 4915 consequamur:
3212 4850 3294 4903 cui
3326 4849 3493 4919 gloria
3520 4861 3573 4905 et
3596 4852 3883 4922 imperium

2304 4942 2353 4995 iu
2384 4941 2572 4995 sa'cula
2603 4940 2940 4993 Sicculorum.
2970 4942 3160 4995 Amen.

2534 5131 3880 5156 mm

1966 5228 2314 5291 HOMILIA
2361 5231 2443 5291 Χ.

628 5362 867 5430 Eiusdem
895 5365 1124 5426 humilia,
1147 5367 1312 5420 habita
1330 5369 1381 5421 in
1400 5368 1608 5423 ecclesia
1643 5369 1892 5437 Apostoli,
1930 5383 2188 5441 postquam

699 5457 961 5525 episcopus
989 5458 1161 5527 paucis
1182 5460 1501 5513 contionatus
1532 5462 1695 5529 fuerat
1722 5504 1737 5526 ,
1766 5463 1817 5514 in
1848 5462 1975 5515 illud
2006 5481 2021 5516 :
2050 5464 2187 5521 Mes-

687 5548 761 5600 sis
799 5550 1008 5614 quidem
1048 5551 1209 5602 multa
1236 5592 1250 5617 ,
1299 5553 1527 5621 operarii
1557 5564 1729 5607 autetu
1771 5554 1923 5623 pauci
1955 5559 1971 5625 (
2002 5555 2182 5609 .llattti.

682 5639 737 5691 9.
766 5639 829 5692 s7
854 5640 894 5707 ).

686 5730 737 5785 ι.
758 5730 996 5785 Senectus
1014 5734 1061 5785 in
1086 5732 1308 5787 Ecclesia
1330 5735 1479 5791 utilis.
1507 5734 1767 5801 Quomodo
1791 5740 1850 5792 sit
1874 5741 2173 5794 etiamutilis

2292 5376 2549 5443 juventus.
2574 5406 2642 5415 —
2673 5376 2883 5430 Vidistis
2909 5392 3091 5432 senem
3124 5380 3369 5433 eumdem
3400 5391 3456 5436 et
3477 5382 3726 5451 juvenem
3751 5399 3765 5448 ;
3788 5399 3874 5438 se-

2298 5482 2419 5520 nem
2461 5483 2683 5533 corpore
2706 5510 2718 5529 ,
2758 5468 3005 5536 juvenem
3033 5471 3255 5525 animo?
3286 5472 3489 5527 vidistis
3521 5474 3774 5528 canitiem
3806 5492 3871 5529 vt-

2293 5571 2502 5627 gentem
2543 5571 2594 5612 et
2623 5571 2949 5615 senectutem
2994 5561 3187 5615 robore
3220 5563 3519 5631 vigentem?
3546 5565 3700 5619 Tales
3735 5567 3876 5618 enim

2293 5661 2411 5703 sunt
2428 5668 2511 5704 t'cs
2528 5663 2927 5713 nostraacoutra
2943 5670 3097 5724 quam
3111 5655 3247 5724 apud
3265 5666 3532 5711 externos.
3549 5659 3697 5726 Apud
3715 5668 3871 5710 exter-

2290 5754 2386 5795 nos
2426 5744 2563 5797 enim
2594 5757 2840 5799 senectus
2871 5747 3072 5803 inutilis
3096 5761 3212 5816 est;
3249 5759 3302 5805 ut
3328 5751 3479 5804 llliil‘S
3514 5752 3600 5821 qui
3631 5751 3697 5804 ad
3736 5752 3872 5804 illam
