4124 6336
203 373 316 437 515

205 497 388 560 πόλις.
419 497 540 550 Ὀτι
562 494 618 548 δὲ
639 495 696 546 ἐν
722 494 839 555 ταῖς
869 490 1008 545 ἑπτὰ
1031 490 1288 560 ἡμέραις,
1311 487 1433 541 ὅθεν
1455 485 1521 540 ἂν
1548 480 1902 553 ποιησώμεθα

203 587 310 652 τὴν
343 583 520 654 ἀρχὴν
540 620 557 647 ,
592 581 808 650 ἀνάγκη
851 579 913 631 τὸ
963 577 1238 630 σάϐϐατον
1287 574 1568 645 ἐμπεσεῖν,
1599 570 1764 623 παντί
1797 585 1901 620 που

202 671 392 740 δῆλον.
426 670 584 724 Ὀθεν
617 668 798 737 δῆλον,
835 667 917 720 ὅτι
939 665 1104 735 ἐλύθη
1130 664 1190 716 τὸ
1228 661 1519 716 σάϐϐατον.
1549 659 1720 711 Πάλιν
1743 673 1902 727 περι-

203 758 508 827 τέμνεσθαι
539 755 790 809 ἐκέλευεν
828 753 1113 824 ἄνθρωπον
1143 753 1209 821 τῇ
1247 749 1410 821 ὀγδόῃ
1441 747 1624 818 ἡμέρα
1643 763 1654 775 ·
1688 744 1902 812 ἀνάγκη

202 847 308 898 καὶ
359 843 592 896 ἐνταῦθα
631 843 795 896 πάλιν
844 839 907 894 τὸ
942 839 1214 892 σάϐϐατον
1259 835 1523 889 λύεσθαι·
1566 835 1658 887 τὸν
1699 833 1805 904 γὰρ
1845 833 1903 884 ἐν

209 933 472 1002 σαϐϐάτῳ
494 929 753 1000 τεχθέντα
782 930 995 998 ἀνάγκη
1025 927 1104 994 τῷ
1133 927 1305 996 ἑτέρῳ
1341 924 1599 993 σαϐϐάτῳ
1626 938 1904 994 περιτμη-

198 1021 397 1089 θῆναι.
429 1021 489 1072 Οἱ
535 1019 590 1072 δὲ
637 1019 803 1087 ἱερεῖς
840 1017 933 1070 καὶ
977 1014 1115 1085 μετά
1163 1013 1408 1076 πλείονος
1445 1011 1546 1081 τῆς
1585 1009 1907 1081 περιουσίας

208 1108 348 1160 αὐτὸ
383 1106 534 1159 ἐλυον
559 1146 574 1166 ,
610 1102 768 1175 [386]
804 1104 896 1156 καὶ⁵
945 1114 971 1141 ι
1012 1101 1172 1154 πάλιν
1203 1099 1394 1152 θυσίαν
1434 1101 1492 1152 ἐν
1525 1097 1781 1166 σαϐϐάτῳ
1815 1113 1908 1149 κε-

209 1193 500 1263 λευόμενοι
547 1191 844 1261 ἀναφέρειν
868 1207 880 1218 ·
919 1190 1053 1241 ὅπου
1100 1187 1156 1239 δὲ
1190 1185 1369 1249 θυσία,
1405 1186 1497 1239 καὶ
1537 1184 1780 1256 ἐκδέρειν
1812 1183 1906 1237 καὶ

208 1285 416 1343 καίειν,
460 1282 555 1335 καὶ
606 1278 910 1334 ἐπιτιθέναι
955 1275 1370 1347 Θυσιαστηρίῳ,
1415 1275 1511 1329 καὶ
1556 1275 1905 1344 ὑδροφορεῖν,

208 1372 309 1424 καὶ
362 1370 494 1436 ξύλα
536 1369 784 1437 διακλᾷν,
840 1367 935 1419 καὶ
995 1365 1208 1434 τέφραν
1257 1364 1536 1434 ἐκφέρειν,
1600 1363 1694 1415 καὶ
1740 1362 1908 1434 ἕτερα

209 1456 440 1509 πλείονα
490 1457 665 1508 ποιεῖν
697 1454 911 1523 ἀνάγκη
947 1448 1037 1523 ἦν,
1084 1453 1178 1504 καὶ
1219 1450 1308 1504 διὰ
1359 1450 1516 1504 τοῦτο
1547 1449 1607 1502 τὸ
1639 1449 1907 1503 σάϐϐατον

206 1543 461 1597 λύεσθαι.
509 1541 664 1596 Μετὰ
694 1541 899 1594 τούτων
944 1542 1036 1594 καὶ
1086 1541 1119 1611 ὴ
1169 1539 1345 1603 κτίσις
1372 1537 1509 1609 αὐτὴ
1542 1537 1603 1590 τὸ
1638 1537 1907 1591 σάϐϐατον

211 1631 340 1685 ἔλυε
365 1648 376 1659 ·
419 1632 513 1684 καὶ
539 1629 648 1701 7&9
680 1629 827 1700 ἣλιος
858 1629 1152 1698 ἐργάζεται
1186 1629 1244 1680 ἐν
1276 1626 1552 1696 σαϐϐάτῳ,
1581 1625 1676 1679 καὶ
1708 1626 1906 1696 σελήνη

210 1721 422 1791 τρέχει,
453 1719 547 1772 καὶ
599 1718 629 1769 6
678 1715 919 1780 ποικίλος
966 1716 1076 1770 τῶν
1127 1716 1341 1786 ἄστρων
1381 1714 1561 1783 φαίνει
1600 1713 1780 1784 χορὸς,
1811 1713 1908 1765 καὶ

212 1809 408 1877 ἄνεμοι
441 1806 682 1863 πνέουσι.
715 1806 807 1857 καί¹
838 1803 1014 1872 πηγαὶ
1049 1802 1294 1874 βρύουσι,
1320 1804 1414 1855 καὶ
1444 1802 1679 1872 ποταμοὶ
1703 1802 1904 1872 ῥέουσι,

214 1894 312 1949 καὶ
343 1893 584 1947 θάλαττα
612 1894 862 1955 κινεῖται,
900 1891 994 1943 καὶ
1029 1891 1318 1960 σπέρματα
1353 1889 1660 1944 ἀναδίδοται
1693 1889 1785 1941 καὶ
1807 1906 1908 1958 φυυ

213 1981 302 2044 τὰ,
343 1981 439 2032 καὶ
483 1980 516 2050 ἡ
561 1978 634 2047 γῆ
686 1978 860 2030 τίκτει
900 1976 994 2030 καὶ
1026 1975 1096 2029 τὰ
1125 1976 1295 2044 ἀλογα
1331 1977 1570 2040 ἅπαντα,
1605 1973 1684 2026 ἔτι
1726 1973 1783 2027 δέ
1815 1976 1909 2027 καὶ

222 2067 276 2119 τὸ
306 2065 419 2118 τῶν
456 2064 758 2136 ἀνθρώπων
785 2064 961 2131 γένος.
1000 2062 1269 2115 Οὐδέποτε
1298 2062 1428 2132 γάρ,
1459 2060 1716 2130 γυναικὸς
1744 2060 1906 2114 κυού-

219 2171 318 2224 σης
353 2155 412 2205 ἐν
448 2153 720 2222 σαϐϐάτῳ,
757 2154 788 2222 ἡ
822 2150 984 2220 φύσις
1017 2151 1271 2220 ἀνέμεινε
1315 2151 1406 2202 τὸν
1451 2150 1636 2219 νόμον,
1677 2149 1772 2203 καὶ
1821 2149 1908 2215 ἐξ-

217 2239 438 2305 εδέξατο
487 2240 775 2310 παρελθεῖν
808 2241 868 2292 τὸ
905 2238 1191 2302 σάϐϐατον,
1227 2239 1320 2291 καὶ
1367 2238 1488 2290 τότε
1532 2237 1763 2307 λυθῆναι
1810 2235 1906 2300 τὰς

217 2329 439 2392 ὠδῖνας,
466 2326 600 2380 ἀλλά
629 2327 916 2397 εἰργάζετο
952 2324 1013 2378 τὸ
1060 2324 1259 2395 ἑαυτῆς
1298 2323 1458 2396 ἔργον
1507 2324 1600 2376 καὶ
1635 2321 1907 2377 σαϐϐάτου

215 2415 391 2478 δντος.
430 2414 542 2467 Καὶ
570 2416 627 2467 αἰ
657 2414 769 2469 άνω
807 2415 862 2466 δὲ
893 2413 1152 2483 δυνάμεις
1189 2411 1584 2482 ὑπηρετοῦνται
1615 2412 1673 2464 ἐν
1704 2410 1902 2464 σαϐϐά-

218 2519 317 2573 τῳ,
353 2501 449 2555 καὶ
470 2502 532 2554 οὐ
556 2499 971 2572 διαλιμπάνουσι
995 2501 1094 2570 τὴν
1115 2500 1392 2553 διακονίαν
1414 2499 1512 2571 τὴν
1540 2487 1749 2553 ἑαυτῶν
1771 2498 1910 2569 πληι-

215 2589 435 2659 ροῦσαι.
470 2589 626 2652 Τίνος
655 2585 748 2640 οὖν
771 2588 980 2650 ἕνεκεν,
1017 2588 1138 2640 εἰπέ
1172 2604 1281 2658 μοι,
1320 2586 1588 2650 τοσαύτας
1611 2586 1752 2656 ἔχων
1770 2587 1908 2640 ἀπο·

220 2676 406 2745 λογίας
442 2675 730 2747 ἀφορμὰς,
767 2675 994 2745 οὐδεμία
1025 2673 1230 2728 τούτων
1265 2674 1549 2746 κέχρηται,
1580 2674 1700 2727 οὐδὲ
1739 2673 1907 2741 λέγει,

212 2763 284 2817 Τί
307 2781 398 2834 μοι
427 2764 728 2831 ἐγκαλεῖτε,
764 2763 846 2816 ὅτι
892 2762 1005 2816 λύω
1035 2761 1097 2814 τὸ
1132 2761 1436 2827 σάϐϐατον;
1469 2763 1562 2815 καὶ
1601 2763 1711 2832 γάρ
1733 2752 1787 2816 ὀί
1830 2764 1908 2815 ἰε-

224 2853 339 2921 ρεῖς
365 2851 424 2902 ἐν
464 2850 774 2920 Ἱεριχοῦντι
799 2848 1015 2914 ἔλυσαν,
1046 2849 1141 2903 καὶ
1172 2851 1221 2902 οἱ
1253 2852 1311 2903 ἐν
1340 2847 1417 2920 τῷ
1449 2849 1579 2921 ἱερῷ
1611 2849 1796 2903 λύουσι
1819 2866 1830 2878 ·
1855 2851 1909 2903 τί

223 2956 318 3012 μοι
354 2938 661 3007 ἐγκαλεῖτε,
690 2923 772 2992 ϐτί
820 2939 932 2991 λύω
981 2938 1284 3005 σάϐϐατον;
1317 2940 1413 2991 καὶ
1446 2938 1555 3009 γάρ
1597 2938 1750 3009 ἥλιος
1792 2938 1908 2992 λύει

225 3029 320 3078 καὶ
355 3027 552 3097 σελήνη
601 3028 696 3080 καὶ
736 3025 967 3098 ἀστέρες
1000 3029 1094 3080 καὶ
1126 3029 1276 3080 πάσα
1310 3028 1343 3096 ὴ
1375 3027 1574 3090 κτίσις,
1608 3027 1703 3080 καὶ
1731 3029 1764 3099 ἠ
1796 3025 1911 3081 άνω

223 3116 320 3168 καὶ
351 3117 382 3185 ἡ
415 3115 567 3169 κάτω
586 3129 600 3142 ⁸
629 3115 766 3169 άλλά
798 3115 975 3168 πάντα
1008 3114 1182 3168 ταῦτα
1220 3115 1400 3184 ἀφεὶς,
1431 3114 1524 3167 ἐπὶ
1555 3115 1647 3167 τὸν
1691 3116 1910 3186 Πατέρα

221 3198 406 3274 ἦλθεν,
431 3203 605 3272 λέγων
625 3219 638 3233 ·
686 3204 742 3256 '0
776 3204 979 3272 Πατήρ
1002 3220 1124 3273 μου
1151 3202 1471 3273 ἐργάζεται,
1495 3203 1656 3274 κάγὼ
1676 3203 1912 3273 ἐργάζο-

219 3309 347 3361 μαι.
373 3292 449 3343 Οὐ
477 3291 586 3362 7&9
614 3291 680 3361 δὴ
713 3291 1159 3363 ἀπολογήσασθαι
1185 3291 1437 3345 ἐϐούλετο
1459 3291 1640 3363 μόνον,
1663 3292 1797 3346 ἀλλά
1819 3293 1914 3347 καὶ

224 3384 324 3454 τὴν
356 3382 624 3453 ἰσοτιμίαν
665 3383 856 3450 δεῖξαι.
889 3383 987 3436 Διά
1031 3382 1190 3437 τοῦτο
1232 3384 1330 3436 οὐκ
1362 3377 1910 3455 εἷπεν,Ἐργάζομαι,

225 3470 319 3524 καὶ
355 3468 462 3539 γάρ
493 3472 526 3540 ἡ
559 3469 738 3532 κτίσις
779 3467 1109 3541 ἐργάζεταιο
1157 3469 1219 3522 οὐ
1270 3469 1377 3540 γάρ
1409 3464 1478 3540 ἦν
1510 3469 1608 3539 τῆς
1643 3470 1874 3533 κτίσεως
1897 3486 1910 3499 ⁸

226 3557 739 3628 ἀλλ’,Ἐργάζομαι,
770 3558 865 3610 καὶ
896 3558 1007 3629 γὰρ
1032 3559 1060 3610 6
1084 3555 1275 3628 Πατὴρ
1315 3556 1626 3627 ἐργάζεται.
1662 3558 1772 3628 Τῆς
1804 3559 1913 3630 7&9

225 3644 416 3706 οὐσίας
441 3644 658 3714 ἐκείνης
683 3639 749 3714 ἦν
774 3643 868 3696 καὶ
895 3643 994 3714 τῆς
1022 3643 1289 3710 ἐξουσίας.

296 3731 358 3786 ἃ.
404 3731 502 3784 Δια
538 3730 696 3785 τοῦτο
737 3731 835 3801 οὐχ
871 3731 948 3794 ὡς
996 3729 1098 3800 τῆς
1144 3730 1375 3795 κτίσεως
1420 3730 1496 3784 ὢν
1541 3731 1910 3800 ἀπολογεῖται,

229 3818 344 3873 ἀλλ’
376 3820 453 3882 ὡς
490 3819 698 3873 ἐκείνου
747 3818 994 3890 γέννημα
1040 3821 1278 3887 γνήσιον.
1318 3820 1427 3872 Καὶ
1465 3820 1551 3873 ἵνα
1607 3819 1784 3892 μάθῃς
1829 3823 1913 3874 ὅτι

229 3907 290 3958 οὐ
325 3906 631 3976 στοχασμὸς
667 3905 734 3959 τά
760 3905 1047 3977 εἰρημένα,
1079 3905 1275 3961 ἔλυσάν
1310 3924 1437 3960 ποτε
1473 3907 1568 3960 καί⁵
1595 3909 1643 3961 oi
1673 3908 1913 3980 μαθηταὶ

227 3995 290 4047 τὸ
318 3994 589 4047 σάϐϐατον
620 3993 890 4057 τίλλοντες
926 3993 1162 4063 στάχυας
1192 3996 1285 4047 καὶ
1310 3994 1599 4058 ἐσθίοντες,
1627 3996 1721 4049 καί⁵
1749 3997 1914 4065 ἐγκα-

228 4081 463 4135 λούντων
496 4081 603 4133 τῶν
643 4080 910 4135 Ἰουδαίων
938 4083 1029 4134 καὶ
1071 4080 1367 4150 λέγοντων⁵
1386 4083 1498 4152 Οὐχ
1526 4085 1657 4153 ὁρᾷς
1687 4084 1744 4136 ἐν
1780 4083 1912 4137 σαϐ-

230 4169 380 4240 ϐάτῳ
431 4168 484 4220 τί
529 4161 674 4222 οὗτοι
719 4167 994 4236 ποιοῦσιν;
1027 4168 1262 4239 οὐδαμοῦ
1301 4167 1394 4220 τοῦ
1425 4168 1638 4239 Πατρός
1668 4169 1911 4240 ἐμνήσθη

230 4258 364 4321 ἐκεῖ,
398 4255 534 4310 ἀλλά
557 4256 610 4308 τί
638 4272 833 4326 φησιν;
861 4258 983 4310 Οὐκ
1012 4257 1308 4326 ἀνέγνωτε
1340 4256 1396 4309 τί
1421 4256 1674 4324 ἐποίησε
1706 4258 1910 4320 Δαυῒᾶ,

231 4346 328 4401 ὅτε
361 4347 682 4409 ἐπείνασε;
716 4343 845 4411 πῶς
871 4343 1121 4413 εἰσῆλθε
1139 4345 1187 4410 δ,
1220 4346 1318 4398 καί
1358 4344 1500 4412 τοὺς
1534 4345 1756 4414 ἄρτους
1801 4346 1913 4414 τῆς

232 4433 564 4503 προθέσεως
607 4433 850 4503 ἔφαγεν,
893 4432 1002 4497 οὓς
1041 4435 1152 4486 οὐκ
1194 4433 1342 4497 ἐξόν
1381 4433 1541 4500 αὐτῷ
1581 4429 1661 4503 ἦν
1699 4435 1914 4504 ερατ-εῖν

231 4521 328 4574 καὶ
353 4519 478 4586 τοῖς
497 4518 624 4589 μετ’
647 4519 866 4581 αὐτοῦ;
889 4521 998 4573 οὐκ
1020 4519 1314 4590 ἀνέγνωτε
1341 4520 1430 4574 ὅτι
1460 4523 1514 4573 οἱ
1533 4520 1708 4588 ἱερεῖς
1740 4522 1808 4574 ἐν
1835 4522 1913 4587 τῷ

233 4609 366 4678 ἱερῷ
406 4608 472 4661 τὸ
514 4607 820 4661 σάϐϐατον
851 4607 1188 4675 ,ϐεϐηλοῦσι
1213 4649 1227 4672 ,
1271 4608 1371 4661 καὶ
1415 4609 1671 4663 ἀναίτιοί
1711 4613 1910 4674 elo-tr;

245 4696 404 4768 Ὁρᾷς
435 4693 573 4761 πῶς,
603 4695 692 4748 ὅτε
742 4695 840 4764 μὲν
890 4693 1031 4765 ὑπὲρ
1066 4694 1176 4747 τῶν
1206 4695 1408 4749 δούλων
1439 4699 1672 4750 ποιεῖται
1699 4697 1790 4750 τὸν
1821 4697 1912 4750 λό-

297 4843 323 4871 ⁸
350 4841 628 4890 Deleudnm
650 4839 731 4888 καί
755 4845 808 4888 ut
832 4841 1025 4902 legatur
1049 4841 1180 4888 ἔλυον
1212 4842 1352 4888 πάλιν
1375 4843 1620 4892 θυσίαν....

295 4902 324 4945 δ
345 4903 465 4953 Bibl.
489 4905 593 4958 πῶς
615 4903 825 4961 εἰσῆλθεν
849 4905 912 4959 εἰς
931 4904 1012 4950 τὸν
1036 4903 1165 4951 οἷκον
1184 4902 1269 4952 τοῦ
1294 4903 1438 4953 Θεοῦ.

958 373 1003 428 Χ
1044 367 1350 434 IIOMILIA,
1385 366 1452 424 IN
1494 365 1723 430 ILLUD,
1766 361 1905 418 MES

2012 386 2018 410 .
2065 359 2330 428 ρυιοειι
2400 357 2665 429 ιιυιτιι,
2703 359 2838 417 ETC

3607 355 3715 416 5H5

2005 497 2120 548 γον,
2152 480 2280 542 τοὺς
2316 478 2536 542 δούλους
2577 479 2660 541 είς
2692 478 2856 549 μέσον
2888 477 3067 547 φέρει.
3103 473 3193 529 τὸν
3232 472 3400 528 Δαυῒδ
3444 473 3536 528 καὶ
3584 476 3714 541 τοῦς

2009 566 2219 638 ἱερέας·
2253 567 2340 620 ὅτε
2371 566 2425 619 δέ
2461 567 2598 637 ὑπὲρ
2631 563 2850 629 ἑαυτοῦ,
2878 565 2968 617 τὸν
3010 563 3266 634 Πατέρας
3302 562 3362 616 El
3395 562 3453 616 δέ
3485 580 3588 616 που
3615 565 3712 618 καὶ

2005 656 2222 728 ἑτέραις
2254 655 2520 727 κέχρηται
2547 655 2892 724 ἀπολογίαις,
2925 654 3002 716 ὼς
3049 655 3177 707 ὅταν
3222 653 3357 724 λέγῃ
3381 669 3395 682 ο
3444 655 3510 706 Ei
3543 669 3712 722 περι-

2006 743 2198 813 τομὴν
2240 742 2530 812 λαμϐάνει
2575 743 2888 812 ἄνθρωπος
2912 782 2926 806 ,
2965 741 3094 812 ἐμοὶ
3135 740 3357 810 χολᾶτε
3380 782 3396 807 ,
3432 741 3522 795 ὄτι
3563 741 3715 796 ὄλιν

2004 833 2326 900 ἄνθρωπον
2363 830 2499 902 ὑγιῆ
2527 829 2909 901 ἐποιησάμην
2940 828 3357 896 ὲν³σαϐὄάτῳς
3391 830 3484 884 καὶ
3514 829 3708 884 πάλινο

2018 922 2110 986 Ίῖς
2155 919 2221 984 ἐξ
2267 918 2432 988 ὑμῶν
2459 919 2653 982 ἐστιν,
2691 918 2761 984 ὃς
2801 922 2875 973 οὐ
2917 921 3052 973 λύει
3097 917 3165 972 τό
3192 920 3494 987 πρόϐατον
3521 919 3712 974 αὑτοῦ

2007 1008 2107 1061 καὶ
2130 1008 2234 1061 τὸν
2255 1007 2456 1073 βοῢν;
2479 1006 2630 1060 οὐδὲν
2654 1007 2969 1076 θαυμαστόν
2993 1023 3004 1036 ’
3038 1008 3100 1060 οὐ
3130 1005 3241 1077 γὰρ
3263 1005 3442 1060 πάντα
3459 1007 3534 1071 ὡς
3553 1005 3710 1070 Θεὸς,

2007 1095 2123 1149 ἀλλ’
2152 1095 2302 1148 ἐστιν
2331 1095 2466 1148 ὅπου
2494 1095 2590 1147 καὶ
2616 1095 2693 1148 ὡς
2721 1093 3012 1166 ἄνθρωπος
3044 1094 3375 1161 διαλέγεται,
3405 1093 3593 1164 ἐπειδὴ
3615 1094 3712 1148 καὶ

2007 1184 2140 1246 Θεὸς
2163 1185 2268 1237 -καὶ
2305 1183 2595 1253 ἄνθρωπος
2635 1177 2724 1252 ἦν.
2743 1181 3009 1235 Ἐνταῦθα
3039 1181 3224 1252 μέντοι
3260 1181 3396 1251 πρὸς
3419 1181 3520 1252 τὴν
3553 1181 3712 1246 ἀξίαν

2007 1270 2104 1341 τὴν
2136 1270 2328 1326 ἑαυτοῦ
2367 1270 2660 1340 φθέγγεται
2687 1270 2892 1339 λέγων·
2939 1271 2993 1322 '0
3025 1268 3228 1338 Πατήρ
3256 1286 3378 1340 μου
3426 1269 3539 1336 ἕως
3578 1269 3713 1338 ἄρτι

2005 1359 2304 1429 ἐργάζεται
2342 1358 2506 1428 κάγὼ
2528 1354 2860 1428 ἐργάζομαι.
2895 1357 2994 1411 Διά
3017 1357 3178 1410 τοῦτό
3214 1374 3381 1428 φησιν
3414 1360 3442 1412 6
3476 1358 3712 1427 εὐαγγε-

2007 1449 2216 1521 λιστὴς,
2236 1448 2494 1502 Ἐδίωκον
2524 1448 2688 1502 αὐτὸν
2720 1448 2769 1500 οἰ
2815 1448 3079 1511 Ἰουδαῖοι,
3110 1448 3172 1501 οὐ
3210 1447 3371 1518 μόνον
3399 1449 3482 1502 ὅτι
3506 1448 3629 1502 έλυε
3650 1449 3714 1502 τὸ

2010 1537 2300 1601 σάϐϐατον,
2338 1535 2451 1590 ἀλλ’
2476 1534 2559 1589 ὅτι
2583 1538 2677 1589 καὶ
2708 1535 2931 1605 Πατέρα
2961 1535 3090 1589 ἴδιον
3120 1533 3275 1605 ἔλεγε
3295 1535 3388 1588 τὸν
3414 1535 3571 1600 Θεὸν,
3599 1536 3712 1591 ἴσον

2009 1625 2202 1680 ἐαυτὸν
2241 1623 2411 1678 ποιῶν
2443 1623 2523 1692 τῷ
2557 1623 2699 1693 Θεῷ.
2719 1622 2862 1692 Ἐγὼ
2895 1623 2951 1676 δὲ
2994 1625 3218 1678 κάκεῖνο
3252 1624 3422 1694 ἡδέως
3456 1623 3523 1678 ἂν
3569 1624 3714 1696 ἐροί-

2015 1730 2123 1783 μην
2156 1711 2247 1766 τὸν
2272 1711 2548 1784 αἱρετικόν
2568 1729 2580 1741 ·
2618 1711 2839 1782 Πατέρα
2879 1711 3011 1764 ἴδιον
3045 1710 3197 1780 ἔλεγε
3223 1711 3315 1764 τὸν
3344 1711 3498 1776 Θεὸν,
3541 1711 3573 1783 ἢ
3605 1713 3710 1767 οὐκ

2011 1801 2164 1870 ἔλεγε
2189 1818 2202 1864 ;
2230 1801 2327 1871 τῆς
2372 1799 2675 1869 Ἰουδαϊκῆς
2703 1799 2959 1863 ὑπονοίας
2984 1797 3141 1852 τοῦτο
3179 1794 3270 1870 ἦν,
3301 1799 3332 1870 ἦ
3363 1802 3462 1870 τῆς
3497 1800 3713 1868 ἀποφά-

2013 1907 2152 1952 σεως
2181 1888 2273 1942 τοῦ
2305 1887 2575 1960 Χριστοῦ;
2609 1887 2715 1940 κᾶν
2748 1886 2857 1958 γάρ
2890 1887 3150 1958 μυριάκις
3179 1889 3534 1958 ἀναισχυντῇ.
3559 1889 3712 1960 παρα

2010 1978 2108 2049 τῆς
2135 1976 2397 2048 ἀληθείας
2419 1976 2720 2048 ἐλέγχεται.
2742 1975 2868 2049 [587
2884 1991 2896 2048 ι
2916 1976 3163 2044 Ἔλεγεν,
3181 1977 3262 2029 ὅτι
3288 1977 3342 2029 '0
3369 1978 3571 2047 Πατήρ
3590 1997 3713 2048 μου

2009 2068 2120 2134 ἕως
2142 2067 2275 2136 άρτι
2295 2065 2614 2137 ἐργάζεται,
2641 2064 2804 2135 κάγὼ
2834 2063 3147 2135 ἐργάζρμιιι
3167 2083 3179 2096 ·
3207 2067 3330 2119 ἐλυε
3349 2067 3411 2120 τὸ
3438 2068 3712 2123 σάϐϐατον

2011 2154 2161 2224 ἢούκ
2188 2153 2339 2206 ἔλυεν
2361 2171 2374 2219 ;
2410 2153 2645 2225 Εὔδηλον
2664 2155 2746 2209 ὅτι
2769 2154 2921 2206 ἔλυεν
2941 2170 2953 2183 ·
2969 2153 3413 2226 Ἐργάζομαι.φη
3425 2157 3495 2219 αἱ,
3519 2160 3712 2212 κάκεῖ-

2010 2259 2100 2306 νος
2146 2241 2460 2312 ἐργάζεται.
2497 2241 2706 2296 Οὐκοῦν
2723 2241 3019 2314 ὀὐδέτερον
3049 2241 3255 2296 τούτων
3304 2244 3404 2313 τῆς
3450 2246 3712 2312 ὑπονοίας

2008 2324 2078 2400 ἦν
2125 2329 2225 2400 τῆς
2260 2328 2582 2401 Ἰουδαϊκῆς,
2608 2329 2745 2385 άλλά
2790 2329 2892 2398 τῆς
2922 2329 3020 2382 τοῦ
3071 2329 3311 2401 Χριστοῦ
3365 2338 3712 2406 κατασκευῆς

2009 2435 2070 2471 τε
2121 2419 2215 2472 καὶ
2262 2418 2612 2488 ἀποφάσεως,
2646 2419 2744 2472 καὶ
2777 2419 2838 2472 τὸ
2884 2417 3032 2471 λύειν
3081 2419 3140 2472 τὸ
3186 2419 3477 2486 σάϐϐατον,
3509 2425 3606 2477 καὶ
3651 2425 3713 2477 τὸ

2011 2505 2234 2578 Πατέρα
2263 2505 2395 2560 ἰδιον
2418 2506 2600 2575 λέγειν
2625 2506 2716 2560 τὸν
2735 2506 2888 2560 Θεὸν.
2910 2507 3037 2570 Πῶς
3062 2504 3176 2570 οὖν,
3206 2507 3378 2562 ταῦτα
3408 2509 3583 2579 λέγων
3610 2513 3710 2582 τῆς

2011 2594 2344 2664 ἀποφάσεως
2380 2588 2520 2647 εἶναι
2548 2595 2644 2647 τοῦ
2675 2594 2932 2665 Χριστοῦ,
2960 2596 3139 2648 ἐκεῖ-ιο
3165 2596 3266 2666 τῆς
3296 2596 3405 2650 τῶν
3440 2598 3712 2653 Ἰουδαίων

2012 2682 2270 2745 ὑπονοίας
2295 2681 2496 2751 λέγεις,
2519 2682 2717 2753 ἐφεξῆς
2744 2683 2994 2752 κείμενον
3023 2684 3118 2737 καὶ
3142 2686 3490 2756 συνημμένον
3514 2687 3709 2760 τούτῳ,

2011 2771 2107 2825 καὶ
2124 2770 2326 2840 ὁμοίως
2346 2769 2770 2842 ἀπηγγελμένον
2791 2770 2942 2842 παρὰ
2958 2771 3050 2824 τοῦ
3075 2772 3463 2841 εὐαγγελιστοῦ
3485 2792 3498 2840 ;
3526 2776 3712 2831 Πάντα

2010 2860 2121 2930 γὰρ
2169 2857 2346 2912 ταῦτα
2394 2858 2706 2926 ἀπαγγελία
2756 2858 2851 2911 τοῦ
2897 2859 3286 2927 εὐαγγελιστοῦ
3333 2863 3502 2928 ἐστιν,
3535 2865 3712 2937 ἐρμη-

2011 2947 2260 3012 νεύοντος
2289 2946 2357 3000 τά
2396 2948 2548 3019 παρά
2575 2946 2669 3000 τοῦ
2705 2947 2948 3016 Χριστοῦ
2982 2949 3271 3020 εἰρημένα.
3309 2951 3401 3003 Διὸ
3443 2954 3538 3007 καὶ
3582 2955 3714 3007 Ἰου-

2012 3035 2177 3090 δαίων
2222 3036 2598 3105 ἐγκαλούντων
2631 3036 2836 3105 ἔλεγεν,
2873 3037 2956 3089 ὅτι
2985 3037 3211 3091 ἐδίωκον
3240 3039 3424 3104 αὐτὸν,
3450 3043 3510 3094 οὐ
3550 3043 3713 3112 μόνον

2012 3126 2096 3179 ὅτι
2123 3124 2244 3179 ἔλυε
2271 3125 2331 3178 τὸ
2363 3124 2654 3188 σάϐϐατον,
2692 3124 2810 3177 ἀλλ’
2836 3125 2920 3177 ὃτι
2949 3125 3042 3178 καὶ
3068 3126 3289 3198 Πατέρα
3323 3128 3519 3182 ἑαυτοῦ
3554 3131 3711 3200 ἔλεγε

2013 3213 2106 3265 τὸν
2152 3211 2306 3274 Θεὸν,
2335 3213 2449 3265 ἴσον
2494 3212 2590 3265 ἐαυ
2603 3211 2684 3265 τὸν
2733 3211 2904 3265 ποιῶν
2938 3213 3016 3284 τῷ
3052 3213 3193 3285 Θεῷ.
3212 3215 3351 3268 Ἀλλ’
3381 3219 3409 3269 6
3436 3218 3535 3287 μὲν
3565 3220 3712 3274 κατὰ

2013 3299 2123 3354 τῶν
2150 3298 2442 3370 αίρετικῶν
2467 3299 2687 3370 ἐλεγχος
2710 3301 2913 3370 ἀρκοῦν
2952 3301 3066 3372 ἔχει
3110 3304 3172 3356 τὸ
3211 3303 3394 3366 τέλος·
3433 3307 3481 3359 εί
3505 3307 3564 3360 δὲ
3592 3306 3712 3376 βού-

2014 3389 2170 3443 λεσθε
2205 3391 2296 3443 καὶ
2328 3390 2427 3460 τὴν
2457 3390 2724 3462 ἐργασίαν
2763 3390 2956 3460 μαθεῖν
2994 3391 3074 3455 τίς
3107 3393 3238 3446 ποτέ
3266 3394 3414 3446 ἐστιν
3445 3379 3514 3465 ἢν
3538 3397 3567 3449 ὁ
3600 3396 3714 3450 Παο

2013 3478 2119 3548 τὴρ
2158 3477 2470 3548 ἐργάζεται,
2505 3476 2599 3530 καὶ
2632 3476 2700 3548 ἣν
2731 3479 2760 3531 6
2790 3478 2937 3542 Υἱὸς,
2970 3479 3069 3549 τὴν
3111 3481 3368 3548 πρόνοιαν
3396 3481 3608 3552 είποιμι
3644 3485 3712 3538 ἂν

2013 3565 2123 3616 τῶν
2163 3563 2354 3629 ὄντων,
2385 3564 2486 3635 τὴν
2531 3565 2914 3635 διακράτησιν,
2959 3567 3061 3636 τὴν
3105 3566 3452 3639 κηδεμονίαν.
3493 3572 3573 3624 Τά
3610 3571 3712 3641 μὲν

2014 3650 2124 3720 γάρ
2153 3652 2453 3722 φαινόμενα
2480 3653 2660 3706 πάντα
2691 3655 2749 3705 ἐν
2778 3651 2839 3718 ἐξ
2868 3655 3105 3726 ἡμέραις
3138 3657 3332 3726 γέγονε
3353 3675 3366 3688 ·
3414 3661 3522 3713 Καὶ
3568 3678 3712 3714 κατ-

2013 3740 2288 3794 έπαυσεν
2323 3743 2355 3795 ό
2386 3741 2533 3807 Θεὸς
2564 3742 2635 3796 ἐν
2679 3741 2967 3811 11-11qu
3014 3743 3088 3813 τῇ
3126 3745 3347 3817 ἐϐδοζιιῃ
3370 3765 3382 3778 ο
3426 3749 3459 3818 ἡ
3492 3748 3551 3801 δὲ
3585 3748 3715 3820 πρό-

2016 3848 2136 3884 νοια
2174 3831 2354 3885 αὐτῶν
2389 3832 2490 3884 οὐκ
2520 3830 2819 3886 ἐπαύσατο.
2853 3832 3069 3904 Ταύτην
3097 3834 3279 3887 τοίνυν
3319 3837 3419 3907 τὴν
3451 3837 3713 3909 πρόνοιαν

2016 3919 2281 3991 ἐργασίαν
2310 3918 2468 3973 καλεῖ
2491 3921 2518 3973 6
2545 3919 2801 3991 Χριστὸς,
2828 3920 3005 3989 λέγων
3026 3939 3040 3956 ο
3075 3923 3131 3975 '0
3159 3924 3364 3991 Πατήρ
3386 3941 3509 3994 μου
3535 3926 3713 3995 ἐργά-

2016 4005 2193 4070 ζεται,
2238 4007 2401 4076 κάγὼ
2448 4005 2778 4077 ἐργάζομαι,
2810 4010 3074 4080 προνοῶν,
3108 4011 3428 4081 κηδόμενος,
3478 4013 3711 4085 διακρα-

2016 4100 2149 4165 τῶν,
2182 4102 2336 4172 φησὶ,
2365 4101 2629 4172 συνέχων,
2663 4101 2819 4154 οὐδὲν
2868 4103 3051 4170 ἀφιεὶς
3097 4103 3441 4175 διαρρυῆναι.
3471 4105 3713 4176 Δεξάμε-

2016 4205 2097 4242 νοι
2143 4187 2434 4259 τοιγαροῦν
2483 4188 2594 4241 τῶν
2639 4188 2815 4260 ὀρθῶν
2863 4189 3152 4260 δογμάτων
3181 4193 3279 4262 τὴν
3305 4193 3579 4258 ἀπόδειξιν
3617 4194 3713 4248 καὶ

2016 4277 2082 4329 ἐκ
2129 4274 2238 4329 τῶν
2285 4275 2611 4347 εἰρημένων,
2641 4276 2844 4350 ἀκριϐῆ
2875 4276 3152 4331 πολιτείαν
3182 4277 3277 4332 καὶ
3305 4278 3712 4349 συμϐαίνουσαν

2016 4365 2128 4426 τοῖς
2179 4361 2410 4433 δόγμασι
2456 4362 2816 4434 προσθῶμεν
2863 4365 3164 4437 ἐπειδήπερ
3214 4365 3316 4418 οὐκ
3366 4367 3525 4438 ἀρκεῖ
3577 4367 3712 4438 πρὸς

2018 4450 2290 4523 σωτηρίαν
2349 4451 2480 4521 ἡμῖν
2533 4450 2667 4521 μόνη
2722 4453 2756 4518 ὴ
2803 4452 2912 4505 τῶν
2956 4452 3134 4525 ὀρθῶν
3162 4452 3446 4524 δογμάτων
3484 4454 3708 4522 γνῶσις.

2017 4538 2156 4591 ἀλλὰ
2200 4539 2281 4592 δεῖ
2326 4539 2420 4592 καὶ
2465 4539 2744 4603 πολιτείας
2773 4539 3023 4611 ἀρίστης,
3056 4540 3142 4593 ἵνα
3169 4540 3257 4594 διά
3299 4541 3520 4595 πάντων
3553 4542 3713 4607 δόξαν

2017 4627 2442 4697 ἀναπέμψαντες
2490 4627 2570 4699 τῷ
2614 4627 2734 4699 Θεῴ
2773 4629 3122 4700 ἐπιτύχωμεν
3149 4629 3259 4684 τῶν
3285 4631 3713 4701 ἐπηγγελμένων

2021 4715 2246 4782 ἀγαθῶν
2269 4733 2282 4746 ·
2331 4708 2376 4784 ᾧ
2410 4720 2443 4787 ἡ
2475 4716 2602 4784 δόξα
2634 4716 2814 4770 καὶτὸ
2845 4717 3049 4789 κράτος
3084 4720 3162 4783 εἰς
3196 4720 3321 4783 τοῦς
3352 4719 3556 4783 αἰῶνας
3603 4719 3713 4774 τῶν

2021 4803 2254 4858 αἰώνων.
2274 4805 2330 4857 ’Λ
2339 4805 2448 4876 μήν

1816 5284 2060 5338 ΟΜΙΛΙΑ
2101 5283 2154 5338 l'.

243 5448 353 5504 τοῦ
390 5447 578 5503 αὐτοῦ
606 5445 826 5516 ὁμιλία,
853 5445 1111 5515 ῥηθεῖσα
1147 5446 1217 5500 ἐν
1249 5445 1324 5514 τῇ
1354 5447 1652 5514 ἐκκλησίᾳ
1695 5445 1772 5512 τῇ
1814 5447 1913 5500 ἐπὶ

305 5520 411 5574 τοῦ
455 5519 842 5580 Ἀποστόλου,
877 5518 1213 5570 ἐπισκόπου
1253 5519 1428 5585 ὀλίγα
1465 5517 1914 5586 προσμιλήσαν-

306 5608 430 5657 τος,
479 5591 564 5655 εἱς
617 5589 683 5649 τό
708 5627 723 5651 ,
775 5589 834 5642 ’0
875 5589 972 5658 μὲν
1011 5588 1268 5660 θερισμὸς
1298 5590 1486 5652 πολὺς,
1516 5591 1564 5641 οἰ
1599 5588 1656 5641 δέ
1687 5590 1917 5658 ἐργάται

305 5663 500 5729 ὀλίγοι.

308 5757 375 5803 α’.
419 5750 600 5802 Είδετε
626 5747 720 5802 τὸν
747 5748 976 5818 γέροντα
1011 5747 1103 5799 καὶ
1136 5747 1273 5808 νέον,
1307 5747 1538 5820 γέροντα
1571 5747 1667 5814 μὲν
1698 5745 1775 5816 τῷ
1809 5746 1917 5798 0(6—

246 5855 387 5906 ματι,
419 5839 534 5891 νέον
563 5839 618 5891 δὲ
653 5837 727 5907 τῷ
758 5838 1096 5907 φρονήματι;
1145 5835 1309 5888 εἴδετε
1343 5833 1531 5887 πολιὰν
1567 5833 1917 5905 ἀκμάζουσαν

2019 5450 2116 5503 καὶ
2149 5450 2334 5520 γήρως
2355 5450 2508 5504 τόνον
2531 5451 2875 5523 σφριγῶντα;
2907 5451 3145 5505 Τοιαῦτα
3175 5453 3286 5522 γάρ
3305 5459 3372 5507 τά
3399 5457 3532 5527 παρ’
3557 5457 3709 5527 ἡμῖν,

2021 5542 2114 5593 ἀπ’
2150 5543 2396 5606 ἐναντίας
2446 5546 2559 5605 τοῖς
2618 5543 2838 5606 ἔξωθεν.
2874 5544 2998 5597 Ἐπὶ
3046 5546 3145 5615 μὲν
3194 5547 3304 5618 γάρ
3353 5548 3462 5600 τῶν
3512 5547 3713 5612 ἔξωθεν

2023 5640 2365 5711 πραγμάτων
2411 5641 2470 5694 τὸ
2503 5642 2679 5713 γῆρας
2704 5641 3005 5713 ἄχρηστον·
3035 5637 3171 5708 οἷον,
3200 5646 3228 5696 6
3259 5645 3596 5717 στρατιώτης
3632 5649 3712 5711 εἰς

2022 5738 2226 5807 ταύτην
2268 5737 2436 5790 ἐλθὼν
2477 5740 2573 5808 τὴν
2620 5740 2854 5808 ἡλικίαν,
2884 5742 2943 5792 οὐ
2990 5741 3212 5795 δύναται
3237 5744 3409 5796 τεῖναι
3445 5741 3619 5808 τόξον,
3646 5746 3710 5797 οὐ

2027 5835 2178 5906 βέλος
2224 5836 2458 5905 ἀφεῖναι,
2494 5835 2612 5889 οὔτε
2647 5838 2771 5910 δόρυ
2808 5841 3001 5904 σεῖσαι,
3035 5837 3156 5893 οῦτε
3203 5841 3368 5894 ἵππον
3419 5839 3707 5913 ἀναθῇ-και,
