4138 6334
341 337 403 393 57
1803 329 2070 390 SPURH.
3489 335 3593 392 958

294 449 462 504 cessit
495 449 587 505 tibi
627 448 868 502 Christus
890 455 944 500 ut
973 444 1230 499 honorem
1259 443 1465 500 dividas
1488 459 1502 507 ;
1523 443 1661 498 dicit
1689 445 1834 499 enim
1868 461 1881 501 :

298 521 430 576 Hrcc
456 532 529 575 est
556 520 785 574 voluntas
832 515 1004 571 Patris
1027 558 1043 581 ,
1089 529 1142 569 ut
1186 532 1360 570 omnes
1389 516 1634 568 honorent
1667 514 1883 581 Filium,

295 594 430 647 sicut
457 593 706 645 honorant
734 589 938 642 Patrem
967 587 1146 659 (Joatt.
1179 588 1232 643 5.
1253 585 1617 659 ‘23).7llottora
1649 587 1882 644 Patrem.

299 674 363 718 nt
393 665 622 717 honores
650 659 874 723 Filium;
911 657 1018 714 into
1048 658 1247 712 honora
1295 657 1490 713 Filium
1513 699 1526 720 ,
1571 669 1626 710 ttt
1654 659 1885 710 honores

298 734 518 790 Patrem
559 750 572 786 :
599 733 700 786 sibi
735 732 1006 800 proprium
1034 739 1187 800 putat
1234 729 1393 783 Pater
1433 727 1692 800 honorem
1723 727 1840 800 Filii
1868 743 1881 789 ;

295 807 403 860 sibi
453 803 728 874 prOprium
774 799 924 874 putat
965 799 1130 874 Filios
1180 801 1439 874 honorem
1492 799 1711 859 Patris;
1757 799 1886 874 dicit

295 869 735 930 (sitim—Servator
759 869 789 926 τ’
805 872 902 940 Qui
930 889 1007 925 me
1032 871 1136 924 odit
1164 913 1178 932 ,
1228 881 1276 924 et
1320 869 1529 923 Patrem
1572 886 1738 922 meum
1779 870 1886 922 odit

295 946 481 1015 (Joan.
511 947 596 1000 15.
629 943 740 1013 25).
776 944 851 997 Ne
880 958 1008 1015 ergo
1037 951 1221 1015 putent
1248 940 1482 1015 haeretici
1511 941 1708 1015 se_Deo
1731 940 1883 1009 quid—

295 1009 442 1088 piam
467 1016 649 1088 largiri
677 1009 863 1088 ,'cum_
890 1009 1078 1088 dicunt
1110 1014 1258 1088 illum
1291 1012 1560 1085 majorem
1580 1009 1760 1088 Filio;
1796 1027 1894 1088 net.

294 1081 404 1150 igne
435 1081 578 1142 enini
608 1085 770 1141 Pater
817 1085 1049 1138 oblatum
1098 1083 1197 1137 sibi
1245 1084 1502 1145 honorem
1531 1081 1806 1146 admittit,
1841 1082 1883 1135 si

297 1157 470 1213 Filius
511 1156 836 1215 contumelia
879 1155 1161 1208 afticiatur.
1195 1157 1236 1208 A
1267 1154 1434 1209 veleri
1477 1152 1753 1221 Scriptura
1793 1154 1888 1206 de-

298 1229 743 1285 inoiistrationem
771 1227 970 1281 claram
1003 1226 1205 1291 accipe.
1247 1225 1415 1278 Amici
1444 1224 1565 1278 Jobi
1595 1225 1660 1276 ad
1688 1237 1884 1278 conso-

298 1298 520 1354 landum
557 1299 868 1361 venientes,
913 1297 1236 1350 accusabant
1278 1311 1400 1364 eum
1447 1294 1588 1364 quod
1631 1295 1887 1348 audacter

296 1369 627 1439 loqueretur,
666 1370 935 1439 Deumque
956 1367 1339 1439 jttstiticabant.
1375 1363 1479 1419 Job
1514 1381 1640 1420 vero
1674 1365 1905 1439 dicebat.

297 1436 413 1496 Deo
443 1458 456 1494 :
485 1441 614 1507 Quis
645 1439 792 1493 dabit
826 1437 1058 1507 judicem
1100 1438 1238 1492 inter
1275 1451 1361 1490 me
1403 1445 1458 1507 et
1505 1444 1577 1496 te.
1621 1447 1674 1490 et
1720 1436 1887 1490 sciam

293 1522 430 1580 qnot
459 1506 583 1566 sunt
625 1506 836 1577 peccata
877 1523 992 1562 mea
1019 1549 1032 1569 ,
1063 1509 1184 1576 quia
1215 1523 1299 1563 mc
1345 1509 1412 1560 ita
1440 1506 1688 1580 judicas?
1716 1508 1883 1560 Amici

295 1598 428 1635 vero
469 1581 587 1637 Jobi
631 1581 998 1651 justiﬁcabant
1045 1580 1245 1643 Deum,
1289 1593 1410 1651 rem
1453 1579 1761 1646 ignorantes
1790 1593 1816 1651 :_
1834 1588 1888 1630 et

297 1654 495 1719 justum
529 1648 854 1706 damnabant
883 1660 936 1703 ut
969 1660 1303 1718 peccator-em
1329 1690 1343 1711 ,
1389 1649 1553 1702 Deum
1583 1659 1759 1719 autem
1788 1648 1886 1702 de-

296 1721 589 1778 fendebant
615 1735 670 1777 ut
698 1722 836 1775 mala
859 1721 1172 1775 inferentem
1199 1736 1211 1771 :
1239 1721 1529 1787 dicuntque
1559 1719 1607 1789 ei
1639 1736 1652 1770 :
1690 1718 1886 1789 Magni-

297 1795 395 1860 ﬁce
430 1795 664 1861 loquutus
706 1810 756 1846 es
781 1833 794 1856 ,
839 1802 886 1844 et
929 1792 1086 1844 nimia
1126 1792 1298 1861 dixisti
1342 1801 1518 1843 contra
1569 1788 1887 1861 Dominum:

297 1864 579 1936 numDeus
597 1867 794 1936 justum
825 1862 1080 1936 perturbat
1110 1860 1230 1936 (Job
1260 1862 1346 1918 15.
1505 1871 1549 1914 et
1676 1862 1770 1927 3)?
1798 1875 1906 1914 se»

297 1935 533 1989 cundum
578 1931 790 2002 peccata
823 1945 920 1984 tua-
941 1934 1030 1986 tibi
1065 1931 1245 1986 intulit
1291 1949 1303 1982 :
1349 1931 1447 1985 nisi
1500 1933 1663 1985 multa
1707 1943 1886 2002 essent

299 2016 514 2075 peccata
535 2015 641 2064 tua.
666 2022 769 2058 non
793 2003 1279 2075 flagellatusesses.
1302 2002 1364 2057 Et
1387 2002 1702 2075 videbantur
1722 2001 1884 2075 Deum

299 2074 590 2131 defendere
614 2119 628 2141 ,
666 2076 878 2145 justum
904 2089 1034 2127 vero
1073 2074 1419 2128 damnabant.
1455 2074 1588 2126 Num
1633 2075 1753 2127 illos
1793 2074 1889 2127 ad-

299 2147 446 2201 misit
477 2149 614 2201 Deus
643 2144 835 2213 pnetcr
863 2144 951 2214 jus
983 2160 1075 2212 pro
1102 2161 1161 2199 se
1190 2145 1508 2216 Ianentes?
1532 2145 1585 2196 Si
1613 2153 1885 2216 acceptam

301 2217 574 2272 habuisset
602 2220 812 2270 illorum
841 2216 1205 2270 defensionem
1229 2257 1244 2278 ,
1266 2215 1404 2270 dum
1442 2216 1614 2281 justus
1657 2215 1886 2268 inhono-

299 2298 540 2354 raretnr;
560 2290 870 2343 admitteret
891 2290 1048 2340 etiam
1075 2286 1331 2340 honorem
1355 2288 1452 2340 sibi
1478 2287 1736 2348 oblatum,
1760 2286 1885 2340 dum

299 2359 466 2414 Filius
497 2359 865 2426 inhonoratur.
906 2358 1042 2412 Audi
1087 2358 1213 2427 quid
1245 2358 1387 2411 dieat
1421 2358 1676 2411 Dominus
1701 2358 1889 2410 amicis

297 2429 416 2483 Jobi
452 2447 465 2484 :
495 2431 598 2484 Cur
635 2447 735 2483 non
766 2429 959 2498 loquuti
996 2430 1109 2482 estis
1133 2439 1269 2482 recta
1297 2441 1473 2481 contra
1497 2445 1692 2482 servum
1722 2445 1888 2480 meum

299 2503 318 2570 (
346 2500 447 2554 .‘lob
477 2502 566 2555 42.
601 2502 698 2569 7,?
728 2501 780 2554 Si
809 2515 903 2553 eos
930 2499 1017 2566 qui
1063 2515 1166 2553 non
1212 2500 1498 2569 loquuntur
1526 2512 1665 2553 recta
1699 2509 1886 2570 contra

298 2588 511 2626 servum
542 2575 732 2638 rejicit,
765 2587 885 2624 eum
922 2571 1012 2639 qui
1052 2573 1280 2639 linguam
1307 2574 1449 2624 acult
1481 2580 1661 2624 contra
1698 2569 1890 2640 Uoige-

300 2645 470 2696 nitnm
498 2643 779 2697 admittet?
812 2643 981 2695 Absit.
1017 2641 1336 2696 Inevitabilis
1363 2658 1491 2710 ergo
1520 2643 1648 2694 ultio
1675 2641 1890 2695 inVadet

299 2729 392 2765 eos
425 2715 513 2783 qui
548 2713 922 2780 lilaspbemant
950 2721 1134 2783 contra
1167 2711 1421 2778 Spiritum
1451 2721 1715 2766 sanctum.
1752 2711 1888 2766 Audi

294 2786 422 2853 quid
446 2781 587 2838 dicit
626 2785 872 2838 Salvator
902 2800 914 2836 :
949 2781 1125 2836 Omnis
1157 2784 1467 2853 blasphemia
1499 2784 1778 2836 remittetur
1804 2784 1888 2836 Ito-

297 2855 561 2917 minibus;
588 2855 901 2923 blasphemia
944 2863 1110 2906 autem
1148 2857 1198 2906 in
1251 2855 1498 2921 Spiritum
1526 2863 1756 2906 sanctum
1787 2871 1888 2906 non

295 2927 614 3006 remittetur,
668 2925 935 3006 nequeuin
967 2924 1097 3006 hoc
1125 2926 1311 2978 stvculo
1338 2966 1350 2987 ,
1409 2941 1567 3006 neque
1608 2926 1664 3006 in
1712 2927 1900 3006 futuro.

297 2994 516 3061 (Matth.
549 2998 635 3051 12.
668 2994 757 3050 51.
810 2995 925 3058 52).
963 2995 1099 3060 Quid
1141 3012 1272 3063 opus
1312 3004 1394 3049 est
1433 2994 1790 3066 syllogismis,
1821 3010 1888 3049 ex

295 3069 493 3137 genitis
545 3077 598 3121 et
641 3083 746 3122 non
788 3065 1016 3135 genitis,
1063 3081 1129 3119 ex
1177 3067 1371 3120 eteatis
1417 3078 1470 3119 et
1515 3083 1620 3120 non
1659 3066 1889 3120 creatis?

297 3147 503 3193 Aetttns
533 3150 616 3194 est
647 3137 936 3192 haereticus
978 3151 1157 3190 sermo
1200 3152 1363 3205 super
1410 3137 1668 3191 novacula
1708 3146 1887 3190 acuta.

298 3207 413 3281 Sed,
435 3211 692 3281 novacula
715 3251 730 3271 ,
760 3207 1197 3280 quantumvissit
1221 3217 1377 3281 acuta
1402 3249 1416 3267 .
1450 3208 1670 3274 capillos
1700 3207 1890 3262 radere

298 3288 497 3349 potest,
527 3296 632 3334 non
655 3280 803 3351 ligna
833 3280 1321 3351 secare;veri_tatis
1356 3286 1534 3351 autem
1574 3291 1754 3351 sermo
1781 3293 1888 3351 non

295 3347 381 3405 ist
425 3347 727 3415 novacula,
766 3350 860 3404 sed
909 3350 1131 3403 securis.
1190 3348 1314 3404 Ideo
1367 3347 1602 3404 Joannes
1647 3349 1887 3417 Baptista

297 3421 428 3475 dicit
473 3438 486 3474 :
534 3420 666 3476 Ecce
711 3421 902 3476 securis
948 3421 1016 3472 ad
1060 3421 1284 3473 radicem
1326 3421 1564 3474 arborum
1606 3421 1771 3490 posita
1817 3427 1887 3472 est

1995 442 2207 514 (Matth.
2236 443 2288 499 5.
2336 442 2444 507 10).
2482 442 2597 497 Non
2623 441 2758 514 dixit
2784 485 2799 505 ,
2834 441 3136 509 Novarula;
3185 446 3406 502 non'est
3450 450 3595 506 enim

1998 516 2182 569 limata
2213 529 2324 579 res,
2349 521 2407 568 ot
2426 513 2642 568 externi
2667 515 2954 568 vanitatem
2977 514 3136 570 dictis
3162 515 3351 572 limare
3381 520 3594 585 solent;

1991 589 2084 639 scd
2125 585 2346 640 verbum
2389 585 2480 642 Dei
2529 593 2611 656 est
2641 586 2850 640 securis
2878 600 3070 640 secans
3110 589 3414 656 superbiam
3445 606 3595 646 ario-

1991 657 2252 727 gattiittm,
2298 666 2355 710 ttt
2386 655 2709 710 testificatur
2733 656 2968 711 Joannes
2995 655 3218 727 dicens,
3250 658 3373 714 Jam
3402 663 3594 716 securis

1991 726 2326 804 adradicem
2381 727 2644 804 arborum_
2674 728 2843 797 posita
2894 734 2984 782 est.
3034 726 3210 783 Turba
3265 745 3453 804 eorum
3505 734 3599 804 qui

1989 797 2188 869 dolosa,
2222 798 2510 869 loquontur
2546 806 2600 852 et
2632 796 2866 869 lia-rescs
2900 807 3118 852 nectunt
3140 839 3158 865 ,
3190 802 3446 857 novacula
3489 796 3596 869 est,

1992 879 2047 921 ιιι
2074 869 2147 942 ait
2174 868 2338 942 David
2364 867 2508 942 Saitli
2523 886 2564 942 ἐ
2586 867 2728 942 Quid
2745 869 2997 942 gloriatur
3020 870 3073 942 in
3096 871 3292 924 malitia
3311 874 3396 941 qui
3420 867 3597 942 potens

1991 946 2064 993 est
2090 941 2428 1016 ininiquitate
2522 937 2648 992 Tota
2677 937 2760 1016 die
2790 940 3119 1016 iniustitiam
3140 937 3382 1016 cogitabit
3419 937 3598 1016 lingua

1991 1020 2094 1094 tua,
2117 1012 2244 1094 sicut
2267 1008 2512 1094 novacula
2535 1020 2683 1094 acuta
2706 1008 2870 1094 fecisti
2896 1009 3072 1094 dolum
3102 1008 3275 1094 (Psal.
3304 1013 3364 1068 5|
3382 1054 3396 1068 .
3423 1008 3591 1094 5:4).

1993 1080 2152 1134 Pater
2186 1081 2354 1150 legem
2398 1081 2526 1142 dat,
2566 1079 2732 1134 Filius
2769 1081 2940 1148 jubet,
2975 1079 3207 1150 Spiritus
3252 1094 3469 1138 sanctus
3500 1079 3589 1142 dat

1992 1153 2387 1206 auctoritatem.
2424 1151 2778 1224 AudiiDeum
2825 1151 3094 1224 dicentem
3126 1169 3141 1224 ξ
3171 1152 3595 1224 Evangelizantes

1991 1224 2242 1285 venient,
2284 1239 2409 1292 quos
2438 1222 2685 1296 Dominus
2715 1224 2976 1296 adcoeavit
3002 1222 3162 1296 (Joel.
3195 1225 3249 1279 2.
3274 1222 3387 1296 5i).
3420 1227 3583 1280 Obse-

1989 1307 2105 1354 cro,
2132 1309 2315 1347 anrcnt
2358 1293 2658 1357 commoda,
2695 1303 2749 1345 ut
2779 1293 2955 1347 discas
2983 1295 3224 1350 veritatis
3245 1293 3584 1352 concentum.

1992 1363 2106 1436 Non
2140 1365 2283 1436 enim
2313 1363 2608 1418 ratiociniis
2652 1380 2980 1432 pugnamus,
3036 1366 3130 1436 sed
3176 1366 3479 1436 Scripturas
3509 1383 3585 1424 sc-

1993 1435 2508 1506 Qttiinttr:0ptamtts
2525 1444 2704 1506 autem
2728 1436 2867 1488 servi
2891 1450 3012 1490 esse
3034 1435 3454 1506 Scripturarnm,
3482 1455 3586 1494 non

1993 1514 2170 1558 autem
2211 1503 2514 1574 Scripturas
2542 1505 2809 1574 subjicere
2840 1507 3136 1562 ratiociniis
3158 1503 3388 1563 nostris.
3421 1509 3588 1565 dees

1994 1576 2336 1646 syllogismos
2365 1591 2467 1630 non
2497 1577 2709 1644 recipit,
2738 1591 2842 1629 non
2874 1578 3018 1646 quod
3042 1581 3149 1631 sint
3173 1580 3590 1637 irrationabiles.

1994 1646 2087 1720 sed
2119 1649 2258 1720 quod
2290 1647 2405 1720 hzt'c
2442 1661 2657 1720 omnem
2694 1647 2958 1701 rationem
3004 1659 3242 1720 superet.
3281 1648 3350 1705 Ut
3379 1665 3505 1703 vero
3543 1664 3594 1706 to

1993 1717 2186 1788 doceat
2218 1719 2435 1788 Paulus,
2466 1717 2623 1770 iidem
2647 1727 2834 1772 contra
2865 1717 3140 1776 ratiocinia
3180 1723 3375 1774 armari
3407 1721 3539 1775 dicit
3571 1740 3585 1775 ε

1995 1786 2135 1859 Nam
2159 1786 2304 1841 arma
2330 1798 2502 1842 nostra
2537 1804 2638 1841 non
2662 1788 2892 1842 carnalia
2927 1800 3077 1848 sunt.
3108 1793 3194 1843 sed
3225 1792 3448 1859 potentia
3479 1791 3588 1847 Deo

1993 1859 2062 1911 ad
2091 1858 2480 1913 destructionem
2511 1859 2846 1913 munitionum
2873 1902 2887 1924 ,
2925 1861 3139 1915 consilia
3181 1862 3513 1923 destruentes.
3543 1871 3591 1916 et

1993 1945 2193 1982 onmem
2237 1931 2559 1984 altitudinem
2599 1931 2921 1985 extollentem
2965 1948 3018 1985 se
3046 1933 3288 1986 adversus
3328 1935 3592 1988 scientiam

1994 1999 2093 2053 Dei
2118 2001 2194 2071 (2.
2229 2002 2345 2055 Cor.
2374 1998 2606 2070 10.6.5).
2633 1999 2739 2055 Sed
2766 2002 2975 2056 etiamsi
3003 2018 3147 2071 smpe
3176 2005 3390 2072 iniquus
3421 2004 3590 2059 diale-2

1993 2071 2128 2126 ctica
2173 2074 2371 2137 vincat,
2429 2087 2496 2126 ne
2544 2072 2894 2140 obstupescas
2938 2089 2952 2124 :
3001 2074 3130 2127 dicit
3173 2071 3318 2129 enim
3366 2074 3529 2129 Dat-id
3572 2093 3586 2128 :

2005 2140 2166 2214 _Verba
2222 2144 2514 2214 iniquorum
2569 2141 2946 2210 prtevaluerunt
3018 2161 3173 2214 super
3222 2162 3316 2199 nos
3392 2143 3585 2214 (Psal.

1995 2212 2083 2268 64.
2115 2216 2191 2280 4).
2224 2212 2382 2268 Mittit
2415 2215 2571 2268 Pater
2594 2215 2869 2281 apostolos
2890 2257 2904 2277 ,
2932 2212 3094 2268 mittit
3122 2215 3309 2280 Filius,
3337 2212 3501 2270 mittit
3530 2226 3587 2271 et

1971 2284 2224 2358 Spiritus
2257 2295 2492 2358 sanctus.
2526 2285 2674 2358 (Dicit
2704 2284 2961 2358 Servatur
2988 2287 3245 2354 apostolis
3278 2304 3292 2340 :
3329 2286 3462 2344 Ecce
3488 2303 3598 2358 ego-

1995 2357 2137 2429 mitto
2169 2356 2337 2429 posin
2375 2356 2622 2429 mundum
2650 2371 2668 2429 ς
2697 2365 2872 2429 euntes
2915 2356 3167 2425 baptizate
3200 2374 3373 2412 omnes
3416 2356 3588 2429 gentes

1997 2424 2210 2498 (Matth.
2251 2426 2341 2498 28.
2392 2424 2505 2497 19).
2554 2426 2754 2498 Dicitur
2783 2427 2943 2481 etiam
2983 2424 3040 2482 in
3087 2429 3312 2484 Actibus
3355 2424 3588 2498 Aposto-

1996 2497 2167 2569 lorum
2204 2516 2227 2569 A:
2280 2497 2378 2562 Qui
2426 2512 2553 2565 ergo
2601 2497 2742 2551 missi
2787 2502 2988 2569 fuerant
3038 2516 3068 2551 a
3121 2499 3334 2569 Spiritu.
3369 2497 3586 2563 sancto,

1995 2567 2359 2622 descenderunt
2389 2569 2443 2620 in
2476 2569 2766 2639 Seleuciam
2788 2566 2949 2637 (Act.
2989 2572 3073 2624 15.
3113 2566 3188 2639 5).
3225 2571 3390 2625 Vocat
3424 2570 3588 2626 Pater

1995 2640 2284 2706 apostolos,
2339 2647 2503 2710 vocat,
2543 2638 2709 2693 Filius
2756 2641 3052 2708 apostolos,
3085 2638 3215 2696 dieit
3266 2644 3522 2710 propheta
3573 2661 3587 2697 :

1995 2711 2037 2762 A
2071 2720 2237 2762 monte
2284 2711 2451 2784 enim_
2469 2709 2599 2763 Sion
2640 2711 2800 2784 veniet
2843 2712 3195 2784 evangelicum
3237 2709 3284 2784 et
3329 2715 3579 2784 evangeli-

1994 2791 2196 2854 Azanfes,
2242 2797 2372 2854 quos
2413 2779 2662 2834 Dominus
2713 2779 3180 2854 advocavit—(10d.
3232 2783 3288 2837 2.
3343 2779 3587 2853 52).Ἰ)θῑ

1997 2851 2158 2925 igitur
2197 2851 2280 2905 est
2310 2851 3072 2925 advocareevangelizantes.
3104 2854 3161 2909 Si
3192 2870 3321 2925 ergo
3365 2851 3456 2908 Dei
3500 2864 3588 2908 est

1996 2923 2280 2994 advocare,
2315 2923 2435 2994 ideo
2464 2922 2697 2992 Spiritus
2729 2939 2822 2993 per
2847 2928 3134 2994 prophetas
3166 2922 3391 2993 loquens
3412 2925 3536 2979 dicit
3575 2941 3588 2977 :

2001 2992 2125 3066 l_ltec
2152 2993 2274 3066 dicit
2301 2992 2527 3062 Spiritus
2549 2992 2756 3066 sanctus
2783 3010 2802 3048 :
2828 2992 3103 3066 Segregate
3128 2992 3256 3050 mihi
3285 2995 3525 3066 Paulum
3544 3005 3594 3049 et

1995 3062 2288 3136 Barnabant
2315 3066 2368 3117 in
2398 3080 2544 3136 opus,
2574 3065 2642 3117 ad
2666 3066 2802 3134 quod
2832 3062 3076 3121 aduocavi
3103 3084 3186 3122 eos
3214 3068 3349 3136 (Act.
3388 3068 3476 3122 15.
3503 3065 3588 3135 2).

1998 3136 2123 3189 Ηωε
2149 3150 2178 3188 a
2207 3135 2360 3188 nobis
2390 3134 2531 3208 dicta
2562 3139 2708 3208 satis
2737 3147 2884 3191 sunt.
2920 3139 3070 3192 Deus
3097 3134 3276 3206 autem
3308 3138 3454 3208 pacis
3489 3152 3586 3190 nos

1996 3219 2186 3260 omnes
2206 3213 2397 3280 augeat
2426 3206 2478 3280 in
2507 3205 2610 3280 (ide
2631 3217 2687 3260 et
2711 3209 2937 3280 caritate
2962 3224 3054 3262 sua
3088 3226 3101 3262 :
3133 3209 3255 3280 quia
3288 3205 3461 3278 ipsum
3491 3208 3587 3280 dc-

1998 3286 2093 3349 cet
2123 3279 2298 3330 omnis
2323 3276 2490 3346 gloria
2517 3318 2533 3341 ,
2564 3279 2818 3349 honoret
2845 3279 3087 3333 adoratio
3109 3321 3123 3343 ,
3151 3276 3285 3349 cum
3311 3276 3586 3349 unigenito

1994 3344 2550 3421 Filioetsanc'tissimo
2575 3349 2695 3414 ejus
2733 3348 2933 3418 Spiritu
2959 3393 2972 3414 ,
3006 3366 3149 3407 nunc
3170 3363 3225 3407 et
3254 3344 3468 3421 s'empér
3491 3391 3508 3416 ,
3533 3358 3590 3405 et

2000 3416 2054 3470 in
2081 3417 2274 3471 saecula
2304 3417 2653 3473 seculorum.
2684 3416 2881 3475 Anien.

291 3647 382 3690 ‘DE
427 3647 805 3705 ΡΔἸΊΕΝἸΊΔ,
856 3648 933 3692 ΕΤ
978 3648 1059 3690 DE
1103 3646 1643 3690 CONSUMMATIOXE
1688 3646 1887 3689 HUJUS

1994 3644 2208 3698 BCULI,
2255 3645 2337 3686 DE
2381 3644 2666 3688 SECUNDO
2711 3647 3043 3705 ADVENTU,
3089 3648 3174 3691 DE
3217 3641 3429 3694 RBGNO
3470 3649 3587 3694 JU-

379 3750 626 3801 ετοηυιιι
672 3750 1034 3805 PEBPETUO,
1082 3751 1294 3803 DEQUE
1339 3749 1612 3794 ULTIO‘NE
1666 3749 2089 3794 PECCATORUM
2132 3749 2425 3793 ETEBNA:
2472 3750 2869 3797 HYPOTHESIS
2914 3754 3071 3799 ITEM
3115 3754 3584 3810 CONFESSIONIS,

367 3854 461 3896 ἘΤ
502 3852 914 3896 ADHORTATIO
957 3853 1042 3896 AD
1085 3853 1578 3896 MEDITATIONEM
1622 3853 1987 3898 DIVINABUM
2031 3851 2521 3898 SCRIPTUBARUM
2559 3857 2575 3911 ;
2622 3855 2704 3897 ΕΤ
2773 3854 2916 3908 QUB
2982 3857 3124 3902 SINT
3193 3860 3395 3904 Λιιτεδ
3449 3859 3589 3903 IN!-

379 3957 543 4012 IIICI,
590 3957 670 3999 ΕΤ
712 3955 855 4009 ΩΠΒ
901 3956 987 3998 EX
1029 3955 1264 4009 QUIETE
1311 3956 1620 4000 UTILITAS.

1729 4093 2150 4163 ww

367 4257 658 4340 Splendida
701 4266 795 4340 est
832 4257 946 4312 vita
995 4257 1265 4340 iustorum
1319 4275 1352 4340 ς,
1390 4257 1684 4340 quomoth
1708 4267 1885 4340 autem

299 4328 579 4412 splendida
619 4329 908 4412 redditur,
961 4328 1062 4412 nisi
1109 4329 1593 4412 per__patientiain?
1642 4328 1789 4412 lianc
1841 4329 1887 4384 si

302 4399 510 4464 teneas,
532 4400 717 4463 frater,
741 4401 901 4470 dilige
923 4408 981 4453 ut
1004 4399 1329 4470 fortitudinis
1345 4411 1570 4454 matrem
1603 4417 1615 4452 :
1642 4399 1887 4454 Psalmus

300 4473 446 4527 enim
495 4471 738 4526 hortatur
793 4469 876 4525 his
927 4471 1106 4525 verbis
1147 4469 1437 4540 :,Ea:pecta
1481 4470 1795 4531 Dominum.
1841 4479 1889 4525 et

300 4544 501 4596 custodi
549 4544 681 4596 viam
724 4543 835 4614 ejus
863 4541 1035 4613 (Psal.
1068 4543 1162 4614 56.
1202 4541 1316 4613 54).
1364 4542 1556 4614 gaulus
1587 4557 1716 4614 vero
1755 4558 1888 4614 quo-

303 4615 466 4668 modo
512 4612 763 4668 virtutem
807 4612 1106 4682 poSsederit
1134 4612 1290 4667 docet
1327 4632 1340 4668 :
1371 4612 1655 4667 Tribulatio
1687 4613 1886 4676 patien-

293 4685 430 4738 ~tiam
461 4697 700 4753 operatur
734 4685 910 4756 (Rom.
955 4685 1009 4740 5.
1043 4686 1126 4756 5).
1165 4684 1311 4738 llanc
1351 4686 1395 4739 si
1435 4686 1604 4748 eolas,
1647 4685 1889 4756 invenies

302 4771 454 4820 spem
504 4758 765 4810 bonorum
813 4755 1044 4818 fontem;
1095 4755 1224 4824 Spes
1268 4767 1436 4810 autem
1482 4772 1583 4809 non
1623 4755 1888 4826 confundit

305 4826 468 4895 (Ibid.
503 4841 551 4879 υ.
583 4828 657 4894 5).
691 4826 934 4881 Subditus
960 4841 1089 4896 ergo
1115 4837 1217 4879 esto
1252 4825 1486 4889 Domino,
1521 4836 1567 4881 et
1592 4843 1685 4880 ora
1715 4827 1884 4890 illum,

301 4909 358 4953 et
404 4899 643 4953 invenies
671 4897 834 4958 illud,
896 4896 962 4950 Et
1002 4897 1140 4949 dabit
1189 4896 1276 4949 tibi
1323 4900 1585 4968 petitiones
1614 4898 1780 4950 cordis
1817 4899 1890 4950 tui

304 4968 475 5038 (Psal.
498 4969 587 5023 56.
613 4971 660 5024 7.
687 4969 767 5036 4).
788 4969 926 5036 Quid
951 4969 1157 5023 beatius
1183 4984 1340 5036 quam
1367 4969 1564 5023 habere
1587 4969 1706 5022 talis
1730 4968 1888 5038 Regis

303 5054 464 5094 aures
493 5039 791 5108 pr0pitias?
829 5039 952 5109 quis
1000 5040 1133 5092 nolit
1177 5051 1419 5107 apertum
1455 5039 1652 5094 habere
1690 5047 1744 5094 et
1783 5042 1886 5094 ob-

301 5119 692 5183 temperantem
715 5111 913 5180 judicis
942 5110 1218 5183 auditum?
1247 5111 1536 5183 Operarius
1565 5127 1623 5166 es
1651 5111 1884 5183 virtutis,

303 5181 508 5245 frater;
553 5180 801 5235 Christus
844 5181 1098 5237 conduxit
1149 5182 1200 5235 in
1246 5180 1457 5236 vineam
1499 5197 1649 5236 suam
1699 5199 1711 5234 :
1759 5181 1886 5236 dum

305 5262 524 5323 tempus
548 5250 733 5320 babes,
759 5267 984 5320 Operare
1011 5253 1226 5305 bonum.
1261 5253 1396 5308 Audi
1431 5253 1651 5307 Paulum
1691 5252 1892 5323 dicen;—

305 5320 465 5396 tetn';
496 5322 645 5396 Quod
671 5325 988 5396 seminaverit
1014 5323 1184 5388 homo,
1213 5323 1308 5377 hoc
1326 5334 1377 5377 et
1399 5334 1546 5378 metet
1569 5324 1708 5391 (Gal.
1734 5325 1786 5379 6.
1806 5320 1883 5396 8).

307 5395 524 5449 Semina
567 5395 619 5447 in
660 5394 891 5464 spiritu,
940 5409 999 5449 ut
1040 5403 1210 5448 metas
1240 5396 1402 5448 vitam
1452 5407 1707 5450 :eternam
1742 5411 1754 5447 :
1789 5394 1890 5460 Qui

307 5466 450 5520 enim.
470 5465 680 5519 seminat
708 5467 759 5518 in
784 5481 1014 5533 corpore,
1043 5467 1230 5534 inquit.
1260 5467 1323 5519 de
1349 5482 1559 5534 corpore
1597 5475 1744 5520 metet
1771 5482 1887 5519 oat-

308 5535 592 5605 nIptionem
610 5535 793 5604 (Ibid)
819 5536 956 5590 Audi
985 5537 1179 5591 bonum
1212 5539 1538 5591 hortatorem
1563 5537 1829 5591 dicentem
1865 5555 1876 5590 :

311 5606 726 5680 Sentinatevobis
739 5607 1013 5680 justitiam,
1036 5607 1202 5661 metite
1223 5609 1442 5668 fructum
1470 5609 1581 5680 vitte
1605 5607 1757 5680 (Osee
1801 5606 1887 5662 10.

315 5678 422 5747 12).
452 5676 529 5732 Ne
553 5676 770 5732 delicias
792 5679 844 5732 in
874 5679 1077 5744 labore,
1102 5692 1251 5748 spem
1281 5688 1405 5733 ante
1429 5690 1476 5732 te
1497 5676 1686 5733 videns
1719 5696 1733 5733 :
1763 5692 1886 5732 nam

311 5750 402 5804 ubi
444 5748 770 5821 certamina,
804 5749 874 5821 ibi
920 5749 1172 5821 prtetnia;
1204 5750 1293 5821 ubi
1322 5750 1490 5813 bella,
1521 5749 1592 5802 ibi
1625 5752 1882 5813 honores;

315 5821 404 5876 ubi
434 5835 627 5890 pugna,
660 5819 729 5872 ibi
760 5819 936 5875 etiam
957 5835 1175 5876 corona.
1209 5820 1331 5876 llaec
1361 5822 1682 5891 reSpicieus,
1708 5822 1877 5876 excita

1992 4260 2224 4328 teipsum
2266 4275 2362 4338 per
2407 4260 2779 4338 patientiam“:
2823 4261 2918 4316 tibi
2961 4265 3178 4321 succine
3223 4281 3442 4338 Semper
3491 4269 3589 4324 hos

1994 4341 2209 4385 sanctos
2249 4332 2556 4406 clamores:
2603 4331 2963 4406 Yirilitertage
2990 4345 3100 4406 ,Aet
3138 4331 3454 4406 confortétur
3496 4356 3586 4394 cor

1995 4411 2169 4479 tu_um,_
2189 4411 2235 4455 et
2264 4405 2452 4456 sustine
2483 4402 2754 4457 Dominum
2797 4402 2970 4474 (Psal.
3005 4403 3106 4479 Δ26.
3159 4402 3248 4477 ll)
3279 4426 3293 4464 :
3331 4409 3581 4479 Prtepara

1992 4473 2062 4550 ad
2090 4473 2277 4550 cgitant
2325 4490 2479 4541 opera
2502 4482 2596 4550 tua
2618 4516 2632 4538 ,
2681 4483 2728 4550 et
2757 4473 2955 4550 appara
3002 4473 3050 4530 te
3093 4487 3160 4532 att
3188 4473 3366 4550 agrum
3399 4473 3584 4550 (Prov.

1991 4543 2081 4598 24.
2114 4543 2206 4611 ‘27)
2239 4563 2252 4598 :
2280 4559 2407 4611 ager
2428 4547 2570 4598 enim
2599 4554 2681 4600 est
2708 4543 2972 4601 baic'vita.
2998 4551 3196 4613 Accipe
3220 4543 3374 4606 vetns
3399 4543 3588 4606 Testa-

1995 4615 2443 4693 nrenttttn.__Cinge
2470 4617 2834 4693 possessionem
2864 4622 3207 4693 tuam_spinis
3237 4625 3277 4693 .(
3297 4622 3454 4677 Eccli.
3485 4624 3580 4678 28.

1993 4683 2107 4754 28).
2161 4683 2523 4751 Quibusnam?
2577 4686 2788 4756 Jejunio
2823 4729 2838 4751 ,
2892 4683 3166 4754 oratione,
3221 4683 3486 4749 diictrina.
3532 4695 3589 4750 Si

1995 4771 2177 4823 sepem
2210 4757 2429 4821 habeas,
2463 4774 2570 4812 non
2613 4758 2944 4828 ingredietur
2967 4761 3098 4826 fera,
3142 4762 3416 4819 diabolum
3445 4767 3584 4820 dico.

1994 4829 2157 4892 Quasi
2209 4827 2486 4897 pulchram
2531 4827 2740 4884 vineam
2790 4831 2975 4885 excole
3021 4834 3255 4888 animam
3303 4847 3472 4891 tttam.
3519 4836 3590 4892 Et

1995 4901 2133 4971 sicut
2161 4899 2194 4952 ii
2224 4901 2313 4970 qui
2345 4899 2528 4953 tineas
2565 4901 2909 4967 custodiunt,
2942 4902 3201 4971 plaudunt
3229 4922 3387 4961 manu
3409 4947 3424 4971 ,
3455 4924 3587 4964 voce

1994 4970 2261 5042 clamant,
2303 4979 2357 5025 et
2386 4971 2727 5026 insidiatores
2762 4970 2988 5042 strepitu
3037 4985 3222 5030 arcent
3273 4995 3285 5027 :
3336 4970 3419 5032 sic
3444 4989 3498 5033 et
3530 4991 3586 5034 tu

1995 5041 2164 5115 clama
2197 5056 2290 5115 per
2310 5043 2821 5115 orationem,jub_ila
2853 5041 2945 5112 per
2974 5047 3324 5114 psalmodiam
3359 5067 3370 5102 :
3405 5059 3458 5104 et
3484 5050 3585 5103 do-

1997 5111 2164 5189 iosam
2205 5112 2370 5189 feram
2398 5111 2887 5189 fugabiskvulpem
2928 5111 3155 5189 nempe,
3189 5133 3309 5189 qua:
3350 5131 3431 5174 est
3475 5121 3590 5175 dia-

1999 5182 2187 5262 bolus,
2230 5184 2440 5262 de_quo
2472 5183 2925 5262 dicituScriptura
2955 5205 2969 5240 :
3001 5182 3180 5258 Capite
3206 5182 3364 5246 'nobis
3403 5192 3580 5262 vulpes

1998 5255 2237 5330 parvulas
2266 5252 2522 5330 (canus.
2555 5252 2645 5328 15)
2670 5252 2818 5330 ,_et_c.
2865 5252 3102 5313 Observa
3146 5276 3362 5330 semper
3404 5252 3576 5317 iniini-

1995 5339 2115 5377 cum
2152 5343 2164 5378 :
2197 5327 2239 5401 si
2269 5327 2474 5401 venerit
2505 5335 2560 5380 ut
2587 5327 2854 5401 cenfodiat
2891 5344 2986 5401 cor
3009 5340 3161 5401 tuum
3189 5342 3244 5386 et
3267 5327 3337 5386 ad
3367 5349 3585 5401 pravam

1995 5397 2484 5479 concupiscentiam
2516 5397 2710 5479 pellat;
2740 5407 2795 5453 et
2809 5404 2868 5479 _si
2897 5399 3059 5479 funda
3087 5402 3308 5473 impetat
3345 5397 3582 5479 animam

1997 5474 2164 5559 (pium,
2197 5468 2363 5522 malas
2389 5468 2680 5559 imminens
2705 5471 3074 5554 cogitationes,
3094 5468 3306 5559 oppone
3323 5477 3582 5559 clypeum

2000 5537 2142 5615 fidei,
2165 5552 2378 5615 assume
2405 5540 2609 5615 galeam
2652 5537 2803 5615 spei,
2834 5543 3037 5612 stringe
3061 5537 3292 5613 gladium
3323 5537 3580 5615 Spiritus,

1995 5609 2086 5675 qui
2116 5621 2198 5662 est
2223 5612 2446 5663 verbum
2473 5609 2607 5683 Dei:
2633 5609 2789 5666 etsic
2813 5609 3050 5667 armatus
3066 5609 3255 5670 contra
3287 5609 3583 5683 intinicnnt,

1994 5687 2299 5804 gestiam
2339 5696 2405 5734 ne
2443 5682 2624 5749 segnis
2656 5683 2732 5737 sis
2761 5684 2812 5736 in
2839 5683 3019 5749 bello,
3059 5685 3153 5740 sed
3182 5687 3335 5757 vigila
3377 5690 3428 5742 in
3464 5704 3586 5744 om-

2032 5769 2043 5804 Ι
2087 5766 2147 5801 l5
2245 5787 2258 5801 .

1993 5754 2258 5805 nibus““.

2084 5820 2275 5878 Adfert
2310 5820 2650 5878 adversarius
2686 5823 2846 5882 modo
2879 5824 3255 5897 latitudinem,
3299 5829 3459 5885 modo
3499 5833 3586 5887 tri-
