4138 6334
588 355 692 409 ξ)ιό

1506 346 1852 405 ENCOIHUM
1890 348 1944 404 S.
1989 346 2311 402 GREGURII
2352 346 2907 419 lLLUlllNATORIS,

3762 355 3866 418 9M

580 541 3869 582 Μ

1678 664 1933 813 EN
1942 668 2763 821 COMIUM

882 908 972 990 S.
1030 907 1651 1000 GREGOBII,
1704 907 2482 991 ARMENORUM
2539 907 3498 1006 ILLUMINATORlsp

1332 1068 1706 1141 AUCTORE
1748 1068 2061 1132 SANCTO
2103 1071 2413 1133 JOANNE
2456 1072 3090 1151 CHRYSOSTOMO;

2015 1234 2400 1281 EXCBRPTUM

668 1364 757 1420 EX
805 1362 1266 1431 D-JARRINTIR,
1308 1362 1443 1428 SEU
1486 1361 1893 1418 HOMILIARiO
1934 1362 2223 1422 ARMENO
2261 1365 2740 1422 BIBLIOTHECE
2779 1366 3014 1423 Βεϐιῶ
3054 1366 3331 1425 ΝΟΤΑΤΟ
3368 1368 3667 1425 LITTERA
3706 1368 3769 1426 ϐ.

1298 1518 1381 1561 ex
1424 1518 1686 1563 ARMENA
1734 1518 2075 1570 unum.“
2124 1520 2405 1566 tumst
2449 1523 2704 1567 vsusuu
2750 1523 2917 1567 anno
2961 1506 3138 1566 1735.

1843 1653 2264 1696 -————oo

2267 1668 2620 1681 ἡ

1195 1760 2029 1880 ΜΟΝΙΤΙΓΜ
2094 1766 2164 1871 1

2270 1766 2911 1879 ’ΤΕΒΡΒΕ
2931 1774 3224 1881 TIS.

646 1978 942 2046 Antequam
986 1972 1195 2030 titulum
1218 2015 1237 2046 ,Α
1263 1974 1387 2029 huic
1416 1973 1675 2029 Encomio
1706 1973 1757 2026 in
1791 1973 2157 2043 manuscripto

576 2065 683 2130 quo
728 2044 814 2102 usi
843 2061 1029 2130 sumus
1055 2044 1384 2130 appositum,
1417 2046 1795 2130 inscribaiiius,
1822 2059 1999 2126 opera:
2032 2059 2155 2130 pre-

578 2114 708 2173 tium
732 2127 815 2173 est
843 2114 1101 2172 lectorem
1126 2114 1437 2178 admouere,
1469 2116 1570 2170 hoc
1616 2116 1930 2168 Encomium
1955 2115 2008 2167 in
2040 2114 2160 2169 aliis

576 2192 740 2244 etiam
759 2188 968 2244 duobus
993 2185 1306 2258 D-jarrintir
1332 2200 1429 2242 seu
1457 2186 1782 2240 llomiliariis
1806 2186 2058 2240 Arineuis
2083 2200 2162 2241 re-

647 2276 758 2313 I'H'I.

909 2341 1097 2409 eorum
1125 2327 1357 2409 ingentis
1387 2335 1469 2409 est
1512 2325 1684 2409 molis,
1715 2335 1769 2379 et
1795 2325 2162 2409 ducentisah-

577 2400 701 2455 hinc
728 2410 780 2456 et
808 2400 1039 2469 amplius
1079 2396 1236 2454 annis
1262 2396 1474 2454 videtur
1500 2405 1801 2462 exaratum,
1832 2397 1975 2466 quod
2006 2396 2159 2453 litera

575 2473 618 2524 Α
646 2471 948 2527 iusitzuitur.

667 2489 696 2524 ll
733 2487 745 2523 Ι
787 2486 948 2524 ιιιιυτ.

627 2486 888 2596 ιλῆἕτυιη
918 2554 1047 2608 vero
1070 2540 1360 2595 maximum
1388 2548 1470 2595 est
1496 2536 1769 2603 volumen,
1800 2551 1863 2608 es
1896 2551 1958 2591 ea
1991 2536 2160 2608 forma

574 2628 734 2682 quam
776 2620 971 2666 vocant
995 2613 1230 2683 iit-folio,
1260 2610 1402 2683 quo_d
1448 2609 1658 2664 videtur
1683 2623 1801 2664 esse
1830 2607 2025 2663 decimi
2075 2607 2161 2663 vel

578 2679 843 2737 undecimi
866 2682 1054 2742 Μουιί
1084 2679 1140 2737 et
1163 2679 1315 2737 litera
1346 2679 1392 2735 Β
1422 2688 1655 2735 notatur.

649 2754 781 2807 Cum
809 2762 989 2807 autem
1010 2752 1197 2807 titulus
1216 2752 1341 2806 huic
1362 2752 1620 2806 Encomio
1637 2750 1689 2804 in
1714 2749 1822 2805 illis
1838 2748 2163 2805 llomiliariis

578 2824 831 2879 Armenis
856 2824 1151 2893 appositus,
1190 2822 1368 2877 locum
1394 2831 1451 2876 et
1478 2821 1816 2893 occasionem
1848 2820 2011 2893 hujus»
2035 2836 2161 2873 ora-

580 2894 741 2948 tionis
767 2891 977 2957 doceat,
1005 2893 1145 2946 baud
1172 2893 1437 2962 ingratum
1470 2892 1587 2962 fore
1605 2891 1788 2945 lectori
1819 2891 2160 2957 confidimus,

578 2967 623 3020 si
650 2965 831 3018 titulus
848 2972 1091 3032 uterque,
1106 2959 1263 3032 quem
1286 2962 1339 3017 in
1364 2963 1467 3016 illis
1492 2959 1801 3030 D-jarriutir
1816 2972 2003 3015 nactus
2024 2975 2163 3027 sum,

579 3035 752 3090 oculis
777 3036 895 3103 ejus
920 3034 1249 3103 subjiciatur.

602 3101 839 3161 'l‘iruws
875 3101 1096 3159 Eucoutl
1134 3118 1271 3168 quon
1314 3118 1541 3159 manus
1579 3118 1630 3157 IN
1669 3116 2035 3157 uanuscrurro
2075 3101 2136 3154 A.

649 3176 868 3231 Joannis
889 3175 1236 3245 Clarysostomi
1258 3190 1425 3228 sermo
1446 3176 1509 3226 de
1529 3174 1630 3226 vita
1651 3184 1695 3228 et
1721 3174 1985 3244 suppliciis
2006 3172 2169 3227 sancti

2268 1974 2532 2056 Gregorii,_
2551 1977 2766 2045 Maioris
2794 1980 3058 2056 Armenite
3085 1984 3406 2053 patriam/ue,
3435 1985 3599 2040 dictus
3629 1985 3812 2042 It'oltisi
3829 2030 3854 2056 ,

2263 2062 2379 2130 quia
2402 2057 2474 2130 est
2500 2049 2831 2130 Armenurum
2859 2053 2973 2107 urbs
3000 2049 3145 2130 (dum
3166 2056 3310 2107 exsul
3325 2049 3401 2130 ibi
3443 2056 3696 2127 degebat),
3723 2049 3859 2130 rma;

2266 2120 2704 2198 gitautequodam
2732 2123 2965 2198 episcopo
2994 2120 3038 2177 et
3068 2125 3274 2198 doctore
3300 2120 3539 2191 Ανηιεηᾶ,
3571 2120 3661 2198 qui
3685 2120 3864 2184 dimi

2267 2185 2503 2261 Gregorii
2529 2185 2933 2259 consanguineus
2956 2204 3083 2259 erat,
3108 2206 3151 2247 et
3173 2193 3450 2249 Dioscorus
3472 2185 3744 2251 vocabatur
3766 2216 3783 2261 ;
3809 2211 3865 2254 et

2268 2258 2557 2341 postulante
2586 2258 2946 2341 ntngn'oraetu,
2978 2265 3064 2341 qui
3088 2277 3553 2341 congregatuserat
3588 2258 3776 2341 Kokisi
3806 2272 3865 2325 in

2267 2327 2351 2403 die
2379 2331 2505 2398 festo
2523 2327 2685 2403 πρταί
2714 2327 3083 2388 Illuminatoris
3105 2327 3322 2403 partium
3350 2336 3703 2392 Orientalium.

2288 2397 2523 2454 Tiruws
2562 2400 2783 2457 Escouu
2820 2418 2957 2466 quon
2994 2397 3221 2459 mortem
3259 2422 3307 2460 ut
3366 2424 3727 2464 uiscscmrro
3757 2409 3821 2465 Β.

2340 2467 2728 2556 Beati-Joannis
2767 2472 3110 2556 σιμ-μεθεξοιηί
3139 2475 3366 2556 Hoinilia
3409 2478 3545 2556 dicta
3589 2481 3651 2556 de
3680 2482 3781 2556 vita
3806 2490 3859 2534 et

2270 2541 2722 2620 suppliciis_utagni
2750 2541 3054 2620 patriarcltte
3079 2557 3124 2599 et
3150 2548 3389 2620 martyris
3416 2546 3649 2620 Gregorii
3678 2553 3862 2604 Arme-

2268 2604 2450 2689 rtoritm
2478 2604 2873 2689 lliuntinatoris,
2899 2618 3247 2689 pronuntiata
3270 2604 3449 2671 Kokisi
3469 2659 3485 2683 ,
3513 2604 3626 2689 qua
3651 2632 3724 2674 est
3758 2622 3859 2681 Ar-

2209 2711 2217 2721 ι
2268 2680 2448 2761 meruit:
2468 2684 2584 2736 urbs
2604 2684 2751 2761 (dum
2766 2696 2871 2761 erat
2891 2680 2958 2738 ibi
2977 2688 3029 2739 in
3048 2688 3272 2757 exsilio),
3296 2680 3599 2761 emzigituitte
3639 2692 3866 2761 quodam

2275 2752 2479 2805 doctore
2504 2762 2550 2806 et
2578 2752 2812 2825 φῦκορο
2836 2755 3190 2828 ᾼνηιεηοηιηι,
3223 2752 3615 2828 ὶιιιὶἮὶξλεοοτυσ
3642 2752 3863 2816 iocaba-

2273 2830 2374 2902 tur,
2390 2830 2552 2902 atque
2571 2822 2972 2895 consanguineus
2998 2836 3106 2881 erat
3136 2822 3373 2898 martyris
3396 2826 3626 2901 Gregorii
3646 2847 3663 2895 ,'
3681 2842 3864 2902 postu-

2272 2892 2492 2970 lantibus
2529 2910 2724 2963 quoque
2762 2892 2953 2970 magno
2990 2907 3118 2970 coetu
3154 2908 3200 2952 et
3248 2892 3453 2968 copiosa
3498 2892 3659 2970 Hebe,
3681 2892 3773 2970 qui
3798 2903 3866 2956 ab

2270 2961 2442 3041 eodem
2466 2961 2912 3041 sauclopetebaiit,
2937 2977 2992 3020 ut
3022 2961 3393 3024 Illuminatoris
3422 2961 3656 3041 partium
3675 2961 3865 3028 Orien-

2274 3032 2451 3087 talium
2485 3035 2540 3088 iu
2568 3032 2678 3105 ejus
2706 3036 2788 3089 die
2817 3038 2942 3107 festo
2968 3040 3261 3094 memoriam
3288 3032 3498 3111 faceret.

581 3383 863 3448 'l‘itulum
880 3388 942 3445 et
986 3382 1351 3445 encomium
1400 3400 1575 3444 nunc
1636 3381 1856 3460 accipe
1919 3385 1994 3442 ut
2038 3380 2362 3443 habentur
2405 3381 2474 3442 in
2524 3379 2755 3443 Codice
2798 3381 2912 3459 qui
2956 3381 3263 3446 trecentis
3326 3382 3584 3447 circiter
3628 3386 3869 3449 abhinc

1323 3484 1516 3546 annis
1573 3484 1979 3563 conscriptus
2010 3484 2260 3547 videtur
2310 3488 2374 3547 et
2418 3483 2628 3548 littera
2676 3483 2727 3546 C
2783 3484 3147 3548 innotescit.

2025 3643 2389 3684 ...ου’-...-

582 3758 764 3838 Sermo
819 3760 982 3838 sancti
1038 3755 2171 3838 Joannis__Cltrysostomi“Constantinopolis

642 3831 877 3906 episcopi
916 3830 981 3906 d_e
1021 3840 1220 3906 _sanclq_
1245 3826 1602 3883 Illuminatore
1647 3826 1838 3900 Magno
1887 3826 2128 3897 Gregorio
2151 3866 2168 3893 ,

707 3898 910 3969 ontiﬁce
934 3898 1032 3954 Dei
1058 3898 1238 3953 nosti’i.
1502 3954 1505 3955 ,

650 3970 990 4025 ‘i’rocemium.
1014 4000 1082 4011 —
1111 3970 1175 4026 Ut
1216 3969 1414 4025 diversi
1455 3977 1582 4023 sunt
1628 3968 1940 4037 multiplicis
1959 3968 2172 4036 generis

565 4042 741 4096 'ﬂores
767 4042 857 4111 qui
882 4050 1133 4108 provecto
1157 4042 1296 4095 veris
1323 4051 1565 4109 tempore
1592 4038 1731 4111 foliis
1776 4039 2174 4111 diversicolori-

568 4114 685 4165 'bus
705 4110 965 4166 ornantur
996 4128 1009 4164 :
1042 4112 1113 4166 ita
1140 4113 1343 4165 varium
1370 4119 1453 4164 est
1478 4120 1533 4166 et
1560 4110 1837 4165 abundans
1867 4110 2169 4164 encomium

582 4184 843 4249 virorum,
875 4182 965 4253 qui
992 4182 1187 4237 divinis
1216 4181 1424 4251 praediti
1455 4189 1581 4236 sunt
1609 4180 1823 4236 dotibus
1844 4222 1858 4246 ,
1887 4194 2026 4253 quas
2053 4195 2174 4233 cer-

583 4268 715 4307 nere
745 4249 948 4307 tantum
977 4255 1146 4323 oculis
1174 4249 1333 4323 atque
1362 4253 1414 4307 in
1444 4254 1703 4321 apotheca
1732 4249 1929 4323 tuentis
1957 4265 2173 4323 coacer-

577 4338 711 4377 vare
751 4340 857 4377 non
900 4322 1128 4388 subicit;
1175 4321 1328 4377 mens
1355 4323 1496 4377 enim
1528 4323 1650 4376 ideo
1678 4322 1880 4393 colligit
1906 4330 1960 4375 et
1991 4321 2169 4391 lingua

582 4404 818 4459 enarrat,
849 4403 906 4447 ut
935 4395 1341 4463 quamplurimis
1367 4395 1525 4447 simul
1559 4393 1829 4461 largiatur.

658 4462 1151 4534 Ingrediens'igitur
1177 4465 1228 4517 in
1262 4464 1522 4518 ﬂoriferas
1548 4465 1801 4517 virtutum
1838 4476 1992 4534 areas
2029 4472 2169 4516 stre-

583 4536 674 4589 nui
694 4532 962 4603 martyris
992 4532 1045 4588 et
1070 4535 1327 4603 supplicia
1362 4534 1620 4603 perpessi,
1651 4535 1779 4588 solis
1810 4532 2165 4601 splendentis,

583 4616 636 4657 et
665 4605 931 4673 pontilicis
963 4607 1233 4659 Armenia:
1259 4604 1475 4673 Majoris
1506 4605 1914 4665 lilumiuatoris;
1954 4613 2169 4671 proten-

582 4680 823 4747 tlonsque
866 4675 1060 4730 mentis
1096 4676 1278 4730 oculos
1315 4690 1478 4745 super
1504 4676 1811 4743 ﬂorigerum
1849 4688 1956 4747 quo
1998 4674 2167 4743 fulget

581 4744 785 4800 decus:
814 4747 997 4801 nescio
1025 4757 1203 4800 utrum
1231 4762 1315 4812 ea,
1334 4744 1451 4812 qua)
1478 4747 1763 4814 complecti
1794 4744 2008 4814 quidem
2044 4758 2167 4812 pos-

582 4832 737 4883 sum,
782 4818 1029 4871 encomio
1073 4819 1345 4883 sapienter
1383 4817 1591 4886 digesto
1638 4817 1887 4884 prosequi
1933 4816 2163 4883 possim;

583 4890 710 4941 milii
742 4903 970 4955 namque
991 4887 1314 4943 desiderium
1338 4897 1414 4941 cst
1440 4888 1616 4940 onmia
1643 4901 1955 4957 congerere,
1975 4900 2167 4939 vereor

584 4968 760 5011 Himen
792 4974 860 5011 ne
889 4957 1115 5028 plurima
1148 4959 1275 5011 milii
1306 4958 1574 5011 excidant.

654 5028 771 5082 Jam
798 5026 923 5082 vero
948 5028 1193 5097 apicula),
1222 5028 1319 5081 alis
1347 5028 1582 5097 przediun
1612 5027 1839 5092 levibus,
1865 5027 2052 5079 beatus
2079 5026 2165 5080 illc

584 5098 775 5153 similis
813 5100 1005 5152 merito
1035 5098 1163 5152 mihi
1196 5099 1425 5153 videtur.
1474 5100 1538 5151 Et
1567 5113 1695 5151 sane
1727 5098 2166 5151 utradmiratione

582 5170 798 5239 dignum
824 5178 904 5224 est
926 5170 1147 5238 apicula:
1168 5184 1321 5239 opus,
1348 5171 1417 5223 ita
1446 5177 1498 5223 et
1525 5170 1692 5222 sancti
1723 5168 1965 5236 Gregorii
1996 5168 2165 5221 virtu-

583 5249 664 5293 tes
712 5241 923 5293 animos
962 5240 1218 5310 rapiunt:
1253 5251 1414 5309 utque
1456 5254 1615 5293 nemo
1658 5240 1794 5291 valet
1840 5239 2164 5308 stupendum

582 5310 724 5363 illius
755 5311 993 5365 laborem
1032 5318 1125 5363 aut
1163 5326 1411 5366 sermone
1448 5319 1539 5362 aut
1582 5310 1792 5378 ingenio
1822 5311 2056 5375 assequi,
2092 5311 2163 5362 ita

580 5390 637 5433 et
672 5381 839 5435 saneti
882 5380 1038 5448 hujus
1079 5381 1233 5436 dotes
1256 5381 1479 5435 eximias
1509 5383 1755 5436 encoinio
1789 5381 2036 5449 prosequi
2063 5395 2163 5433 ne-

584 5452 706 5505 mini
736 5452 1065 5505 conceditur.

650 5521 1111 5588 Quemadmodum
1140 5532 1314 5577 autem
1344 5522 1479 5591 apis,
1510 5522 1631 5575 licet
1660 5531 1849 5589 sponte
1882 5520 2081 5574 feralur
2105 5532 2160 5575 tn

578 5595 855 5647 universos
887 5592 1046 5647 ﬂores
1075 5603 1131 5647 ut
1150 5609 1244 5649 eos
1264 5594 1481 5656 ambiat,
1507 5607 1611 5646 nou
1638 5601 1813 5660 potest
1844 5603 2018 5646 tamen
2041 5608 2163 5646 suc-

577 5678 699 5717 cum
736 5678 949 5717 omnem
996 5664 1238 5729 illorum,
1268 5665 1335 5718 ob
1374 5664 1563 5717 virium
1612 5665 1947 5727 tenuitatem,
1976 5678 2163 5729 astror-

578 5744 719 5796 tare;
769 5734 997 5804 ideoque
1026 5735 1202 5804 seligit
1234 5750 1314 5801 ea,
1348 5751 1466 5803 quin
1507 5736 1557 5787 in
1597 5736 1773 5788 medio
1806 5733 1993 5787 ﬂorum
2024 5734 2159 5787 emi-

572 5818 696 5858 cant
739 5814 791 5859 et
832 5806 1111 5860 subtiliora
1144 5816 1286 5868 sunt,
1323 5817 1378 5858 ut
1407 5808 1505 5859 alis
1535 5808 1645 5859 suis
1676 5815 1964 5874 congreget
1996 5818 2159 5873 atque

570 5876 695 5932 inde
721 5880 891 5934 mellis
919 5878 1095 5935 favum
1123 5877 1373 5936 conticiat
1408 5896 1419 5931 :
1454 5878 1524 5933 ita
1554 5887 1604 5933 et
1630 5892 1727 5948 ego
1754 5893 1835 5945 ea,
1868 5891 1984 5947 qua:
2010 5891 2157 5933 conv

2312 3756 2433 3811 lecti
2467 3765 2672 3842 potero,
2700 3756 3036 3841 coacervabo
3060 3758 3112 3813 in
3142 3764 3343 3824 mente,
3376 3766 3431 3813 et
3457 3772 3709 3813 sermone
3734 3774 3865 3842 pro-

2296 3828 2473 3901 eram,
2508 3838 2564 3901 ut
2593 3827 2760 3883 odore
2793 3829 2941 3882 suavi
2978 3844 3136 3883 nares
3162 3843 3402 3901 recreem
3433 3843 3620 3901 eorum
3655 3827 3749 3901 qui
3774 3847 3867 3885 sa-

2271 3913 2374 3971 ora
2392 3898 2670 3971 celebrant
2700 3902 2953 3971 mysteria
2984 3909 3039 3955 et
3064 3903 3235 3955 sancti
3275 3899 3521 3969 Gregorii
3551 3898 3861 3957 encomium

2274 3968 2459 4022 audire
2479 3970 2733 4037 gestiunt.

2348 4037 2450 4111 Per
2490 4050 2737 4111 tormenta
2774 4056 2869 4093 sua
2898 4038 3172 4111 Gregorius
3196 4039 3487 4094 Armeniam
3515 4040 3683 4094 dumis
3706 4051 3753 4094 et
3780 4059 3860 4097 ve-

2274 4109 2450 4178 pribus
2479 4109 2747 4172 hirsutam,
2766 4109 3031 4181 consutam
3059 4112 3272 4181 ﬂoribus
3294 4121 3347 4181 et
3373 4113 3634 4181 pomiferis
3657 4113 3860 4166 arbori-

2274 4181 2364 4235 bus
2392 4183 2596 4251 [tortum
2621 4182 2785 4250 rﬂicit.
2820 4180 3065 4235 Doctrina
3085 4184 3250 4235 sancti
3275 4180 3521 4251 Gregorii
3538 4181 3861 4237 Hlmninato-

2272 4252 2363 4304 ris.
2384 4282 2456 4291 —-
2481 4250 2597 4304 .lam
2623 4266 2749 4305 vero
2770 4252 3039 4320 quomodo
3057 4252 3338 4322 appellabo
3363 4250 3666 4321 pontiﬁcem
3691 4253 3854 4317 hunc,

2274 4321 2375 4393 nisi
2402 4322 2570 4376 solem
2601 4322 2651 4375 in
2678 4322 2921 4392 partibus
2946 4322 3305 4377 Orientalibus
3335 4332 3643 4393 nascentem
3662 4364 3677 4385 ,
3704 4326 3859 4393 cujus

2273 4391 2543 4464 radiorum
2575 4391 2830 4464 splendor
2848 4408 3025 4464 usque
3051 4392 3117 4447 ad
3149 4401 3361 4462 gentem
3388 4391 3697 4448 Graicorum
3728 4391 3853 4464 per-

2275 4462 2424 4528 tigit?
2452 4462 2496 4517 Ο
2524 4463 2856 4531 prodigium!
2900 4463 2955 4517 Si
2984 4464 3103 4533 quis
3133 4464 3343 4517 bonum
3376 4464 3572 4533 plantis
3596 4462 3855 4520 insertum

2272 4534 2431 4597 velit,
2481 4534 2650 4604 spinte
2700 4534 2925 4601 primum
2971 4535 3391 4598 exscinduntur,
3444 4535 3857 4604 eVellunturque

2273 4605 2443 4674 noxia:
2471 4603 2697 4668 radices,
2732 4619 2830 4658 nec
2859 4604 2976 4658 sine
3005 4605 3180 4674 aliqua
3208 4605 3521 4659 difficultate
3548 4604 3735 4659 hortus
3769 4603 3857 4660 illo

2270 4673 2538 4747 plantatur
2568 4692 2582 4747 _:
2616 4674 2709 4727 sed
2752 4676 2925 4743 magni
2968 4673 3221 4747 martyris
3247 4686 3302 4730 et
3330 4674 3585 4744 supplicia
3611 4678 3853 4745 perpessi

2272 4744 2538 4810 pontificis
2567 4744 2754 4800 hortus
2782 4748 2833 4798 in
2863 4745 3039 4799 medio
3068 4744 3338 4815 spinarum
3377 4746 3698 4814 germinavit
3722 4788 3735 4812 ,
3785 4746 3853 4801 ad

2269 4815 2458 4886 crelum
2491 4831 2658 4884 usque
2687 4816 2917 4886 pertigit,
2938 4827 2989 4869 et
3012 4818 3277 4886 angelicas
3299 4816 3476 4869 emisit
3506 4815 3685 4878 ﬂores,
3718 4831 3853 4884 quo-

2270 4900 2386 4937 rum
2413 4883 2536 4940 folia
2566 4883 3103 4954 speciosis'nitelmut'
3119 4886 3389 4941 coloribus
3417 4890 3435 4939 ξ
3465 4902 3569 4938 non
3599 4883 3851 4954 equidem

2268 4957 2450 5022 spinas
2471 4998 2485 5019 ,
2517 4957 2745 5012 carduos
2775 4965 2827 5010 et
2858 4957 2986 5011 alias
3015 4959 3291 5011 noxiarum
3327 4957 3613 5010 herbarum
3646 4958 3853 5012 radiCes

2269 5027 2634 5081 exscindendo
2672 5036 2726 5081 et
2765 5029 3114 5096 projicieudo,
3145 5029 3235 5082 sed
3268 5042 3359 5081 eas
3390 5027 3444 5079 in
3475 5027 3848 5082 suaveolentes

2270 5096 2431 5151 ﬂores
2453 5107 2506 5151 et
2534 5098 2752 5152 arbores
2784 5100 3070 5165 pomiferas
3102 5097 3529 5152 trausformaudo
3550 5138 3565 5162 ,
3595 5096 3849 5153 rbamuos

2271 5167 2499 5222 reddidit
2544 5183 2699 5237 poma
2748 5167 2979 5223 ferentes
3022 5169 3307 5232 odorifera,
3340 5168 3659 5236 carduisque
3702 5168 3851 5222 dedit

2270 5247 2326 5291 ut
2351 5253 2500 5293 rosas
2523 5239 2745 5293 ederent
2772 5250 2823 5293 et
2854 5240 3013 5305 ﬂores
3040 5242 3313 5309 speciosos
3336 5248 3497 5309 atque
3525 5238 3849 5309 fragrantem

2268 5310 2574 5364 eminentes
2599 5310 2840 5365 odorem.

2340 5380 2545 5435 Felices
2572 5380 2901 5450 Ripbsimem
2924 5392 2977 5436 et
2998 5380 3246 5435 Caianam
3274 5379 3507 5449 praedico
3529 5396 3541 5431 :
3565 5394 3706 5449 quae,
3723 5393 3845 5435 cum

2267 5451 2498 5505 radicem
2541 5455 2915 5519 sumpsissent,
2959 5453 3097 5505 unde
3138 5451 3452 5521 propagines
3480 5459 3613 5504 ortu:
3642 5462 3768 5504 sunt
3794 5460 3850 5506 et

2270 5521 2425 5589 longe
2454 5524 2663 5591 lateque
2687 5522 2914 5588 diil‘usze,
2936 5523 3270 5577 intraverunt
3299 5523 3350 5576 in
3382 5521 3635 5589 Majorcm
3664 5524 3847 5576 Arme-

2270 5593 2433 5656 uiam,
2465 5592 2614 5660 cujus
2645 5609 2711 5646 ne
2742 5594 2992 5647 minimus
3022 5593 3233 5663 quidem
3261 5592 3484 5663 angulus
3515 5595 3848 5660 protectioue

2270 5678 2537 5716 ramorum
2570 5665 2779 5717 illarum
2808 5663 3094 5718 destitutus
3119 5665 3232 5718 fuit.

2338 5736 2381 5789 υ
2407 5736 2734 5803 prodigium!
2766 5733 2923 5788 homo
2944 5750 3235 5803 corporeus
3267 5733 3595 5803 iucorporeis
3620 5735 3847 5804 agmini.

2267 5805 2364 5859 bus
2390 5805 2580 5859 similis
2601 5816 2717 5877 est;
2766 5806 2893 5877 imo,
2922 5808 2965 5861 si
2998 5807 3073 5861 sic
3102 5807 3244 5877 loqui
3275 5807 3435 5871 licet,
3463 5805 3718 5873 angelicis
3750 5823 3849 5875 po-

2267 5878 2371 5933 tior
2424 5875 2715 5948 Spiritibus.
2772 5876 2974 5935 Horum
3020 5875 3381 5949 enimneque
3429 5892 3625 5947 corpus
3677 5892 3850 5948 neque
