4138 6334
629 376 728 433 951

636 504 759 543 sum
794 485 947 540 nobis
978 493 1082 539 est.
1108 483 1227 539 .Abi
1248 525 1265 549 ,
1292 483 1493 539 nemini
1521 481 1722 537 dictum
1748 482 1883 536 velis
1906 521 1919 543 ,
1951 494 2019 533 ne
2050 478 2217 532 risum

630 568 911 614 Sermones
936 555 1009 609 tui
1035 563 1308 608 moveant.

703 618 844 711 Quid
873 625 1025 711 tanti
1044 623 1227 711 verbis
1266 624 1481 711 illorum
1508 622 1737 711 credidit
1758 662 1775 683 .
1793 622 1931 711 ‘ahii‘t
1957 620 2215 711 domum:

634 692 914 780 siluitque.-
927 695 1066 763 Quin
1092 703 1148 749 et
1170 694 1481 778 iamdudum
1505 692 2214 780 neglexeratlvidua{panem

633 761 1043 836 subministrare
1080 761 1239 833 quem
1281 765 1431 836 jussa
1472 761 1624 832 eraf,
1651 762 1894 834 qu0tidie
1941 761 2218 832 injiciebat

639 838 655 909 [
676 838 787 909 sic!
808 837 823 909 ]
851 836 903 909 in
932 834 1163 909 foveam.

725 901 823 961 \‘ix'
840 906 1049 978 aliquot
1065 905 1230 978 elapsi
1253 915 1407 978 erant
1424 905 1559 971 dies,
1581 919 1710 978 cum
1737 920 1845 978 non
1868 901 2216 978 modosemel

637 989 693 1032 et
722 974 1053 1044 iterum,'sed
1076 976 1357 1045 quinquies
1376 976 1619 1046 amuruit
1636 977 1686 1031 ei
1709 976 1862 1037 visio.
1887 974 2216 1046 angelusque

637 1064 826 1119 magna
856 1058 913 1102 et
951 1044 1144 1102 minaci
1172 1044 1305 1119 voce
1324 1088 1337 1108 ,
1378 1044 1487 1101 Nisi
1529 1046 1927 1119 quamprimum
1947 1044 1980 1108 ,⁷
2008 1044 2210 1119 inquit,

637 1114 1060 1176 ntuitiaveris....
1087 1116 1194 1171 noli
1223 1117 1412 1171 timere
1437 1133 1503 1169 ne
1532 1114 1584 1171 te
1612 1114 1890 1172 cachinnis
1917 1114 2208 1181 excipiant,

634 1204 770 1245 neve
802 1187 1131 1259 impossibile
1160 1196 1426 1259 reputent,
1473 1187 1620 1259 ii'um
1655 1202 1749 1259 per
1777 1186 2083 1259 quindecim
2111 1198 2212 1238 an-

636 1274 737 1313 nos
764 1257 942 1314 vivum
971 1258 1327 1319 remansisse;
1356 1258 1580 1326 angeius
1607 1258 1746 1313 enim
1779 1257 1874 1311 Dei
1904 1257 2101 1312 missus
2127 1263 2211 1310 est

630 1330 725 1395 qui
767 1331 816 1385 ei
862 1329 1233 1398 famnlaretur.
1268 1328 1379 1398 Ego
1422 1342 1611 1397 panem
1640 1326 1970 1398 accipiebam
2012 1342 2205 1398 quem,

628 1402 771 1454 sicut
801 1400 952 1465 Elim,
979 1401 1057 1454 sic
1085 1406 1155 1452 et-
1178 1396 1440 1468 Gregorio
1467 1397 1803 1468 porrigebam
1827 1412 1840 1447 :
1870 1397 1948 1452 illi
1988 1396 2205 1463 quidem

632 1470 685 1523 in
724 1470 963 1532 deserto.
994 1469 1117 1524 huic
1159 1467 1337 1523 autem
1384 1468 1439 1522 in
1471 1467 1692 1539 'abyssis
1736 1477 1929 1539 terrm,
1956 1469 2044 1535 qui
2088 1468 2208 1523 loco

628 1542 762 1595 solis
806 1541 965 1596 lucidi
1007 1540 1257 1593 virtutem
1296 1540 1347 1593 in
1377 1553 1437 1594 se
1465 1538 1712 1593 habebat.
1744 1538 1934 1593 Priora
1962 1553 2080 1608 quae
2110 1539 2204 1593 tihi

631 1611 999 1666 nuntiaveratn
1027 1612 1080 1664 itt
1106 1609 1331 1679 dubium
1369 1609 1638 1665 revocasti
1672 1619 1892 1679 propter
1925 1609 2200 1664 hominum

630 1682 1086 1745 incredulitatem;
1132 1676 1187 1734 at
1234 1695 1376 1735 nunc
1420 1680 1597 1735 verbis
1644 1670 1789 1733 nieis'
1821 1670 1980 1733 fidem
2025 1680 2200 1735 labe:

630 1751 762 1822 nihil
793 1753 937 1808 enim
964 1750 1295 1822 impossibile
1314 1759 1397 1806 est
1416 1750 1554 1819 apud
1579 1750 1768 1822 Deum.
1797 1748 2201 1822 Numquiduon

626 1821 816 1878 educta
846 1838 906 1879 es
933 1819 1204 1892 quninodo
1230 1821 1298 1892 de
1323 1822 1439 1892 lacu
1470 1819 1784 1892 etemedio
1814 1819 2029 1892 leonum
2056 1820 2203 1876 fame

628 1892 918 1948 furentium
949 1889 1205 1947 liberatus
1232 1891 1391 1946 fuerit
1418 1891 1640 1946 Daniel?
1666 1899 1759 1943 aut
1788 1889 2058 1959 quomodo
2091 1903 2200 1947 tres

627 1964 788 2043 pueri
811 1963 1488 2043 incolutnesrcmanserint
1514 1962 1565 2015 in
1595 1958 1815 2021 arda-nti
1837 1958 2075 2043 flamina,
2103 1977 2168 2043 cu
2184 1990 2201 2002 -

619 2031 710 2100 jus
739 2034 966 2089 altitudo
989 2033 1337 2104 quadraginta
1379 2046 1574 2089 novem
1615 2043 1928 2087 sanctorum
1961 2031 2199 2103 jejunio-

624 2116 743 2157 rum
772 2104 888 2159 dies
911 2103 1292 2159 adumbrabat?

694 2176 776 2229 An
807 2185 860 2229 te
890 2176 1020 2230 latet
1047 2173 1322 2246 quqmodo
1346 2172 1495 2246 arida
1521 2188 1642 2246 ossa
1668 2171 1971 2246 pcr_divina
2000 2172 2189 2229 ohscr-

624 2254 834 2299 vantetn
858 2243 1106 2301 mandata
1131 2244 1493 2311 Ezecltieletn,
1514 2243 1737 2313 jubente
1763 2244 1890 2305 Deo.
1919 2260 1947 2297 a
1969 2254 2199 2313 quatuor

623 2323 906 2369 ventorum
937 2315 1174 2385 partibus
1203 2316 1255 2369 in
1282 2330 1474 2384 campo
1500 2324 1642 2385 mota
1675 2313 1904 2376 fuerint.
1932 2323 1991 2385 et
2012 2330 2198 2370 acces-

622 2386 792 2439 serint
818 2383 981 2441 unum
1007 2387 1074 2441 ad
1098 2387 1327 2440 alterum
1348 2427 1363 2451 ,
1408 2383 1514 2439 non
1561 2383 1779 2438 fortuito
1816 2383 2066 2454 quidem,
2100 2386 2196 2443 sed

621 2457 1037 2526 unumquodque
1062 2456 1128 2511 ad
1153 2456 1457 2526 juncturam
1487 2464 1638 2510 suam
1652 2454 1679 2526 ir
1710 2454 1939 2524 Desuper
1966 2471 2025 2510 ea
2056 2458 2195 2511 nervi

622 2535 670 2577 et
694 2525 848 2597 pellis
873 2525 1083 2582 adducti
1107 2525 1225 2581 sunt
1253 2526 1537 2597 insit/ﬂatus
1566 2535 1639 2580 est
1664 2525 1718 2579 in
1747 2527 1870 2580 istos
1900 2527 2193 2596 interfectos

620 2596 829 2667 spiritus
850 2599 962 2653 vita:
977 2614 996 2652 :
1013 2608 1252 2653 steterunt
1270 2596 1425 2665 super
1447 2597 1598 2663 pedes
1623 2612 1742 2650 suos
1764 2598 2012 2650 exercitus
2037 2612 2194 2667 αντιπ-

623 2666 704 2738 dis
732 2666 882 2721 valde
909 2668 1102 2735 (Emit
1142 2670 1229 2724 57.
1250 2669 1303 2724 8.
1329 2668 1443 2738 10).
1462 2666 1553 2722 Ille
1568 2667 1879 2737 quidemesl
1899 2666 2192 2723 etiamnum

622 2734 766 2820 Duces
785 2734 996 2820 ,_queni
1025 2740 1316 2807 Gregorius
1344 2734 1630 2820 pia-dicat]
1660 2738 1859 2807 quique
1890 2746 2079 2820 potens
2110 2748 2193 2820 est

622 2806 773 2879 illum
813 2806 864 2879 in
913 2819 1071 2879 puteo
1114 2806 1357 2866 servare;
1378 2808 1456 2864 Tu
1501 2822 1629 2863 vero
1664 2806 2012 2879 sermonibus
2057 2811 2192 2866 meis

624 2875 784 2951 ﬁdem
816 2875 973 2946 habe,
1007 2893 1208 2949 eosque
1233 2880 1429 2951 populo
1454 2878 1729 2951 annuntio.

698 2946 1003 3021 Extrahitur
1040 2946 1603 3021 efotebGregqriusﬁ;
1640 2949 1837 3002 obviam
1876 2950 1922 3003 ei
1961 2952 2188 3018 procedit

620 3015 893 3075 Tiridates.
914 3051 986 3062 —
1016 3015 1575 3076 Adntiratiune'simnl
1616 3027 1672 3074 et
1708 3030 1915 3075 terrore
1945 3015 2190 3089 perculsa

622 3089 816 3161 femina
842 3105 965 3146 cum
992 3091 1331 3147 festinatione
1361 3092 1565 3145 intrans
1591 3100 1774 3145 narrat
1801 3089 1868 3144 ad
1908 3089 2183 3161 satrapas,

619 3159 710 3229 qui
734 3159 942 3234 Δ(ιυιιιιιε
968 3164 1127 3233 regite
1167 3162 1483 3234 praefectum
1517 3169 1835 3234 accersunt,
1865 3159 2189 3234 mittuntque

620 3229 903 3301 confestim
947 3229 1278 3288 Art'axaIam.
1317 3234 1430 3294 Ito,
1474 3231 1753 3301 inquiunt,
1794 3240 1849 3285 et
1896 3229 2188 3300 deprecare

621 3299 769 3355 illum
818 3301 990 3371 ipsum
1040 3304 1130 3359 Dei
1174 3305 1365 3368 virum,
1396 3299 1559 3371 quem
1582 3317 1648 3357 nc
1675 3302 1943 3373 hominem
1970 3299 2185 3373 quidem

623 3374 985 3445 reputavimus
1029 3393 1043 3428 :
1092 3374 1465 3443 proﬁciscere,
1510 3388 1635 3442 roga
1688 3372 2001 3439 medicum,
2036 3376 2188 3445 cujus

622 3441 800 3513 verbis
826 3458 931 3498 non
959 3441 1374 3500 auscitltavimus
1401 3461 1412 3496 :
1450 3441 1629 3513 perge,
1658 3457 1788 3497 voca
1818 3456 1941 3497 eum
1968 3446 2056 3513 qui
2088 3441 2187 3501 nos

619 3510 689 3563 de
714 3515 1079 3586 ventreiiuferi
1111 3524 1396 3571 vocnturus
1420 3510 1505 3569 cst
1530 3510 1822 3586 :Vprtipera,
1853 3510 2187 3586 supplexque

621 3582 831 3651 postula
870 3585 939 3641 ab
975 3602 1041 3641 eo
1061 3627 1076 3649 ,
1106 3602 1266 3657 quem
1293 3585 1681 3641 contumeliose
1709 3582 2188 3652 tractavimusfut

623 3657 1049 3725 persecutoribus
1075 3658 1331 3725 ignoscat.

693 3722 825 3798 llaec
836 3727 1012 3781 omnia
1035 3722 1115 3784 vel
1143 3728 1302 3783 etiam
1334 3725 1417 3781 his
1441 3725 1647 3796 potiora
1672 3722 1896 3781 forsitan
1924 3726 1976 3781 in
2008 3742 2187 3798 prom-

622 3794 1041 3868 pltihabuenmt
1064 3815 1183 3868 quae
1208 3794 1470 3854 dicerent.

694 3863 1056 3939 Proficiscitnr
1083 3863 1262 3939 'regizc
1303 3869 1496 3923 domus
1536 3866 1851 3939 prmfectus,
1892 3868 2187 3939 urbemque

620 3947 745 3988 cum
776 3935 1114 4000 advenisset,
1143 3935 1359 3993 causam
1391 3935 1599 3992 itineris
1635 3938 1704 3991 ab
1743 3951 1808 3991 eo
1847 3935 2189 3996 sciscitantur

620 4008 766 4061 cives
795 4024 942 4080 aqua
968 4011 1175 4080 cognita
1207 4008 1576 4064 admirabundi
1602 4018 1690 4080 et
1715 4008 2000 4075 stupefacti
2050 4010 2188 4067 intra

623 4078 1067 4149 se‘,cogitabant‘:
1092 4079 1336 4147 Quonam
1381 4088 1537 4149 pacto
1581 4078 1693 4133 fleri
1739 4086 1947 4149 potest,
1977 4080 2187 4149 inquie-

626 4147 774 4221 haut,
806 4159 865 4203 ut
888 4152 1067 4204 vivum
1098 4160 1301 4221 qumrat
1325 4147 1482 4219 cujus
1503 4165 1624 4205 ossa
1640 4148 1961 4221 quindecim
1993 4147 2188 4206 abhinc

622 4217 780 4291 antiis
824 4217 1461 4291 putredine'consumpta
1496 4217 1964 4291 suntiquomodo
1992 4224 2188 4289 quaeris

625 4287 893 4346 incolume
917 4306 1133 4363 corpus,
1164 4292 1304 4363 quod
1336 4287 1388 4363 in
1421 4287 1721 4363 visceribus
1739 4287 2031 4345 draconum
2060 4307 2188 4348 con-

622 4368 893 4428 sumptum
920 4362 1242 4433 computruit
1268 4362 1397 4417 etin
1428 4362 1700 4431 pulverem
1726 4374 2042 4415 conversum
2068 4364 2189 4418 est?

622 4443 731 4502 quo
771 4442 926 4499 pacto
966 4434 1020 4487 in
1066 4434 1384 4487 medicamen
1412 4441 1657 4502 qu:eruut
1681 4446 1879 4499 corpus
1905 4433 1955 4485 in
1989 4440 2185 4488 terram

624 4498 915 4571 retinetum,
932 4502 1071 4571 quod
1093 4504 1193 4556 sibi
1219 4503 1315 4571 ipsi
1337 4498 1563 4556 salutem
1582 4498 1835 4571 praestare
1852 4517 1955 4555 non
1980 4505 2189 4571 potuit?

649 4628 660 4641 ,
693 4568 830 4643 Quid
855 4568 1003 4641 plura
1020 4575 1045 4626 τ
1064 4568 1282 4637 densos,
1305 4574 1489 4643 longos
1505 4568 1994 4643 validosqttefuncs
2007 4584 2191 4639 aptant

622 4648 676 4694 et
700 4642 749 4713 in
777 4653 991 4712 puteum
1014 4644 1322 4699 demittunt.
1343 4644 1487 4697 Voce
1508 4656 1694 4713 magna
1715 4642 1977 4713 exclamat
1996 4643 2189 4699 domus

622 4712 785 4783 regia:
816 4714 1129 4781 praefectus:
1164 4714 1449 4783 Egredere,
1480 4712 1636 4768 serve
1667 4712 1777 4775 Dei,
1813 4723 1865 4766 et
1896 4712 2060 4767 libera
2093 4730 2190 4768 nos

621 4779 706 4853 dei
730 4779 977 4838 manibus
1013 4779 1235 4840 deorum
1280 4799 1417 4853 quos
1454 4784 1726 4838 colimus:
1781 4784 2072 4853 egredere,
2116 4785 2189 4839 fili

621 4851 778 4924 lucis,
809 4864 864 4907 et
889 4855 957 4909 ab
983 4856 1185 4910 umbris
1207 4851 1547 4909 tenebrarum
1577 4869 1707 4908 erue
1732 4851 1859 4907 nos:
1882 4869 1945 4909 ex
1972 4853 2191 4924 profun-

620 4921 704 4997 dis
746 4924 954 4996 ahyssis
997 4927 1284 4997 egredere,
1330 4925 1449 4989 sol,
1478 4925 1757 4997 majusque
1806 4921 2190 4997 nohis_'pr:e_l)e

622 4991 1003 5064 iumen'quam
1032 4991 1124 5052 'sol
1165 4996 1253 5066 qui
1281 5010 1442 5065 super
1467 4991 1589 5049 aera
1620 4992 1846 5048 volvitur
1876 5013 1889 5049 :
1920 4991 2017 5048 ille
2041 4995 2189 5050 enim

620 5067 895 5131 corporeis
936 5068 1105 5122 oculis
1148 5065 1323 5122 lucem
1370 5065 1601 5135 pra‘bet;
1633 5073 1688 5117 tu
1727 5079 1855 5118 vero
1891 5066 2189 5135 animarum

622 5145 927 5191 nostrarum
962 5137 1147 5192 oculos
1184 5139 1303 5192 luce
1332 5134 1607 5205 potiundis
1627 5175 1641 5197 ,
1669 5143 1723 5205 et
1748 5135 1967 5189 deducis
1994 5134 2046 5189 in
2076 5144 2188 5190 ter-

622 5219 735 5277 ram
765 5214 986 5277 rectam.
1017 5224 1135 5277 qua:
1162 5218 1245 5263 est
1275 5204 1454 5262 lumen
1484 5204 1871 5261 indeﬁcicnset
1900 5206 2190 5261 inaccessi-

620 5274 747 5348 bile.
778 5276 901 5348 Haec
922 5274 1278 5348 eloquebatur
1306 5288 1540 5348 satrapa.

692 5347 759 5399 At
777 5346 936 5402 simul
958 5358 1015 5403 ut
1035 5346 1184 5405 metu
1204 5349 1407 5404 funium
1427 5346 1645 5402 funibus
1661 5346 1922 5401 insedisse
1942 5353 2189 5401 sanctum

618 5414 1034 5485 intellexerunt,
1087 5420 1320 5475 educunt
1369 5434 1493 5474 eum
1542 5416 1704 5472 foras.
1756 5418 1905 5470 Tune
1959 5417 2189 5471 nubibus

616 5496 902 5560 coopertus
943 5490 1025 5544 sol
1070 5490 1161 5545 ille
1206 5490 1486 5560 apparuit.
1514 5486 1943 5557 quandoquidem
1990 5502 2189 5560 corpus

616 5559 770 5630 ejus,
816 5558 961 5614 velut
998 5570 1111 5615 atra
1158 5558 1354 5629 fuligo,
1404 5561 1615 5630 nigrum
1657 5570 1807 5623 erat;
1854 5568 2014 5626 atque
2063 5558 2188 5613 inde

617 5627 994 5688 intellexerunt
1036 5630 1165 5686 illud
1205 5627 1327 5686 esse
1351 5627 1569 5700 corpus,
1594 5631 1734 5699 quod
1764 5638 2028 5683 tormenta
2064 5643 2187 5700 per-

621 5700 833 5765 tulerat,
860 5709 913 5754 et
940 5717 1046 5767 quo
1073 5702 1359 5756 velutsine
1385 5698 1635 5771 corpore,
1671 5700 1974 5771 patiebatur
2001 5710 2055 5753 et
2084 5698 2187 5753 ful-

616 5771 792 5838 gehat.
834 5771 1077 5826 Vestibus
1103 5772 1296 5831 deinde
1328 5773 1425 5839 ipsi
1457 5770 1653 5825 elilatis
1682 5770 1827 5824 illum
1854 5771 2094 5825 induunt.

673 5840 805 5900 Τιιιιι
826 5842 1216 5911 obstupescens
1236 5842 1597 5901 admitabattur
1617 5860 1739 5901 cum
1760 5846 2005 5915 populus,
2025 5858 2183 5916 quem

1096 368 1447 428 ENCOMIUM
1484 368 1542 425 S.
1583 366 1909 426 GREGORII
1951 361 2368 431 ii.LU.\ilNAT.,
2414 361 2736 423 AUCTORE
2800 360 2860 418 S.
2904 362 3094 419 JOAN.
3136 359 3512 419 CHRYSOST.

3791 367 3912 422 95'}

2324 476 2563 545 oportuit
2610 486 2665 537 et
2710 474 2887 531 decuit
2930 491 3053 532 cum
3096 477 3343 544 sapiente
3386 476 3692 545 acclamare
3718 501 3730 535 :
3760 484 3908 544 Tune

2321 541 2809 628 stabitjustuscam
2837 547 3001 628 multa
3031 541 3224 628 ﬁducia
3252 564 3316 628 es
3342 549 3556 628 aduerso
3586 541 3780 628 eorum,
3808 541 3911 628 qn}

2321 576 2469 600 uuuu
2488 576 2666 628 Ιηδιση
2692 576 2809 599 Olli"
2838 576 3001 600 ιηιηια
3031 576 3224 617 [manu
3252 576 3315 602 (Jb
3342 576 3556 601 uuvcrw
3586 576 3780 616 eorum,
3846 577 3906 614 κ,

2319 634 2373 669 se
2395 617 2678 687 amiserant
2705 625 2755 671 et
2792 618 2877 687 qui
2923 618 3328 687 aspernabantur
3365 618 3561 674 labores
3601 621 3761 678 illius.
3806 576 3906 681 θί-

2321 685 2494 741 dentes
2539 704 2653 741 eum
2702 685 3056 758 turbabuntur,
3104 698 3153 742 et
3191 705 3348 758 super
3382 690 3743 747 admirandam
3784 701 3912 758 eius

2318 758 2534 831 salutem
2560 758 2706 831 valde
2723 757 3320 831 ~tet_'rebtmttu'7(ASttp.’5.
3346 760 3395 831 ii.
3420 759 3499 830 2).
3523 761 3660 829 Quid
3694 757 3904 831 profuit

2319 830 2475 883 nobis
2517 827 2815 896 superbia?
2856 836 2949 882 aut
2988 829 3114 898 quid
3156 829 3415 898 jactantia
3457 827 3727 888 contulit—1
3770 838 3903 897 llas

2315 907 2469 953 erant
2492 899 2558 952 ad
2586 913 2803 953 manum
2829 914 2948 967 qnze
2973 898 3076 953 dici
3111 909 3373 969 poterant.

2387 971 2457 1024 At
2485 984 2584 1024 nos
2608 969 2837 1025 eucomii
2864 979 2909 1025 st
2917 970 3005 1041 ylo
3028 984 3116 1037 ea,
3143 985 3265 1041 qua:
3290 969 3549 1042 deinceps
3572 988 3899 1044 evenerunt.

2316 1054 2722 1110 prosequamur.

2388 1110 2690 1194 Egredientj
2720 1124 2787 1165 ex
2813 1119 2975 1194 puteo
3002 1126 3097 1189 rex
3122 1119 3176 1193 ct
3203 1125 3392 1194 omnes
3413 1154 3428 1176 ,
3447 1113 3546 1194 qui
3570 1129 3692 1194 cum
3729 1134 3797 1173 eo
3839 1122 3899 1177 in

2313 1179 2679 1257 furoremacti
2708 1179 2882 1257 erant,
2907 1182 3118 1235 obviam
3149 1179 3487 1257 ierunt_nudi
3511 1194 3566 1257 et
3593 1186 3892 1257 deformes,

2311 1259 2367 1305 et
2394 1251 2579 1320 procul
2605 1252 2674 1322 ab
2702 1250 2833 1306 urbe
2853 1260 3056 1307 stantes
3080 1252 3481 1322 exspectabant.
3515 1256 3591 1309 At
3627 1273 3748 1313 cum
3788 1250 3894 1317 ve;

2312 1323 2548 1393 nientem
2571 1336 2600 1374 a
2624 1321 2780 1393 longe
2802 1321 3221 1393 prOSpexissent.
3246 1337 3439 1378 carnes
3463 1339 3587 1379 snas
3613 1326 3893 1387 furibundi

2309 1391 2591 1470 devorare,
2621 1391 2856 1470 clamare
2884 1401 2938 1447 et
2963 1392 3144 1447 dicere
3161 1403 3491 1470 coeperunt:
3522 1396 3671 1470 Veni,
3693 1403 3896 1470 angele

2310 1462 2361 1533 in
2404 1476 2635 1533 corpore,
2676 1462 2879 1533 degens
2896 1501 2911 1525 ,
2951 1470 3006 1517 et
3032 1477 3133 1531 ope
3161 1462 3375 1518 luminis
3403 1466 3474 1518 tui
3502 1466 3704 1521 amicus
3734 1462 3889 1527 tcne-

2310 1530 2526 1589 hrarutn
2551 1532 2650 1610 qui
2670 1530 2781 1610 nos
2800 1530 3081 1610 infestant,
3103 1535 3311 1602 expelle
3341 1550 3355 1588 :
3378 1536 3504 1610 _veni
3524 1575 3539 1599 ,
3571 1537 3892 1610 profligator

2306 1618 2531 1677 eorum,
2560 1602 2651 1674 qui
2694 1603 2853 1658 nobis
2896 1602 3262 1669 dominantur,
3304 1603 3503 1675 quique
3539 1602 3895 1677 sitperb'aex-

2306 1675 2631 1729 acerbahant
2652 1682 2869 1749 pectora
2891 1681 3093 1749 nost_ra,
3112 1683 3166 1727 ut
3183 1679 3439 1749 eum._qui
3461 1691 3553 1749 eos
3579 1675 3885 1749 torquebat,

2307 1754 2681 1811 torqueremus
2708 1762 2722 1797 :
2751 1745 2893 1809 veni,
2926 1744 3015 1814 qui
3042 1759 3271 1813 corpore
3298 1746 3523 1801 visibilis
3548 1763 3628 1807 es.
3660 1744 3711 1803 tit
3744 1744 3889 1806 invi;

2302 1815 2487 1892 sibilos
2512 1814 2774 1892 mentium
2801 1824 3107 1892 nostrarum
3140 1816 3387 1871 tenebras
3415 1819 3712 1892 propellas:
3734 1826 3884 1892 veni,

2304 1888 2403 1954 qui.
2423 1894 2570 1940 veste
2596 1884 2813 1939 indutus
2839 1900 2896 1941 es
2921 1885 3163 1940 coriaeea
3191 1894 3246 1941 et
3267 1884 3527 1942 materiali
3548 1929 3566 1954 ,
3599 1901 3655 1945 ut
3686 1884 3883 1947 itntnal

2305 1956 2519 2010 terialcs
2542 1964 2598 2011 et
2628 1957 2977 2024 incorporeas
3005 1955 3190 2011 hostes
3218 1966 3452 2023 nostros,
3484 1962 3572 2024 qui
3607 1977 3704 2015 nos
3733 1965 3883 2019 inse-

2300 2037 2556 2095 quuntur,
2587 2026 2889 2096 insequaris
2914 2042 2928 2079 :
2957 2026 3102 2091 veni,
3134 2026 3237 2088 sol.
3262 2038 3317 2083 et
3346 2026 3552 2084 fervido
3575 2040 3667 2085 tuo
3694 2035 3882 2091 calore

2300 2098 2662 2152 exundantem
2713 2097 3003 2165 impietatis
3048 2107 3248 2152 nostra:
3297 2108 3587 2154 torrentem
3640 2106 3876 2161 exsicca.

2304 2168 2503 2222 Divina:
2526 2170 2701 2238 igno-m
2722 2166 2979 2221 doctrina:
3002 2178 3105 2240 tua:
3130 2170 3283 2224 nobis
3307 2168 3613 2232 admoveas,
3638 2175 3726 2240 qui
3752 2192 3874 2239 nos,

2299 2240 2652 2309 staguoigclu
2706 2245 2962 2309 concreto
3011 2238 3333 2306 innavrsos,
3385 2241 3552 2296 calori
3604 2238 3875 2303 restituat.

2298 2307 2468 2382 Veni,
2495 2308 2692 2382 flumen
2736 2307 3013 2382 divinum,
3043 2310 3360 2380 sterilesque
3403 2326 3622 2382 campos
3661 2326 3879 2372 nostros

2299 2381 2479 2455 irriga,
2511 2389 2570 2435 ut
2600 2378 3122 2455 virens/reﬂoreth
3146 2378 3331 2435 semen
3358 2378 3704 2455 exsiccatum.
3727 2388 3874 2455 quod

2295 2466 2325 2503 a
2357 2448 2490 2505 tein
2529 2465 2627 2505 nos
2667 2448 2885 2521 decidit.
2934 2449 3194 2521 segetes,
3239 2465 3375 2521 quas
3422 2452 3614 2507 feceris
3657 2465 3711 2509 ut
3746 2448 3877 2509 'tur-

2294 2529 2550 2591 gescant,
2584 2521 2718 2576 falce
2759 2520 2939 2575 divina
2980 2519 3196 2575 demete
3225 2519 3472 2589 :bobps,
3502 2524 3590 2589 qui
3622 2538 3744 2579 sunt
3776 2528 3873 2583 filii

2297 2592 2395 2654 tui,
2423 2594 2504 2647 vel
2535 2592 2825 2662 ﬂagellum,
2856 2592 2996 2660 quod
3021 2603 3105 2646 est
3128 2592 3307 2662 lingua
3340 2602 3449 2658 tua,
3474 2594 3693 2657 tritura;
3724 2598 3875 2652 illas-

2293 2677 2399 2731 que
2427 2663 2616 2718 eadem
2645 2662 2821 2731 lingua
2851 2670 2935 2715 tua
2969 2663 3163 2716 ventila
3189 2681 3205 2720 :
3233 2663 3453 2718 brachio
3481 2672 3571 2717 tuo
3602 2666 3786 2721 divino
3814 2670 3870 2722 in

2291 2746 2544 2788 acervum
2565 2747 2851 2801 compone,
2874 2746 3008 2800 quas
3027 2732 3187 2788 etiam
3220 2733 3272 2787 in
3302 2733 3491 2789 horrea
3521 2734 3699 2790 divina
3721 2753 3874 2793 cem-

2294 2812 2496 2877 portes.
2533 2802 2663 2859 Veni
2689 2843 2705 2868 ,
2732 2805 2822 2872 qui
2853 2803 3261 2877 e_c:eloeifusus
3287 2819 3347 2877 es
3367 2846 3381 2868 ,
3411 2806 3872 2877 cantlentihusque

2290 2872 2554 2929 doctrinm
2602 2883 2705 2927 tua:
2755 2874 2939 2943 prunis
2980 2875 3163 2945 spinas
3201 2874 3525 2945 carduorum
3554 2872 3867 2945 cancri-tua,

2291 2960 2409 3014 qua:
2433 2945 2671 3016 laborum
2697 2952 2908 2997 tuorum
2929 2944 3112 3016 semen
3132 2944 3335 3016 suﬂ'oca
3345 2955 3551 2999 verunt.
3572 2944 3864 3016 Egredere,

2291 3013 2542 3071 minister
2565 3014 2677 3079 Dei,
2702 3029 2767 3085 ex
2802 3023 2961 3083 puteo
2989 3013 3272 3083 profundo,
3295 3016 3382 3085 qui
3407 3016 3581 3071 lumen
3603 3013 3868 3075 doctrina:

2291 3093 2397 3140 tua:
2439 3101 2506 3141 ex
2550 3084 2759 3157 abyssis
2799 3100 3014 3139 sursum
3064 3084 3345 3153 sparsisti:
3378 3088 3635 3157 egredere
3659 3131 3675 3151 ,
3722 3099 3776 3143 et
3810 3091 3867 3146 in

2290 3156 2515 3227 stygiam
2541 3156 3034 3227 glaciemiaustrum
3068 3159 3184 3211 lene
3210 3156 3503 3226 spirantem
3526 3159 3720 3214 excita.
3742 3160 3863 3217 Jatn

2290 3226 2427 3300 inte
2454 3226 2613 3281 situm
2643 3236 2728 3281 est
2751 3226 2935 3300 divino
2960 3235 3154 3281 terram
3182 3242 3445 3284 exercere
3473 3237 3673 3300 aratro,
3700 3247 3861 3300 quam

2286 3297 2467 3353 colere
2488 3306 2643 3351 antea
2674 3312 2778 3350 non
2805 3297 3132 3363 sitiebamus,
3156 3312 3276 3352 cum
3302 3298 3597 3367 przcscrtim
3626 3297 3861 3358 lucidum

2288 3370 2457 3423 solem
2488 3369 2538 3421 in
2570 3370 2840 3431 tenebras,
2874 3370 3019 3422 velut
3045 3369 3098 3423 in
3130 3383 3400 3425 carcerem
3424 3410 3441 3437 ,
3474 3369 3859 3428 immisericor-

2287 3440 2426 3494 diter
2453 3437 2858 3494 detruserimns.

2429 3509 2624 3564 Mortes
2649 3519 2821 3563 sancto
2838 3508 3179 3563 lliuminatori
3193 3526 3225 3563 α
3245 3509 3462 3565 Domino
3478 3511 3695 3566 reddita.
3722 3509 3852 3565 Per-

2287 3582 2472 3645 oratio.
2500 3609 2572 3619 —
2596 3579 2715 3634 Jam
2740 3594 2868 3651 vero
2898 3580 3036 3636 beati
3069 3578 3273 3645 laudes,
3305 3596 3403 3651 pro
3432 3582 3596 3650 ipsius
3625 3584 3851 3648 meritis,

2287 3651 2532 3733 encomio
2577 3650 3037 3733 prosequi__pett_e_s
3081 3650 3317 3733 menon
3353 3663 3457 3717 est,
3488 3652 3613 3733 licet
3642 3652 3691 3733 id
3724 3654 3855 3733 mihi

2286 3724 2519 3778 maxime
2554 3721 2623 3775 sit
2668 3721 2720 3774 in
2758 3721 2918 3793 votis.
2967 3722 3144 3777 Dicam
3178 3723 3336 3792 igitur
3356 3737 3515 3793 quam
3540 3724 3859 3781 brevissime

2286 3809 2347 3849 ea
2379 3807 2499 3861 qure
2531 3801 2710 3861 postea
2738 3792 2976 3861 profecto
3000 3804 3319 3849 consecutus
3342 3792 3449 3848 est.
3876 3796 3879 3797 ⁷

2359 3862 2596 3919 Fidelem
2626 3876 2840 3916 servum
2880 3878 3034 3917 suum
3076 3863 3158 3929 sic
3194 3865 3456 3919 allocutus
3485 3875 3561 3918 est
3593 3864 3853 3921 Greater:

2290 3935 2459 4005 Euge,
2492 3948 2655 4005 serve,
2675 3932 2813 3987 bone
2838 3942 2892 3987 et
2923 3933 3114 4005 fidelis,
3147 3949 3214 3989 ne
3239 3935 3363 4003 quid
3394 3935 3655 3990 sollicitus
3684 3937 3759 3991 sis
3787 3936 3863 3992 de

2288 4015 2377 4059 tua
2398 4004 2619 4059 seminis
2646 4004 2697 4056 in
2725 4012 2894 4058 terras
2926 4004 3291 4073 projectione:
3319 4013 3372 4058 tu
3399 4006 3669 4073 p'antasti,
3697 4006 3858 4062 Paule

2288 4078 2587 4145 alterzego
2615 4082 2791 4127 autem
2833 4074 3220 4130 incrementum
3259 4074 3350 4129 do.
3398 4074 3561 4138 Veni,
3610 4077 3748 4130 intra
3803 4078 3855 4132 in

2288 4146 2539 4216 gaudium
2584 4145 2791 4197 Domini
2835 4146 2933 4201 tui.
2964 4145 3046 4216 Ne
3070 4148 3291 4208 timeas,
3322 4145 3495 4200 Moses
3519 4147 3673 4203 alter.
3706 4149 3852 4216 quod

2291 4214 2382 4271 tibi
2415 4215 2621 4270 nonnisi
2654 4229 2843 4269 recens
2868 4214 3192 4271 crediderint
3224 4217 3447 4287 populi:
3482 4227 3534 4270 tu
3576 4214 3735 4271 enim
3764 4233 3852 4273 me

2289 4288 2461 4357 magis
2484 4301 2640 4355 quam
2669 4300 2863 4357 corpus
2905 4295 3051 4357 tumn
3093 4286 3347 4343 dilexisti.
3381 4286 3511 4341 chi
3533 4328 3547 4351 ,
3576 4289 3853 4354 requiesce

2289 4373 2325 4429 a
2348 4356 2620 4412 laboribus
2652 4356 2775 4419 tuis,
2810 4371 2946 4429 nove
2980 4356 3163 4412 Daniel
3196 4375 3209 4410 :
3244 4358 3538 4429 nuptialem
3574 4358 3856 4429 ingredere

2291 4428 2581 4481 thalamum
2611 4467 2625 4488 ,
2654 4442 2815 4495 quem
2844 4427 2936 4482 tibi
2968 4438 3123 4483 antea
3171 4428 3438 4497 pollicitus
3480 4427 3649 4482 eram.
3682 4427 3817 4483 chi
3840 4470 3855 4493 ,

2290 4500 2471 4553 sedent
2519 4498 2701 4568 accipe
2746 4498 2886 4551 inter
2929 4498 3238 4566 apostolos.
3282 4499 3525 4568 apostolo
3570 4499 3741 4562 alter,
3772 4501 3861 4567 qui

2290 4569 2511 4650 verbum
2558 4566 2800 4649 veritatis
2844 4569 2992 4650 genti
3039 4566 3647 4650 superbtc_atinutitia_sti
3679 4586 3693 4623 :
3727 4566 3866 4650 inter

2290 4640 2600 4707 angelorum
2628 4640 2837 4707 agmina
2866 4638 3151 4709 colloceris
3170 4680 3186 4704 ,
3215 4640 3307 4709 qui
3348 4640 3511 4693 vitam
3554 4639 3761 4693 illorum
3813 4640 3864 4693 in

2295 4712 2450 4764 terris
2467 4709 2744 4791 aemulatus
2764 4724 2843 4791 es.
2867 4708 3019 4791 Veni,
3042 4718 3095 4763 et
3118 4708 3241 4791 cum
3272 4709 3585 4791 patriarchis
3615 4712 3867 4791 princeps

2292 4796 2332 4834 e.
2356 4791 2443 4835 to:
2486 4779 2740 4849 planteris
2771 4789 2825 4832 ut
2855 4780 3029 4849 palma
3061 4790 3243 4845 sancta
3273 4779 3325 4833 in
3354 4780 3517 4834 domo
3549 4781 3778 4839 Domini.
3808 4790 3865 4834 et

2294 4851 2345 4903 in
2371 4848 2524 4905 atriis
2556 4850 2644 4921 Dei
2675 4848 2887 4905 floreas.
2910 4848 3065 4911 Veni,
3084 4851 3431 4906 coronaheris
3457 4865 3579 4919 cum
3613 4852 3865 4921 martyri-

2295 4921 2413 4983 bus,
2444 4920 2814 4989 laetaberisqne
2835 4935 2954 4974 cum
2986 4921 3070 4983 iis,
3094 4921 3185 4987 qui
3210 4936 3305 4990 pro
3328 4936 3413 4974 me
3435 4930 3700 4990 tormenta
3727 4920 3867 4989 passi

2293 5000 2418 5045 sunt
2447 5011 2458 5045 :
2486 4992 2605 5045 veni
2637 4990 2688 5044 in
2720 4991 2894 5043 aulam
2927 4989 3229 5060 nuptiarum
3262 5006 3523 5050 mearum.
3553 4989 3679 5046 Veni
3699 5032 3714 5056 ,
3738 5006 3870 5060 gan-

2292 5061 2384 5115 dio
2414 5062 2567 5128 inter
2604 5061 2994 5115 emnobitarum
3036 5061 3236 5115 choros
3280 5061 3610 5126 exsultabis,
3642 5064 3730 5129 qui
3764 5076 3870 5115 non

2295 5132 2455 5187 modo
2502 5131 2731 5187 dilexisti
2782 5142 2993 5185 montes
3035 5140 3091 5186 et
3130 5133 3340 5186 deserta
3362 5172 3378 5197 ,
3409 5131 3502 5185 sed
3533 5134 3675 5185 cruci
3707 5134 3869 5185 etiam

2290 5203 2486 5273 jugiter
2530 5201 2770 5273 confixus
2819 5200 2963 5256 fuisti
3006 5217 3255 5266 mecum;
3302 5202 3501 5257 idcirco
3552 5202 3869 5271 angelorum

2296 5272 2536 5327 meorum
2559 5272 2624 5327 ad
2650 5282 2701 5326 te
2723 5273 2925 5343 mittam
2950 5273 3183 5343 agmina,
3212 5284 3368 5342 teque
3389 5276 3454 5327 ad
3486 5287 3571 5326 me
3595 5275 3872 5342 recipiant.

2295 5344 2359 5398 Et
2385 5344 2509 5414 quia
2542 5342 2764 5413 portasti
2800 5343 3236 5414 iugitercrucem
3268 5353 3412 5397 tuam
3438 5352 3497 5399 et
3526 5344 3718 5397 venisti
3749 5354 3871 5412 post

2295 5412 2894 5485 me,'ego’introducam
2923 5423 2973 5468 te
3003 5412 3054 5485 in
3088 5413 3393 5485 paradisum
3415 5456 3431 5479 ,
3464 5415 3515 5468 in
3541 5428 3702 5483 quem
3734 5416 3872 5485 latro

2296 5500 2392 5555 per
2428 5483 2644 5540 crucem
2686 5500 2837 5538 suum
2870 5483 3131 5539 introivit.
3160 5484 3356 5540 Beatus
3385 5499 3445 5537 es
3472 5494 3525 5537 tu
3548 5526 3561 5549 ,
3596 5486 3737 5539 inter
3770 5484 3876 5555 Ec-

2294 5553 2471 5611 clesia:
2517 5555 2877 5625 patriarchas,
2922 5563 3072 5625 pater
3111 5564 3317 5611 sancte.
3365 5556 3505 5610 Olim
3553 5555 3775 5625 angelus
3823 5553 3876 5607 iu

2295 5642 2557 5697 corpore,
2592 5642 2735 5680 nunc
2761 5630 3112 5696 incorporeus
3143 5627 3282 5697 inter
3311 5626 3659 5697 incorporeus
3684 5640 3874 5679 γενεη-

2296 5695 2402 5752 ris.
2426 5697 2649 5761 Beatus,
2680 5697 2880 5765 optime
2906 5695 3105 5765 prmttl
3133 5737 3145 5758 .
3175 5695 3265 5763 qui
3295 5711 3421 5751 oves
3452 5695 3613 5766 Regis
3645 5697 3719 5750 tui
3754 5711 3876 5761 per-

2298 5768 2438 5823 ditas
2459 5810 2472 5830 ,
2501 5779 2556 5822 et
2582 5782 2700 5836 quae
2730 5768 2846 5821 sine
2870 5767 2996 5820 ovili
3023 5777 3176 5821 erant
3196 5810 3212 5832 ,
3241 5767 3498 5836 repetiiSti
3523 5809 3539 5832 ,
3571 5767 3877 5831 adduxisti,

2300 5848 2355 5897 ct
2384 5840 2437 5897 in
2464 5840 2597 5897 atria
2629 5838 2745 5911 ejus
2771 5838 3049 5910 collegisti.
3086 5838 3282 5896 Beatus
3314 5855 3371 5895 cs
3404 5848 3481 5907 tu,
3512 5839 3599 5910 qui
3633 5840 3887 5910 luporum
