4208 6506
463 250 520 301 ιι
1141 239 1199 295 s.
1237 239 1515 309 tempus
1543 237 2013 304 cnnvsosrom
2053 232 2371 296 ARCHIEP.
2411 237 2942 297 consrAN'rmor.
3688 252 3754 306 η

463 363 823 427 adversarios,
852 375 949 415 cur
986 372 1092 414 non
1123 356 1189 411 ad
1227 354 1444 412 Iudaeos
1482 371 1509 408 a
1549 354 1659 408 Deo
1703 354 1900 407 missus
1945 349 2051 406 sit?

466 459 592 527 quia
655 471 724 512 eo
779 452 1000 508 nomine
1054 452 1330 520 praecipue
1387 447 1488 517 ipsi
1559 445 1787 500 fuissent
1835 441 2053 497 infensi.

468 550 604 605 Cum
650 547 753 602 hoc
801 545 963 615 igitur
1001 541 1281 613 prmsciret
1325 539 1484 602 Deus,
1531 547 1584 592 et
1620 535 1760 605 quod
1791 549 1913 589 eum
1947 547 2054 586 non

469 650 648 696 essent
674 636 996 700 admissuri;
1026 633 1363 700 Proﬁciscere
1397 630 1464 682 ad
1490 636 1680 699 gentes,
1715 626 1906 695 inquit,
1936 623 2056 694 quia

466 733 546 788 illi
579 748 681 785 non
722 729 967 798 accipient
994 723 1338 778 testimonium
1370 733 1510 776 tuum
1551 719 1612 772 de
1653 735 1732 772 me
1779 717 1919 789 (Act.
1961 714 2055 770 22.

469 824 582 896 18).
609 822 743 878 Tum
772 821 898 874 ille:
936 818 1132 882 Etiam,
1154 814 1392 881 Domine,
1432 813 1530 881 ipsi
1573 811 1737 864 sciunt
1785 809 1924 878 quod
1965 822 2057 876 ego

469 918 767 981 vinciebam,
812 922 859 966 et
908 908 1230 964 verberabam
1259 922 1346 976 per
1376 919 1663 975 synagogas
1709 900 1966 955 credentes
2004 902 2058 954 in

466 1021 535 1078 te,
569 1019 614 1064 et
644 1025 758 1062 cum
781 1004 1124 1076 effunderetur
1164 999 1372 1069 sanguis
1404 995 1653 1067 Stephani
1681 994 1817 1048 testis
1845 994 1938 1056 tui,
1964 1008 2057 1068 ego

468 1118 666 1174 quoque
721 1098 930 1152 aderam
983 1093 1276 1164 approbans
1325 1106 1436 1142 eam
1489 1087 1713 1151 aedem,
1772 1085 2058 1138 custodiens

466 1203 623 1249 vestes
660 1187 1057 1244 interimentium
1104 1183 1251 1236 illum
1297 1178 1458 1253 (Ibid.
1496 1194 1544 1231 υ.
1585 1177 1672 1232 19.
1714 1175 1830 1243 20).
1883 1177 2059 1244 Atque

467 1287 574 1341 hoc
599 1285 646 1340 ei
673 1285 883 1352 signum
925 1293 1046 1333 esse
1090 1273 1327 1338 ostendit
1371 1281 1426 1326 et
1471 1279 1866 1341 argumentum,
1917 1267 2058 1337 quod

467 1395 576 1436 non
626 1373 885 1431 credituri
929 1372 1036 1426 sint
1081 1369 1204 1431 sibi.
1259 1366 1351 1422 Sic
1402 1366 1545 1420 enim
1598 1378 1657 1418 se
1709 1376 1796 1417 res
1850 1361 2056 1416 habet:

463 1469 684 1542 quando
705 1467 826 1538 quis
852 1471 1067 1536 agente
1099 1459 1348 1530 quapiam
1377 1455 1657 1521 deiecerit,
1687 1454 1736 1511 si
1765 1454 1836 1508 sit
1872 1468 1938 1508 ex
1980 1453 2061 1506 in-

463 1562 611 1622 limis
653 1543 722 1614 et
765 1555 962 1622 nullius
1020 1548 1457 1616 existimationis,
1507 1562 1616 1600 non
1665 1543 1952 1600 admodum
2006 1543 2060 1601 id

467 1656 759 1711 molestum
790 1660 874 1706 est
912 1649 976 1703 iis
1003 1661 1138 1717 quos
1166 1642 1407 1699 deseruit
1436 1659 1449 1695 :
1479 1638 1622 1711 quod
1648 1639 1692 1693 si
1731 1638 1872 1692 idem
1903 1637 2061 1692 faciat

469 1747 704 1804 eximius
724 1743 920 1812 aliquis
949 1749 1002 1796 et
1023 1740 1140 1794 zelo
1170 1736 1366 1791 ardens
1397 1742 1452 1789 et
1485 1733 1574 1803 qui
1603 1731 1810 1802 pridem
1841 1730 2058 1793 illorum

469 1838 751 1894 sententiae
795 1832 985 1896 fuerat,
1029 1829 1081 1883 id
1121 1841 1252 1882 vero
1279 1826 1398 1879 illos
1426 1823 1564 1878 male
1594 1822 1777 1888 habet,
1810 1830 1866 1876 et
1895 1834 2058 1890 supra

468 1928 689 1984 modum
740 1937 974 1980 maerore
1019 1919 1258 1982 conficit,
1290 1914 1521 1986 utquod
1565 1913 1802 1970 maxime
1844 1912 2059 1966 illorum

467 2022 662 2090 dogma
695 2015 983 2078 convellat,
1017 2009 1308 2067 rcsiliendo
1337 2008 1404 2062 ad
1435 2007 1591 2062 alios.
1634 2005 1772 2072 Quin
1814 2013 1866 2059 et
1914 2003 2058 2058 aliud

466 2115 663 2177 inerat,
721 2107 863 2180 quod
919 2104 1228 2160 incredulos
1282 2100 1551 2164 redderet.
1607 2097 1871 2167 Quidnam
1918 2096 2059 2154 hoc?

467 2203 626 2271 Quod
650 2202 840 2257 Petrus
875 2207 929 2254 et
955 2196 1148 2266 reliqui
1180 2209 1303 2248 cum
1331 2192 1547 2247 Christo
1590 2191 1964 2256 convixerant,
2005 2199 2060 2245 et

466 2296 707 2368 prodigia
741 2293 861 2363 ejus
890 2307 950 2344 ac
981 2289 1238 2344 miracula
1269 2285 1510 2340 viderant
1539 2301 1551 2338 :
1587 2283 1673 2338 hic
1705 2294 1884 2346 autem
1919 2283 2057 2337 nihil

467 2393 684 2452 borum,
711 2385 806 2440 sed
824 2400 944 2438 cum
963 2383 1177 2437 essetin
1207 2377 1450 2448 partibus
1474 2376 1809 2442 Judanorum,
1839 2382 2060 2446 repente

470 2482 756 2551 transfugit
803 2478 868 2533 ad
917 2486 1178 2530 nostros:
1230 2472 1284 2526 id
1322 2469 1464 2542 quod
1515 2469 1668 2524 valde
1709 2484 1798 2523 res
1849 2479 2061 2530 nostras

467 2571 825 2628 confirmavit.
871 2566 950 2621 Illi
995 2566 1138 2620 enim
1183 2563 1267 2618 vel
1308 2562 1374 2616 ad
1417 2561 1642 2632 gratiam
1696 2559 2059 2614 testimonium

471 2668 614 2725 ferre
649 2665 818 2720 videri
859 2668 1129 2732 poterant,
1163 2657 1317 2727 quasi
1359 2655 1428 2709 ob
1455 2653 1692 2723 Magistri
1729 2651 2061 2707 desiderium

470 2763 854 2814 attestareutur
897 2753 1019 2807 talia
1056 2769 1069 2804 :
1102 2759 1156 2804 at
1201 2749 1288 2803 hic
1322 2746 1736 2802 resurrectionis
1782 2745 1956 2810 testis,
2015 2744 2061 2797 is

470 2855 592 2923 ipse
620 2866 808 2906 vocem
851 2848 1022 2902 solam
1065 2845 1183 2913 ejus
1221 2843 1517 2896 audiverat.
1551 2841 1888 2910 Quapropter
1913 2838 2063 2893 vides

470 2963 565 3002 cos
616 2944 740 2997 huic
783 2957 847 2996 ex
891 2939 1070 2992 animo
1116 2935 1365 3002 infestos,
1393 2933 1687 2987 seditiones
1710 2931 2060 2997 concitantes,

471 3049 526 3094 et
565 3036 694 3092 nihil
728 3033 914 3088 nonin
948 3030 1241 3101 perniciem
1283 3031 1401 3097 ejus
1444 3027 1754 3080 molientes.
1797 3024 2062 3080 Caeterum

471 3127 781 3186 incredulos
823 3123 1043 3196 Judaeos
1092 3121 1207 3174 haec
1257 3135 1420 3174 causa
1471 3119 1892 3182 abalienaverat,
1942 3132 2064 3172 crc-

473 3223 664 3277 dcntcs
691 3233 818 3273 vero
849 3212 1136 3286 quianam?
1167 3211 1304 3279 Quia
1352 3224 1575 3264 necesse
1623 3209 1850 3263 habebat
1893 3209 2067 3278 genti-

461 3318 576 3372 —bns
619 3327 756 3382 pure
802 3308 1097 3380 praedicare
1137 3305 1497 3360 Christianam
1544 3303 1880 3373 religionem,
1929 3311 1983 3355 et
2020 3298 2067 3354 si

473 3406 693 3476 quando
734 3403 786 3456 in
833 3399 1142 3455 Judzrorum
1184 3396 1408 3466 regione
1460 3405 1787 3457 versaretur,
1829 3393 1961 3447 nihil
2015 3393 2068 3446 id

473 3499 716 3555 curabat.
755 3496 950 3556 Petrus
999 3491 1144 3560 enim
1193 3500 1248 3545 et
1284 3490 1438 3554 socii,
1477 3497 1544 3540 ut
1587 3487 1678 3558 qui
1716 3487 2069 3557 Jerosolymis

473 3589 858 3663 praedicabant,
893 3587 978 3640 ubi
1006 3585 1141 3655 legis
1171 3583 1384 3638 fervens
1405 3581 1646 3637 studium
1675 3589 1814 3648 erat,
1847 3596 2070 3638 necesse

476 3685 748 3741 habebant
784 3697 902 3736 eam
944 3679 1135 3750 jubere
1185 3677 1387 3732 servari
1420 3693 1433 3728 :
1477 3683 1534 3728 at
1575 3675 1662 3730 hic
1692 3685 1876 3731 noster
1905 3677 2070 3732 multa

475 3777 727 3832 libertate
772 3772 1036 3828 utebatur.
1082 3769 1272 3824 Plures
1306 3768 1468 3824 etiam
1508 3775 1664 3822 erant
1703 3783 1734 3823 e
1783 3769 2073 3839 gentilibus

476 3882 638 3939 quam
677 3863 868 3928 Judaei,
919 3869 1103 3930 utpote
1144 3860 1235 3929 qui
1285 3859 1497 3915 externi
1545 3868 1760 3925 essent;
1791 3875 1895 3914 non
1930 3870 2073 3914 tanta

477 3958 617 4028 legis
664 3955 921 4025 religione
968 3950 1319 4016 tenebantur,
1352 3965 1526 4020 eoque
1556 3949 1763 4004 facilius
1789 3965 1848 4006 se
1877 3952 1944 4008 ab
1984 3953 2073 4008 illa

483 4048 866 4111 absolvebant,
897 4043 1063 4099 Paulo
1093 4043 1270 4097 omnia
1303 4057 1434 4113 pure
1463 4042 1806 4112 praedicante.
1839 4045 1908 4099 Et
1952 4062 2077 4104 vere

483 4156 546 4196 ea
567 4139 633 4195 de
659 4152 818 4194 causa
841 4137 986 4190 illum
1017 4133 1271 4191 inducere
1300 4133 1570 4201 videntur,
1598 4144 1655 4188 ut
1679 4137 2077 4196 multitudinem

487 4237 831 4285 revereantur
860 4243 874 4278 :
919 4223 1088 4290 Vides,
1114 4223 1380 4292 inquiunt,
1410 4227 1590 4293 frater,
1628 4235 1747 4295 quot
1789 4228 1952 4282 millia
1977 4232 2078 4284 sint

427 4335 437 4342 ‘
479 4323 784 4376 Juda'orum
828 4316 1179 4371 credentium?
1221 4316 1308 4386 qui
1354 4314 1415 4369 ob
1461 4315 1558 4369 hoc
1593 4325 1641 4371 te
1677 4318 1914 4390 oderunt,
1942 4323 2078 4393 quod

482 4415 737 4469 audierint
763 4423 809 4465 te
833 4409 1163 4481 defectionem
1189 4424 1221 4460 a
1242 4408 1350 4480 lege
1379 4408 1576 4463 docere.

554 4505 657 4561 Cur
697 4503 892 4580 Paulus
937 4498 1223 4571 Epistolam
1265 4500 1333 4562 ad
1365 4498 1608 4564 ﬂeortoos
1653 4503 1936 4574 scripserit,
1980 4523 2081 4577 quo

485 4612 732 4671 tempore,
771 4611 872 4663 qua
906 4592 1190 4648 occasione.
1211 4621 1282 4631 —
1307 4590 1414 4646 Cur
1439 4592 1598 4664 igitur
1631 4593 1833 4677 ludatis
1872 4600 2079 4667 scribit,

481 4709 608 4750 cum
640 4707 744 4746 non
773 4689 842 4744 sit
879 4701 1065 4752 eorum
1109 4683 1344 4740 doctor?
1369 4694 1463 4744 aut
1488 4700 1720 4754 quonam
1750 4687 1816 4743 ad
1845 4703 1938 4744 eos
1967 4692 2083 4760 epi-

482 4789 678 4843 stolam
707 4782 909 4840 mittit?
949 4779 1065 4834 ltlea
1093 4777 1350 4846 opinione
1377 4776 1774 4848 Jcrosolymam
1817 4790 1872 4835 et
1899 4781 1954 4835 in
1983 4782 2081 4837 Pa-

439 4893 446 4902 ·
482 4880 773 4936 laestinam.
807 4874 913 4934 Sed
942 4871 1215 4943 quomodo
1263 4870 1492 4926 scribit?
1519 4870 1982 4937 Quemadmodum
2031 4888 2084 4932 et

482 4971 814 5043 baptizabat,
864 4982 972 5022 non
994 4965 1183 5035 jussus
1231 4962 1544 5031 baptizare;
1577 4964 1652 5017 ait
1693 4964 1837 5018 enim
1883 4983 1943 5022 se
1975 4984 2082 5023 non

486 5066 713 5121 missum
742 5062 808 5128 ad
840 5056 1217 5130 baptizandum
1251 5056 1332 5124 (1.
1365 5053 1484 5110 Cor.
1520 5057 1570 5110 l.
1602 5057 1693 5127 17)
1726 5079 1738 5112 :
1773 5075 1873 5114 nec
1901 5070 2084 5124 tamen

485 5158 689 5218 vetitus
715 5162 856 5218 erat,
889 5151 985 5206 sed
1017 5165 1198 5218 operae
1234 5148 1530 5206 auctarium
1559 5148 1663 5204 hoc
1694 5149 1840 5205 fecit.
1881 5153 1954 5208 Et
1990 5172 2088 5210 cur

485 5249 572 5304 bis
604 5263 708 5302 non
741 5244 1024 5322 scriberet,
1059 5256 1154 5310 pro
1182 5240 1374 5308 quibus
1400 5241 1686 5295 anathema
1727 5258 1848 5299 esse
1876 5247 2088 5304 volebat

487 5340 669 5412 (Rom.
699 5337 756 5393 9.
779 5338 875 5407 5)?
901 5336 1241 5404 Quapropter
1269 5333 1403 5391 dixit
1428 5351 1441 5388 :
1472 5333 1651 5388 Nostis
1679 5338 1890 5407 fratrem
1919 5340 2088 5397 Timo-

489 5431 665 5485 theum
689 5429 933 5492 solutum,
955 5442 1072 5486 cum
1088 5441 1208 5495 quo,
1226 5425 1271 5479 si
1297 5425 1549 5482 maturius
1578 5429 1789 5493 venerit,
1823 5434 1980 5484 visam
2003 5450 2088 5488 vos

492 5523 680 5594 (Hebr.
715 5523 803 5578 15.
839 5521 957 5590 25).
991 5519 1234 5575 Nondum
1285 5519 1429 5576 enim
1469 5520 1900 5590 comprehensus
1947 5534 2085 5580 erat.

490 5617 628 5670 Cum
673 5615 834 5684 igitur
873 5613 1151 5670 biennium
1198 5612 1384 5668 Romae
1435 5614 1704 5682 exegisset
1738 5615 1794 5669 in
1838 5615 2084 5681 vinculis,

500 5709 717 5765 tandem
747 5708 998 5766 dimissus
1029 5719 1141 5777 est;
1172 5709 1364 5768 deinde
1397 5710 1450 5765 in
1475 5709 1757 5780 lliSpanias
1781 5714 2086 5778 protectus;

2166 360 2350 418 postea
2380 349 2432 404 in
2456 350 2695 407 Judscam
2729 355 2894 416 venit,
2945 364 2999 411 et
3034 355 3249 413 Judaeos
3297 359 3510 427 invisit;
3553 377 3615 418 ac
3643 375 3750 418 tum

2163 457 2347 497 rursus
2391 443 2618 499 Romam
2655 461 2902 501 reversus
2935 457 3036 510 est,
3071 450 3288 520 quando
3331 461 3383 508 et
3429 455 3750 524 supplicium

2157 534 2309 602 jussu
2361 535 2592 591 Neronis
2623 539 2860 606 pertulit.
2894 527 3129 595 Proinde
3176 542 3408 611 epistola
3449 546 3516 598 ad
3568 546 3752 600 Timo-

2165 628 2346 682 theum
2390 631 2662 698 antiquior
2695 632 2792 685 hac
2837 642 2952 698 est;
2986 633 3095 688 illic
3123 636 3266 689 enim
3295 637 3446 702 dicit,
3481 638 3589 709 Ego
3621 641 3750 693 enim

2152 721 2265 790 jam
2306 721 2578 787 immolor;
2625 733 2678 777 et
2721 739 2960 790 rursum,
3008 724 3074 778 In
3115 727 3279 795 prima
3323 745 3436 782 mea
3465 731 3750 799 defensione

2163 815 2472 868 nemosmilii
2499 815 2664 885 adfuit
2700 815 2773 885 (9..
2819 815 2950 882 Tim.
2983 818 3037 872 4.
3079 818 3131 873 6.
3176 830 3223 873 et
3255 819 3364 891 16).
3397 821 3554 892 Saepe
3594 839 3745 880 nam-

2163 920 2265 974 que
2299 906 2549 976 certavit,
2588 907 3042 980 qucmadtnodpm
3087 919 3142 964 et
3177 911 3752 970 Thessalonicensibus

2163 997 2347 1062 scribit
2403 1016 2415 1052 :
2465 998 2760 1072 [imitatores
2802 1003 2932 1071 [acti
2971 1004 3102 1061 ,ϐαιὴ
3155 1002 3507 1060 Ecclesinrnm
3555 1007 3754 1062 ludatur

2276 1089 2451 1182 Thess.
2483 1091 2536 1143 2.
2563 1092 2675 1160 M).
2705 1093 2842 1158 Quin
2867 1103 2920 1147 et
2949 1095 3077 1164 ipsis
3101 1097 3360 1163 scribens,
3386 1098 3514 1153 Cum
3541 1101 3750 1170 gaudio,

2164 1181 2355 1250 inquit,
2410 1182 2749 1250 direptionem
2797 1186 3104 1255 facultatum
3156 1198 3437 1242 vestrarum
3489 1193 3752 1260 accepistis

2165 1274 2349 1348 (Hebr.
2405 1276 2489 1331 10.
2539 1278 2650 1349 54).
2690 1278 2850 1334 Vides
2895 1295 3082 1334 eorum
3127 1284 3457 1338 certamina?
3510 1283 3661 1350 Quod
3706 1285 3749 1338 si

2163 1369 2436 1438 apostolos
2481 1370 2552 1423 ita
2584 1371 2910 1438 tractabant,
2954 1388 3073 1435 non
3119 1375 3170 1428 in
3202 1373 3386 1430 Judzea
3433 1375 3614 1439 modo,
3658 1377 3751 1429 sed

2166 1461 2488 1530 ubicumque
2533 1462 2672 1516 inter
2724 1464 2952 1534 gentiles
2997 1464 3264 1535 degebant
3303 1466 3471 1536 :quid
3515 1483 3621 1521 non
3675 1465 3750 1520 fa-

2161 1553 2297 1616 Cturi
2329 1561 2483 1608 erant
2511 1554 2725 1610 caeteris
2751 1555 3042 1615 fidelibus?
3071 1557 3194 1612 Ideo
3227 1558 3375 1612 vides
3403 1572 3524 1612 eum
3560 1559 3758 1613 horum

2163 1660 2348 1700 curam
2383 1661 2572 1715 gerere
2615 1647 2959 1717 prmcipnam.
2991 1648 3124 1701 Cum
3169 1650 3312 1702 enim
3343 1650 3490 1715 dicit,
3530 1649 3755 1718 Proﬁci-t

2162 1753 2274 1792 scor
2303 1737 2684 1791 ministratur-us
2709 1739 2899 1792 sanctis
2918 1737 3258 1809 Jerosolymte
3282 1741 3459 1809 (Rom.
3499 1741 3586 1796 15.
3619 1742 3710 1811 ‘25)
3737 1761 3750 1805 ;

2164 1839 2219 1883 et
2244 1843 2456 1884 rursum
2485 1843 2605 1882 cum
2647 1828 2964 1884 adhortatur
3000 1830 3308 1886 Corinthios
3352 1831 3418 1886 ad
3449 1833 3754 1886 beneficen-

2164 1922 2314 1993 tiam,
2363 1921 2606 1988 scribens
2655 1921 2972 1986 Macedonas
3017 1924 3128 1993 jam
3173 1925 3512 1978 collationem
3563 1924 3756 1980 fecisse

2165 2015 2241 2088 (2.
2269 2013 2387 2071 Cor.
2407 2016 2460 2072 8.
2491 2016 2566 2087 1),
2597 2015 2799 2071 addens
2829 2031 2886 2071 se
2911 2032 3123 2088 quoque
3148 2018 3193 2072 si
3225 2033 3358 2087 opus
3391 2019 3461 2072 sit
3493 2018 3758 2086 profectu-

2162 2124 2302 2162 rum.
2330 2109 2394 2162 Et
2422 2123 2542 2162 cum
2588 2107 2734 2172 dicit,
2763 2107 2984 2164 Tantum
3021 2121 3075 2162 ut
3101 2127 3382 2180 pauperum
3411 2128 3652 2166 memores
3681 2130 3758 2165 es—

2162 2216 2349 2265 scmus,
2389 2199 2444 2252 id
2488 2199 2626 2268 quod
2673 2200 2939 2270 diligenter
2989 2203 3164 2255 curavi
3193 2201 3333 2274 (Gal.
3365 2203 3418 2256 2.
3455 2204 3566 2273 10),
3618 2204 3756 2256 idem

2163 2292 2310 2356 dicit.
2367 2291 2594 2356 Rursum
2653 2291 2840 2347 dicens
2871 2334 2885 2355 ,
2941 2290 3162 2346 Dextras
3214 2293 3455 2346 dederunt
3507 2295 3759 2348 societatis

2163 2385 2289 2443 nit/ti
2316 2394 2360 2442 et
2381 2382 2655 2448 Bprnabw,
2686 2394 2741 2436 ut
2770 2401 2860 2438 nos
2899 2385 3098 2452 quidem
3137 2386 3204 2436 ad
3231 2395 3419 2455 gentes,
3450 2387 3548 2453 ipsi
3593 2397 3760 2438 autem

2163 2477 2231 2534 ad
2277 2477 2597 2530 circumcisos
2639 2473 2803 2543 (Ibid.
2835 2491 2880 2528 υ.
2915 2475 2995 2544 9),
3027 2475 3167 2532 idem
3215 2475 3362 2529 dicit.
3421 2478 3489 2528 At
3533 2491 3636 2528 uou
3682 2478 3760 2530 sic

2165 2570 2232 2624 de
2258 2568 2583 2640 pauperibus
2613 2568 2722 2621 illic
2743 2565 3049 2637 agentibus,
3083 2568 3179 2620 sed
3204 2567 3316 2619 vult
3341 2583 3438 2620 nos
3467 2568 3756 2636 participes

2166 2675 2287 2715 esse
2341 2674 2465 2728 erga
2519 2658 2640 2711 illos
2685 2657 3074 2711 beneficentiae.
3125 2656 3243 2710 Non
3287 2660 3431 2711 enim
3477 2667 3532 2711 ut
3565 2658 3760 2726 pra-di-

2171 2748 2326 2806 candi
2351 2789 2366 2812 ,
2393 2749 2470 2802 sic
2495 2763 2788 2818 pauperum
2820 2762 3003 2802 curam
3052 2747 3122 2801 ita
3169 2747 3273 2802 illis
3304 2750 3664 2804 commisimus
3707 2761 3762 2805 ut

2169 2843 2223 2898 hi
2275 2842 2569 2903 Gentibus,
2600 2843 2669 2895 illi
2715 2841 2915 2896 Judaeis
2943 2842 3329 2911 prospicerent.
3368 2843 3525 2898 Vides
3566 2845 3762 2915 ultique

2167 2953 2326 3007 quam
2361 2937 2429 2989 sit
2451 2935 2712 2990 sollicitus
2746 2954 2758 2988 :
2789 2944 2842 2988 ct
2873 2935 3083 2988 merito.
3117 2935 3271 2987 Aliud
3304 2937 3444 2989 enim
3480 2946 3594 2989 erat
3623 2940 3761 3006 apud

2170 3036 2396 3089 exteras
2444 3034 2647 3094 gentes,
2685 3025 2771 3078 ubi
2827 3025 2995 3079 Judtei
3048 3040 3168 3079 cum
3210 3024 3409 3080 Cra-eis
3462 3030 3763 3097 promiscue

2167 3120 2567 3176 versabantur:
2601 3118 2651 3171 in
2705 3117 2890 3172 Iudaea
2943 3133 3070 3171 vero
3125 3119 3375 3187 quoniam
3430 3121 3591 3174 etiam
3650 3132 3762 3176 tum

2170 3212 2410 3283 quaedam
2459 3210 2725 3265 libertatis
2754 3210 2965 3279 species
3016 3211 3286 3275 manebat,
3321 3227 3420 3265 nec
3446 3215 3764 3269 vetabantur

2174 3305 2285 3359 suis
2333 3305 2536 3375 legibus
2593 3304 2774 3358 vivere
2830 3303 3063 3357 nondum
3116 3303 3374 3357 Romanis
3425 3305 3491 3358 ad
3549 3307 3760 3374 plenum

2173 3396 2395 3464 subditi,
2429 3413 2536 3451 non
2587 3397 2780 3452 mirum
2809 3397 2857 3464 si
2900 3411 3149 3466 magnam
3179 3396 3280 3462 sibi
3315 3398 3652 3462 vindicabant
3679 3412 3762 3470 ly-

2174 3489 2478 3546 rannidem.
2509 3490 2564 3546 Si
2593 3491 2734 3544 enim
2767 3499 2822 3544 et
2853 3489 2907 3543 in
2939 3490 3127 3543 alienis
3149 3491 3388 3556 urbibus,
3419 3481 3553 3545 sicut
3578 3493 3767 3545 Corin-

2177 3583 2274 3649 thi,
2305 3582 2590 3650 pulsabant
2641 3581 3122 3654 archisynagogum
3151 3593 3275 3635 ante
3318 3583 3488 3651 ipsum
3534 3585 3764 3638 tribunal

2176 3674 2533 3744 proconsulis,
2581 3673 2822 3729 Gallione
2873 3690 2984 3728 rem
3038 3673 3170 3727 nihil
3222 3682 3444 3730 curante
3488 3674 3644 3746 (Act.
3677 3678 3763 3733 18.

2179 3769 2303 3839 17);
2337 3783 2512 3822 annon
2539 3768 2707 3838 magis
2733 3768 2783 3821 in
2816 3766 3041 3822 Iudaea?

2249 3861 2304 3912 2.
2348 3859 2511 3914 Vides
2537 3859 2698 3929 igitur
2723 3859 2994 3928 quomodo
3020 3858 3071 3912 in
3105 3858 3210 3912 illis
3241 3858 3462 3914 urbibus
3495 3861 3768 3929 apostolos

2180 3951 2254 4012 ad
2287 3951 2632 4021 magistratus
2671 3950 2964 4015 adducunt,
3012 3960 3067 4004 et
3095 3952 3332 4021 gentium
3381 3967 3538 4021 opem
3583 3963 3766 4008 contra

2181 4060 2275 4100 eos
2305 4044 2619 4114 postulant:
2653 4039 2800 4098 domi
2845 4059 2974 4098 vero
3022 4043 3154 4102 nihil
3199 4045 3301 4098 tale
3341 4027 3628 4107 faciebant,
3677 4046 3770 4100 sed

2184 4137 2304 4208 ipsi,
2336 4146 2632 4191 convocato
2659 4136 2910 4201 concilio,
2936 4135 2990 4188 in
3017 4151 3383 4205 quoscumque
3415 4136 3630 4191 libuerit
3659 4139 3776 4191 ani-

2183 4228 2543 4283 madvertunt.
2579 4227 2668 4282 Sic
2706 4226 3035 4297 Stephanum
3083 4227 3489 4301 interfecerunt,
3522 4229 3601 4283 sic
3632 4245 3761 4300 apo-

2185 4322 2352 4376 stolos
2377 4320 2558 4392 ﬂagris
2600 4321 3002 4390 castigaverunt
3046 4321 3363 4374 inconsultis
3409 4321 3772 4389 praesidibus:

2185 4415 2262 4468 sic
2308 4422 2362 4467 et
2404 4413 2625 4467 Paulum
2669 4412 2897 4467 occisuri
2945 4420 3118 4475 erant,
3170 4412 3269 4464 nisi
3303 4411 3547 4464 tribunus
3591 4413 3670 4466 eis
3717 4429 3776 4478 se

2187 4504 2491 4573 ohjecisset.
2521 4503 2650 4560 llzec
2678 4505 2824 4560 enim
2853 4503 3054 4558 ﬁebant
3093 4510 3349 4556 manente
3387 4492 3562 4558 adhuc
3591 4514 3777 4557 aucto-

2186 4597 2346 4651 ritate
2372 4595 2708 4665 pontifteum,
2741 4595 2997 4651 incolumi
3025 4595 3228 4664 templo
3268 4610 3388 4650 cum
3417 4610 3514 4649 suo
3545 4597 3692 4650 cultu
3719 4605 3774 4650 et

2189 4687 2486 4742 sacrificiis.
2529 4689 2729 4758 Aspice
2760 4688 2932 4757 ipsum
2980 4688 3202 4741 Paulum
3229 4687 3437 4756 judicio
3481 4689 3780 4744 sacerdotis

2189 4781 2400 4850 subjici,
2429 4781 2721 4843 dicentem,
2753 4779 3055 4835 Nesciebam
3076 4797 3183 4836 esse
3204 4782 3494 4850 pontiﬁcem
3527 4781 3663 4850 (Act.
3685 4783 3778 4837 9.3.

2191 4876 2286 4946 5);
2321 4876 2480 4945 idque
2527 4892 2708 4931 coram
2741 4876 2985 4932 Romano
3013 4875 3262 4945 praeside.
3314 4875 3483 4928 Tanta
3533 4875 3640 4928 illis
3671 4885 3780 4929 tum

2191 4981 2308 5025 erat
2333 4971 2568 5033 licentia.
2602 4968 2789 5041 Cogita
2836 4970 2997 5040 igitur
3039 4986 3202 5039 quam
3237 4971 3436 5023 misera
3469 4979 3596 5023 tunc
3627 4969 3784 5023 fuerit

2195 5064 2430 5117 fidelium
2466 5063 2803 5133 Jerosolyma
2848 5073 3208 5132 cmteramque
3250 5062 3492 5138 .ludmam
3541 5063 3786 5132 habitan-

2197 5158 2331 5212 tium
2371 5158 2630 5212 conditio.
2662 5157 2840 5224 Quare
2878 5157 3006 5227 quid
3040 5157 3230 5211 mirum
3273 5158 3340 5223 si,
3381 5159 3469 5226 qui
3503 5158 3786 5212 anathema

2197 5270 2317 5309 esse
2343 5270 2442 5322 pro
2464 5253 2753 5312 incredulis
2780 5253 3047 5322 cupiebat,
3071 5251 3211 5306 etde
3240 5253 3515 5307 conversis
3540 5252 3603 5304 ad
3629 5251 3785 5304 fidem

2199 5357 2306 5399 tum
2355 5353 2470 5398 erat
2515 5345 2800 5412 sollicitus,
2833 5355 2886 5397 ut
2915 5346 2956 5398 si
2990 5359 3076 5401 res
3110 5353 3374 5412 posceret,
3404 5341 3788 5411 profectioni-nt

2199 5453 2300 5491 non
2333 5439 2678 5502 detrectaret,
2707 5436 2770 5490 ad
2806 5435 3222 5489 ministrandum
3259 5449 3444 5489 eorum
3493 5434 3789 5486 necessita-

2199 5528 2341 5581 tibus
2384 5529 2632 5597 dignatur
2675 5543 2769 5580 cos
2797 5527 3166 5582 consiilatione
3213 5541 3312 5600 per
3351 5524 3582 5589 litteras,
3630 5532 3683 5577 et
3710 5525 3788 5578 la-

2199 5618 2384 5672 bantes
2443 5618 2590 5673 fulcit
2638 5619 2748 5672 suis
2791 5616 3273 5671 adhortationibus.
3305 5614 3359 5669 in
3401 5623 3605 5668 tantum
3647 5629 3789 5667 enim

2201 5714 2661 5783 opprin'tebantur,
2693 5721 2748 5766 ut
2801 5727 2937 5782 pene
2987 5710 3280 5766 deﬁcerent
3308 5728 3322 5764 :
3355 5708 3408 5762 id
3464 5707 3605 5778 quod
3649 5707 3790 5762 circa
