2104 3237
242 249 371 288 cpistola:
386 248 467 277 linem
481 246 525 274 itis
537 245 630 274 verbis
643 244 742 272 indicat
757 253 763 271 :
781 244 943 279 Quapropter
958 251 1048 269 manus

243 297 372 327 remissos
384 299 410 322 et
422 301 507 329 genua
529 291 616 320 soluta
636 291 756 326 surrigite
768 289 859 325 (Hebr.
874 289 917 317 ιε.
936 288 998 325 1‘2);
1024 293 1051 315 et

244 348 372 372 rursum.
393 338 485 366 Adhuc
500 335 669 373 perpusillum
690 335 820 369 temporis,
835 340 859 361 et
873 335 917 369 qui
930 338 1050 367 venturus

247 393 282 416 ut
294 387 390 419 maid,
405 389 491 412 etnon
501 383 631 415 tardabit;
641 386 667 409 et
681 382 788 413 iterum,
803 381 835 408 Si
848 386 919 408 extra
932 380 1049 414 discipli-

246 441 307 464 nam
321 431 396 464 estis,
418 430 497 467 igitur
510 427 594 464 spurii
615 429 685 459 estis,
705 436 755 454 non
774 427 822 461 ﬁlii
838 426 919 463 (Ibid.
943 426 986 453 10.
1003 427 1048 453 57.

245 483 271 510 ιι
286 478 334 506 12.
347 477 388 513 8).
403 473 539 511 Quoniam
552 473 625 502 enim
640 473 725 502 Judri
747 477 833 504 erant,
858 477 886 499 et
900 479 914 499 a
930 471 1050 506 patribus

244 524 307 556 suis
322 523 475 551 didicerant
487 529 505 550 e
514 521 628 556 vestigio
638 519 832 556 exspectandas
844 527 904 547 esse
920 519 1049 546 malorum

245 575 276 599 et
298 570 436 597 bonorum
456 567 667 600 vicissitudines,
691 566 784 600 sicque
803 573 864 593 esse
883 564 1048 597 vivendum;

248 622 315 644 tunc
335 623 403 644 vero
421 622 470 650 spe
490 614 624 642 bonorum
640 618 699 649 post
724 617 839 640 nim-tem
864 612 955 645 dilata,
980 612 1050 639 mala

245 667 356 695 tantum
370 664 449 689 erant
463 660 491 688 in
506 659 649 692 manibus,
663 663 690 686 et
703 658 832 686 credibile
848 663 906 685 erat
921 662 980 693 post
991 659 1050 685 lon-

245 716 310 744 gam
325 705 498 735 tolerantiam
513 705 644 741 quosdant
668 705 696 732 in
719 703 964 739 pusillanimitatem
983 704 1051 731 inci-

246 755 342 787 disse;
358 753 472 782 multum
488 752 539 780 hac
553 751 587 780 de
602 759 632 779 re
645 751 776 779 sollicitus
789 755 839 778 est.
857 751 908 778 Sed
923 750 980 777 haec
1002 758 1050 778 suo

247 807 376 836 uttnpore
389 799 556 827 disseremus
576 797 724 834 prolixius;
748 805 818 825 nttnc
841 798 906 825 satis
928 797 961 824 sit
984 798 1051 824 indi-

247 854 341 880 casse,
362 845 434 881 quod
454 851 568 873 necesse
588 843 627 871 illi
643 844 723 871 fuerit
745 843 779 870 ad
794 851 841 871 eos
864 843 996 876 scribere,
1017 843 1051 871 de

246 893 351 928 quibus
365 897 424 920 erat
439 895 580 926 tantopere
592 890 736 918 sollicitus.
753 889 829 920 Licet
843 889 915 917 enim
930 889 1001 919 notis
1017 889 1052 917 de

247 939 344 969 causis
356 938 392 966 ad
405 939 480 974 ipsos
495 938 593 965 missus
610 944 663 965 non
686 937 731 970 sit,
750 936 815 964 nihil
839 941 928 964 tamen
945 936 1052 964 vetabat

246 994 313 1014 eum
325 986 462 1014 scribere.
478 983 557 1019 Quod
577 988 667 1011 atttem
683 983 715 1010 ad
731 982 978 1018 pusillanimitatem
993 991 1053 1010 ver-

246 1035 360 1068 sarent,
377 1030 480 1059 indicat
494 1029 537 1058 his
550 1029 640 1057 verbis
657 1037 663 1055 :
680 1028 810 1058 Remissa:
830 1037 920 1055 manus
934 1033 956 1055 et
969 1028 1052 1055 soluta

245 1085 335 1114 genu
357 1076 488 1111 εισι-19119,
514 1079 537 1103 et
559 1083 662 1113 gressus
680 1079 760 1103 rectos
781 1075 872 1111 facite;
897 1079 923 1101 et
943 1075 1050 1107 iterum,

247 1123 316 1157 Non
333 1124 401 1153 aliut
421 1123 532 1158 injustas
546 1126 582 1148 est
597 1121 676 1154 Deus,
691 1125 718 1147 ut
732 1120 894 1152 obliviscatur
913 1121 996 1155 operis
1009 1129 1051 1147 ee~

248 1170 300 1202 {tri
320 1174 344 1197 et
361 1168 476 1198 caritutis
501 1167 593 1203 (Ibid.
619 1167 662 1197 12.
686 1166 729 1193 12.
752 1166 786 1193 15
809 1171 832 1194 et
854 1167 880 1194 6.
907 1166 962 1201 10).
986 1166 1052 1193 Nam

247 1215 344 1243 anima
365 1214 468 1242 crebris
488 1217 613 1249 quassata
640 1212 843 1243 tentatiunibus,
870 1219 943 1246 επιρο
964 1212 1052 1238 (1ἱιηυο

247 1265 331 1289 vetur
356 1267 372 1289 a
392 1259 458 1288 ﬁde.
478 1259 541 1287 Ideo
569 1258 710 1286 conﬁrmat
728 1266 774 1286 eos
799 1259 896 1286 talibus
928 1259 1054 1286 adhorta-

247 1306 383 1338 tionibus,
405 1313 441 1333 ne
469 1305 524 1333 sint
547 1304 630 1332 corde
652 1304 800 1332 incredulo.
817 1306 905 1339 Atque
931 1305 989 1331 haec
1012 1310 1055 1331 est

246 1361 333 1385 causa
356 1360 406 1381 cur
425 1353 451 1380 in
469 1352 519 1379 hac
532 1351 703 1388 potissimum
720 1350 832 1386 cpistola
850 1351 932 1378 multa
949 1351 982 1378 de
1004 1352 1055 1379 lidc

247 1399 381 1432 disserat,
392 1403 420 1426 et
432 1398 525 1426 multis
537 1397 626 1425 allatis
638 1397 768 1432 exemplis
784 1397 854 1424 circa
872 1397 951 1424 ﬁnem
965 1402 1055 1425 osten-

247 1445 304 1478 dit,
320 1444 443 1479 patribus
457 1450 565 1479 quoque
577 1450 630 1470 non
646 1447 835 1478 repraesentata
850 1450 909 1477 quae
923 1443 1054 1477 promissa

247 1495 333 1523 erant
345 1499 362 1518 e
373 1490 486 1526 vestigio
499 1494 626 1518 secutura
641 1488 722 1515 bona.
738 1488 778 1516 Ad
796 1489 863 1520 haec.
881 1496 913 1516 uc
932 1496 962 1516 se
976 1494 1054 1523 puta-

246 1541 315 1570 rent
326 1535 474 1566 derelictos
492 1535 520 1562 in
539 1534 758 1566 adversitatibus,
775 1534 880 1561 duobus
900 1535 987 1562 modis
1008 1542 1055 1562 eos

247 1582 364 1616 instruit
379 1591 387 1610 :
403 1582 490 1617 primo
506 1589 685 1617 quaecumque
709 1581 855 1608 acciderint
867 1581 965 1616 jubens
984 1581 1055 1609 ferre

249 1628 383 1662 Ianitor,
413 1627 513 1655 deinde
532 1634 645 1662 sperare
669 1631 772 1654 certum
794 1627 932 1663 prtcmium
950 1637 956 1654 :
972 1628 1055 1655 [lcum

247 1673 327 1702 enim
339 1681 395 1701 non
411 1673 597 1709 neglecturum
613 1671 804 1700 inhonoratum
821 1672 944 1706 Abelem,
966 1678 992 1700 et
1012 1681 1054 1701 re-

255 1770 650 1787 PP___,__.,__.__

203 180 206 182 ’
243 192 279 223 t3
305 177 311 180 ’
706 185 739 214 lN
759 185 865 215 EPIST.
886 185 932 214 AD
953 184 1055 212 nemo

1108 184 1135 213 S.
1156 186 1234 213 CAP.
1255 186 1275 214 I.
1297 186 1410 215 llOillL.
1433 187 1452 214 1.
1863 186 1897 212 M

1106 243 1203 277 liquam
1217 244 1344 280 deinceps
1356 246 1491 280 jnstorum
1507 245 1617 274 seriem.
1641 245 1674 273 Et
1689 245 1821 281 triplicem
1845 244 1898 271 illis

1105 290 1316 317 consolationem
1344 291 1454 318 adhibet
1476 300 1483 318 :
1507 299 1587 318 unam
1613 293 1737 326 exemplo
1765 293 1898 327 passionis

1105 336 1203 364 Christi
1220 346 1226 363 :
1243 337 1337 365 dicens
1355 346 1407 365 non
1429 346 1488 365 esse
1504 339 1634 373 potiorem
1648 346 1755 365 servum
1772 346 1853 373 quam
1864 339 1899 365 sit

1105 383 1188 418 ipsius
1201 384 1325 410 dominus
1343 393 1348 410 :
1365 385 1477 411 alteram
1492 388 1628 411 ostentato
1647 384 1813 411 credentium
1828 391 1899 418 prae-

1105 430 1159 457 mio
1174 439 1180 458 :
1198 431 1301 457 tertiam
1315 430 1377 457 dum
1392 431 1471 458 docet
1483 431 1632 466 qualisnam
1655 431 1690 459 sit
1710 432 1766 458 lucc
1777 431 1899 459 adversi-

1105 482 1156 504 tas.
1171 476 1225 504 Nec
1239 484 1286 512 per
1300 477 1386 503 lutura
1401 478 1487 504 solum
1501 485 1548 505 eos
1562 477 1702 505 conlirmat
1716 499 1723 510 ,
1740 477 1836 513 quibus
1851 479 1901 504 mi-

1105 532 1155 552 nus
1175 524 1274 551 moveri
1302 528 1441 558 poterant,
1468 532 1559 551 verum
1584 525 1663 551 etiam
1692 532 1738 559 per
1764 525 1899 559 prmterita

1105 579 1164 606 qua:
1177 571 1333 599 acciderunt
1355 571 1474 605 ipsorum
1493 571 1623 606 patrihus.
1637 571 1710 598 Idem
1730 575 1757 598 et
1776 571 1898 598 Christus

1105 618 1178 650 facit,
1191 626 1262 645 nunc
1273 625 1373 653 negans
1383 625 1488 644 scrtum
1499 617 1627 651 majorem
1641 625 1701 644 esse
1715 625 1763 643 suo
1779 617 1894 648 domino,

1105 673 1176 693 nttnc
1198 665 1295 692 multas
1311 672 1371 692 esse
1387 664 1540 692 mansiones
1555 663 1624 699 apud
1648 664 1752 690 Patrem
1767 671 1842 690 suum
1857 670 1900 690 as—

1105 719 1242 742 severans,
1255 715 1281 737 et
1292 718 1436 745 numquam
1452 718 1504 737 non
1520 709 1664 737 incredulis
1677 717 1716 736 \‘(C
1728 709 1897 735 denuntians.

1106 757 1191 784 Porro
1218 757 1364 791 Apostolus
1391 757 1514 786 crebram
1541 756 1704 783 mentionem
1728 755 1790 784 facit
1803 754 1840 782 Te
1858 759 1898 781 ta-

1106 804 1187 832 ntenti
1203 803 1268 834 Novi
1284 803 1361 832 simul
1373 808 1400 831 et
1415 802 1538 830 Veteris:
1553 802 1622 838 quod
1635 802 1659 829 id
1675 802 1899 829 animadverteret

1105 851 1138 880 ad
1161 850 1368 878 resurrectionis
1389 849 1589 884 persuasionem
1616 848 1691 876 valde
1719 847 1898 875 conducibile.

1105 898 1144 925 Ne
1159 897 1229 925 enim
1244 901 1353 931 propter
1367 896 1517 930 passionem
1535 895 1639 922 Domini
1654 895 1687 921 de
1704 894 1900 920 resurrectione

1106 944 1165 978 ejus
1175 943 1307 974 dubitent,
1321 942 1510 977 prophetarutn
1527 949 1586 968 eam
1603 940 1763 968 testimoniis
1776 939 1900 970 adstruit,

1107 991 1237 1026 docetque
1249 990 1347 1016 nostris
1359 980 1439 1015 rebus
1450 987 1651 1015 venerationem
1664 986 1767 1018 deberi,
1784 994 1835 1011 non
1851 985 1900 1012 Ju-

1106 1036 1190 1064 daicis
1205 1045 1211 1061 :
1228 1035 1315 1062 adlmc
1328 1035 1399 1062 enim
1414 1033 1542 1068 templum
1556 1032 1642 1059 stabat
1652 1039 1712 1058 cum
1728 1031 1785 1058 suis
1798 1031 1901 1058 sacrili-

1107 1083 1156 1110 ciis
1170 1091 1176 1109 :
1192 1086 1355 1117 quapropter
1368 1080 1433 1107 dicit
1451 1089 1457 1106 :
1474 1078 1602 1106 Exemnus
1623 1078 1701 1113 igitur
1714 1082 1786 1104 extra
1805 1082 1899 1108 castra,

1107 1127 1271 1162 opprobrium
1286 1127 1341 1161 ejus
1356 1130 1483 1161 portantes
1496 1124 1587 1159 (llebr.
1605 1124 1646 1150 i3.
1664 1123 1719 1157 i3).
1736 1123 1842 1150 Palerat
1855 1130 1901 1148 att-

1109 1181 1162 1203 tcm
1174 1174 1222 1201 hac
1239 1178 1313 1209 parte
1327 1171 1474 1200 contradici
1485 1180 1491 1197 :
1503 1171 1530 1198 Si
1545 1170 1601 1197 ha‘c
1617 1170 1708 1197 umbra
1727 1173 1826 1195 tantum
1840 1174 1902 1196 sunt

1108 1226 1134 1249 et
1160 1221 1247 1255 imago
1272 1219 1315 1254 qui
1333 1218 1360 1245 [it
1376 1222 1404 1244 ut
1430 1225 1482 1244 non
1497 1220 1659 1251 prastereant
1672 1236 1679 1248 ,
1696 1222 1783 1249 neque
1806 1215 1903 1242 cedant

1107 1268 1162 1302 jam
1178 1270 1277 1293 exorta:
1293 1264 1345 1291 luci
1362 1263 1491 1296 veritatis,
1509 1261 1554 1289 scd
1569 1261 1595 1288 in
1610 1268 1658 1287 suo
1671 1261 1760 1295 vigore
1775 1267 1902 1294 perseve-

1108 1314 1187 1342 rent?
1200 1313 1260 1340 ldeo
1278 1312 1328 1338 hoc
1339 1317 1444 1345 quoque
1461 1313 1618 1336 eventurum
1633 1314 1682 1333 suo
1697 1312 1816 1340 tempore
1838 1306 1902 1333 Stili-

1109 1360 1218 1387 iudicat.
1233 1357 1308 1392 Quod
1323 1362 1411 1383 autem
1433 1355 1487 1390 jam
1512 1360 1584 1386 ante,
1606 1354 1685 1387 longo
1710 1358 1838 1387 tempore,
1857 1360 1904 1386 per

1110 1407 1188 1434 [idem
1211 1406 1237 1433 itt
1261 1402 1449 1431 afﬂictionibus
1468 1404 1621 1428 constanter
1635 1399 1838 1434 perduravcriut
1853 1399 1901 1425 do-

1108 1455 1192 1482 clarat
1202 1452 1294 1480 dicens
1316 1460 1323 1477 :
1342 1450 1405 1478 Cum
1429 1449 1538 1476 debeatis
1553 1456 1600 1480 pro
1615 1446 1733 1482 temporis
1747 1446 1844 1472 ratione
1859 1446 1905 1471 clo-

1109 1505 1188 1527 ctores
1202 1507 1271 1529 esse;
1282 1502 1320 1530 et,
1334 1496 1374 1524 Ne
1385 1496 1449 1531 forte
1457 1496 1488 1522 sit
1500 1494 1525 1521 iu
1537 1494 1622 1528 aliqua
1633 1497 1739 1519 uestrum
1753 1500 1797 1518 cor
1810 1491 1905 1517 malum

1109 1544 1286 1579 inﬁdelitatis;
1310 1547 1347 1575 et,
1364 1542 1510 1568 lmitutores
1524 1540 1584 1575 [acti
1609 1539 1668 1566 estis
1688 1547 1784 1571 eorum,
1807 1537 1847 1572 qui
1862 1545 1905 1568 per

1110 1592 1187 1627 fiderit
1207 1599 1236 1616 ac
1250 1589 1399 1625 patientiam
1421 1586 1585 1613 hereditatem
1602 1585 1796 1620 promissionum
1816 1591 1904 1610 cotis:-

1109 1638 1180 1674 quuti
1195 1641 1252 1663 sunt
1268 1634 1349 1670 (Ibid.
1370 1634 1397 1661 ὅ.
1414 1633 1457 1660 12.
1473 1637 1496 1659 et
1509 1633 1535 1659 5.
1551 1632 1592 1658 12.
1609 1636 1632 1658 et
1648 1631 1675 1658 6.
1693 1630 1748 1665 12).

1013 1763 1888 1776 ____________________—_._—__

1000 1821 1169 1853 HOMlLiA
1193 1821 1215 1851 l.

248 1894 322 1930 CQ.
337 1894 364 1922 1.
379 1901 406 1921 v.
423 1893 448 1921 l.
465 1893 638 1927 Multifariaut
657 1892 794 1928 multisque
814 1892 895 1918 modis
913 1892 972 1919 aliut
988 1892 1055 1919 Deus

290 1941 399 1975 loquens
409 1939 525 1974 patribus
536 1938 562 1965 iu
578 1939 720 1973 prop/retis,
744 1938 880 1964 novissime
896 1938 984 1964 diebus
1002 1938 1057 1964 istis

289 1985 415 2020 loquutus
430 1989 468 2012 ut
482 1984 554 2011 nobis
565 1985 592 2010 in
609 1983 679 2010 Filio
695 1983 743 2010 τε.
757 1991 831 2017 quem
839 1984 966 2009 constituit
983 1983 1054 2010 liere-

290 2031 351 2059 ἄστη
362 2031 548 2062 uniuersorum,
566 2038 610 2065 per
624 2037 697 2064 quem
708 2030 767 2064 fecit
782 2033 804 2055 ιτι
815 2028 919 2055 swcttla.

291 2076 320 2104 l.
342 2075 449 2104 Revera
463 2076 506 2102 ιιὺί
522 2074 667 2102 abundavit
685 2078 834 2108 peccatum,
851 2073 1057 2108 superabunda-

251 2123 294 2150 vit
304 2127 333 2150 et
347 2122 433 2157 gratia
450 2121 540 2156 (Rom.
555 2121 581 2147 5.
599 2119 657 2154 ΞΟ).
674 2119 730 2146 lloc
744 2119 824 2153 igitur
844 2119 887 2145 hic
908 2127 1015 2154 quoque
1032 2119 1058 2145 in

253 2168 391 2205 pmmmio
410 2167 566 2195 subindicat
582 2167 675 2193 beatus
691 2166 799 2197 Paulus,
814 2165 936 2192 scrihens
955 2166 988 2192 ad
1007 2166 1059 2192 lie-

252 2214 355 2242 brzeos.
367 2212 435 2241 Nam
449 2212 576 2248 quoniam
588 2215 647 2239 erat
657 2211 802 2238 verisimile
811 2211 882 2245 ipsos
889 2211 1022 2238 cruciatos
1035 2217 1057 2237 nt

255 2265 272 2284 ι
287 2256 370 2284 malis
383 2259 506 2287 vexatos,
522 2258 551 2282 et
565 2260 609 2281 res
623 2261 654 2280 ex
667 2253 709 2280 his
721 2252 884 2287 judicantes,
900 2251 1057 2278 existimare

253 2301 368 2336 seipsos
380 2300 508 2328 omnibus
522 2299 583 2327 aliis
597 2299 728 2330 minores,
749 2297 869 2325 ostendit
888 2297 938 2324 hac
953 2296 1059 2323 ratione

251 2353 306 2374 eos
321 2345 412 2382 potius
427 2344 558 2379 majorem
573 2347 732 2378 assequutos
742 2350 802 2370 esse
815 2342 927 2377 gratiam
940 2346 968 2369 et
982 2341 1060 2367 valde

253 2396 486 2427 exsuperantem,
510 2398 544 2418 ex
568 2390 627 2424 ipso
649 2389 760 2416 exordio
781 2388 912 2415 orationis
937 2387 1060 2415 excitans

254 2439 422 2466 auditorem.
447 2437 594 2472 Propterea
617 2436 703 2463 dicit:
720 2434 895 2470 Multifnrt'am
918 2434 1056 2469 multisque

253 2484 343 2512 modis
359 2483 421 2510 olim
431 2482 503 2510 Deus
516 2482 623 2517 loquens
634 2481 750 2517 putribus
765 2481 792 2508 in
808 2481 939 2516 prophetis
951 2488 960 2507 :
973 2481 1000 2507 in
1010 2489 1062 2507 no-

253 2532 368 2561 uiuimle
381 2532 422 2559 Itis
435 2531 523 2559 diebus
533 2530 652 2567 loquutus
665 2535 702 2558 est
715 2531 823 2558 nobisin
834 2530 913 2560 Filio.

295 2577 398 2604 Paulus
417 2577 501 2612 major
515 2577 656 2611 prophetis.
669 2591 706 2597 ——
723 2577 776 2603 Cur
793 2584 847 2603 non
864 2577 983 2609 scipsum
1006 2583 1055 2608 op-

253 2622 349 2659 posuit
363 2622 504 2658 prophetis
521 2621 534 2649 ?
551 2621 624 2657 atqui
649 2626 710 2649 erat
730 2621 783 2648 illis
799 2621 878 2656 longe
900 2621 999 2656 major,
1015 2627 1069 2655 qua

256 2668 342 2698 etiam
365 2668 468 2704 maiora
483 2668 588 2695 fuerant
609 2668 632 2695 ci
649 2667 762 2695 credita.
782 2666 835 2694 Sed
851 2667 902 2694 hoc
917 2675 970 2693 non
993 2666 1066 2693 facit.

252 2715 371 2750 Quare?
386 2715 507 2743 Primum
523 2715 632 2749 quidem
649 2722 745 2750 magna
766 2713 800 2741 de
821 2721 850 2742 se
873 2714 965 2740 dicere
986 2720 1067 2741 recu-

251 2768 323 2789 sans
335 2769 344 2788 :
358 2760 480 2789 secundo
494 2765 584 2788 autem
596 2781 603 2793 ,
617 2760 689 2796 quod
712 2759 831 2787 nondum
849 2759 959 2794 perfecti
974 2763 1067 2787 essent

251 2807 418 2836 auditores:
431 2809 530 2842 tertio,
546 2815 594 2836 eos
608 2807 694 2842 magis
710 2806 806 2834 volens
819 2806 967 2839 extollere,
983 2811 1010 2833 et
1022 2812 1064 2832 os-

250 2853 371 2884 tendere
385 2861 512 2890 magnam
528 2861 590 2881 esse
607 2853 828 2888 przecellentiam.
843 2851 924 2886 Quasi
940 2851 1044 2879 diceret
1058 2860 1064 2877 :

249 2899 327 2935 Quid
346 2907 478 2936 mgnum
501 2903 543 2929 est
563 2900 634 2936 quod
656 2899 804 2936 prophetas
824 2899 899 2929 misit
919 2898 953 2927 ad
974 2902 1065 2935 patres

1113 1883 1220 1907 nostros
1230 1878 1242 1905 ?
1252 1878 1285 1906 ad
1299 1886 1348 1906 nos
1362 1877 1433 1906 enim
1448 1877 1520 1904 misit
1531 1877 1628 1904 Filium
1643 1884 1721 1904 suum
1735 1875 1912 1911 unigenitum.

1113 1924 1230 1952 Pulchre
1255 1929 1345 1952 autem
1367 1924 1408 1952 sic
1432 1923 1550 1959 incepit,
1577 1923 1749 1958 Multifariam
1777 1922 1913 1956 multisque

1111 1972 1192 1999 modis
1204 1980 1213 1998 .'
1228 1971 1348 1999 ostendit
1360 1971 1430 1998 cnim
1446 1971 1518 2006 quod
1533 1978 1566 1998 ne
1582 1970 1631 2005 ipsi
1647 1970 1755 2005 quidem
1772 1969 1913 2003 prophetae

1114 2018 1196 2045 Deum
1222 2018 1360 2050 viderunt;
1376 2017 1461 2045 Filius
1477 2025 1541 2044 vero
1556 2017 1631 2044 vidit.
1650 2017 1717 2044 lllttd
1733 2017 1804 2043 enim
1818 2036 1825 2049 ,
1841 2015 1913 2042 Mul-

1113 2064 1226 2098 tifariam
1241 2064 1378 2098 multisque
1393 2064 1491 2096 modis,
1509 2064 1560 2091 hoc
1582 2068 1639 2095 est,
1660 2063 1766 2090 diverse
1787 2067 1813 2088 ct
1828 2062 1911 2088 varie.

1114 2110 1169 2145 Ego
1180 2111 1253 2138 enim
1265 2132 1272 2143 ,
1287 2112 1383 2145 inquit,
1400 2110 1569 2145 multiplican
1585 2110 1703 2142 uisiones,
1717 2114 1738 2136 et
1754 2109 1780 2136 in
1796 2109 1914 2135 munibus

1111 2158 1296 2192 prophetarum
1319 2165 1375 2184 sum
1388 2157 1544 2184 assimilatus
1558 2155 1635 2191 (Osee
1649 2156 1692 2183 12.
1706 2156 1760 2191 10).
1777 2155 1914 2189 Quamob-

1112 2211 1167 2230 rcm
1190 2212 1243 2230 nun
1261 2203 1287 2230 iu
1313 2204 1364 2230 hoc
1386 2204 1473 2231 solum
1497 2209 1538 2231 est
1562 2203 1762 2238 praecellentia,
1785 2202 1856 2237 quod
1879 2201 1914 2228 ad

1110 2251 1171 2278 illus
1183 2251 1290 2286 quidem
1307 2250 1380 2278 missi
1394 2256 1456 2278 sunt
1472 2250 1611 2285 prophetae
1622 2271 1629 2281 ,
1650 2250 1683 2276 ad
1701 2258 1749 2276 nos
1762 2254 1852 2276 autent
1869 2248 1913 2275 Fi-

1110 2297 1177 2328 lius;
1202 2297 1248 2324 sed
1275 2297 1355 2324 etiam
1372 2296 1443 2331 quod
1469 2296 1575 2323 illorqu
1600 2295 1708 2330 quidem
1734 2295 1824 2321 utilius
1847 2294 1914 2320 vidit

1112 2345 1213 2378 Deum,
1228 2344 1293 2371 vidit
1307 2349 1396 2371 autem
1410 2344 1493 2371 Filius
1507 2343 1673 2378 unigenitus.
1690 2342 1722 2369 Et
1739 2341 1789 2369 huc
1804 2341 1912 2376 quidem

1112 2399 1164 2417 non
1179 2391 1269 2417 statim
1285 2390 1370 2426 ponit.
1387 2390 1484 2425 probat
1497 2394 1587 2417 autem
1603 2397 1650 2424 per
1664 2397 1694 2416 ea
1709 2397 1769 2424 quze
1783 2388 1913 2422 deinceps

1111 2442 1261 2472 sequuntur
1276 2447 1282 2464 :
1298 2445 1396 2471 nempe
1411 2436 1519 2471 quando
1535 2436 1599 2463 dicit
1613 2436 1646 2463 de
1661 2436 1828 2462 humanitate
1842 2444 1848 2460 :
1865 2434 1913 2462 Cui

1111 2484 1178 2511 enim
1196 2484 1347 2519 angelorum
1368 2484 1432 2511 dixit
1444 2493 1453 2510 :
1470 2483 1553 2510 Filius
1568 2492 1636 2510 meus
1650 2491 1675 2510 es
1690 2488 1716 2509 tu
1729 2483 1742 2509 .7
1757 2487 1798 2515 et,
1817 2482 1883 2509 Sede
1896 2491 1913 2509 α

1111 2530 1208 2558 dextris
1230 2531 1292 2557 meis
1308 2531 1343 2566 (v.
1358 2531 1385 2558 5.
1399 2535 1422 2557 et
1435 2530 1501 2565 i5)?
1518 2528 1584 2556 Vide
1600 2533 1689 2556 autem
1705 2536 1838 2563 vmaguam
1853 2528 1912 2562 cjus

1112 2576 1281 2611 prudentiam
1296 2586 1302 2604 ;
1316 2584 1331 2603 a
1343 2576 1480 2611 prophetis
1495 2576 1612 2611 primtnn
1627 2575 1744 2602 ostendit
1757 2576 1913 2610 praecellen-

1112 2622 1175 2649 tiam
1188 2631 1194 2648 :
1205 2622 1304 2650 deinde
1317 2630 1378 2650 cum
1392 2622 1456 2649 illttd
1468 2623 1657 2650 conﬁrmasset
1669 2626 1803 2657 tamquam
1814 2621 1847 2648 de
1858 2629 1912 2656 quo

1111 2673 1265 2701 constaret,
1283 2669 1439 2702 pronuntiat
1451 2668 1522 2704 qttod
1539 2668 1592 2695 illis
1605 2668 1714 2703 quidem
1732 2668 1858 2703 loquutus
1871 2672 1913 2695 est

1112 2722 1159 2747 per
1177 2714 1338 2748 prophetas,
1357 2714 1436 2742 nobis
1457 2720 1546 2742 autem
1573 2722 1620 2748 per
1636 2714 1819 2749 Unigenitum.
1835 2714 1912 2746 Quod

1111 2760 1133 2787 si
1150 2761 1203 2787 illis
1219 2761 1299 2787 etiam
1315 2768 1362 2795 per
1377 2760 1487 2796 angelos
1501 2760 1510 2797 (
1523 2768 1585 2787 nam
1599 2760 1687 2795 angeli
1703 2767 1812 2795 quoque
1826 2760 1912 2787 culin-

1111 2806 1186 2840 quuti
1209 2811 1272 2834 Sunt
1293 2814 1353 2833 cum
1373 2805 1473 2834 Judzcis
1486 2806 1495 2841 )
1509 2814 1514 2832 ε
1530 2811 1557 2833 at
1570 2806 1596 2833 in
1613 2806 1663 2833 hoc
1677 2813 1785 2841 quoque
1809 2805 1868 2832 illos
1886 2804 1911 2831 in

1109 2857 1212 2881 tantum
1227 2861 1395 2888 superamus.
1412 2853 1483 2889 quod
1498 2854 1637 2881 nobiscum
1651 2852 1758 2887 quidem
1770 2852 1909 2883 Dominus,

1108 2907 1170 2928 cum
1187 2899 1242 2932 illis
1264 2905 1354 2929 autem
1377 2900 1449 2928 scrt'i
1470 2908 1553 2928 :nam
1570 2905 1596 2928 ct
1613 2899 1703 2936 angeli
1726 2899 1751 2926 et
1773 2899 1911 2934 prophetae
