4208 6482
556 363 624 420 ις
1283 356 1340 413 S.
1378 355 1656 419 .IOANNIS
1693 355 2162 415 CHRYSOSTOMI
2203 355 2522 412 Allllllll‘ll‘.
2554 357 3089 423 CONSTANTINOP.
3757 377 3826 436 {5

554 466 824 523 conservi.
856 466 1084 527 Pulchre
1109 475 1286 526 autem
1317 467 1450 525 dicit
1476 486 1491 524 :
1523 469 1590 523 In
1617 472 1900 529 novissimis
1922 476 2097 531 diebus
2122 496 2143 533 .-

556 574 679 613 nam
723 557 828 614 hoc
873 574 1089 631 quoque
1134 558 1282 629 ipsos
1310 559 1541 631 excitat,
1592 570 1648 617 et
1695 565 2008 623 consulatur
2030 568 2143 640 jam

553 651 819 707 defessos.
853 649 1003 707 Sicut
1023 651 1165 707 enim
1193 649 1326 706 dicit
1351 651 1511 709 alibi:
1535 650 1792 711 Dominus
1834 675 1994 731 prope
2026 671 2142 723 est,

553 744 685 813 nihil
716 744 925 807 solliciti
961 744 1072 799 sitis
1116 741 1381 823 (Philipp.
1425 746 1481 817 4.
1512 744 1608 814 6);
1638 755 1696 804 et
1722 764 1947 819 rursus,
1990 750 2141 813 Nunc

552 838 685 903 enim
716 837 934 912 propior
960 846 1035 905 est
1063 846 1241 891 nostra
1282 838 1462 915 salus,
1508 856 1664 913 quam
1694 857 1807 897 cum
1836 843 2144 909 credidimus

550 928 732 1001 (Rom.
779 928 864 984 15.
904 928 993 999 ll)
1016 946 1029 983 :
1056 927 1128 982 ita
1159 928 1249 983 hic
1277 943 1510 1001 quoque.
1536 930 1684 998 .Quid
1721 941 1804 998 est
1833 949 1961 1017 ergo
1999 937 2142 1015 quod

546 1018 681 1085 dicit
701 1017 723 1071 ?
745 1016 894 1087 Quod
921 1020 1014 1090 qui
1042 1021 1100 1076 in
1138 1021 1435 1091 certamine
1459 1030 1542 1079 est
1568 1016 1923 1096 consumptus
1967 1039 2144 1085 etes-

551 1107 794 1179 ltaustus,
815 1121 1095 1193 postquam
1128 1112 1357 1177 audierit
1395 1114 1555 1183 [lenem
1583 1118 1911 1193 certaminis,
1950 1122 2141 1191 paulu-

550 1199 660 1255 lum
681 1201 931 1277 respirat,
957 1212 1014 1258 ιιι
1038 1205 1126 1276 qui
1149 1204 1284 1260 sciat
1302 1206 1443 1275 illius
1459 1207 1674 1278 quidem
1692 1224 1811 1266 esse
1833 1212 2016 1278 tinent,
2042 1214 2147 1271 ini-

554 1291 683 1345 tiutn
715 1304 895 1349 autem
921 1294 1134 1364 quietis.
1179 1295 1246 1350 In
1287 1298 1570 1369 novissimis
1607 1300 1782 1358 diebus
1806 1303 2043 1371 loquutus
2072 1316 2144 1361 est

550 1381 767 1439 nobisin
793 1384 955 1455 Filio.
984 1387 1129 1447 Ecce
1157 1403 1376 1465 rursus,
1408 1388 1474 1445 In
1501 1390 1661 1447 Filio.
1691 1393 1795 1450 Per
1820 1393 2038 1463 Filium,
2064 1397 2145 1452 in-

549 1477 665 1549 quit
683 1516 698 1540 ,
743 1478 1002 1534 adversus
1030 1495 1125 1536 eos
1154 1482 1244 1552 qui
1288 1482 1472 1540 dicunt
1499 1484 1551 1540 id
1577 1488 1870 1549 convenire
1897 1489 2143 1560 Spiritui.

549 1564 714 1623 Vides
739 1569 880 1643 quod
910 1571 1050 1637 istud
1081 1573 1150 1628 In
1176 1582 1259 1630 est
1288 1575 1408 1635 Per.
1441 1576 1509 1633 Et
1533 1577 1688 1643 illud,
1715 1579 1873 1648 Olim,
1904 1592 1959 1637 et
1987 1584 2140 1653 illud,

550 1657 619 1719 In
644 1662 929 1718 novissimis
954 1665 1163 1735 diebus,
1195 1666 1396 1739 aliquid
1427 1669 1571 1725 aliud
1602 1670 1792 1727 innuit.
1822 1673 2144 1741 Quodnam?

547 1751 754 1826 Nempe
778 1769 901 1811 cum
934 1757 1162 1812 multum
1191 1760 1455 1830 temporis
1481 1748 1899 1839 intercessisset,
1937 1783 2008 1823 ex
2036 1784 2141 1839 quo

548 1860 764 1915 ciamus
784 1848 1109 1921 castigandi,
1141 1866 1207 1905 ex
1233 1867 1341 1923 quo
1367 1851 1678 1909 defecerant
1703 1856 2048 1921 charismata.
2075 1877 2141 1918 ex

547 1952 656 2005 quo
681 1953 787 2007 non
810 1949 926 1995 erat
954 1956 1076 2011 spes
1100 1942 1307 2013 salutis,
1339 1960 1406 1999 ex
1429 1960 1536 2016 quo
1563 1949 2008 2018 exspectabamus
2024 1951 2142 2010 lore

546 2035 607 2095 ut
631 2027 960 2085 detrimento
989 2030 1225 2103 undique
1244 2030 1603 2100 alliceremur,
1628 2045 1757 2093 tunc
1785 2040 1958 2109 majus
1988 2044 2140 2098 nobis

547 2117 740 2189 obtigit
778 2121 1229 2178 emolumentum.
1277 2123 1412 2180 Vide
1438 2135 1618 2183 autem
1650 2144 1811 2198 quam
1844 2132 2143 2201 prudenter

541 2210 651 2277 hoc
677 2211 897 2279 dixerit.
922 2212 1039 2273 Non
1070 2216 1214 2279 enim
1255 2216 1421 2285 dixit,
1461 2218 1712 2275 Christus
1742 2222 1992 2295 loquutus
2020 2235 2102 2281 est
2122 2269 2135 2294 ,

540 2321 867 2383 quamquam
899 2307 1014 2376 ipse
1052 2318 1168 2362 erat
1198 2308 1484 2378 loquutus;
1526 2311 1622 2366 sed
1660 2314 1913 2382 quoniam
1974 2316 2139 2371 imbe-

545 2399 655 2457 cilli
681 2415 868 2463 eorum
895 2400 1098 2469 animi,
1126 2415 1226 2465 nec
1250 2417 1371 2481 qua:
1395 2402 1464 2458 de
1493 2402 1711 2459 Christo
1741 2405 1963 2461 dicenda
1987 2420 2139 2465 erant

545 2490 721 2555 adhuc
762 2490 946 2549 audire
984 2500 1248 2561 poterant,
1296 2492 1469 2549 dicit:
1515 2493 1580 2549 In
1609 2493 1748 2550 Filio
1785 2498 2022 2567 loquutus
2065 2510 2138 2554 est

546 2581 708 2649 nobis.
728 2582 864 2652 Quid
882 2583 1036 2647 dicis,
1063 2584 1201 2638 Deus
1214 2599 1308 2655 per
1328 2584 1524 2643 Filium
1546 2587 1795 2658 loquutus
1815 2591 1935 2646 est?
1955 2592 2134 2665 Certe.

547 2673 650 2743 Ubi
676 2690 805 2751 ergo
831 2675 1191 2741 excellentia?
1224 2677 1312 2732 hic
1336 2678 1482 2741 enim
1520 2679 1801 2740 ostendisti
1836 2693 1889 2738 et
1929 2682 2135 2739 Novum

540 2777 602 2833 et
628 2767 794 2829 Vetus
815 2782 945 2833 esse
975 2769 1135 2827 unius
1172 2778 1226 2827 et
1254 2769 1499 2843 ejusdem
1522 2812 1537 2837 ,
1581 2772 1725 2843 quod
1754 2774 1971 2845 quidem
2025 2793 2139 2837 ma-

539 2874 665 2939 gna:
695 2874 801 2927 non
823 2868 906 2921 est
928 2859 1283 2927 excellentiae.
1317 2860 1605 2932 Propterea
1634 2862 1737 2919 hoc
1766 2865 1987 2921 verbum
2014 2882 2139 2939 per-

545 2952 789 3023 sequitur
836 2960 892 3009 et
930 2953 1184 3021 exponit,
1215 2952 1400 3015 dicens
1440 2952 1745 3025 :Loquutus
1786 2968 1859 3012 est
1897 2958 2041 3013 nobis
2084 2959 2138 3014 in

547 3042 708 3099 Filio.
745 3043 874 3107 Vide
898 3044 1168 3114 quomodo
1189 3044 1240 3101 id
1265 3060 1550 3109 commune
1573 3046 1726 3105 faciat
1746 3088 1762 3116 ,
1801 3056 1856 3103 et
1887 3048 2129 3123 discipu-

546 3138 628 3199 los
658 3136 759 3192 sibi
788 3145 1036 3208 exaequat
1068 3137 1267 3195 Paulus
1291 3137 1478 3199 dicens
1517 3157 1530 3192 :
1560 3137 1830 3211 Loquatus
1856 3151 1929 3211 est
1966 3143 2133 3207 nobis.

546 3236 706 3305 Atqui
741 3247 847 3288 non
873 3243 955 3288 est
984 3240 1032 3288 el
1064 3239 1313 3305 loquutus
1334 3274 1349 3299 ,
1381 3232 1476 3289 sed
1512 3232 1775 3304 apostolis
1794 3271 1812 3300 ν
1843 3240 1900 3286 et
1926 3246 2021 3301 per
2045 3232 2124 3300 ip-

544 3338 636 3377 sos
675 3323 876 3379 multis.
913 3322 1016 3379 Sed
1050 3324 1194 3396 ipsos
1236 3324 1478 3391 emollit,
1526 3332 1581 3378 et
1609 3322 1841 3379 ostendit
1873 3321 2017 3393 quod
2047 3320 2127 3375 eis

544 3428 757 3484 quoque
808 3415 880 3468 sit
933 3414 1212 3485 loquutus;
1260 3414 1326 3475 Et
1378 3413 1539 3471 simul
1593 3412 1810 3470 Iudaeos
1865 3410 2129 3483 perstrin-

542 3507 620 3571 git
662 3519 831 3559 :nam
884 3520 1071 3561 omnes
1132 3507 1272 3573 fere,
1326 3507 1520 3577 quibus
1578 3505 1784 3576 loquuti
1823 3514 1949 3561 sunt
2002 3518 2128 3575 pro-

541 3595 739 3668 phette,
784 3599 1028 3653 scelerati
1080 3606 1234 3654 erant
1285 3608 1340 3654 et
1381 3597 1714 3654 exsecrandi.
1769 3598 1835 3651 Et
1884 3596 2126 3661 nondum

540 3688 609 3751 de
652 3688 732 3749 Itis
768 3690 930 3745 verba
967 3691 1136 3759 ﬁunt;
1165 3691 1378 3757 interim
1424 3701 1600 3746 autent
1652 3690 1883 3761 loquitur
1911 3690 1977 3746 de
2023 3689 2122 3743 do-

542 3782 625 3844 nis
644 3797 761 3851 qurc
782 3796 812 3836 a
840 3781 948 3849 Deo
976 3792 1099 3837 sunt
1126 3783 1351 3844 collata;
1378 3782 1603 3852 ideoque
1628 3781 1935 3852 Subjungit:
1962 3780 2125 3847 Quem

538 3874 792 3928 constituit
817 3876 1048 3929 heredem
1071 3877 1437 3930 universorum.
1467 3874 1566 3930 llic
1592 3874 1721 3929 dicit
1745 3890 1965 3931 (utrncm
1984 3893 1996 3928 :
2015 3875 2122 3930 sie-

540 3974 596 4018 ut
623 3975 676 4017 et
718 3964 887 4019 David
910 3965 1046 4020 dixit
1077 3966 1128 4019 in
1181 3965 1418 4021 secundo
1447 3965 1682 4035 psalmo,
1715 3964 1929 4020 Postula
1960 3982 1991 4019 a
2021 3982 2120 4032 me,

537 4065 586 4117 et
612 4055 741 4110 dabo
769 4056 858 4109 tibi
881 4064 1052 4127 gentes
1093 4055 1422 4110 hereditate»:
1454 4056 1784 4127 tuant(l’sal.
1812 4056 1860 4109 9..
1898 4057 1979 4124 8).
2007 4055 2123 4111 Non

534 4155 621 4213 est
641 4148 783 4203 enim
812 4148 1042 4218 amplius
1069 4163 1190 4219 pars
1211 4147 1427 4202 Domini
1451 4145 1636 4214 Jacob,
1668 4165 1842 4219 neque
1868 4165 1985 4205 sors
2006 4153 2123 4221 ejus

535 4247 621 4296 est
664 4238 856 4307 lsrael,
889 4240 985 4296 sed
1026 4256 1235 4296 omnes.
1280 4239 1417 4307 Quid
1459 4240 1561 4296 sibi
1602 4242 1716 4298 vult
1745 4243 1912 4310 illud,
1961 4244 2123 4312 Quem

536 4332 797 4390 constituit
822 4333 1054 4386 heredem
1075 4333 1099 4385 7
1118 4333 1229 4388 Hoc
1256 4341 1359 4400 est,
1392 4330 1520 4388 fecit
1547 4349 1669 4389 eum
1698 4336 1979 4391 Dominum
2006 4352 2124 4391 om-

536 4423 706 4489 nium.
736 4422 887 4490 Quod
917 4422 1078 4477 etiam
1121 4422 1316 4479 Petrus
1355 4424 1489 4479 dixit
1535 4426 1587 4481 in
1632 4427 1808 4492 Actis,
1843 4426 1910 4480 Et
1935 4427 2121 4482 Domi-

536 4532 659 4580 nam
689 4525 737 4573 et
764 4514 1021 4570 Christum
1049 4532 1165 4569 eum
1193 4518 1310 4586 fecit
1339 4515 1476 4572 Deus
1507 4517 1643 4592 (Act.
1667 4518 1723 4573 2.
1750 4519 1866 4590 56).
1898 4519 2123 4576 lleredis

533 4616 713 4681 autem
743 4595 1116 4663 nomine'usus
1138 4616 1249 4670 est,
1273 4609 1381 4663 duo
1407 4610 1737 4681 significans,
1765 4626 1958 4681 nempe
1979 4611 2123 4683 quod

534 4699 783 4772 proprius
823 4709 877 4753 et
920 4713 1213 4768 germanus
1259 4711 1404 4756 esset
1448 4701 1644 4770 Filius,
1691 4712 1746 4758 et
1773 4703 1914 4773 quod
1962 4704 2121 4761 abeo

534 4789 691 4853 avelli
733 4804 839 4842 non
873 4797 1053 4859 posset
1085 4789 1403 4847 dominium.
1435 4790 1693 4847 Hert-deni
1730 4795 2076 4850 universorum
2101 4839 2119 4865 ,

535 4878 638 4949 hoc
668 4886 783 4944 est,
817 4880 981 4935 totius
1012 4881 1218 4935 mundi.
1252 4880 1484 4937 Rursum
1517 4883 1583 4938 ad
1614 4883 1667 4939 id
1693 4886 1835 4965 quod
1862 4896 1946 4942 est
1971 4888 2120 4958 prius

532 4973 702 5037 refert
729 4974 1031 5030 orationem
1064 4992 1078 5030 :
1111 4974 1217 5030 Per
1239 4993 1384 5047 quem
1415 4977 1533 5047 fecit
1561 4987 1607 5032 et
1630 4980 1836 5034 stt’cula.

603 5066 658 5120 2.
700 5065 889 5123 Contra
940 5067 1380 5124 Arianos.—Ubi
1409 5079 1533 5124 sunt
1585 5072 1673 5141 qui
1730 5072 1936 5142 dicunt,
1997 5076 2122 5132 Erat

533 5157 750 5226 quando
792 5173 900 5213 non
932 5158 1085 5213 erat?
1115 5160 1321 5219 Deinde
1368 5172 1527 5217 utens
1567 5163 1856 5233 gradibus,
1884 5165 2019 5222 dixit
2065 5169 2119 5224 id

532 5251 674 5320 quod
697 5259 780 5306 est
809 5249 966 5320 longe
988 5251 1182 5320 majus.
1210 5254 1263 5309 3.
1292 5252 1393 5320 Qui
1421 5270 1535 5307 cum
1557 5254 1621 5310 sit
1647 5257 1887 5324 splendor
1917 5260 2115 5330 gloriae,

530 5357 576 5407 et
618 5344 787 5415 ﬁgura
814 5345 1109 5400 substantia!
1132 5348 1264 5418 ejus,
1298 5356 1609 5418 portamque
1635 5351 1807 5405 omnia
1834 5354 1983 5407 verbo
2011 5357 2116 5408 vir-

529 5438 650 5505 tutis
694 5453 822 5504 sate,
865 5440 1217 5508 purgationem
1259 5449 1580 5512 peccatorum
1622 5444 1832 5515 faciens,
1873 5445 2011 5500 sedet
2051 5451 2119 5503 ad

528 5528 787 5591 dexteram
817 5531 1100 5601 majestatis
1125 5531 1179 5584 in
1209 5533 1421 5589 excelsis
1449 5549 1468 5587 :
1492 5533 1545 5588 4.
1578 5543 1718 5589 tanto
1759 5536 1939 5591 melior
1961 5555 2118 5610 ange-

528 5619 593 5689 lis
633 5619 862 5688 e/Tectus,
893 5633 1084 5693 quanto
1113 5623 1431 5697 differentias
1460 5641 1569 5696 pro:
1608 5627 1712 5681 illis
1754 5645 1937 5683 nomen
1975 5631 2119 5685 here-

526 5712 719 5766 ditrnu't.
754 5712 929 5782 Papm,
977 5723 1170 5785 quanta
1211 5725 1293 5771 est
1334 5717 1627 5787 apostolica
1672 5720 1972 5790 sapientia!
2008 5722 2118 5778 imo

529 5819 659 5868 vero
689 5821 796 5862 non
829 5806 999 5876 Pauli,
1025 5807 1116 5865 sed
1153 5808 1385 5881 Spiritus
1421 5819 1501 5868 est
1533 5810 1619 5869 hic
1649 5813 1962 5875 admiranda
1990 5830 2114 5888 gra-

2235 470 2325 521 tia.
2356 467 2469 522 Non
2508 446 2651 521 ettim
2693 481 2757 521 ex
2795 481 2896 525 suo
2933 479 3094 520 sensu
3140 463 3257 521 lucc
3295 476 3375 521 est
3418 467 3685 537 loquutus.
3721 491 3820 529 m-c

2238 566 2436 610 tantam
2486 570 2549 610 ex
2595 571 2655 611 se
2697 555 2904 610 invenit
2950 556 3267 627 sapientiam
3301 576 3313 610 :
3347 557 3489 614 unde
3527 561 3716 616 enim?
3753 581 3820 621 ex

2236 648 2408 703 cultro
2436 657 2487 703 et
2512 648 2764 719 pellibus,
2796 658 2887 703 aut
2909 665 2973 705 ex
3001 649 3257 707 oﬂicina?
3281 652 3374 707 sed
3405 653 3598 709 divina:
3625 655 3675 711 id
3702 668 3820 714 erat

2236 741 2585 810 Operationis.
2632 741 2750 799 Non
2792 743 2937 797 enim
2986 742 3102 799 lucc
3140 745 3370 817 cogitata
3415 747 3659 817 pariebat
3701 750 3818 819 ejus

2233 830 2608 901 intelligentia,
2657 848 2777 903 qua:
2824 842 2950 889 tunc
2987 833 3203 908 quidem
3250 845 3368 890 erat
3420 838 3556 894 adeo
3600 840 3720 895 vilis
3766 851 3821 897 et

2235 921 2463 993 objecta,
2495 932 2553 977 ut
2594 922 2725 977 nihil
2773 923 2996 981 haberet
3034 926 3266 1002 amplius
3306 942 3464 998 quam
3506 929 3696 999 plebeii
3728 933 3818 1001 qui

2235 1012 2289 1066 in
2317 1011 2434 1067 loro
2461 1024 2743 1069 versantur
2770 1032 2784 1068 :
2812 1015 3081 1093 quomodo
3112 1017 3253 1072 enim
3284 1018 3404 1087 plus
3430 1018 3671 1089 haberet,
3699 1039 3820 1093 qua:

2236 1102 2291 1157 in
2320 1104 2704 1169 contractibus,
2739 1114 2796 1161 et
2820 1105 3048 1174 pellibus
3074 1116 3332 1185 perpetuo
3366 1121 3573 1165 versata
3605 1123 3656 1166 et
3685 1128 3820 1167 con-

2235 1208 2444 1266 sumpta
2466 1196 2665 1252 fuerat?
2689 1197 2782 1253 sed
2805 1197 3032 1268 Spiritus
3062 1201 3226 1273 gratia
3251 1218 3345 1271 per
3370 1208 3504 1274 quos
3534 1206 3643 1261 vult
3668 1222 3817 1261 suam

2235 1288 2342 1341 vim
2374 1289 2630 1344 ostendit.
2669 1289 2819 1347 Sicut
2853 1292 2995 1345 enim
3036 1292 3081 1347 si
3111 1295 3230 1373 quis
3258 1310 3476 1363 parvum
3507 1313 3727 1367 puerum
3767 1302 3818 1355 in

2237 1377 2404 1432 altum
2453 1381 2738 1451 quemdam
2782 1383 2979 1449 locum,
3008 1394 3063 1439 et
3091 1386 3179 1456 qui
3215 1385 3284 1441 ad
3336 1388 3508 1457 ipsum
3557 1391 3822 1462 pertingat

2236 1471 2351 1527 calli
2393 1475 2669 1542 verticem,
2723 1475 2851 1530 velit
2891 1476 3181 1545 adducere,
3221 1480 3421 1539 sensim
3462 1490 3515 1536 et
3565 1484 3822 1560 paulatim

2237 1563 2340 1620 hoc
2361 1563 2507 1632 facit,
2539 1582 2636 1637 per
2656 1567 2852 1645 gradus
2875 1569 2963 1638 qui
2985 1580 3111 1624 sunt
3137 1569 3346 1626 inferne
3368 1588 3491 1629 eum
3524 1574 3819 1639 adducens;

2236 1656 2432 1712 deinde
2469 1666 2749 1728 postquam
2786 1674 2908 1714 eum
2936 1674 3096 1731 supra
3124 1663 3387 1728 statuerit,
3421 1663 3718 1731 ctjnsserit
3748 1668 3816 1719 ad

2238 1746 2489 1801 inferiora
2524 1749 2762 1809 animum
2802 1751 3115 1816 advertere,
3147 1750 3440 1822 videritque
3469 1754 3783 1824 caligantem
3804 1799 3821 1821 ,

2238 1838 2615 1893 conturbatum
2663 1846 2719 1893 et
2765 1839 3149 1895 circumfusum
3205 1843 3460 1909 tenebris,
3504 1859 3625 1899 cum
3676 1848 3819 1900 acci-

2239 1930 2391 2003 piens
2421 1930 2568 1990 ducit
2609 1930 2854 1997 inl’erius,
2891 1932 3190 1988 concedens
3233 1943 3288 1988 ut
3327 1936 3594 2005 respiret;
3627 1936 3824 1993 deinde

2238 2028 2517 2093 postquam
2548 2022 2721 2090 ipsum
2748 2021 3027 2087 recrearit,
3055 2038 3241 2078 rursus
3267 2025 3521 2092 sustollit,
3551 2035 3609 2082 et
3635 2043 3822 2084 rursus

2237 2112 2492 2168 deorsum
2532 2114 2677 2170 ducit
2706 2133 2720 2169 :
2751 2114 2820 2168 ita
2851 2116 3009 2169 etiam
3041 2114 3167 2171 fecit
3204 2116 3392 2173 beatus
3432 2119 3646 2183 Paulus,
3675 2132 3729 2177 et
3769 2125 3822 2176 in

2239 2202 2478 2261 llebratis
2503 2213 2557 2260 et
2594 2205 2809 2276 ubique,
2843 2210 2901 2260 ut
2943 2206 3035 2276 qui
3079 2207 3180 2262 hoc
3206 2222 3236 2262 a
3276 2208 3525 2279 Magistro
3555 2211 3823 2266 didicerit.

2236 2292 2453 2350 Etenim
2486 2293 2601 2363 ipse
2630 2310 2841 2365 quoque
2883 2297 2961 2352 sic
3008 2297 3134 2352 fecit
3161 2315 3175 2352 :
3207 2298 3497 2369 aliquando
3521 2302 3735 2372 quidem
3770 2304 3825 2358 in

2237 2386 2404 2440 altum
2442 2386 2678 2453 sustulit,
2713 2387 3002 2458 aliquando
3029 2400 3207 2445 autem
3266 2391 3403 2446 infra
3433 2392 3649 2449 demisit
3673 2395 3832 2449 audi.

2240 2486 2404 2543 tores,
2444 2492 2549 2531 non
2577 2478 2759 2532 sinens
2798 2488 2854 2532 ut
2894 2479 2983 2533 diu
3014 2481 3201 2534 eodem
3233 2483 3283 2536 in
3312 2492 3455 2538 statu
3484 2496 3833 2540 morarentur

2242 2565 2339 2637 (a).
2374 2565 2507 2621 Vide
2549 2582 2678 2637 ergo
2715 2568 2801 2623 hic
2829 2584 3061 2639 quoque,
3095 2578 3373 2640 postquam
3405 2574 3548 2643 ipsos
3579 2575 3629 2628 in
3658 2576 3832 2631 altum

2237 2657 2513 2713 eduxisset
2541 2657 2817 2728 gradibus,
2846 2669 2899 2714 et
2925 2661 3201 2715 statuisset
3239 2661 3291 2715 in
3323 2662 3438 2730 ipso
3476 2665 3676 2719 vertice
3704 2666 3833 2735 pie-

2239 2749 2402 2812 tatis,
2431 2749 2739 2820 priusquam
2787 2750 3078 2821 caligarth
3127 2761 3181 2806 et
3223 2752 3473 2822 gravibus
3516 2756 3834 2814 circumfusi

2237 2826 2431 2893 essent
2458 2841 2714 2906 tenebris,
2746 2842 3014 2911 quou‘iodo
3058 2857 3153 2898 eos
3198 2858 3385 2899 rursus
3426 2845 3641 2902 deducit
3685 2850 3834 2905 infe-

2236 2930 2371 2996 rius,
2401 2939 2458 2986 et
2482 2932 2785 2987 concedens
2814 2940 2872 2987 ut
2897 2934 3245 3004 respirarent,
3278 2937 3430 3004 dicit,
3466 2938 3727 3010 Loquatus
3757 2956 3835 2997 cst

2238 3022 2380 3076 nobis
2420 3023 2474 3076 in
2520 3021 2702 3088 Filio;
2730 3031 2785 3078 et
2829 3042 3036 3091 rursus,
3074 3028 3233 3094 Quem
3279 3031 3536 3084 constituit
3580 3033 3823 3088 heredem

2237 3112 2605 3167 uniuersorum.
2654 3114 2859 3169 Nomen
2912 3116 3055 3171 enim
3109 3117 3231 3172 Filii
3287 3118 3499 3174 interim
3545 3133 3627 3176 est
3668 3137 3831 3176 com-

2244 3224 2426 3265 mune.
2458 3209 2562 3266 Ubi
2605 3211 2747 3265 enim
2797 3209 3099 3264 intellectus
3144 3209 3304 3264 fuerit
3344 3208 3594 3280 proprius
3623 3220 3676 3265 et
3702 3226 3840 3283 ger-

2247 3316 2457 3366 manus,
2491 3309 2574 3357 est
2598 3300 2847 3373 superior
2873 3303 3142 3357 universis
3171 3321 3185 3355 :
3215 3303 3424 3361 interim
3452 3311 3653 3370 autem,
3687 3319 3841 3376 quo-

2240 3392 2633 3463 modocumque
2658 3394 2748 3459 sit,
2778 3393 3005 3448 adstruit
3030 3393 3171 3463 quod
3192 3394 3314 3448 site
3342 3395 3572 3464 superis.

2313 3480 2513 3537 Paulus
2540 3484 2797 3555 gradatim
2819 3484 2882 3538 de
2908 3484 3110 3538 Christo
3139 3484 3380 3554 loquitur.
3399 3483 3617 3539 —Vide
3643 3494 3841 3540 autem

2241 3582 2298 3628 ut
2324 3573 2374 3626 in
2405 3572 2691 3631 humiliore
2714 3576 2881 3644 gradu
2905 3577 3076 3645 primo
3103 3585 3320 3643 statuat,
3347 3576 3509 3641 Quem
3536 3581 3837 3646 constituit,

2235 3663 2439 3729 dicens,
2461 3665 2691 3719 heredem
2714 3667 3059 3720 universorum
3072 3685 3092 3733 ;
3117 3666 3244 3722 illud
3260 3668 3426 3731 ‘cnim,
3443 3667 3719 3723 Constituit
3744 3672 3841 3725 he-

2234 3757 2426 3822 redem,
2467 3766 2552 3813 est
2578 3756 2782 3815 humile
2808 3767 2863 3813 et
2891 3757 3210 3831 subjectum.
3247 3758 3446 3815 Deinde
3474 3760 3524 3812 in
3554 3763 3837 3830 Sttpt‘t‘ittri

2233 3849 2401 3922 gradu
2424 3864 2544 3905 eum
2571 3849 2869 3917 constituit,
2916 3849 3285 3923 subjungeus:
3321 3850 3420 3905 Per
3453 3867 3599 3919 quem
3626 3855 3755 3922 fecit
3789 3864 3839 3906 et

2230 3944 2457 4001 stecula:
2486 3942 2679 4003 deinde
2714 3943 2765 3996 in
2783 3943 2980 4008 altiori,
2999 3951 3056 4001 et
3076 3952 3196 4012 post
3215 3959 3372 4013 quem
3391 3959 3494 4013 non
3521 3954 3602 3999 est
3631 3946 3786 4000 alius
3820 3964 3835 4000 :

2238 4032 2339 4099 Qui
2363 4049 2478 4087 cum
2505 4034 2569 4089 sit
2594 4032 2837 4105 splendor
2865 4034 3042 4106 gloria:
3088 4045 3136 4089 et
3164 4036 3333 4105 ﬁgura
3360 4036 3660 4093 substantia:
3690 4039 3834 4109 ejus.

2232 4124 2438 4192 Revera
2461 4125 2610 4182 duxit
2626 4125 2692 4181 ad
2711 4127 2879 4185 lucem
2903 4127 3343 4191 inacccssibilem,
3361 4128 3427 4183 ad
3448 4129 3617 4196 ipsmn
3644 4130 3840 4198 splen-

2231 4215 2438 4281 dorem.
2480 4218 2549 4271 Et
2578 4218 2888 4288 priusquam
2939 4218 3172 4273 tenebrae
3209 4217 3486 4282 accedant,
3533 4218 3662 4274 vide
3692 4237 3836 4291 quo-

2226 4307 2393 4373 ,modo
2411 4324 2593 4365 rursus
2614 4324 2733 4365 eum
2757 4308 2955 4367 sensim
2978 4309 3227 4371 demittit,
3251 4308 3468 4363 dicens:
3495 4307 3839 4381 Portansque

2227 4399 2401 4457 omnia
2442 4400 2589 4455 uerbo
2639 4401 2837 4465 uirtutis
2882 4415 3007 4465 sunt,
3050 4416 3163 4459 cum
3208 4415 3301 4469 per
3349 4399 3568 4466 seipsum
3620 4404 3840 4469 fecisset

2225 4492 2579 4560 purgationem
2610 4501 2927 4560 peccatorum
2958 4500 3267 4554 nostrorum,
3298 4489 3425 4544 sedit
3453 4489 3522 4547 ad
3548 4489 3840 4548 dexteram

2224 4581 2524 4649 tnajestatis.
2551 4580 2667 4636 Non
2695 4581 2827 4635 dixit
2855 4581 3117 4643 absolute,
3148 4580 3316 4644 Sedit,
3346 4580 3442 4636 sed
3464 4580 3594 4635 Post
3622 4597 3837 4649 purga-

2223 4674 2423 4728 tionem
2467 4674 2626 4729 sedit.
2660 4672 3025 4744 Appreliendit
3063 4672 3207 4731 enim
3255 4672 3690 4736 incarnationem
3726 4694 3743 4730 :
3778 4685 3839 4730 et

2218 4779 2404 4820 rursus
2432 4765 2665 4835 loquitur
2689 4765 2933 4820 humilia.
2965 4764 3168 4821 Deinde
3196 4779 3380 4825 rursus
3404 4779 3523 4825 eum
3551 4780 3834 4835 magnum
3936 4821 3951 4827 ,

2219 4856 2345 4924 quid
2380 4866 2525 4912 esset
2550 4857 2822 4927 loquutus,
2856 4856 2935 4913 Ad
2962 4856 3224 4911 dexteram
3267 4856 3432 4920 enim,
3463 4857 3671 4924 inquit,
3704 4877 3831 4923 ma-

2212 4949 2412 5019 iestatis
2435 4950 2487 5003 in
2515 4948 2747 5015 excelsis,
2779 4950 3065 5009 revertitur
3091 4949 3159 5003 ad
3190 4949 3241 5005 id
3267 4948 3408 5018 quod
3430 4957 3518 5021 est
3547 4948 3777 5009 humile
3815 4973 3829 5008 :

2214 5039 2380 5096 Tanto
2422 5043 2608 5101 melior
2644 5043 2841 5112 angelis
2884 5046 3075 5111 factus,
3105 5052 3293 5110 quanto
3338 5039 3673 5106 diferentius
3716 5061 3839 5114 prce

2214 5130 2319 5187 illis
2347 5147 2529 5191 nomen
2572 5132 2893 5187 hereditavit.
2935 5131 3031 5185 llic
3072 5130 3327 5200 deinceps
3363 5130 3605 5199 loquitur
3649 5133 3727 5188 de
3760 5151 3842 5189 eo

2213 5220 2355 5289 tpmd
2387 5222 2619 5288 pertinet
2643 5222 2708 5274 ad
2740 5236 2981 5277 carnem.
3014 5219 3147 5277 illud
3175 5220 3341 5285 enim,
3372 5218 3571 5281 Factus
3604 5224 3834 5290 melior,

2206 5318 2491 5378 paternam
2541 5326 2647 5369 non
2697 5309 2960 5381 signiﬁcat
3002 5311 3325 5375 essentiam;
3378 5310 3465 5365 illa
3513 5312 3674 5376 enim
3713 5332 3833 5376 ntttt

2212 5404 2369 5469 facta,
2409 5403 2502 5460 sed
2533 5404 2711 5474 genita
2741 5413 2821 5459 est
2852 5419 2867 5460 :
2900 5402 2992 5458 sed
3020 5403 3292 5463 carnalem
3323 5403 3667 5472 essentiam;
3701 5407 3828 5479 ipsa

2217 5493 2357 5553 enim
2384 5501 2465 5545 est
2494 5491 2651 5551 uicta.
2676 5492 2780 5551 Sed
2804 5507 2913 5555 non
2938 5508 3083 5549 nunc
3108 5493 3282 5562 agitur
3309 5492 3376 5549 de
3404 5506 3652 5560 essentia
3679 5515 3697 5563 ς
3728 5502 3835 5563 sed

2216 5582 2357 5639 sicut
2381 5582 2620 5643 Joannes
2647 5582 2864 5648 dicens,
2891 5583 2992 5651 Qui
3014 5592 3128 5653 post
3166 5600 3245 5651 me
3270 5585 3407 5649 uenit
3424 5626 3439 5648 ,
3470 5596 3601 5647 ante
3627 5606 3719 5644 mc
3748 5594 3834 5662 fa—

2219 5684 2330 5733 ctus
2360 5683 2454 5742 est,
2485 5675 2605 5743 quia
2630 5682 2701 5733 est
2739 5674 2881 5743 prior
2909 5674 3088 5744 (Joan.
3118 5675 3171 5730 l.
3191 5676 3303 5743 la),
3322 5675 3374 5729 id
3407 5674 3643 5745 indicat,
3675 5683 3834 5751 quod

2286 5809 2366 5873 (a)
2386 5806 2494 5859 Hoc
2518 5806 2697 5859 desinit
2721 5803 2915 5855 bomilia
2938 5802 3089 5867 prima
3112 5802 3160 5854 in
3194 5798 3371 5852 Codice
3394 5799 3721 5858 Colitur-tino.
