4208 6458
575 316 643 377 I7
1356 307 1415 364 S.
1453 304 1742 364 JOANNIS
1779 302 2142 361 CHRYSOST

2241 307 2270 359 u
2310 305 2631 364 meum.
2673 299 3229 365 CONSTANTINOP.
3286 260 3289 263 ’
3794 311 3863 369 ιε

568 434 761 503 Λόγος,
794 430 883 484 ἀεὶ
936 423 1103 498 εἶχεν,
1135 426 1236 498 οὐχ
1267 425 1496 497 ὕστερον
1527 424 1990 495 ἐκληρονόμησεν,
2034 424 2157 478 οὐδὲ

563 528 688 582 τότε
743 526 853 579 τῶν
905 522 1154 592 ἀγγέλων
1223 520 1489 592 κρείττων
1540 520 1778 587 ἐγένετο,
1827 520 1915 572 ὅτε
1976 520 2152 573 καθα-

568 617 769 690 ρισμὸν
804 616 914 670 τῶν
968 611 1254 686 ἁμαρτιῶν
1313 611 1473 681 ἡμῶν
1529 612 1844 682 ἐποιήσατο,
1906 612 2025 667 ἀλλ’
2068 614 2158 666 dsl

562 710 835 782 κρείττων
863 702 955 778 ἦν,
982 706 1076 759 καὶ
1109 704 1375 775 κρείττων
1399 702 1774 774 ἀσυγκρίτως.
1811 703 1949 775 Περί
1979 704 2036 757 δὲ
2062 702 2157 759 τοῦ

562 801 710 856 κατά
737 801 915 871 σάρκα
942 796 1099 852 τοῦτο
1127 796 1363 868 εἴρηται.
1396 794 1553 849 Οὕτω
1576 796 1710 864 γοῦν
1747 796 1846 850 καὶ
1875 796 2010 869 ἡμῖν
2038 795 2160 861 ἔθος

562 909 631 946 πε
642 892 695 963 9l
717 888 1009 962 ἀνθρώπου
1031 886 1465 959 διαλεγομένοις,
1487 887 1584 940 καὶ
1602 885 1785 957 ὑψηλά
1810 886 1905 940 xal
1924 885 2161 941 ταπεινά

563 980 1114 1054 φθίγγεσθακὊταν
1152 979 1252 1051 μὲν
1282 980 1393 1051 7&9
1422 978 1697 1049 λέγωμεν,
1726 978 1895 1033 Οὐδὲν
1940 977 2158 1050 ἀνθρω-

562 1093 685 1139 πος,
723 1077 795 1147 γῆ
833 1074 1144 1146 ἄνθρωπος,
1183 1071 1380 1136 σποδὸς
1422 1071 1732 1143 ἄνθρωπος,
1769 1071 1879 1126 ἀπὸ
1910 1070 2006 1126 τοῦ
2046 1071 2161 1141 χεί-

566 1184 721 1239 ρονος
755 1166 819 1222 τὸ
839 1168 949 1222 πᾶν
973 1165 1250 1236 καλοῦμεν
1270 1182 1284 1198 ·
1308 1165 1437 1219 ὅταν
1467 1164 1525 1219 δὲ
1558 1163 1834 1235 λέγωμεν,
1863 1164 2160 1218 ’Δθάνατον

561 1258 703 1323 ζῶον
741 1260 770 1312 ό
795 1257 1105 1330 ἄνθρωπος,
1154 1257 1251 1310 καὶ
1296 1254 1516 1324 λογικὸς
1544 1257 1571 1309 ὀ
1610 1255 1919 1326 ἄνθρωπος,
1950 1257 2046 1310 καὶ
2076 1258 2158 1311 ὅτι

558 1348 671 1404 τῶν
690 1348 804 1403 ἄνω
838 1347 1133 1417 συγγενὴς,
1166 1346 1275 1399 ἀπὸ
1299 1345 1393 1399 τοῦ
1423 1346 1736 1417 κρείττονος
1765 1347 1826 1400 τὸ
1854 1349 1963 1401 πᾶν
1996 1348 2158 1402 πάλιν

560 1438 859 1511 καλοῦμεν.
902 1438 1062 1493 Οὕτω
1104 1439 1200 1491 καὶ
1248 1441 1379 1509 περὶ
1428 1437 1525 1490 τοῦ
1562 1437 1825 1509 Χριστοῦ,
1877 1438 2012 1492 ποτὲ
2058 1440 2159 1509 μὲν

559 1531 672 1585 ἀπὸ
700 1530 796 1585 τοῦ
833 1530 1141 1595 ἐλάττονος,
1177 1528 1310 1582 ποτὲ
1337 1527 1393 1580 δὲ
1424 1526 1533 1581 άπὸ
1564 1528 1660 1581 τοῦ
1700 1530 2009 1600 κρείττονος
2042 1529 2158 1584 δια-

559 1621 781 1691 λέγεται
804 1621 835 1675 ὀ
868 1619 1102 1684 Παῦλος,
1140 1619 1247 1689 ,καὶ
1275 1618 1372 1689 τὴν
1398 1619 1714 1690 οἰκονομίαν
1738 1621 2005 1692 συστῆσαι
2034 1621 2160 1694 βου.

556 1712 810 1786 λόμενος,
846 1712 944 1768 καὶ
973 1712 1104 1784 περὶ
1136 1712 1233 1783 τῆς
1262 1711 1545 1781 ἀκηράτου
1568 1710 1776 1779 διδάξαι
1808 1711 2047 1782 φύσεως.

628 1887 700 1958 7'.
746 1888 904 1943 Ἐπεὶ
952 1884 1047 1945 οῦν
1094 1890 1438 1965 καθαρισμὸν
1474 1893 1700 1965 ἐποίησε
1738 1894 1847 1949 τῶν
1868 1894 2155 1967 ἁμαρτιῶν

556 1981 739 2055 ήμῶν,
782 1982 1038 2053 μένωμεν
1086 1984 1344 2055 καθαροὶ,
1391 1984 1486 2040 καὶ
1544 1987 1819 2058 μηδεμίαν
1867 1987 2155 2059 δεξώμεθα

556 2074 775 2144 κηλῖδα,
793 2074 930 2129 ἀλλά
951 2074 1013 2128 τὸ
1028 2074 1246 2142 κάλλος,
1267 2077 1552 2150 ὃπερήμῖν
1574 2080 1822 2152 ἐνέθηκε,
1850 2081 1941 2135 καὶ
1952 2080 2155 2151 τὴνεύ·

557 2163 831 2236 πρέπειαν
849 2164 1238 2238 διαφυλάττειν
1260 2168 1404 2224 οὕτω
1432 2170 1829 2242 σπουδάζωμεν
1853 2171 2154 2243 ἀμὸλυντον

554 2257 656 2313 καὶ
674 2257 946 2331 καθαρὰν,
958 2258 1102 2314 ὥστε
1133 2260 1339 2333 μηδένα
1371 2261 1560 2315 σπῖλον
1590 2261 1737 2334 ἔχειν
1765 2262 1797 2334 ἢ
1818 2263 2030 2333 ῥυτίδα,
2049 2263 2083 2332 ἦ
2100 2280 2152 2316 τι

553 2347 669 2405 τῶν
688 2349 968 2406 τοιούτων.
1005 2351 1205 2416 Σπῖλος
1242 2351 1355 2425 γάρ
1379 2353 1496 2407 ἐστι
1523 2355 1620 2408 καὶ
1649 2353 1804 2425 ῥυτὶς
1841 2356 1935 2408 καὶ
1966 2354 2035 2409 τά
2060 2358 2153 2425 μιὲ

555 2439 671 2513 κρά
695 2440 807 2496 τῶν
826 2441 1047 2514 ἀμάρτη
1058 2443 1262 2514 μάτωψ
1286 2439 1397 2500 οἶόν
1420 2463 1471 2499 τι
1492 2446 1656 2516 λέγω,
1680 2447 1939 2517 λοιδορία,
1971 2444 2155 2518 ὕϐρις,

549 2531 772 2604 ψεῦδος·
803 2533 1007 2604 μᾶλλον
1038 2533 1095 2588 δὲ
1119 2534 1243 2590 οὐδὲ
1264 2534 1440 2590 ταῦτα
1476 2538 1677 2609 μικρά,
1720 2536 1858 2591 ἀλλά
1888 2536 1983 2591 καὶ
2015 2536 2151 2606 M96-

550 2621 655 2697 δρα
680 2624 913 2696 μεγάλα,
946 2626 1040 2680 καὶ
1067 2625 1213 2681 οὕτω
1246 2628 1481 2699 μεγάλα,
1511 2628 1587 2693 ὡς
1610 2628 1707 2685 καὶ
1738 2628 1838 2700 τῆς
1868 2626 2149 2699 βασιλείας

550 2717 879 2792 ἀποστερεῖν
904 2718 1016 2775 τῶν
1064 2721 1332 2794 οὐρανῶν.
1370 2722 1496 2789 Πῶς
1531 2725 1625 2779 καὶ
1645 2724 1751 2777 τίνι
1800 2723 2027 2796 τρόπῳς
2088 2722 2149 2776 'O

550 2809 737 2865 καλῶν
763 2810 855 2867 τὸν
904 2810 1137 2884 ἀδελφὸν
1167 2814 1335 2868 αὐτοῦ
1369 2815 1576 2886 μωρὸν,
1628 2815 1814 2887 ἔνοχός
1863 2817 2003 2881 ἐστιν
2044 2832 2150 2887 φη⁸

554 2902 662 2965 σίν.
692 2904 774 2967 είς
801 2903 902 2975 τὴν
939 2904 1168 2974 γέενναν
1204 2908 1301 2961 τοῦ
1337 2909 1530 2981 πυρός.
1571 2908 1636 2961 Εἰ
1666 2908 1722 2962 δὲ
1756 2911 1784 2963 ὀ
1826 2909 2010 2981 μωρὸν
2043 2925 2147 2962 κα-

549 2991 683 3059 λῶν,
714 2995 745 3050 δ
781 2996 932 3051 δοκεῖ
965 2998 1187 3053 πάντων
1221 2997 1363 3056 εἶναι
1411 3002 1764 3075 κουφότερον,
1800 3003 1897 3056 καὶ
1936 3002 2146 3055 παίδων

548 3084 758 3153 ὀμιλία’
789 3088 818 3142 ὀ
852 3089 1103 3161 κακοήθη
1133 3089 1319 3145 καλῶν
1344 3090 1440 3145 καὶ
1468 3092 1783 3162 κακοῦργον
1807 3092 1903 3146 καὶ
1934 3092 2145 3163 βάσκα-

548 3195 663 3246 νον,
695 3180 792 3236 καὶ
825 3182 1042 3254 μυρίοις
1080 3184 1296 3257 ἑτέροις
1337 3184 1550 3256 βάλλων
1581 3187 1847 3252 ὀνείδεσι,
1875 3187 2002 3241 τίνα
2043 3187 2143 3258 οὐχ

548 3269 920 3342 ύποστήσεται
957 3274 1237 3340 κολάσεως
1264 3275 1452 3347 δίκην;
1479 3277 1530 3331 τί
1557 3277 1996 3349 φρικωδέστερον
2018 3277 2143 3332 τού-

545 3377 679 3431 τους
713 3364 853 3419 Ἀλλ’
876 3367 1200 3439 ἀνάσχεσθε,
1237 3369 1567 3443 παρακαλῶ,
1597 3369 1693 3424 τοῦ
1723 3369 1903 3439 λόγου.
1942 3370 2005 3424 Εἰ
2034 3369 2142 3444 γὰρ

543 3454 578 3511 ὁ
625 3455 795 3511 ποιῶν
829 3457 914 3511 ἑνὶ
949 3458 1059 3514 τῶν
1088 3460 1412 3533 ἐλαχίστων,
1449 3461 1600 3531 αὐτῷ
1638 3464 1817 3530 ποιεῖ,
1853 3462 1949 3517 καὶ
1995 3464 2024 3518 ό
2064 3464 2141 3537 μὴ

546 3548 721 3602 ποιῶν
746 3549 829 3603 ἑνὶ
864 3548 981 3624 [10]
1012 3551 1120 3605 τῶν
1148 3553 1471 3624 ἐλαχίστων,
1513 3552 1662 3625 αὐτῷ
1695 3555 1757 3607 οὐ
1791 3556 1973 3609 ποιεῖ·
2016 3556 2139 3620 πῶς

544 3640 668 3711 οὐχὶ
699 3642 797 3699 καὶ
825 3643 918 3696 ἐπὶ
947 3644 1047 3716 τῆς
1076 3645 1378 3717 εὐφημίας,
1415 3646 1509 3699 καὶ
1539 3648 1634 3701 ἐπὶ
1662 3647 1765 3718 τῆς
1800 3650 2140 3721 κατηγορίας

544 3731 742 3785 ταύτόν
771 3732 958 3801 ἑστινς
1019 3734 1079 3789 ὐ
1116 3735 1360 3808 ὑϐρίζων
1388 3736 1499 3807 7&9
1532 3737 1627 3791 τὸν
1663 3737 1896 3807 ἀδελφὸν
1926 3738 2092 3793 αὐτοῦ
2119 3779 2134 3806 ,

541 3821 637 3878 τὸν
665 3822 799 3879 Θεὸν
833 3823 1026 3897 ὕϐρισε
1052 3841 1068 3859 ⁸
1119 3828 1216 3884 καὶ
1257 3830 1286 3882 ὀ
1336 3827 1514 3898 τιμῶν
1552 3829 1643 3883 τὸν
1679 3829 1908 3899 ἀδελφὸν
1935 3830 2135 3898 αὐτοῦ,

542 3913 640 3970 τὸν
661 3914 796 3970 Θεὸν
820 3919 977 3988 τιμᾷ.

611 4067 676 4123 δ’.
720 4068 1079 4142 Παιδεύωμεν
1106 4067 1200 4127 οὖν
1244 4063 1367 4146 τῆν’
1396 4073 1644 4143 γλῶτταν
1692 4075 1939 4150 εὔφημον
1968 4079 2131 4136 εἶναι·

540 4155 797 4212 Παῦσον
827 4156 959 4229 7&9,
996 4161 1153 4231 φησί,
1170 4160 1287 4229 τὴν
1309 4161 1599 4231 γλῶσσάν
1623 4180 1741 4221 σου
1768 4168 1889 4223 ἀπὸ
1916 4171 2129 4225 κακοῦ.

542 4249 619 4303 Οὐ
634 4248 743 4321 γάρ
768 4249 859 4303 διά
886 4251 1049 4305 τοῦτο
1081 4252 1253 4324 αὐτὴν
1272 4252 1474 4310 ἔδωκεν
1488 4257 1517 4310 ὀ
1532 4257 1685 4322 Θεὸς,
1705 4258 1794 4313 ῖνα
1810 4262 2135 4334 κατηγορῶ-

544 4355 666 4409 μεν,
700 4340 788 4395 ἵνα
814 4341 1152 4414 ύϐρίζωμεν,
1182 4345 1270 4400 ἵνα
1295 4347 1558 4419 ἀλλήλους
1587 4348 1990 4426 διαϐάλλωμεν⁹
2014 4355 2131 4410 ἀλλ’

540 4427 632 4482 ινα
662 4428 754 4483 τὸν
776 4429 911 4485 Θεὸν
940 4432 1223 4505 ὑμνῶμεν,
1256 4436 1346 4491 ἴνα
1376 4437 1551 4495 ταῦτα
1603 4440 1854 4514 λαλῶμεν
1880 4446 1917 4501 ἀ
1948 4446 2133 4502 δίδωσι

541 4523 706 4596 χάριν
741 4527 857 4591 τοῖς
885 4527 1183 4597 ἀκούουσι,
1234 4532 1301 4586 τά
1338 4533 1476 4605 πρὸς
1517 4534 1836 4607 οἰκοδομὴν,
1874 4538 1945 4594 τά
1994 4540 2134 4610 πρὸς

538 4613 833 4684 ὠφέλειαν.
863 4612 1034 4683 Εἷπες
1070 4618 1163 4673 τὸν
1189 4621 1340 4675 δεῖνα
1375 4624 1597 4691 κακῶς;
1630 4626 1684 4678 τί
1709 4626 2008 4697 κερδαίνεις
2037 4630 2131 4684 καί

540 4703 742 4762 σαυτὸν
776 4709 895 4779 μετ’
940 4710 1151 4766 ἐκείνου
1194 4712 1368 4787 βλάϐῃ
1406 4716 1783 4787 περιϐάλλων;
1818 4717 1978 4784 δόξαν
2020 4720 2130 4792 γὰρ

538 4795 732 4864 ἔλαϐες
782 4801 1122 4874 κακηγόρου,
1155 4806 1229 4857 Οὐ
1269 4805 1379 4877 γάρ
1409 4806 1580 4875 ἐστιν,
1631 4810 1732 4864 οὐκ
1776 4810 1926 4866 ἐστιν
1972 4813 2128 4868 οὐδὲν

536 4887 729 4955 κακὸν,
763 4888 794 4945 ὸ
823 4891 986 4963 μέχρι
1016 4893 1109 4946 τοῦ
1142 4893 1444 4966 πάσχοντος
1476 4896 1716 4963 ἵσταται,
1744 4900 1883 4955 άλλά
1912 4904 2007 4956 καὶ
2036 4904 2127 4958 τὸν

535 4981 800 5038 ποιοῦντα
832 4984 1255 5057 περιλαμϐάνει·
1290 4983 1423 5055 οἷον,
1457 4991 1485 5044 ό
1525 4992 1796 5061 βάσκανος
1827 4993 1978 5048 δοκεῖ
2025 4995 2128 5067 μὲν

535 5073 911 5132 ἐπιϐουλεύειν
933 5078 1127 5151 ἑτέρῳ,
1160 5079 1427 5153 πρότερος
1450 5082 1508 5137 δὲ
1530 5084 1693 5149 αὐτὸς
1723 5087 1991 5143 ἀπολαύει
2022 5091 2126 5161 τῆς

530 5167 787 5239 ἀδικίας,
843 5170 1147 5242 τηκόμενος
1205 5173 1302 5228 καὶ
1372 5174 1729 5250 φθειρόμενος
1756 5222 1772 5248 ,
1826 5183 1923 5235 καὶ
1969 5183 2127 5253 παρά

530 5258 751 5315 πάντων
790 5259 1143 5332 μισούμενος.
1199 5264 1257 5318 ’0
1286 5263 1614 5339 πλεονέκτης
1651 5269 1955 5343 ἀποστερεῖ
1987 5276 2125 5345 χρὴ·

514 5367 681 5421 ,ματα
707 5351 917 5425 ἕτερον,
942 5354 1079 5410 ἀλλά
1120 5356 1217 5411 καὶ
1248 5356 1312 5411 τὸ
1362 5359 1635 5428 φιλεῖσθαι
1662 5362 1876 5418 ἑαυτόν·
1922 5366 2123 5437 μᾶλλον

528 5442 589 5496 δὲ
634 5445 787 5515 παρά
844 5446 1066 5502 πάντων
1116 5452 1262 5503 ποιεῖ
1316 5456 1769 5525 κακηγορεῖσθαι.
1823 5457 2012 5531 Πολλῷ
2062 5461 2121 5514 δὲ

529 5535 797 5606 κρείττων
839 5538 1018 5612 ἀγαθὴ
1064 5539 1193 5609 δόξα
1240 5543 1574 5615 χρημάτων
1618 5546 1720 5618 τὴν
1761 5548 1861 5620 μὲν
1888 5549 1997 5622 7&9
2056 5553 2118 5605 οὐ

530 5627 714 5698 ῥᾴδιον
755 5629 1164 5702 ἀπονίψασθαι,
1214 5635 1284 5689 τὰ
1336 5634 1395 5688 δὲ
1430 5636 1612 5707 ῥᾴδιον
1662 5639 2115 5712 ἀποκτήσασθαι·

530 5717 733 5786 μᾶλλον
775 5721 868 5785 δὲ.
920 5723 990 5778 τά
1048 5725 1149 5797 μὲν
1215 5729 1276 5780 οὔ
1334 5726 1578 5795 παρόντα
1630 5731 1785 5786 οὐδὲν
1859 5732 1950 5786 τὸν
2016 5735 2116 5789 οὐκ

523 5807 715 5879 ἔχοντα
776 5813 1111 5891 εϐλαψενοή
1172 5817 1228 5874 δὲ
1288 5820 1363 5897 μὴ
1439 5822 1685 5895 παροῦσα
1750 5824 2112 5885 ἐπονείδιστον

2268 428 2412 479 ποιεῖ
2448 428 2543 481 καὶ
2584 429 3017 498 καταγέλαστον,
3050 423 3152 480 καὶ
3189 423 3357 477 πᾶσιν
3390 421 3585 493 ἐχθρὸν
3635 424 3734 479 καὶ
3768 442 3864 482 πο-

2259 517 2471 589 λέμιον.
2521 520 2581 573 ’0
2616 520 2834 591 ὀργίλος
2868 518 3034 574 πάλιν
3075 516 3346 587 πρότερον
3377 515 3572 569 ἑαυτὸν
3599 519 3865 588 τιμωρεῖ-

2256 626 2350 661 ται
2375 610 2724 681 σπαράττων,
2750 612 2849 666 καὶ
2872 610 2996 664 τότε
3028 610 3244 663 ἐκεῖνον
3269 601 3314 677 ᾧ
3336 607 3644 679 ὀργίζεται.
3673 609 3865 674 Οὕτως

2258 703 2287 757 ὀ
2327 704 2473 775 κακή
2485 720 2650 776 γορος
2677 703 2945 776 πρότερον
2981 698 3177 756 ἑαυτὸν
3201 699 3471 770 αἰσχύνει,
3504 701 3599 753 καί
3618 698 3743 754 τότε
3770 700 3864 754 τὸν

2259 794 2765 866 κακηγορούμενονο
2795 796 2829 867 ἢ
2864 794 2987 849 οὐδὲ
3024 792 3187 846 τοῦτο
3229 793 3361 856 ἴσως
3391 791 3711 864 δεδύνηται,
3744 790 3862 846 ἀλλ’

2260 888 2506 960 ἀπῆλθεν
2546 882 2704 954 οὕτος
2750 887 2851 960 μὲν
2891 886 3090 958 μιαροῦ
3139 901 3289 949 τινος
3337 885 3432 939 καὶ
3475 884 3861 940 καταπτύστου

2258 981 2418 1048 δόξαν
2436 978 2641 1046 λαϐὼν,
2663 982 2872 1036 ἐκεῖνον
2896 980 2954 1034 δὲ
2980 977 3184 1050 μᾶλλον
3208 976 3489 1049 φιλεῖσθαι
3510 976 3863 1049 παρασκευά-

2257 1072 2389 1138 ζων.
2420 1074 2589 1127 Ὅταν
2608 1072 2720 1144 γὰρ
2740 1071 2958 1127 ἀκούων
2988 1069 3199 1134 κακῶς,
3231 1068 3309 1142 μὴ
3340 1071 3454 1134 τοῖς
3485 1069 3671 1132 αὐτοῖς
3693 1070 3858 1123 αὐτὸν

2258 1165 2555 1236 ἀμύνηται,
2592 1163 2709 1220 ἀλλ’
2755 1166 2956 1235 ἐπαινῇ
3015 1164 3109 1217 καί
3155 1160 3456 1235 θαυμάζῃυ
3491 1163 3596 1216 οὐκ
3648 1163 3858 1216 ἐκεῖνον

2258 1257 2603 1312 ἐπαινέσεται
2625 1297 2641 1323 ,
2681 1258 2797 1313 ἀλλ’
2836 1256 3057 1312 ἑαυτόν.
3091 1257 3308 1328 Ὠσπερ
3337 1257 3448 1328 γὰρ
3473 1297 3488 1323 ,
3520 1256 3658 1326 ὅπερ
3686 1255 3859 1327 ἔφθην

2257 1352 2450 1416 εἰπὼν,
2483 1355 2538 1407 αἱ
2576 1353 2721 1408 κατά
2755 1352 2867 1407 τῶν
2897 1352 3132 1423 πλησίον
3184 1350 3530 1423 κακηγορίαι
3578 1350 3691 1404 τῶν
3739 1351 3860 1404 επι-

2256 1444 2627 1499 ϐουλευόντων
2661 1444 2926 1499 ἀπτονται
2954 1442 3192 1516 πρῶτον·
3223 1442 3368 1510 οὕτω
3398 1441 3494 1497 καί
3521 1441 3589 1496 τά
3619 1443 3700 1505 εἰς
3728 1443 3858 1505 τούς

2255 1537 2488 1609 πλησίον
2510 1535 2695 1608 ἀγαθά
2710 1538 2839 1600 τούς
2863 1535 3278 1608 ἐργαζομένους
3302 1534 3589 1607 εὐφραίνει
3613 1533 3854 1606 πρῶτον.

2266 1628 2327 1684 Ὀ
2359 1629 2469 1702 7&9
2498 1629 2699 1683 τίκτων
2735 1629 2833 1683 καὶ
2865 1628 2929 1682 τὸ
2958 1626 3124 1683 καλὸν
3153 1627 3253 1680 καὶ
3299 1625 3361 1680 τὸ
3396 1625 3589 1689 κακὸν,
3629 1626 3858 1690 είκότως

2254 1717 2475 1788 πρῶτος
2505 1717 2672 1782 αὐτὸς
2710 1715 2999 1772 ἀπολαύει·
3030 1718 3129 1771 καὶ
3156 1716 3410 1787 καθάπερ
3437 1717 3584 1788 ὕδωρ
3615 1719 3853 1785 πηγαῖον

2250 1808 2310 1863 τό
2331 1826 2389 1862 τε
2417 1807 2684 1880 ἁλμυρὸν,
2709 1807 2771 1861 τό
2805 1806 2920 1881 [li]
2948 1826 3007 1862 τε
3042 1807 3294 1879 πότιμον,
3322 1808 3418 1862 καὶ
3443 1810 3512 1862 τὰ
3542 1807 3653 1862 τῶν
3681 1823 3853 1880 προσ·

2252 1901 2498 1969 αγόντων
2555 1901 2757 1970 ἀγγεῖα
2783 1901 3004 1973 πληροῖ,
3036 1900 3133 1954 καὶ
3154 1899 3255 1972 τὴν
3285 1899 3474 1971 πηγὴν
3499 1899 3601 1953 οὐκ
3632 1898 3851 1952 ἐλαττοῖ

2249 1994 2351 2067 τὴν
2389 1993 2765 2068 ἐκφέρουσαν·
2791 1992 2936 2047 οὕτω
2960 1993 3025 2063 δὴ
3056 1993 3153 2047 καὶ
3182 1992 3356 2047 κακία
3384 1992 3482 2046 καὶ
3513 1992 3707 2065 ἀρετὴ,
3729 1991 3851 2046 ὅθεν

2252 2087 2321 2142 ἀν
2357 2088 2478 2161 ἐξίῃ
2503 2130 2519 2153 ,
2570 2089 2780 2143 ἐκεῖνον
2820 2088 2917 2143 καί
2947 2087 3236 2160 εὐφραίνει
3270 2088 3367 2142 καὶ
3401 2086 3694 2142 ἀπόλλυσι.
3740 2085 3853 2141 Kal

2250 2181 2426 2238 ταῦτα
2472 2182 2576 2253 μὲν
2599 2180 2860 2237 ἐνταῦθα.

2320 2326 2403 2381 Τά
2429 2327 2487 2382 δὲ
2515 2329 2634 2382 ἐκεῖ
2655 2328 2739 2393 τίς
2761 2328 3085 2400 διηγήσεται
3112 2326 3293 2399 λόγος,
3327 2327 3361 2400 ἢ
3390 2326 3460 2382 τά
3484 2327 3687 2398 ἀγαθά,
3718 2326 3752 2399 ἦ
3782 2327 3853 2382 τά

2249 2420 2435 2487 κακά;
2479 2420 2597 2475 Οὐκ
2638 2420 2787 2474 εστιν
2828 2420 3027 2486 οὐδείς.
3074 2420 3156 2473 Τά
3199 2420 3415 2492 χρηστά
3464 2421 3565 2490 μὲν
3595 2421 3703 2488 γὰρ
3753 2420 3851 2473 καὶ

2249 2513 2429 2568 πάντα
2457 2511 2584 2569 νοῦν
2620 2512 2963 2585 ὐπερϐαίνει,
2994 2513 3117 2584 ούχί
3153 2512 3313 2583 λόγον
3358 2512 3519 2584 μόνον
3543 2526 3557 2542 ·
3589 2510 3658 2564 τά
3688 2512 3848 2564 ἀναν·
3942 2569 3957 2577 ο

2248 2605 2340 2661 τία
2360 2606 2416 2661 δὲ
2438 2608 2655 2679 εἴρηται
2688 2605 2789 2677 μὲν
2812 2607 2926 2669 τοῖς
2958 2604 3187 2676 ὀνόμασι
3212 2606 3327 2667 τοῖς
3342 2602 3669 2674 συντρόφοις
3688 2605 3847 2675 ἡμῖν·

2248 2699 2362 2772 πῦρ
2400 2698 2532 2771 7&9,
2569 2698 2767 2771 φησὶν,
2812 2697 2961 2752 ἐστὶν
2994 2697 3113 2751 ἐκεῖ
3161 2695 3258 2750 καὶ⁵
3307 2695 3503 2761 σκότος
3545 2696 3641 2749 καὶ
3669 2695 3847 2766 δεσμά

2244 2792 2343 2847 καί
2382 2792 2600 2864 σκώληξ
2642 2789 3002 2864 ἀτελεύτητος
3026 2804 3041 2822 ο
3072 2791 3135 2845 οὐ
3177 2788 3353 2844 ταῦτα
3393 2789 3451 2844 δὲ
3498 2789 3660 2861 μόνον
3700 2806 3846 2861 παρ-

2247 2883 2479 2956 ίστησιν,
2514 2885 2660 2957 ἀπερ
2707 2883 2954 2956 εἴρηται,
2983 2883 3099 2939 ἀλλ’
3124 2882 3290 2957 ἕτερα
3314 2882 3698 2956 χαλεπώτερα.
3732 2882 3848 2936 Kal

2243 2976 2331 3032 ἵνα
2375 2978 2593 3050 μάθῃς,
2638 2975 2846 3041 εὐθέως
2886 2975 3049 3030 τοῦτο
3089 2975 3369 3048 σκόπησον
3416 2975 3655 3047 πρῶτον.
3705 2974 3843 3028 Είπὶ

2240 3072 2373 3138 γάρ,
2401 3068 2451 3120 εἰ
2479 3066 2593 3139 πῦρ
2618 3067 2739 3121 ἔστι
2762 3107 2778 3133 ,
2809 3066 2929 3132 πῶς
2961 3067 3060 3123 καὶ
3104 3067 3298 3132 σκότος
3329 3066 3478 3121 εστίν
3504 3083 3521 3131 ;
3560 3067 3730 3137 Ὀρᾷς
3755 3066 3841 3119 ὅτι

2239 3157 2620 3232 χαλεπώτερον
2644 3159 2839 3214 τούτου
2869 3160 2932 3214 τὸ
2952 3158 3066 3234 πῦρ
3099 3144 3278 3215 ἐκεῖνο
3301 3178 3316 3227 ;
3339 3160 3401 3214 οὐ
3425 3159 3535 3229 7&9
3562 3158 3676 3230 ἔχει
3698 3158 3839 3227 φῶς.

2238 3250 2304 3304 Εἰ
2331 3250 2441 3323 πῦρ
2481 3253 2619 3315 ἐστι,
2655 3251 2775 3316 πῶς
2815 3253 2903 3308 ἀεὶ
2952 3252 3297 3320 κατακαίεις
3340 3254 3507 3325 Ὁρᾷς
3549 3254 3631 3307 ὃτι
3678 3251 3841 3323 χαλε-

2237 3341 2487 3414 πώτερον
2523 3343 2719 3398 τούτου
2763 3344 3066 3416 τυγχάνεις
3112 3343 3175 3399 οὐ
3215 3345 3327 3417 γάρ
3371 3344 3659 3400 σϐέννυται
3698 3361 3714 3377 ·
3749 3344 3838 3398 διὰ

2237 3433 2348 3505 γὰρ
2367 3434 2524 3489 τοῦτο
2544 3434 2805 3490 ἄσϐεστον
2824 3436 3065 3506 λέγεται.
3096 3437 3478 3509 Ἐννοησωμεν
3505 3436 3689 3493 τοίνυν
3711 3437 3839 3490 ὅσον

2237 3525 2355 3580 ἐστί
2380 3526 2551 3581 κακὸν
2573 3528 2976 3584 κατακαίεσθαι
3006 3529 3322 3596 διαπαντὸς,
3358 3530 3455 3585 καὶ
3480 3531 3537 3584 έν
3563 3530 3740 3601 σκότῳ
3760 3524 3841 3585 εῖ-

2236 3633 2326 3673 ναι
2352 3658 2367 3683 ,
2400 3618 2496 3672 καὶ
2524 3618 2695 3691 μυρία
2723 3619 3006 3691 οἰμώζειν,
3037 3622 3134 3676 καί
3176 3621 3401 3695 βρύχειν
3437 3623 3564 3683 τοὺς
3593 3622 3838 3687 ὀδόντας,

2235 3710 2333 3764 καὶ
2365 3710 2500 3781 μηδὲ
2528 3710 2845 3767 ἀκούεσθαι.
2879 3713 2942 3767 Εἰ
2972 3713 3081 3784 7&9
3106 3715 3188 3778 εἰς
3216 3714 3592 3786 δεσμωτήριόν
3612 3731 3697 3777 τις
3729 3714 3834 3783 έμ-

2236 3800 2456 3873 ϐληθεὶς
2485 3801 2719 3857 ἐνταῦθα
2734 3803 2842 3857 τῶν
2869 3804 3106 3875 εὐγενῶς
3118 3804 3540 3878 τεθραμμένων,
3568 3806 3669 3877 τὴν
3701 3807 3833 3861 δυσ-

2233 3893 2396 3948 ωδίαν
2434 3894 2615 3966 μόνον,
2649 3895 2744 3949 καὶ
2783 3896 2845 3950 τὸ
2902 3898 2961 3949 ἐν
2992 3897 3172 3970 σκότῳ
3199 3899 3435 3967 κεῖσθαι,
3465 3900 3561 3953 καὶ
3592 3898 3653 3953 τὸ
3689 3898 3834 3965 μετὰ

2233 3985 2574 4055 ἀνδροφόνων
2614 3985 2864 4041 δεδέσθαι
2887 4027 2903 4052 ,
2939 3987 3143 4051 παντὸς
3181 3987 3420 4042 θανάτου
3448 3986 3840 4060 χαλεπώτερον

2232 4073 2375 4132 εἷναί
2403 4095 2570 4149 φησιν
2599 4101 2616 4117 ο
2658 4078 2913 4149 ἐννόησον
2953 4079 3007 4133 τί
3037 4080 3209 4144 ἐστιν,
3250 4082 3382 4134 ὅταν
3415 4081 3555 4152 μετά
3595 4082 3702 4135 τῶν
3731 4080 3833 4150 τῆς

2231 4167 2561 4240 οἰκουμένης
2581 4168 2930 4239 ἀνδροφόνων
2955 4170 3408 4242 κατακαιώμεθα,
3433 4172 3574 4243 μήτε
3591 4171 3832 4243 ὁρῶντες

2235 4260 2374 4330 μήτε
2421 4257 2690 4330 ὁρώμενοι
2714 4297 2730 4320 ,
2766 4258 2882 4312 ἀλλ’
2909 4260 2968 4313 ὲν
3014 4259 3212 4332 πλήθει
3242 4263 3485 4332 τοσούτῳ
3516 4260 3829 4332 νομίζοντες

2231 4346 2373 4405 εἶναι
2426 4350 2602 4422 μόνοι.
2648 4350 2724 4403 Τὸ
2769 4350 2881 4423 7&9
2927 4344 3120 4415 σκότος
3170 4352 3264 4405 καὶ
3312 4352 3372 4405 τὸ
3426 4352 3679 4423 ἀλαμπὲς
3728 4352 3830 4406 οὐκ

2229 4440 2457 4511 ἀφίησιν
2482 4441 2603 4495 οὐδὲ
2642 4440 2770 4504 τοὺς
2811 4440 3043 4513 πλησίον
3073 4442 3222 4513 ἡμᾶς
3257 4440 3642 4510 διαγινώσκειν
3668 4457 3682 4472 ⁵
3712 4441 3829 4496 ἀλλ’

2229 4530 2307 4595 ὡς
2340 4531 2500 4602 μόνος
2530 4530 2691 4585 τοῦτο
2714 4531 2943 4603 πάσχων
2975 4532 3209 4596 ἕκαστος
3234 4572 3250 4597 ,
3280 4531 3425 4586 οὕτω
3466 4533 3826 4590 διακείσεται.

2230 4623 2295 4677 EE
2322 4622 2380 4677 δὲ
2416 4623 2607 4689 σκότος
2652 4622 2827 4679 θλίϐει
2857 4624 2981 4679 καθ’
3005 4625 3168 4678 έαυτὸ
3198 4624 3301 4690 τάς
3342 4626 3619 4699 ἡμετέρας
3646 4627 3829 4699 ψυχάς

2231 4717 2324 4772 καὶ⁵
2351 4717 2612 4789 θορυϐεῖ·
2646 4718 2700 4771 τί
2737 4718 2892 4772 ἔσται
2939 4719 3072 4792 ἄρα,
3108 4720 3239 4774 ὅταν
3289 4721 3429 4792 μετὰ
3468 4720 3565 4775 τοῦ
3600 4726 3830 4786 σκότους

2230 4810 2328 4864 καὶ
2353 4809 2540 4866 ὀδύναι
2563 4809 2824 4865 τοσαῦται
2860 4804 2966 4865 ὦσι
2992 4812 3089 4865 καὶ
3119 4813 3442 4885 έμπρησμοί
3468 4832 3482 4881 ;
3511 4814 3604 4867 Διὸ
3635 4815 3827 4885 δέομαι

2226 4903 2401 4958 ταῦτα
2428 4905 2723 4970 διαπαντὸς
2754 4905 3012 4977 στρέφειν
3040 4908 3172 4980 παρ’
3194 4908 3432 4974 ἑαυτοῖς,
3465 4910 3561 4962 καὶ
3584 4909 3687 4979 τῆς
3714 4910 3826 4963 ἀπὸ

2225 4999 2335 5055 τῶν
2366 5000 2629 5073 ῥημάτων
2657 5000 2835 5071 λύπης
2874 5003 3166 5073 ἀνέχεσθαι
3192 5043 3205 5063 .
3241 5005 3329 5058 ἵνα
3363 5006 3437 5077 μὴ
3473 5005 3573 5078 τὴν
3597 5006 3687 5060 διά
3712 5007 3825 5059 τῶν

2226 5093 2572 5165 πραγμάτων
2588 5094 2977 5167 ὑπομείνωμεν
3000 5096 3295 5167 τιμωρίαν.
3321 5099 3548 5164 Πάντως
3567 5099 3676 5172 γὰρ
3699 5098 3828 5153 ταῦ-

2223 5201 2295 5239 τα
2328 5185 2507 5240 πάντα
2535 5185 2712 5249 ἔσται,
2750 5188 2845 5241 καὶ
2882 5188 3011 5251 τοὺς
3040 5187 3167 5254 ἀξια
3205 5189 3522 5261 πράξαντας
3566 5190 3675 5245 τῶν
3707 5192 3826 5249 ἐκεῖ

2223 5275 2604 5349 κολαστηρίων
2633 5275 2806 5342 οὐδεὶς
2845 5276 3216 5350 ἐξαιρήσεται,
3261 5281 3323 5333 οὐ
3370 5280 3574 5351 πατὴρ,
3602 5283 3664 5336 οὐ
3714 5283 3823 5353 μή-

2221 5385 2349 5440 τηρ,
2379 5370 2479 5422 οὐκ
2512 5368 2745 5438 ἀδελφὸς
2770 5409 2784 5433 ,
2814 5369 2919 5449 κᾶν
2962 5372 3168 5443 πολλὴν
3195 5373 3511 5445 παρρησίαν
3540 5372 3640 5445 ἔχῃ
3664 5415 3677 5439 ,
3716 5376 3821 5428 κᾶν

2224 5460 2438 5533 μεγάλα
2484 5460 2644 5533 ἰσχύῃ
2694 5461 2834 5533 πρὸς
2883 5462 2976 5517 τὸν
3022 5464 3177 5518 Θεόν.
3224 5464 3516 5535 Ἀδελφὸς
3581 5467 3691 5536 γὰρ
3744 5468 3817 5520 οὐ

2219 5552 2574 5620 λυτροῦται,
2625 5554 2798 5625 φησί·
2842 5557 3211 5625 λυτρώσεται
3249 5557 3604 5627 ἇνθρωπος;
3647 5557 3820 5621 Αὐτὸς

2222 5642 2335 5716 [Ιῖ]
2368 5644 2477 5715 γάρ
2519 5646 2673 5698 ἐστιν
2720 5646 2749 5698 ὀ
2793 5646 3078 5710 ἀποδιδοὺς
3121 5638 3341 5719 ἑκάστῳ
3371 5651 3512 5703 κατά
3562 5647 3632 5703 τά
3677 5649 3817 5720 ἔργα

2218 5733 2384 5788 αὐτοῦ
2412 5775 2427 5799 ,
2461 5736 2553 5788 καὶ
2595 5734 2703 5791 ἀπὸ
2743 5737 2949 5792 τούτων
2995 5738 3089 5792 καὶ
3132 5737 3371 5814 σωθῆναι
3405 5738 3484 5794 ἔνι
3528 5738 3623 5799 καὶ
3653 5738 3815 5795 κολας

2224 5827 2437 5899 σθῆναι.
