4208 6454
374 350 448 406 17
1261 338 1325 394 IN
1366 336 1582 394 EPIST.
1636 336 1727 391 AD
1768 333 1979 390 "EBRJ

2085 334 2133 390 Β.
2179 334 2327 391 ΕΜ).
2374 336 2415 390 l.
2460 334 2690 391 llOMlL.
2734 333 2776 390 ι.
3621 338 3688 395 l8

376 443 451 493 sit
484 438 805 494 honoratior
846 448 900 493 et
942 438 1281 509 splendidior
1313 456 1327 494 :
1363 442 1432 494 ita
1479 441 1565 495 hic
1605 457 1818 511 quoque
1848 441 1987 495 Pau-

377 535 486 597 lus,
517 550 643 589 cum
668 533 819 598 dicit,
854 531 1020 587 Tanto
1047 535 1229 588 melior
1253 536 1449 605 angelis
1472 536 1656 604 factus,
1689 536 1789 590 hoc
1820 537 1990 607 signi-

374 627 523 691 ficat,
556 625 705 695 quod
733 625 958 696 probior
984 634 1039 681 et
1068 618 1398 697 praeclarior,
1428 638 1621 699 quanto
1663 628 1989 685 excellentius

380 736 487 788 pra:
526 719 635 771 illis
662 734 850 771 nomen
880 718 1203 772 hereditavit.
1237 717 1400 772 Vides
1438 719 1580 788 quod
1621 719 1797 789 agitur
1825 719 1893 772 de
1921 733 1988 772 eo

383 810 520 880 quod
567 810 808 879 pertinet
852 809 919 862 ad
961 810 1221 864 carnem?
1268 810 1368 865 hoc
1407 811 1550 864 enim
1599 826 1815 877 nomen,
1851 811 1990 864 Deus

384 901 645 967 Verbum,
680 916 901 971 semper
928 901 1140 969 habuit,
1172 917 1277 957 non
1319 912 1501 972 postea
1538 903 1743 973 accepit
1772 903 1988 957 heredi.

379 995 601 1059 larium;
630 1010 806 1063 neque
832 1004 959 1047 tunc
989 994 1180 1047 melior
1210 996 1415 1064 angelis
1443 994 1613 1049 factus
1637 1004 1742 1061 est,
1773 994 1989 1064 quando

376 1086 507 1141 fecit
552 1084 933 1153 purgationem
980 1092 1294 1139 nostrorum
1342 1093 1710 1154 peccatorum,
1751 1085 1847 1139 scd
1892 1085 1988 1138 fuit

375 1193 597 1246 semper
629 1177 843 1239 melior,
875 1186 932 1230 et
958 1176 1150 1230 melior
1188 1176 1705 1246 incomparabiliter.
1744 1175 1847 1231 Sed
1885 1174 1987 1229 hoc

374 1269 581 1324 dictum
630 1280 716 1322 est
761 1278 1025 1338 quantum
1074 1267 1142 1321 ad
1189 1282 1408 1322 carnem
1442 1267 1656 1322 attinet.
1699 1267 1788 1323 Sic
1830 1269 1986 1322 nobis

370 1375 593 1430 quoque
624 1374 745 1414 mos
768 1368 873 1422 est,
899 1373 1022 1412 cum
1056 1358 1325 1428 loquimur
1350 1358 1417 1413 de
1444 1356 1773 1425 hominibus,
1799 1366 1853 1412 et
1878 1358 1984 1412 alta

367 1466 424 1509 et
472 1454 701 1508 humilia
743 1452 944 1506 dicere.
978 1451 1111 1505 Nam
1143 1450 1359 1521 quando
1392 1450 1644 1516 dicimus,
1687 1450 1859 1503 llomo
1900 1451 1985 1503 ni-

368 1548 494 1611 ltili,
522 1547 686 1599 homo
717 1554 881 1607 terra,
913 1543 1076 1596 homo
1100 1544 1262 1607 cinis,
1292 1543 1358 1597 ab
1380 1558 1446 1597 eo
1468 1541 1608 1612 quod
1634 1551 1716 1597 est
1746 1540 1985 1595 deterius

369 1649 553 1693 totum
586 1651 885 1700 vocamus;
930 1635 1149 1705 quando
1180 1644 1358 1690 autem
1390 1634 1639 1699 dicimus,
1674 1633 1986 1687 immortale

368 1731 578 1786 animal
625 1730 813 1794 homo,
849 1729 1184 1782 rationabilis
1224 1737 1279 1783 et
1307 1737 1567 1797 cognatus
1595 1741 1981 1797 supernorum,

367 1830 442 1881 ab
498 1842 567 1881 eo
623 1823 770 1894 quod
840 1830 926 1878 cst
990 1823 1189 1877 melius
1242 1838 1429 1876 rursus
1476 1832 1646 1875 totum
1702 1836 1981 1876 vocamus.

371 1920 446 1972 Ita
494 1919 661 1972 etiam
718 1918 787 1972 de
839 1915 1094 1980 Christo,
1150 1915 1440 1985 aliquando
1514 1913 1732 1984 quidem
1791 1930 1857 1969 ex
1915 1930 1982 1967 eo

366 2010 519 2079 quod
558 2019 643 2064 est
688 2012 903 2074 minus,
977 2006 1273 2076 aliquando
1343 2014 1523 2060 autem
1580 2020 1648 2060 ex
1710 2022 1776 2061 eo
1837 2005 1983 2075 quod

365 2112 453 2157 est
526 2103 718 2159 melius
806 2101 1042 2171 loquitur
1114 2099 1344 2162 Paulus,
1405 2108 1460 2153 et
1522 2098 1978 2167 dispensationem

363 2195 564 2248 \‘aelctts
589 2194 944 2259 constituere,
977 2200 1030 2247 et
1063 2191 1258 2248 docere
1287 2192 1354 2247 de
1383 2200 1569 2245 natura
1603 2191 1655 2246 in
1684 2206 1843 2262 quam
1873 2208 1979 2246 non

358 2287 521 2343 cadit
550 2287 820 2342 interitus.

441 2380 501 2434 5.
532 2376 836 2433 Exhortatio
861 2378 931 2432 ad
967 2377 1309 2432 innocentiam
1333 2376 1656 2431 servandam.
1699 2374 1977 2430 Maledicta

354 2469 419 2523 in
450 2464 747 2529 proximum
777 2476 985 2534 quanta:
1012 2484 1175 2536 poma:
1196 2470 1433 2523 obnoxia.
1462 2496 1533 2507 ——
1553 2468 1817 2537 Quoniam
1846 2482 1976 2538 ergo

357 2565 723 2623 peccatorum
750 2567 1061 2612 nostrorum
1088 2559 1213 2614 fecit
1244 2561 1635 2630 purgationem,
1662 2574 1977 2615 maneamus

356 2648 489 2717 puri
531 2657 588 2703 et
637 2649 860 2715 mundi,
894 2651 1093 2705 nullam
1142 2654 1498 2723 suscipiamus
1545 2654 1841 2719 maculam;
1882 2654 1976 2709 sed

357 2758 532 2813 quam
568 2743 731 2799 nobis
757 2744 951 2799 indidit
992 2745 1446 2815 pulchritudinem
1478 2756 1533 2801 et
1558 2747 1811 2801 decorem
1843 2762 1979 2801 con-

356 2848 657 2889 servemus
701 2836 1043 2906 impollutnm
1086 2848 1140 2893 et
1191 2840 1447 2893 tnumlum
1475 2880 1491 2903 ,
1524 2840 1730 2894 nullam
1760 2840 1976 2895 sordem

360 2924 670 2981 habentem
696 2968 711 2993 ,
742 2937 837 2982 aut
863 2944 1076 2999 rugam,
1105 2938 1197 2984 aut
1226 2930 1426 3000 aliquid
1458 2930 1745 3001 ejusmodi.
1776 2932 1976 2986 Sordes

359 3017 510 3070 enim
530 3026 732 3073 suntet
751 3035 881 3090 ruga
898 3022 1060 3075 etiam
1081 3037 1240 3091 parva
1262 3030 1501 3091 peccata,
1524 3031 1580 3076 ut
1608 3023 1972 3086 maledictmn,

360 3110 701 3164 contumelia
734 3152 749 3176 ,
784 3111 1127 3165 mendacium
1177 3129 1190 3165 :
1238 3114 1346 3167 imo
1392 3128 1522 3166 vero
1556 3129 1621 3165 ne
1649 3128 1709 3167 ea
1759 3114 1971 3182 quidem

361 3210 493 3253 sunt
525 3215 695 3269 parva
726 3242 742 3268 ,
773 3202 869 3257 scd
900 3212 956 3257 et
984 3203 1139 3257 valde
1166 3218 1355 3273 magna
1380 3243 1395 3270 ,
1424 3202 1560 3258 adeo
1590 3220 1647 3257 ιιι
1676 3204 1836 3258 etiam
1866 3205 1976 3274 pri-

361 3304 496 3348 vent
526 3310 701 3365 regno
739 3296 1021 3350 crelorum.
1074 3296 1392 3364 Quomodo?
1417 3296 1516 3365 Qui
1552 3296 1770 3351 fratrem
1816 3313 1970 3351 suum

362 3397 526 3441 vocat
564 3386 773 3441 fatuum
800 3429 815 3452 ,
849 3396 933 3442 est
959 3388 1227 3442 obnoxius
1252 3430 1266 3452 ,
1297 3388 1503 3458 inquit,
1545 3387 1809 3458 geheuna:
1839 3388 1976 3458 ignis

365 3482 382 3548 (
414 3480 614 3532 Matth.
652 3481 706 3536 5.
739 3479 811 3534 22
837 3478 879 3551 ).
912 3481 965 3535 Si
998 3489 1178 3535 autem
1228 3481 1317 3551 qui
1351 3489 1507 3535 vocat
1556 3482 1755 3535 fatuum
1783 3521 1800 3548 ,
1833 3481 1975 3551 quod

365 3572 585 3626 videtur
611 3577 855 3627 omnium
902 3588 1024 3628 esse
1057 3573 1389 3628 levissimum
1419 3581 1474 3627 et
1520 3572 1670 3628 lusus
1700 3574 1924 3642 puerilis
1956 3589 1971 3639 ;

362 3666 454 3732 qui
487 3673 647 3719 vocat
696 3665 992 3733 malignum
1033 3674 1087 3719 et
1138 3663 1439 3719 maleficum
1472 3674 1526 3719 et
1553 3664 1788 3718 invidum
1817 3673 1870 3718 et
1896 3664 1976 3718 in-

363 3758 801 3812 numerabilibus
832 3757 952 3812 aliis
1000 3757 1215 3828 probris
1263 3757 1502 3827 appetit,
1537 3770 1673 3826 quas
1707 3772 1813 3811 non
1866 3756 1977 3811 luet

361 3864 564 3920 poenas
612 3851 1030 3921 castigationis?
1060 3850 1190 3920 quid
1236 3858 1319 3905 est
1364 3851 1464 3904 hoc
1494 3850 1842 3905 horribilius?
1870 3849 1974 3906 Sed

361 3943 636 3997 sustinete
686 3958 871 4012 qumso
900 3941 1043 4011 quod
1072 3943 1208 3996 dico.
1241 3942 1298 3997 Si
1329 3942 1470 3997 enim
1517 3942 1605 4012 qui
1635 3940 1760 3995 facit
1790 3941 1879 3995 uni
1910 3958 1977 3997 ex

362 4036 612 4090 minimis
636 4076 652 4101 ,
678 4036 778 4105 ipsi
810 4034 958 4101 facit,
989 4043 1044 4090 et
1077 4035 1165 4105 qui
1197 4049 1302 4089 non
1339 4033 1466 4089 facit
1496 4035 1584 4087 uni
1618 4050 1683 4087 ex
1712 4034 1972 4100 minimis,

362 4130 470 4200 ipsi
494 4145 604 4183 non
636 4128 760 4185 facit
785 4128 1002 4199 (Matth.
1024 4128 1116 4183 25.
1142 4126 1363 4194 40.45);
1394 4126 1665 4197 quomodo
1694 4142 1800 4180 non
1834 4126 1974 4181 idem

362 4234 450 4276 cst
474 4223 530 4276 in
560 4222 721 4276 laude
744 4233 798 4277 et
818 4220 1253 4291 vituperatione?
1275 4220 1372 4287 Qui
1400 4221 1542 4274 enim
1576 4219 1795 4273 fratrem
1819 4235 1973 4273 suum

363 4315 705 4369 contumelia
755 4315 923 4369 afficit
949 4355 964 4379 ,
1001 4314 1168 4368 Deum
1205 4314 1371 4367 allicit
1400 4312 1757 4377 contumelia;
1788 4323 1841 4366 et
1885 4310 1975 4382 qui

362 4408 595 4465 fratrem
624 4424 785 4465 suum
830 4407 1096 4469 honorat,
1127 4407 1358 4461 honorat
1390 4407 1577 4460 Deum.

438 4525 497 4578 4.
548 4524 875 4578 Ετιιιιέειιηιιε
904 4539 1036 4594 ergo
1063 4522 1324 4592 linguam,
1357 4529 1416 4575 ut
1444 4519 1729 4575 benedicat
1755 4529 1808 4574 et
1837 4518 1975 4575 bona

360 4617 538 4671 verba
574 4617 765 4671 efferat
791 4635 804 4670 :
834 4614 1109 4685 Compesce
1133 4616 1277 4670 enim
1298 4656 1313 4680 ,
1349 4614 1551 4683 inquit,
1582 4612 1807 4681 linguam
1835 4622 1975 4666 luam

360 4728 395 4760 η
420 4710 565 4760 man
594 4708 769 4779 (Psal.
792 4709 881 4763 55.
908 4708 1021 4778 ll).
1042 4707 1158 4761 Non
1179 4706 1322 4760 enim
1352 4704 1474 4758 ideo
1497 4719 1614 4758 eam
1643 4703 1790 4758 dedit
1814 4704 1975 4771 Deus,

360 4810 422 4853 ut
450 4800 763 4854 maledictis
790 4809 844 4855 et
872 4802 1218 4856 contumeliis
1249 4811 1594 4871 appetamus,
1624 4814 1681 4856 ut
1707 4818 1809 4858 nos
1836 4805 1973 4858 invi-

355 4910 486 4949 cem
539 4894 967 4961 calumniemur;
1019 4894 1113 4951 sed
1153 4906 1208 4950 ut
1256 4897 1425 4951 Deum
1474 4897 1797 4962 laudemus,
1833 4906 1976 4953 utea

355 4990 660 5059 loquamur
699 5004 819 5060 qua:
848 4989 977 5043 dant
1007 4992 1236 5060 gratiam
1280 4991 1648 5057 audientibus,
1703 5008 1823 5061 qua:
1854 5001 1980 5047 sunt

356 5080 433 5134 ad
457 5080 882 5135 aedificationem
910 5123 923 5146 ,
951 5098 1071 5151 qua:
1101 5090 1227 5136 sunt
1273 5080 1336 5135 ad
1370 5082 1673 5135 utilitatem.
1698 5083 1981 5137 lllaledicto

355 5174 679 5243 quempiam
707 5189 766 5229 es
796 5174 1130 5230 insectatus?
1156 5176 1283 5244 quid
1317 5176 1543 5230 lucraris
1568 5218 1582 5241 ,
1611 5176 1699 5245 qui
1748 5176 1978 5245 teipsum

355 5280 583 5335 quoque
613 5281 734 5320 cum
766 5266 858 5320 illo
880 5266 1079 5321 damno
1109 5267 1389 5335 implicas?
1417 5283 1478 5321 ea
1502 5283 1567 5321 eo
1590 5268 1730 5322 enim
1764 5284 1822 5323 es
1850 5284 1980 5323 con-

354 5366 627 5425 sequutus
662 5366 717 5410 ut
746 5357 1018 5427 reputeris
1054 5354 1614 5431 maledicus.’Nullum
1648 5358 1789 5413 enim
1813 5401 1826 5424 ,
1863 5359 1984 5413 nul-

354 5450 473 5502 lum
509 5458 593 5502 est
621 5450 823 5503 malum
852 5448 994 5519 quod
1024 5463 1082 5504 se
1112 5451 1266 5503 sistat
1291 5450 1354 5504 ad
1390 5450 1535 5503 illum
1562 5466 1730 5518 usque
1764 5450 1850 5520 qui
1885 5466 1979 5519 pa-

354 5539 516 5603 titur,
553 5539 652 5594 sed
677 5556 802 5593 cum
824 5554 1040 5609 quoque
1075 5539 1164 5608 qui
1206 5537 1331 5594 facit
1356 5539 1768 5609 comprehendit
1794 5560 1806 5592 :
1831 5540 1980 5594 vorbi

353 5648 546 5697 causa,
572 5633 785 5688 invidus
812 5633 1026 5687 videtur
1046 5632 1261 5703 quidem
1285 5634 1435 5688 alteri
1468 5634 1726 5700 insidiari,
1753 5635 1863 5704 ipse
1885 5651 1981 5687 au-

356 5736 471 5781 tem
502 5726 653 5794 prior
684 5725 924 5781 fructum
954 5725 1149 5794 accipit
1181 5725 1416 5793 peccati,
1446 5735 1502 5780 ut
1528 5728 1615 5795 qui
1649 5726 1884 5781 tabescat
1929 5734 1983 5779 et

353 5831 743 5893 corrumpitur
768 5863 782 5889 ,
831 5827 889 5874 et
920 5816 989 5872 ab
1018 5817 1267 5873 omnibus
1296 5816 1419 5872 odio
1450 5817 1726 5872 habeatur.
1774 5818 1979 5871 Avarus

2079 441 2240 492 alium
2268 441 2436 509 privat
2462 440 2729 509 pecuniis,
2765 439 2858 494 sed
2888 439 2993 493 sibi
3020 455 3232 510 quoque
3254 439 3423 495 aufert
3443 440 3674 498 aliorum

2080 548 2352 595 amorem;
2389 532 2497 586 imo
2524 532 2689 587 efficit
2717 543 2772 586 ut
2817 548 3005 588 omnes
3033 549 3153 588 eum
3201 534 3501 590 maledictis
3528 536 3675 591 inse-

2080 633 2313 679 ctentur.
2340 624 2438 679 Est
2464 634 2643 679 autem
2676 626 2813 679 bona
2842 626 2980 678 fama
3006 626 3162 695 longe
3184 628 3378 681 melior
3400 628 3671 697 pecuniis:

2082 732 2205 769 nam
2239 716 2384 770 illam
2414 718 2629 787 quidem
2663 734 2767 771 non
2794 728 2874 773 cst
2903 718 3056 773 facile
3083 719 3417 790 abstergere,
3446 719 3543 774 bas
3570 736 3673 775 au-

2084 818 2187 862 tem
2217 809 2372 863 facile
2400 820 2482 864 est
2525 811 2771 865 amittere
2815 830 2827 865 :
2876 821 3037 880 atque
3063 812 3197 865 adeo
3222 853 3237 879 ,
3269 812 3409 881 quod
3438 820 3522 867 est
3550 828 3671 867 am«

2084 901 2259 968 plius,
2306 901 2409 953 ilhc
2438 900 2653 969 quidem
2686 902 2730 955 si
2781 918 2886 956 non
2918 902 3129 966 adsint,
3161 903 3293 958 nihil
3324 905 3522 959 la‘dunt
3548 921 3671 959 eum

2082 991 2171 1060 qui
2201 1007 2305 1045 non
2336 992 2524 1058 habet;
2556 993 2672 1046 htrc
2702 1002 2877 1047 autem
2908 995 2952 1046 si
2986 1010 3090 1048 non
3120 993 3262 1048 adsit
3287 1037 3300 1057 ,
3325 994 3494 1049 efﬁcit
3519 1005 3576 1050 ut
3604 997 3682 1050 sit

2083 1084 2376 1153 probrosus
2402 1094 2455 1139 et
2485 1084 2741 1139 ridiculus
2762 1124 2777 1150 ,
2807 1086 3164 1157 omnibusque
3208 1087 3380 1143 hostis
3409 1099 3464 1143 et
3492 1088 3677 1143 inimi-

2084 1191 2199 1230 cus.
2232 1176 2521 1231 Iracundus
2548 1192 2733 1232 rursus
2763 1178 2911 1247 prius
2954 1179 3189 1249 seipsum
3235 1181 3436 1235 cruciat
3463 1221 3478 1245 ,
3506 1196 3563 1235 se
3593 1181 3675 1234 la-

2085 1269 2239 1322 nians
2270 1284 2332 1322 ac
2362 1268 2675 1338 discerpens
2700 1310 2715 1336 ,
2762 1278 2815 1324 ct
2846 1277 2973 1323 tunc
3003 1271 3149 1325 illum
3178 1273 3261 1325 cui
3288 1272 3563 1326 irascitur.
3596 1272 3672 1326 lta

2086 1359 2381 1414 maledicus
2409 1376 2467 1415 se
2496 1361 2727 1431 priorem
2770 1362 2968 1431 probro
2995 1370 3048 1416 et
3087 1362 3356 1417 dedecore
3382 1362 3548 1421 afﬁcit
3574 1403 3589 1428 ,
3622 1374 3677 1418 et

2090 1457 2215 1505 tunc
2243 1467 2364 1506 eum
2394 1466 2553 1521 quem
2583 1451 2869 1506 maledicto
2899 1454 3138 1521 appetit:
3171 1463 3263 1507 aut
3310 1469 3376 1507 ne
3417 1453 3519 1508 hoc
3545 1454 3668 1523 qui-

2087 1544 2208 1598 dem
2237 1544 2371 1598 forte
2400 1552 2577 1615 potest
2602 1563 2614 1597 :
2647 1544 2743 1599 sed
2772 1543 2883 1599 abit
2912 1544 3027 1615 ipse
3056 1546 3272 1615 quidem
3302 1587 3317 1612 ,
3347 1554 3534 1599 nactus
3564 1548 3678 1600 exi-

2093 1643 2459 1698 stimationem
2481 1642 2729 1697 scelerati
2752 1652 2806 1697 et
2830 1642 3144 1698 exsecrandi
3176 1641 3429 1707 hominis,
3454 1641 3543 1696 ille
3566 1656 3698 1695 vero

2092 1745 2150 1790 ut
2171 1736 2346 1811 magis
2366 1747 2579 1791 ametur
2595 1736 3097 1805 efficiens.Quando
3118 1738 3262 1792 enim
3286 1738 3423 1791 male
3444 1737 3695 1802 audiens.

2089 1845 2195 1881 non
2224 1844 2320 1898 par
2345 1829 2461 1900 pari
2491 1828 2657 1883 refert
2677 1873 2690 1892 ,
2722 1830 2815 1883 sed
2848 1831 3035 1901 laudat
3064 1840 3119 1886 et
3142 1830 3462 1897 admiratur,
3495 1847 3601 1885 non
3626 1831 3695 1885 ilo

2088 1920 2197 1975 lum
2230 1920 2443 1985 laudat,
2478 1921 2573 1975 sed
2601 1921 2861 1991 seipsum.
2907 1920 3041 1976 Nam
3068 1922 3209 1977 sicut
3234 1965 3249 1989 ,
3279 1931 3338 1977 ut
3370 1923 3516 1992 prius
3542 1921 3649 1975 dixi
3674 1962 3692 1987 ,

2087 2028 2210 2084 quas
2250 2013 2301 2067 in
2331 2014 2606 2084 proximos
2637 2023 2958 2083 torquentur
2986 2014 3273 2069 maledicta
3296 2055 3310 2077 ,
3342 2030 3404 2070 ea
3436 2015 3582 2083 prius
3608 2023 3694 2068 at-

2090 2104 2305 2176 tingunt
2350 2122 2445 2163 eos
2490 2109 2578 2177 qui
2627 2109 2992 2164 insidiantur:
3029 2110 3097 2163 ita
3128 2110 3291 2164 etiam
3323 2126 3443 2180 qua:
3472 2108 3525 2164 in
3555 2125 3691 2179 pro-

2090 2198 2319 2268 pinquos
2355 2200 2709 2255 conferuntur
2736 2201 2877 2257 bona
2903 2243 2919 2267 ,
2953 2217 3049 2257 eos
3081 2202 3173 2272 qui
3216 2212 3513 2273 operantur
3542 2203 3691 2272 prius

2089 2288 2364 2346 delectant
2416 2301 2468 2346 et
2509 2293 2707 2363 gaudio
2746 2293 3008 2349 afficiunt.
3041 2294 3176 2348 Nam
3208 2295 3295 2362 qui
3326 2294 3523 2349 bonum
3552 2293 3694 2363 parit

2092 2393 2140 2436 et
2174 2383 2409 2447 malum.
2444 2400 2509 2439 eo
2557 2386 2752 2439 merito
2810 2386 2959 2455 prior
3003 2386 3117 2454 ipse
3154 2384 3350 2439 fruitur
3397 2402 3410 2438 :
3458 2394 3512 2440 et
3555 2385 3693 2438 sicut

2091 2489 2227 2543 aqua
2258 2485 2312 2531 et
2354 2476 2494 2531 salsa
2523 2486 2575 2531 et
2608 2477 2860 2547 potabilis
2895 2493 3021 2533 vasa
3052 2478 3242 2550 implet
3273 2493 3460 2533 eorum
3494 2476 3581 2547 qui
3613 2476 3692 2529 af-

2088 2564 2271 2621 ferunt
2296 2611 2309 2635 ,
2346 2584 2407 2623 ac
2452 2568 2654 2624 fontem
2696 2586 2801 2625 non
2835 2571 3025 2625 minuit
3052 2586 3117 2626 ex
3149 2586 3258 2640 quo
3302 2579 3517 2624 emanat
3556 2587 3569 2623 :
3619 2570 3695 2623 ita

2089 2660 2251 2713 etiam
2281 2669 2336 2715 et
2363 2662 2551 2715 vitium
2582 2672 2635 2717 et
2667 2663 2836 2717 virtus
2865 2663 3015 2718 illum
3045 2663 3189 2718 unde
3216 2663 3326 2717 exit
3354 2674 3407 2717 et
3436 2662 3688 2726 delectat,

2089 2761 2144 2807 et
2173 2752 2368 2821 perdit.
2404 2753 2472 2808 Et
2498 2754 2616 2809 lucc
2646 2756 2864 2825 quidem
2891 2756 2976 2810 hic
3003 2757 3075 2811 ita
3107 2756 3331 2812 habent.

2161 2842 2459 2913 qucrorum
2487 2861 2662 2916 preme.
2694 2877 2762 2886 —
2784 2846 2915 2914 Qua:
2934 2856 3111 2901 autem
3142 2848 3249 2902 illic
3269 2856 3416 2914 sunt,
3444 2862 3692 2919 quamam

2022 2994 2023 2997 η
2088 2937 2374 3006 explicabit
2400 2938 2612 2993 dicendi
2638 2939 2881 3005 facultas,
2910 2940 2996 2995 vel
3023 2940 3161 2995 bona
3187 2941 3271 2995 vel
3301 2938 3485 2997 mala?
3514 2941 3693 2996 Nulla.

2094 3026 2227 3083 Nam
2262 3028 2396 3084 bona
2433 3031 2647 3101 quidem
2679 3032 2765 3086 vel
2786 3047 3000 3086 omnem
3037 3043 3365 3104 exsuperant
3396 3034 3692 3103 intelligen-

2091 3121 2260 3188 tiam,
2304 3120 2505 3179 nedum
2544 3124 2882 3189 orationem;
2931 3125 3071 3179 mala
3135 3133 3313 3179 autem
3369 3124 3511 3179 dicta
3567 3126 3689 3195 qui-

2089 3213 2214 3268 dem
2259 3223 2384 3269 sunt
2423 3216 2732 3273 nuntinihus
2760 3218 2954 3289 quibus
2980 3219 3354 3273 assuevimus:
3385 3234 3507 3272 nam
3540 3219 3646 3273 illic
3674 3258 3698 3283 ν

2093 3308 2265 3379 inquit
2291 3350 2311 3375 ,
2337 3320 2418 3365 est
2449 3310 2589 3381 ignis
2612 3320 2667 3366 et
2700 3312 2934 3367 tenebrrc
2961 3323 3015 3367 et
3040 3313 3254 3368 vincula
3287 3322 3341 3367 et
3374 3313 3573 3367 vermis
3598 3312 3691 3382 qui

2090 3416 2196 3456 non
2221 3401 2418 3457 desinit
2445 3419 2460 3468 ;
2496 3420 2672 3475 neque
2703 3405 2815 3458 haec
2863 3404 3033 3458 solum
3083 3403 3375 3459 ostendunt
3402 3420 3520 3474 qua:
3546 3403 3693 3458 dicta.

2094 3505 2238 3559 sunt,
2266 3495 2359 3549 sed
2391 3496 2492 3550 alia
2524 3497 2791 3568 graviora.
2826 3496 2973 3552 Etut
3000 3497 3287 3568 intelligas,
3319 3497 3423 3551 hoc
3452 3497 3694 3567 primum

2091 3588 2272 3641 statim
2295 3588 2601 3643 considera.
2638 3589 2769 3643 Nam
2797 3589 2841 3643 si
2869 3599 2951 3644 est
2978 3589 3137 3660 ignis,
3162 3588 3433 3660 quomodo
3465 3597 3591 3643 sunt
3617 3598 3698 3643 te«

2094 3678 2321 3733 ποιητιξῖ
2359 3679 2522 3735 Vides
2562 3681 2704 3751 quod
2756 3681 2845 3735 ille
2877 3680 3014 3751 ignis
3057 3680 3128 3735 sit
3170 3682 3272 3737 hoc
3298 3680 3555 3752 gravior?
3586 3695 3692 3734 non

2092 3768 2257 3825 habet
2277 3772 2418 3825 enim
2444 3771 2640 3839 lucem.
2667 3772 2723 3827 Si
2745 3782 2827 3827 est
2852 3771 3009 3842 ignis,
3031 3771 3303 3842 quomodo
3329 3788 3544 3840 semper
3562 3771 3706 3829 urit?

2094 3864 2255 3920 Vides
2288 3865 2431 3937 quod
2461 3865 2564 3921 hoc
2605 3866 2727 3935 igne
2774 3866 2846 3921 sit
2874 3865 3125 3936 gravior?
3171 3881 3278 3920 non
3311 3866 3452 3920 enim
3482 3865 3693 3919 exstim-

2086 3960 2270 4029 guitur
2300 3977 2313 4012 :
2347 3977 2469 4015 nam
2518 3972 2807 4031 propterea
2839 3960 3039 4015 dicitur
3070 3958 3556 4029 iuexstingnibilis.
3584 3959 3691 4014 Co-

2088 4055 2323 4125 gitemus
2363 4070 2493 4125 ergo
2538 4064 2801 4126 quantum
2829 4054 2901 4121 sit
2926 4053 3128 4109 malum
3176 4054 3257 4108 uri
3305 4063 3567 4124 perpetuo
3593 4094 3613 4119 ,
3638 4061 3703 4127 et,

2090 4161 2212 4202 esse
2240 4148 2290 4201 in
2323 4148 2583 4213 tenebris,
2617 4156 2672 4202 et
2698 4147 3120 4202 innumerabiles
3146 4148 3395 4201 emittere
3425 4146 3657 4216 ejulatus
3676 4184 3701 4212 ν

2090 4247 2146 4293 et
2184 4239 2414 4295 stridere
2442 4239 2695 4294 dentibus
2717 4282 2731 4303 ,
2758 4248 2812 4295 et
2840 4254 2908 4295 ne
2932 4239 3105 4293 audiri
3138 4238 3378 4310 quidem.
3412 4240 3465 4294 Si
3513 4240 3654 4293 enim
3676 4281 3694 4305 ,

2088 4345 2210 4383 cum
2241 4332 2361 4399 quis
2387 4346 2449 4384 ex
2485 4331 2551 4384 iis
2582 4332 2672 4400 qui
2717 4329 3013 4385 liberaliter
3054 4342 3179 4384 sunt
3222 4328 3470 4396 educati,
3504 4328 3592 4384 hic
3623 4329 3675 4383 in

2084 4436 2357 4476 carcerem
2381 4421 2633 4491 injectus,
2670 4421 2918 4479 fmtarem
2942 4420 3140 4486 solum,
3166 4431 3217 4475 et
3244 4421 3425 4490 jacere
3458 4422 3508 4475 in
3542 4428 3684 4476 tene-

2084 4511 2196 4567 bris
2218 4523 2271 4569 et
2297 4514 2348 4568 in
2378 4515 2605 4571 vincul's
2637 4531 2755 4570 esse
2789 4531 2913 4569 cum
2940 4514 3228 4569 liomicidis
3248 4555 3262 4577 ,
3293 4514 3479 4585 quavis
3508 4523 3684 4567 morte

2082 4603 2209 4660 dicit
2239 4622 2359 4661 esse
2404 4607 2618 4677 gravius
2660 4607 2881 4676 :cogita
2928 4606 3055 4677 quid
3104 4608 3173 4661 sit
3220 4605 3436 4676 quando
3475 4605 3686 4660 urimur

2081 4712 2202 4753 cum
2245 4699 2403 4769 hujus
2433 4701 2582 4755 orbis
2614 4709 2771 4756 terra:
2800 4700 3085 4756 homicidis
3106 4744 3119 4764 ,
3151 4713 3205 4757 et
3234 4717 3408 4773 neque
3435 4701 3693 4756 videmus

2082 4806 2182 4845 nec
2230 4792 2478 4847 videmur
2507 4836 2519 4857 ,
2551 4792 2646 4849 sed
2697 4794 2747 4847 in
2802 4802 2946 4848 tanta
2994 4793 3339 4849 multitudine
3385 4794 3535 4850 silos
3560 4808 3689 4849 esse

2082 4884 2475 4940 existimamus.
2501 4886 2631 4941 Nam
2657 4887 2897 4942 Ianebrre
2925 4898 2978 4941 ct
3007 4888 3139 4941 lucis
3157 4888 3400 4943 defectus
3429 4903 3535 4942 non
3564 4904 3686 4959 per-

2083 4977 2245 5032 mittit
2274 4987 2329 5033 ut
2358 4981 2443 5035 vel
2470 4995 2564 5036 eos
2601 4983 2691 5051 qui
2726 4997 2893 5052 prope
2934 4990 3061 5035 sunt
3116 4981 3529 5046 discernamus;
3583 4982 3689 5037 sed-

2083 5075 2451 5145 unnSquisque
2476 5076 2544 5129 ita
2570 5076 2677 5131 erit
2706 5075 2949 5138 affectus,
2984 5085 3254 5145 tamquam
3283 5075 3429 5129 solus
3456 5074 3558 5130 hoc
3587 5091 3683 5145 pa-

2085 5168 2246 5224 tiens.
2281 5169 2335 5224 Si
2388 5180 2567 5225 autem
2611 5180 2829 5225 nostros
2874 5169 3084 5222 animos
3115 5184 3208 5237 per
3238 5184 3297 5222 se
3345 5178 3595 5239 premunt
3632 5178 3687 5225 et

2084 5262 2410 5316 conturbant
2435 5261 2672 5317 tenebrae
2700 5279 2713 5316 :
2741 5259 2868 5330 quid
2899 5259 3022 5322 erit,
3055 5259 3271 5328 quando
3301 5276 3421 5315 cum
3448 5261 3695 5317 tenebris-

2086 5360 2193 5407 tam
2224 5354 2379 5408 mulli
2407 5354 2605 5409 fuerint
2640 5353 2858 5409 dolores
2888 5362 2943 5409 et
2967 5351 3455 5424 conflagrationes?
3481 5353 3685 5422 Quam-

2085 5448 2270 5503 obrem
2299 5464 2434 5519 rogo
2460 5457 2517 5503 ut
2542 5448 2658 5502 lucc
2683 5446 2825 5517 apud
2868 5463 2967 5501 nos
2997 5457 3259 5518 perpetuo
3286 5463 3565 5503 versemus
3586 5488 3604 5515 ,
3633 5456 3691 5503 et

2086 5558 2205 5608 qum
2235 5558 2263 5596 a
2288 5542 2467 5596 verbis
2512 5540 2734 5596 affertur
2778 5542 3081 5597 molestiam
3129 5542 3424 5597 toleremus
3450 5584 3465 5608 ,
3496 5556 3564 5596 ne
3595 5543 3695 5612 qui

2088 5649 2185 5701 per
2216 5650 2301 5689 res
2325 5634 2469 5704 ipsas
2502 5635 2794 5705 suscipitur
2823 5635 3125 5690 cruciatum
3150 5636 3433 5704 patiamur.
3455 5632 3697 5689 Omnino

2086 5728 2229 5781 enim
2258 5738 2418 5781 erunt
2440 5729 2554 5782 lure
2582 5730 2783 5792 omnia,
2807 5737 2859 5783 et
2877 5744 2970 5783 eos
2992 5727 3083 5800 qui
3113 5728 3308 5797 injusta
3332 5727 3684 5789 admiserunt,

2090 5822 2266 5879 nullus
2299 5822 2444 5879 illinc
2471 5824 2694 5894 eximet,
2728 5838 2833 5883 non
2865 5833 3037 5897 pater,
3073 5839 3177 5879 non
3217 5831 3410 5894 mater,
3445 5836 3555 5877 non
3577 5820 3691 5877 fra-
