4208 6482
487 368 556 423 {9
1189 362 1243 417 S.
1277 352 1554 416 JOANNIS
1589 348 2064 411 CHRYSOSTOMI
2105 345 2422 408 ARCHIEP.
2463 351 2998 415 CONSTANTINOP.
3692 361 3764 424 gr,

481 491 601 543 ter;
629 469 844 532 etiamsi
871 460 1090 526 multam
1122 467 1370 522 ﬁduciam
1399 464 1627 525 habeat,
1652 469 1706 515 et
1729 469 1916 529 magna
1947 470 2068 524 pos-
2193 453 2485 510 habeamus
2514 457 2652 512 bona
2683 474 2843 529 opera
2872 502 2886 524 ,
2921 463 3022 516 nisi
3052 463 3249 532 injuste
3277 465 3538 521 collectas
3566 467 3784 524 divitias

486 573 555 624 sit
603 569 741 639 apud
776 568 942 620 Deum
987 580 1002 616 :
1048 561 1234 615 Frater
1261 558 1402 612 enim
1431 571 1533 609 non
1575 553 1836 639 redimit,
1861 551 2072 603 redimet
2184 547 2329 615 iuste
2357 547 2716 606 eﬂunda‘mus.
2768 554 2879 608 lloe
2926 566 3103 610 autem
3149 555 3297 629 quod
3323 560 3389 614 de
3436 562 3782 633 cleemosyna

488 636 844 729 homolPsal.
882 657 967 711 £8.
1000 654 1101 724 8)?
1132 653 1249 721 ipse
1279 650 1428 704 enim
1447 657 1529 702 est
1554 645 1644 716 qui
1671 636 1849 698 reddit
1870 642 2077 696 mtieui-
2189 639 2416 695 dicimus
2436 680 2451 706 ,
2505 656 2610 696 non
2653 644 2826 699 solum
2857 649 3145 703 conveniet
3180 651 3432 706 divitibus
3453 694 3466 717 ,
3497 647 3593 707 scd
3621 655 3782 708 etiam

489 769 592 824 quo
619 751 912 806 secundum
935 755 1102 816 opera
1127 757 1226 797 sua
1245 781 1261 809 ,
1291 749 1347 796 et
1373 755 1439 795 ex
1470 738 1536 793 iis
1556 737 1682 792 licet
1711 746 1766 792 et
1791 733 1992 791 servari
2021 740 2078 788 et
2189 733 2534 801 pauperibus.
2569 734 2701 790 Etsi
2734 739 2852 806 quis
2879 739 2950 793 sit
2976 741 3069 810 qui
3091 743 3445 798 mendicando
3474 742 3648 798 alatur
3669 786 3684 808 ,
3713 745 3782 800 ad

527 855 620 897 mit
631 863 692 896 ΙἸ.
1473 861 1502 886 «r

527 862 692 897 ‘ll'llll'l.
1473 862 1502 886 cr

493 862 528 914 Ρ
568 935 906 1001 Ercrniosyna
950 923 1352 981 commendatur.
1388 951 1462 963 —
1489 920 1668 976 Facite
1712 919 1848 973 vobis
1893 916 2082 970 aulicos

496 1046 558 1082 ea:
605 1037 842 1079 niamoua
877 1019 1165 1089 iniquitatis
1213 1015 1390 1088 (Luc.
1435 1015 1522 1069 16.
1571 1013 1674 1083 9).
1712 1010 2083 1078 Obsequamur

497 1133 661 1187 ergo;
696 1111 1030 1168 Dominicum
1063 1109 1208 1164 enim
1252 1115 1337 1161 est
1380 1103 1694 1158 mandatum
1732 1119 1746 1154 :
1790 1098 2094 1169 superﬂuas-

499 1209 756 1280 pocunias
795 1205 844 1258 in
878 1213 1080 1273 egenos
1110 1208 1460 1269 Spargaruus:
1495 1194 1751 1248 faciamus
1782 1191 2086 1258 eleetnosy-

503 1317 623 1356 nam
652 1341 664 1362 ,
689 1299 862 1351 donec
891 1307 1210 1364 possumus;
1246 1290 1348 1343 hoc
1393 1296 1475 1344 est
1515 1286 1656 1341 enim
1686 1283 1887 1337 amicos
1913 1280 2096 1334 facere-

505 1412 569 1448 cx‘
613 1400 858 1444 mamoua
901 1384 1227 1454 iniquitatis:
1260 1380 1508 1451 pecunias
1535 1378 1587 1430 in
1611 1390 1814 1446 egenos
1847 1365 2094 1427 eliunda-

504 1492 651 1544 mus,
765 1490 816 1532 ut
847 1479 1004 1531 i-ilum'
1031 1479 1206 1541 ignem
1254 1471 1628 1549 exinanianms
1649 1510 1660 1530 ,
1693 1466 1964 1549 ut_ipsum

509 1539 878 1633 stiugua'mus,
909 1569 970 1613 ut
996 1539 1105 1612 illic
1129 1556 1422 1609 habeamus
1446 1547 1717 1603 ﬁduciam.
1744 1541 1957 1598 Etenim
1987 1539 2100 1592 illic

512 1673 618 1709 non
651 1664 775 1708 sunt
801 1653 888 1706 isti
917 1650 1006 1720 qui
1037 1663 1138 1702 nos
1171 1644 1476 1713 suscipiunt
1499 1681 1513 1705 ,
1543 1638 1636 1693 sed
1668 1643 1910 1690 nostrum
1942 1645 2096 1700 opus.

513 1746 668 1813 Quod
709 1745 852 1800 enim
881 1758 984 1797 non
1025 1739 1270 1794 absolute
1317 1734 1457 1806 quod
1501 1731 1656 1786 nubis
1685 1729 1792 1782 sint
1819 1724 1976 1778 amici
2000 1720 2100 1813 ,rid

511 1812 616 1893 nos
638 1838 807 1908 possit
829 1847 1046 1888 servare
1065 1872 1079 1896 ,
1107 1830 1252 1884 disce
1278 1840 1345 1882 ex
1376 1824 1764 1879 additamenta.
1804 1817 1912 1872 Cur
1957 1812 2099 1914 enim

515 1907 831 1992 uoudixit,
873 1925 1057 1982 Facite
1085 1921 1236 1976 vobis
1262 1919 1463 1972 amicos
1507 1922 1567 1968 ut
1614 1923 1714 1966 vos
1752 1907 2019 1977 excipiant
2049 1907 2101 1957 iu

514 2020 735 2078 aeternis
761 2018 872 2072 suis
906 2012 1284 2077 tabernaculis,
1312 2007 1414 2064 sed
1438 2005 1655 2062 modum
1671 2003 1836 2058 etiarn
1867 1993 2101 2067 adjecit?

515 2131 645 2169 cum
670 2113 818 2168 enim
841 2109 1103 2173 dixisset,
1135 2104 1220 2158 Eat
1263 2116 1502 2156 mamoua
1549 2095 1867 2166 iniquitatis,
1917 2098 2102 2145 osten-

514 2207 596 2263 dit
625 2204 773 2276 quod
815 2218 879 2257 ex
927 2199 1170 2270 pecuniis
1195 2193 1450 2250 convenit
1493 2206 1589 2246 eos
1637 2188 1821 2283 facere
1861 2183 2105 2283 amicos,

515 2272 833 2368 signiﬁcans
855 2291 996 2364 quod
1029 2289 1148 2346 sola
1168 2303 1268 2343 nos
1303 2297 1416 2342 non
1437 2280 1690 2338 defendet
1718 2275 1980 2340 amicitia,
2003 2272 2108 2328 nisi

2185 837 2310 879 eum
2363 837 2577 896 quoque
2625 826 2741 882 luce
2791 829 3039 901 dirigitur
3069 834 3279 888 oratio:
3314 851 3472 890 nemo
3515 846 3595 890 est
3636 837 3779 891 enim

2185 915 2321 971 adeo
2353 931 2556 988 pauper
2577 961 2590 987 ,
2630 920 2732 975 etsi
2761 921 2831 976 sit
2856 922 3010 978 valde
3047 939 3252 996 pauper
3277 969 3291 992 ,
3315 928 3404 997 qui
3449 945 3550 982 non
3583 928 3778 983 habeat

2153 1011 2164 1023 ‘
2199 1007 2306 1061 duo
2336 1008 2561 1062 minuta.
2601 1007 2750 1062 Licet
2780 1021 2908 1077 ergo
2961 1009 3040 1061 vel
3071 1024 3135 1063 ex
3183 1014 3364 1077 paucis
3406 1025 3570 1082 pauca
3597 1015 3749 1070 danti
3770 1057 3790 1088 ,

2199 1111 2456 1168 superare
2531 1113 2625 1154 eos
2675 1099 2764 1168 qui
2817 1100 2966 1168 plura
3023 1101 3364 1170 possidentes
3423 1105 3570 1174 plura
3625 1105 3790 1175 dant,

2198 1192 2339 1246 sicut
2390 1191 2487 1246 illa-
2529 1191 2709 1247 vidua‘.
2753 1189 2868 1246 Non
2899 1192 3043 1248 enim
3089 1203 3156 1247 ex
3187 1201 3375 1249 eorum
3424 1211 3540 1266 (pne
3594 1197 3790 1253 dantur

2199 1286 2489 1350 mensura,
2521 1282 2614 1338 scd
2646 1299 2712 1337 ex
2739 1283 2790 1338 vi
2834 1292 2890 1339 et
2928 1291 3192 1352 potestate
3237 1295 3290 1340 et
3333 1300 3516 1342 eorum
3545 1290 3633 1358 qui
3665 1289 3792 1344 dant

2198 1376 2445 1429 instituto
2475 1382 2530 1429 et
2570 1377 2824 1444 prompta
2859 1375 3137 1430 voluntate
3175 1374 3445 1446 judicatur
3484 1380 3793 1450 magnitudo

2197 1467 2582 1538 clecmosynm.
2620 1466 2803 1536 itaque
2845 1467 3042 1534 ubique
3071 1468 3316 1523 instituto
3348 1483 3483 1539 opus
3509 1479 3592 1526 est
3622 1475 3680 1526 et“
3721 1472 3792 1527 Ii-

2200 1557 2324 1613 bera
2359 1563 2711 1628 promptaque
2733 1557 3034 1624 voluntate;
3060 1559 3258 1630 ubique
3281 1561 3330 1614 in
3353 1562 3517 1615 Deum
3545 1563 3789 1620 caritate.

2196 1647 2252 1703 Si
2285 1661 2407 1703 cum
2435 1665 2506 1704 ea
2549 1649 2727 1703 omnia
2760 1664 2981 1718 agamus
3008 1693 3021 1715 ,
3057 1652 3265 1706 etiamsi
3314 1668 3483 1722 pauca
3529 1655 3792 1710 habentes

2199 1755 2366 1808 pauca
2398 1740 2711 1794 dederimus
2740 1783 2754 1805 ,
2790 1740 2979 1795 faciem
3027 1753 3178 1795 suam
3212 1742 3355 1797 D‘eus
3402 1760 3508 1798 non
3541 1754 3789 1812 avertet,

2198 1829 2293 1885 sed
2327 1831 2553 1901 accipiet
2584 1842 2851 1900 tamquam
2883 1847 3073 1902 magna
3101 1845 3154 1888 et
3184 1833 3518 1889 admiranda.
3549 1837 3793 1893 Attendit

2197 1933 2346 1980 enim
2376 1925 2599 1978 liberam
2633 1935 2687 1979 et
2733 1935 3034 1995 promptam
3069 1927 3232 1981 animi
3283 1928 3611 1984 voluntatem
3639 1970 3653 1994 ,
3684 1946 3788 1984 non

2198 2027 2260 2074 ea
2295 2034 2414 2088 qm:
2442 2017 2636 2072 dantur
2660 2033 2674 2070 :
2701 2017 2828 2072 etsi
2861 2019 3004 2072 illam
3033 2017 3227 2073 viderit
3265 2033 3386 2076 esse
3423 2028 3668 2092 magnam
3695 2065 3709 2090 ,
3741 2023 3792 2079 ci

2200 2115 2356 2164 Suum
2389 2105 2490 2164 fert
2515 2107 2824 2179 suffragium
2860 2117 2916 2163 et
2937 2109 3196 2178 judicium
3217 2151 3232 2177 ,
3263 2119 3317 2165 et
3342 2121 3668 2174 aeternorum
3697 2115 3792 2169 bo-

2201 2213 2396 2256 norum
2446 2199 2582 2255 facit
2620 2201 2950 2271 participes:
2978 2217 3097 2272 qua:
3144 2201 3304 2258 detur
3343 2205 3593 2261 omnibus
3635 2205 3791 2262 nobis

2200 2291 2448 2362 assequi,
2484 2293 2655 2362 gratia
2685 2301 2739 2347 et
2768 2291 3116 2362 benignitate.

1961 2629 2310 2693 HOMILIA
2350 2629 2431 2689 ll.

506 2781 632 2836 CAP.
682 2781 731 2834 Ι.
777 2795 830 2832 v.
878 2780 930 2832 '5.
981 2778 1082 2846 Qui
1115 2795 1229 2834 erm
1253 2787 1318 2831 sit
1344 2777 1587 2847 splendor
1617 2777 1814 2849 gloria},
1856 2786 1902 2832 et
1928 2776 2096 2848 ﬁgura

576 2874 872 2929 substantia:
893 2875 1024 2945 ejus,
1046 2885 1363 2945 portamque
1382 2874 1552 2928 omnia
1570 2873 1718 2926 verba
1746 2872 1944 2927 virtutis
1964 2887 2091 2938 sure,

581 2983 671 3037 per
700 2967 1022 3038 semetipsum
1047 2969 1400 3038 purgationem
1440 2975 1766 3037 peccatorum
1807 2973 2096 3020 nostrorum

577 3061 790 3131 faciens.

577 3153 628 3208 1.
675 3151 751 3206 De
787 3149 896 3206 Deo
937 3163 1089 3221 quam
1119 3160 1399 3206 reverenter
1439 3151 1541 3206 sive
1583 3150 1722 3220 loqui
1765 3152 1869 3205 sive
1915 3148 2097 3204 audire

499 3243 796 3298 debeamus.
825 3274 896 3284 —
930 3243 1134 3313 Ubique
1164 3243 1381 3314 quidem
1417 3244 1497 3312 pia
1538 3254 1590 3297 et
1630 3242 1880 3312 religiosa
1914 3250 2093 3296 mente

501 3347 586 3392 est
612 3353 764 3408 opus.
796 3338 1035 3391 maxime
1064 3345 1241 3390 autem
1271 3335 1484 3406 quando
1506 3335 1572 3389 de
1604 3336 1713 3388 Deo
1735 3333 1931 3404 aliquid
1961 3333 2096 3388 dici-

504 3444 624 3484 mus
653 3440 706 3484 et
731 3429 977 3484 audimus
1011 3445 1023 3481 :
1056 3444 1176 3482 nam
1208 3441 1380 3506 neque
1406 3427 1584 3496 lingua
1609 3427 1772 3496 loqui,
1803 3441 1976 3497 neque
1998 3442 2094 3481 au-

502 3521 578 3573 ris
616 3520 820 3590 aliquid
865 3521 1050 3574 audire
1097 3519 1163 3573 de
1213 3521 1320 3574 Deo
1363 3527 1535 3588 potest
1578 3535 1675 3588 pro
1705 3517 2003 3589 dignitate:
2038 3527 2093 3574 et

498 3615 625 3683 quid
655 3615 774 3669 dico
816 3616 1054 3684 linguam
1077 3624 1130 3669 et
1157 3629 1339 3669 aurem
1360 3615 1388 3666 ‘l
1413 3629 1584 3684 neque
1615 3615 1756 3669 enim
1789 3630 1939 3670 mens
1970 3630 2091 3685 quae

501 3708 616 3761 inec
645 3708 800 3777 longe
822 3715 1061 3777 supcrat,
1101 3717 1274 3776 potest
1302 3707 1498 3775 aliquid
1528 3717 1712 3761 exacte
1735 3705 2090 3778 comprehen-

499 3798 653 3864 dere,
686 3801 899 3869 quando
931 3801 996 3854 de
1023 3799 1135 3853 Deo
1165 3799 1413 3853 volumus
1435 3799 1634 3868 aliquid
1662 3799 1859 3869 eloqui.
1889 3798 2020 3853 Nam
2042 3799 2087 3854 si

497 3904 601 3957 pax
634 3891 725 3944 Dei
754 3897 1050 3958 ettsuperat‘
1075 3901 1290 3942 omnem
1323 3897 1577 3955 mentem,
1609 3899 1662 3944 et
1692 3905 1811 3959 qua:
1843 3899 1967 3944 sunt
1996 3905 2089 3956 pa-

499 3989 612 4035 rata
645 3980 708 4032 iis
737 3981 834 4047 qui
858 3979 1027 4045 ipsum
1050 3973 1296 4045 diligunt,
1323 3976 1373 4028 in
1397 3975 1738 4030 corltominis
1761 3991 1866 4032 non
1892 3992 2082 4032 ascen-

498 4074 730 4126 derunt:
764 4070 930 4124 multo
963 4070 1132 4138 magis
1163 4068 1276 4138 ipse
1313 4067 1454 4123 Deus
1499 4068 1677 4138 pacis,
1709 4069 2083 4125 universorum

494 4165 685 4235 Opilex
708 4208 724 4232 ,
757 4175 992 4219 nostram
1025 4173 1315 4233 exsuperat
1356 4164 1638 4220 rationem.
1687 4165 1914 4236 Oportet
1961 4181 2090 4236 ergo

494 4260 677 4314 omnia
709 4258 986 4325 suscipere
1017 4270 1137 4311 cum
1167 4257 1270 4312 ﬁde
1306 4266 1359 4313 et
1387 4260 1623 4327 pietate;
1657 4267 1709 4313 et
1736 4258 1950 4329 quando
1985 4259 2088 4312 im-

499 4351 692 4406 becilla
721 4348 881 4403 fuerit
907 4349 1067 4415 ratio,
1103 4359 1159 4404 ut
1189 4364 1298 4403 non
1330 4350 1498 4419 possit
1528 4358 1718 4405 exacte
1747 4357 1800 4404 et
1840 4361 2091 4406 accurate

497 4441 776 4510 explicare
824 4449 879 4495 et
932 4440 1218 4496 ostendere
1260 4456 1380 4509 quae
1431 4441 1699 4507 dicuntur,
1751 4449 1878 4496 tunc
1920 4443 2092 4512 magis

500 4536 668 4590 Deum
698 4533 1000 4602 gloriﬁcare
1021 4575 1035 4599 ,
1066 4533 1208 4603 quod
1239 4532 1399 4586 talem
1442 4532 1735 4586 habeamus
1764 4531 1933 4587 Deum
1955 4574 1970 4600 ,
2000 4533 2090 4603 qui

499 4632 739 4679 mentem
783 4632 1021 4677 nostram
1062 4630 1282 4692 superat
1324 4630 1380 4677 et
1427 4621 1867 4692 intelligentiam.
1893 4629 2081 4686 Multa1

495 4716 642 4770 enim
672 4733 736 4770 ex
769 4713 854 4781 iis,
887 4731 1007 4786 quae
1033 4714 1101 4770 de
1129 4716 1238 4769 Deo
1265 4723 1446 4769 mente
1477 4727 1772 4778 versamus,
1804 4727 1873 4768 ne
1901 4727 2092 4783 possu-

499 4821 621 4862 mus
661 4806 880 4878 quitlem
903 4806 1082 4877 eloqui
1113 4824 1126 4860 :
1157 4815 1248 4860 aut
1274 4807 1441 4860 multa
1472 4804 1793 4875 eloquimur,
1833 4819 1940 4859 non
1968 4819 2092 4874 pos-

507 4911 695 4952 sumus
733 4906 911 4951 autem
959 4896 1259 4965 intelligere
1293 4891 1481 4948 :verbi
1513 4894 1720 4961 gratia,
1764 4889 1906 4962 quod
1949 4890 2088 4946 Deus

507 4991 706 5060 ubique
741 4991 812 5044 sit
834 4989 1034 5044 scimus
1059 5004 1074 5052 ;
1103 4985 1372 5056 quomodo
1401 4995 1580 5039 autem
1603 5023 1618 5049 ,
1647 4999 1754 5038 non
1785 4985 1969 5054 utique
2008 4982 2090 5037 in-

513 5083 804 5152 telligimus
837 5099 851 5136 :
883 5081 1029 5152 quod
1073 5080 1144 5134 sit
1179 5080 1263 5135 vis
1303 5079 1545 5148 quzedam
1589 5078 1938 5148 incorporea,
1980 5090 2096 5131 om-

509 5172 656 5224 nium
696 5172 958 5226 bonorum
1002 5185 1181 5237 causa,
1229 5169 1462 5236 scimus;
1499 5168 1770 5240 quomodo
1797 5177 1975 5223 autem
2003 5167 2092 5233 sit,

509 5271 600 5315 aut
637 5273 883 5332 quamam
915 5261 983 5316 sit
1012 5262 1302 5317 nescimus.
1337 5260 1475 5316 Ecce
1501 5261 1762 5327 dicimus,
1799 5268 1856 5315 et
1881 5274 1988 5313 non
2018 5258 2098 5312 iu-

508 5352 822 5421 telligimus.
855 5352 968 5406 Dixi
1009 5367 1129 5408 esse
1159 5353 1353 5423 ubique
1374 5394 1388 5417 ,
1421 5352 1514 5407 sed
1543 5365 1648 5407 non
1687 5351 1957 5422 intelligo;
1987 5350 2095 5405 dixi

508 5451 634 5497 esse
663 5443 779 5497 sine
810 5443 1072 5514 principio
1094 5485 1109 5510 ,
1155 5451 1210 5499 et
1249 5459 1353 5498 non
1387 5443 1652 5516 intelligo;
1696 5439 1803 5496 dixi
1844 5441 2098 5512 genuisse

520 5549 576 5589 :x
602 5535 801 5604 seipso,
831 5543 886 5589 et
911 5536 1090 5591 nescio
1109 5534 1378 5606 quomodo
1402 5550 1586 5590 rursus
1609 5533 1922 5604 intelligam.
1959 5531 2097 5588 Sunt

515 5641 642 5697 ergo
694 5629 936 5699 quaedam
988 5646 1106 5700 qua:
1156 5644 1258 5686 nec
1305 5628 1411 5684 dici
1454 5637 1681 5699 possunt
1714 5645 1728 5684 :
1762 5635 1820 5682 ut
1865 5626 2096 5692 exempli

570 5784 671 5854 {In
692 5782 971 5854 Bolbert-ino
994 5791 1103 5854 post
1121 5785 1323 5854 allatum
1349 5785 1619 5854 Scriptura:
1641 5797 1791 5854 sacras
1817 5783 1977 5834 locum
2015 5783 2102 5854 bo-

507 5847 637 5912 gnilia
673 5849 884 5898 secunda
919 5847 1009 5898 hie'
1039 5851 1233 5912 incinit,
1267 5847 1591 5899 omissis—aliis
1623 5849 1864 5908 omnibus,
1904 5858 2014 5907 qua:
2056 5847 2101 5892 in

510 5908 654 5960 Edito
679 5913 1049 5974 praemittuntur.
1083 5967 1092 5976 μ

2212 2794 2386 2845 causa,
2422 2785 2670 2857 intelligit
2709 2791 2994 2860 cegitatio,
3038 2792 3131 2848 sed
3159 2809 3262 2848 non
3293 2805 3470 2864 putest
3492 2797 3691 2854 dicere.
3722 2797 3794 2856 Et

2205 2880 2262 2922 ut
2293 2873 2432 2929 scias
2465 2875 2684 2932 Paulum
2712 2893 2926 2949 quoque
2962 2897 3084 2937 esse
3126 2883 3473 2954 imbecillum,
3507 2896 3562 2943 et
3603 2901 3791 2944 exem—

2209 2961 2291 3030 pla
2327 2981 2431 3020 non
2463 2979 2651 3023 exacte
2684 2969 2888 3036 dicere,
2927 2981 2983 3026 et
3004 2976 3410 3042 coutremiseas,
3446 2993 3618 3048 neque
3650 2979 3790 3035 ulte-

2203 3053 2315 3108 rius
2347 3057 2545 3128 aliquid
2579 3075 2812 3130 qumras,
2840 3063 2964 3118 audi
2995 3083 3008 3117 :
3039 3082 3158 3119 nam
3181 3083 3308 3122 cum
3326 3068 3548 3126 dixisset
3569 3072 3784 3137 Filium,
3825 3053 3833 3058 ’

2201 3148 2556 3221 Opiﬁcemque
2582 3154 2872 3221 posuisset,
2902 3156 3027 3222 quid
3058 3157 3227 3212 dicit?
3257 3159 3353 3224 Qui
3388 3177 3502 3215 cum
3526 3163 3590 3216 sit
3617 3165 3789 3233 splen-

2201 3239 2296 3294 dor
2323 3243 2521 3312 gloria,
2553 3255 2598 3298 et
2625 3247 2789 3315 ﬁgura
2811 3247 3106 3304 substantia:
3133 3253 3262 3321 ejus.
3295 3252 3410 3310 Hoc
3441 3257 3527 3324 pie
3546 3266 3628 3312 est
3647 3259 3790 3312 acci-

2202 3332 2456 3401 piendum
2479 3376 2494 3398 ,
2525 3345 2585 3390 et-
2607 3339 2966 3394 abscindenda
2998 3359 3118 3411 qua:
3147 3354 3276 3399 sunt
3310 3347 3563 3404 absurda.
3593 3351 3785 3421 Splen-

2199 3425 2294 3478 dor
2319 3426 2516 3496 gloriae,
2547 3428 2740 3500 inquit.
2777 3431 2885 3487 Sed
2917 3433 3038 3488 vide
3064 3433 3130 3488 ad
3157 3437 3286 3504 quid
3319 3437 3422 3494 hoc
3448 3441 3696 3509 accipiat,
3727 3452 3783 3497 et

2197 3515 2270 3570 ita
2296 3518 2477 3588 accipe
2503 3537 2514 3572 :
2545 3521 2686 3590 quod
2714 3536 2780 3576 ex
2802 3522 2936 3590 ipso,
2963 3524 3103 3594 quod
3133 3525 3518 3595 impatibiliter,
3549 3531 3691 3600 quod
3721 3546 3786 3585 eo

2197 3623 2302 3662 non
2330 3608 2591 3666 diminuto
2623 3627 2723 3667 nec
2752 3613 2947 3670 ell'ecto
2980 3617 3171 3671 minori
3199 3635 3213 3672 :
3241 3621 3494 3688 quoniam
3523 3630 3646 3676 sunt
3675 3624 3787 3693 qui~

2196 3700 2318 3755 dam
2366 3703 2457 3771 qui
2512 3703 2755 3773 qumdam
2812 3706 3040 3761 absurda
3086 3709 3154 3763 ab
3206 3711 3454 3780 exemplo
3495 3713 3781 3782 accipiunt.

2197 3792 2462 3862 Splendor
2490 3796 2632 3850 enim
2654 3838 2669 3863 ,
2702 3796 2946 3867 inquiunt
2969 3839 2981 3863 ,
3025 3815 3130 3854 non
3173 3809 3254 3856 cst
3281 3803 3332 3856 in
3360 3818 3419 3857 se
3444 3804 3743 3859 consistens
3766 3844 3780 3869 ,

2197 3884 2289 3939 sed
2322 3885 2462 3954 quod
2495 3887 2562 3939 sit
2591 3886 2752 3942 habet
2779 3889 2828 3941 in
2861 3889 2986 3943 alio.

2268 3976 2504 4031 Marcelli
2557 3988 2604 4032 et
2660 3977 2874 4034 Photini
2903 3981 3127 4036 ltwresis.
3171 3983 3364 4037 Contra
3411 3985 3697 4042 Sabellium
3735 3998 3782 4042 et

2195 4067 2394 4123 Arium.
2425 4099 2496 4108 —
2522 4069 2600 4124 Ne
2637 4069 2738 4124 hoc
2767 4085 2894 4142 ergo
2920 4072 3171 4142 accipias,
3214 4089 3249 4129 ο
3288 4074 3471 4141 homo,
3500 4091 3676 4148 neque
3701 4079 3781 4133 la-

2193 4158 2353 4215 bores
2381 4163 2571 4217 morbo
2597 4162 2831 4218 Marcelli
2871 4175 2926 4218 et
2963 4165 3198 4221 Pbotiui.
3231 4169 3273 4223 E
3315 4169 3615 4240 propinquo
3638 4172 3780 4227 enim

2193 4251 2286 4306 tibi
2321 4253 2590 4321 medetur,
2642 4271 2708 4309 ne
2757 4255 2808 4308 in
2861 4255 3010 4311 illum
3056 4259 3349 4328 cogitatum-
3395 4262 3636 4329 iucidas;
3683 4279 3782 4319 nec

2193 4345 2457 4413 permittit
2503 4355 2561 4400 ut
2608 4345 2909 4403 deturbcris
2955 4351 3009 4404 in
3040 4353 3398 4422 perniciosum
3445 4355 3594 4411 illum
3634 4372 3780 4412 mor-

2193 4435 2341 4488 bum.
2385 4435 2524 4503 Quid
2569 4449 2746 4492 autem
2779 4439 2946 4494 dicit?
2976 4439 3046 4494 Et
3087 4444 3254 4514 ﬁgura
3294 4445 3589 4502 substantiae
3633 4449 3781 4519 ejus;

2191 4525 2468 4582 declarans
2523 4529 2687 4597 quod,
2741 4530 2881 4584 sicut
2933 4532 3047 4601 ipse
3093 4536 3163 4588 sit
3213 4536 3264 4590 in
3315 4535 3592 4609 bypostasi
3646 4554 3777 4606 sua,

2193 4617 2390 4671 nullius
2432 4618 2676 4691 indigens
2711 4637 2723 4674 :
2755 4623 2825 4676 ita
2854 4622 3015 4678 etiam
3047 4623 3232 4682 Filius.
3265 4627 3362 4683 llic
3391 4630 3534 4684 ettim
3568 4630 3671 4686 hoc
3699 4631 3780 4686 di-

2189 4708 2280 4771 cit,
2307 4709 2596 4766 ostendens
2625 4727 2730 4767 non
2759 4728 2880 4769 esse
2909 4714 3274 4772 diversitatem
3304 4735 3402 4775 nec
3423 4721 3591 4775 ullam
3616 4721 3780 4776 dissi-

2193 4794 2570 4863 militudinem,
2617 4805 2674 4851 et
2710 4797 2978 4867 propriam
3009 4813 3129 4855 esse
3166 4797 3388 4870 ﬁguram
3417 4811 3472 4858 et
3495 4803 3778 4859 characte-

2192 4900 2306 4939 rem
2333 4887 2603 4956 prototypi
2632 4901 2726 4942 seu
2758 4888 3097 4959 exemplaris,
3131 4899 3185 4945 et
3215 4892 3357 4962 quod
3385 4908 3481 4964 per
3505 4909 3564 4949 se
3595 4895 3778 4950 consi-

2192 4984 2317 5031 Stat.
2359 4977 2494 5033 Nam
2529 4979 2619 5049 qui
2649 4979 2786 5035 dixit
2814 4983 3060 5052 superius
3083 5023 3098 5049 ,
3142 4983 3284 5052 quod
3317 5001 3408 5054 per
3434 4986 3608 5056 ipsum
3639 4987 3780 5042 Deus

2194 5066 2319 5121 fecit
2346 5069 2548 5133 omnia,
2575 5069 2662 5124 hic
2692 5069 2783 5124 dat
2808 5070 2857 5126 ei
2887 5075 3280 5128 auctoritatem.
3312 5074 3450 5143 Quid
3476 5077 3621 5132 enim
3652 5077 3780 5134 sub-

2188 5159 2399 5230 jungit?
2427 5160 2748 5234 Portansque
2774 5165 2945 5218 omnia
2973 5165 3120 5220 verba
3146 5167 3345 5222 virtutis
3367 5185 3504 5237 suae;
3532 5179 3590 5224 ut
3615 5185 3679 5226 ex
3712 5184 3780 5224 eo

2193 5251 2515 5318 accipiamus
2538 5266 2644 5306 non
2672 5252 2844 5307 solum
2878 5254 3101 5324 ﬁguram
3134 5256 3468 5326 substantiis,
3500 5258 3592 5314 sed
3615 5258 3777 5314 etiam

2191 5339 2335 5410 quod
2383 5343 2559 5396 omnia
2601 5343 2870 5412 gubernet
2910 5360 3030 5400 cum
3082 5349 3422 5407 auctoritate.
3470 5348 3604 5406 Vide
3647 5367 3778 5422 ergo

2192 5431 2460 5501 quomodo
2481 5433 2622 5503 quod
2649 5443 2730 5488 est
2757 5436 3033 5507 proprium
3057 5437 3251 5504 Patris,
3283 5439 3384 5494 hoc
3411 5439 3595 5495 tribuit
3619 5439 3779 5498 Filio.

2192 5521 2321 5575 Nam
2353 5534 2631 5592 propterea
2658 5540 2762 5580 non
2789 5525 2926 5581 dixit
2949 5528 3213 5593 absolute,
3245 5528 3566 5599 Portansque
3585 5534 3776 5601 omnia,

2193 5629 2365 5681 neque
2386 5613 2539 5678 dixit,
2568 5615 2776 5672 Virtute
2802 5634 2917 5683 sua,
2946 5619 3062 5688 sed,
3106 5617 3264 5674 Verbo
3290 5621 3484 5677 virtutis
3510 5639 3637 5677 sum.
3659 5623 3780 5679 Sic-

2195 5712 2252 5756 ut
2277 5704 2417 5760 cnim
2449 5706 2602 5760 nobis
2631 5723 2800 5779 nuper
2845 5711 3097 5780 paulatim
3134 5712 3456 5768 ascendebat
3477 5714 3779 5771 etdescen-

2193 5796 2356 5852 debat
2387 5816 2401 5852 :
2431 5799 2500 5852 ita
2545 5815 2687 5855 nunc
2714 5815 2928 5872 quoque
2959 5813 3226 5873 tamquam
3257 5803 3512 5872 gradibus
3540 5807 3782 5863 ascendit

2193 5891 2246 5944 in
2289 5891 2490 5962 altum,
2523 5893 2716 5951 deinde
2748 5910 2934 5952 rursus
2962 5895 3212 5954 deorsum
3239 5897 3417 5967 ducit,
3451 5909 3505 5956 et
3531 5900 3640 5969 ait,
3676 5899 3780 5955 Per
