4208 6480
356 354 416 407 I‘J
612 370 637 388 ο

425 467 739 536 Ποιήσατε
769 465 917 533 ὑμῖν
948 466 1170 535 φίλους
1202 465 1268 519 ἐκ
1299 467 1403 519 τοῦ
1421 463 1673 534 μαμωνᾶ
1707 464 1813 534 τῆς
1842 465 1969 519 ἀδι-

351 555 514 617 κίας.
551 550 769 603 Οὐκοῦν
822 550 1259 618 ὑπακούσωμεν,
1309 551 1615 617 Δεσποτικὴ
1661 549 1770 619 γάρ
1819 550 1970 601 ἐστιν

350 635 571 705 ἐντολὴ,
607 636 705 688 καὶ
731 635 800 685 τά
842 633 1083 702 περιττὰ
1115 633 1207 686 τοῦ
1248 632 1481 686 πλούτου
1514 635 1592 695 είς
1618 635 1746 695 τοὺς
1779 633 1970 702 δεομέ-

354 737 479 780 νους
524 719 927 788 σκορπίσωμεν
964 732 976 745 ·
1024 716 1394 786 ἐργασώμεθά
1438 714 1830 784 ἐλεημοσύνην,
1866 715 1970 779 ἓως

363 802 525 870 ὲσμέν
557 801 745 871 κύριοι
774 816 787 829 ⁸
815 800 979 853 τοῦτο
1023 801 1135 871 γάρ
1179 802 1295 852 ἐστι
1324 799 1385 852 τὸ
1410 840 1423 863 ,
1462 800 1647 869 φίλους
1681 802 1863 852 ποιεῖν
1906 802 1971 852 ἐκ

364 886 456 937 τοῦ
485 885 729 953 μαμωνᾶ
754 900 767 911 ’
802 883 1142 953 κενώσωμεν
1168 884 1235 936 τά
1257 885 1514 954 χρήματα
1540 886 1619 946 εἰς
1649 884 1776 945 τοὺς
1805 882 1971 952 πένη-

361 987 495 1031 τας,
535 970 625 1021 ἵνα
670 966 1012 1038 κενώσωμεν
1054 971 1231 1020 ἐκεῖνο
1274 968 1335 1021 τὸ
1383 967 1493 1039 πῦρ
1520 1009 1533 1031 ,
1566 968 1651 1021 ἵνα
1686 968 1970 1037 σϐέσωμεν

359 1052 514 1116 αὑτὸ,
545 1053 636 1105 ἵνα
663 1053 883 1123 ἔχωμεν
924 1054 1242 1124 παρρησίαν
1288 1054 1425 1108 ἐκεῖ.
1457 1054 1566 1106 Καὶ
1591 1052 1699 1123 γάρ
1732 1055 1848 1105 ἐκεῖ
1871 1054 1970 1122 οὑχ

356 1131 506 1188 οἶκτοί
536 1137 678 1187 εἰσιν
707 1137 757 1187 οἱ
786 1138 1069 1205 δεχόμενοι
1102 1137 1271 1205 ἡμᾶς.
1311 1135 1445 1188 ἀλλά
1472 1136 1532 1187 τὸ
1566 1136 1723 1205 ἔργον
1746 1136 1805 1187 τὸ
1829 1135 1968 1205 ἡμέ-

354 1236 541 1287 τερον.
583 1219 710 1271 ’Ότι
742 1220 853 1288 γάρ
897 1220 997 1288 οὑχ
1035 1220 1221 1281 ἁπλῶς
1264 1220 1324 1272 τὸ
1371 1220 1557 1288 φίλους
1586 1222 1717 1289 ἡμῖν
1748 1219 1970 1281 τούτους

354 1298 504 1354 εἶναι
537 1302 715 1355 σῶσαι
743 1301 989 1363 δύναται,
1020 1301 1101 1353 ἔνι
1130 1302 1287 1355 τοῦτο
1320 1303 1511 1372 μαθεῖν
1542 1303 1651 1355 ἀπὸ
1678 1304 1775 1373 τῆς
1806 1316 1971 1370 προσ-

354 1384 553 1454 θήκης.
596 1385 699 1437 Διὰ
727 1385 780 1438 τί
820 1384 930 1455 γὰρ
960 1386 1061 1438 οὑκ
1090 1382 1242 1450 εἷπε,
1276 1388 1545 1456 Ποιήσατε
1588 1387 1716 1455 ὑμῖν
1755 1386 1966 1454 φίλους,

355 1469 448 1520 ἵνα
479 1468 748 1534 δέξωνται
778 1470 926 1539 ὑμᾶς
967 1472 1046 1533 εἰς
1085 1470 1185 1532 τάς
1219 1470 1474 1533 αἰωνίους
1516 1471 1698 1524 αὐτῶν
1739 1472 1968 1542 σκηνὰς,

351 1550 498 1602 ἀλλα
524 1552 842 1623 προσέθηκε
872 1553 1077 1606 καὶτὸν
1098 1553 1303 1624 τρόπον
1325 1571 1340 1618 ;
1371 1554 1543 1609 εἰπὼν
1565 1555 1695 1625 γὰρ,
1740 1555 1834 1608 Ἐκ
1862 1556 1971 1609 τοῦ

346 1633 617 1703 μαμωνᾶ
656 1634 769 1703 τῆς
802 1637 1043 1703 ἀδικίας
1068 1678 1082 1701 ,
1115 1637 1317 1704 ἔδειξεν
1344 1639 1426 1691 ὅτι
1464 1638 1574 1692 ἀπὸ
1614 1637 1723 1690 τῶν
1754 1638 1972 1709 χρημά-

349 1734 467 1767 των
507 1720 783 1789 προσήκει
818 1719 1043 1789 ποιῆσαι
1064 1720 1290 1784 τούτους
1317 1721 1525 1789 φίλους,
1556 1720 1733 1790 δηλῶν
1766 1724 1848 1774 ὅτι
1871 1723 1971 1792 οὑχ

352 1802 552 1865 ἁπλῶς
586 1805 966 1875 προστήσεται
994 1804 1151 1875 ἡμῶν
1199 1805 1372 1874 φιλία,
1417 1806 1513 1859 ἐὰν
1557 1806 1631 1877 μὴ
1663 1806 1799 1877 ἔργα
1833 1805 1973 1876 ἔχω-

356 1903 464 1956 μεν
511 1886 721 1955 άγαθά,
753 1888 849 1940 ἐὰν
883 1888 957 1959 μὴ
1003 1889 1096 1941 τὸν
1141 1890 1343 1953 ἀδίκως
1376 1890 1705 1959 συλλεγέντα
1740 1889 1975 1943 πλοῦτον

350 1970 590 2035 δικαίως
625 1972 983 2044 κενώσωμεν.
1026 1967 1199 2038 Οὗτος
1247 1974 1304 2028 δὲ
1347 1976 1375 2029 6
1427 1974 1584 2044 λόγος
1629 1976 1762 2046 ἡμῖν
1802 1976 1831 2027 6
1873 1974 1975 2045 τῆς

1262 349 1324 403 IN
1384 346 1601 403 EPIST.
1646 348 1732 402 AD
1774 345 2136 402 llEBlH-ZOS.
2180 345 2330 401 CAP.
2375 345 2414 400 Ι.
2461 343 2697 400 llOMlL.
2740 343 2808 398 ll.
3600 352 3672 407 20

2075 464 2448 534 ἐλεημοσύνης
2479 465 2538 516 ού
2572 463 2711 533 πρὸς
2739 463 2867 526 τοὺς
2894 463 3186 527 πλουσίους
3224 464 3385 535 μόνον
3418 465 3679 537 ἁρμόσει,

2072 548 2209 601 ἀλλὰ
2236 551 2331 602 καὶ
2362 549 2500 620 πρὸς
2517 550 2644 609 τοὺς
2680 548 2941 616 πένητας.
2968 546 3089 599 Κᾶν
3180 566 3263 611 τις
3291 553 3355 602 ἐκ
3377 550 3473 603 τοῦ
3498 569 3676 622 προσ-

2073 634 2247 684 αιτεῖν
2280 632 2651 702 τρεφόμενος,
2701 634 2794 685 καὶ
2846 633 2977 701 πρὸς
3028 631 3191 683 αὑτόν
3243 633 3393 684 ἐστιν
3446 636 3474 687 6
3520 634 3679 703 λόγος

2070 710 2229 779 οὗτος
2252 733 2265 747 ·
2300 716 2360 768 οὑ
2397 716 2505 787 γάρ
2553 717 2722 779 ἐστιν,
2755 716 2851 768 οὑκ
2888 715 3035 768 ἔστιν
3070 713 3244 777 οὕτως
3275 715 3450 780 οὐδεὶς
3483 720 3675 787 πένης,

2072 796 2177 853 κᾶν
2208 800 2414 869 σφόδρα
2462 796 2738 871 πένης,
2783 799 2859 861 ὡς
2900 798 2993 850 δύο
3037 797 3253 850 λεπτῶν
3290 800 3363 869 μὴ
3397 802 3677 871 εὑπορεῖνι

2077 886 2295 937 Ἔνεστι
2326 884 2460 952 γοῦν
2491 884 2585 937 καὶ
2616 885 2674 947 ἐξ
2711 884 2908 952 ὀλίγων
2941 884 3099 951 ὀλίγα
3131 885 3314 947 δόντα,
3346 888 3472 949 τοὺς
3510 887 3678 940 πολλὰ

2073 970 2457 1038 κεκτημένους
2509 968 2917 1038 ὑπερϐαλέσθαι
2971 970 3196 1022 πλείονα
3242 970 3488 1033 διδόντας
3519 988 3532 1001 ο
3582 989 3681 1024 κα-

2073 1051 2254 1121 θάπερ
2279 1052 2508 1123 κάκείνη
2537 1055 2569 1119 ἡ
2599 1054 2766 1121 χήρα.
2814 1052 2888 1104 Ού
2922 1055 3031 1123 γάρ
3060 1053 3138 1123 τῷ
3169 1054 3354 1123 μέτρῳ
3399 1056 3508 1107 τῶν
3538 1055 3680 1108 διδο-

2077 1136 2275 1204 μένων,
2308 1136 2447 1189 ἀλλά
2477 1139 2541 1205 τῇ
2585 1136 2813 1206 δυνάμει
2853 1138 2948 1189 καὶ
2982 1140 3046 1207 τῇ
3090 1138 3412 1208 προαιρέσει
3447 1140 3557 1190 τῶν
3602 1138 3682 1191 δι-

2072 1219 2272 1272 δόντων
2304 1219 2552 1288 κρίνεται
2584 1220 2681 1288 τῆς
2717 1219 3095 1290 ἐλεημοσύνης
3125 1222 3185 1272 τὸ
3220 1221 3471 1290 μέγεθος.
3516 1221 3678 1273 Ὥστε

2072 1302 2352 1372 πανταχοῦ
2385 1300 2765 1374 προαιρέσεως
2798 1300 2930 1374 ἡμῖν
2974 1303 3074 1369 δεῖ,
3108 1302 3386 1373 πανταχοῦ
3415 1304 3514 1373 τῆς
3544 1304 3682 1374 πρὸς

2072 1388 2163 1440 τὸν
2188 1384 2325 1440 Θεὸν
2350 1389 2594 1456 ἀγάπης.
2644 1387 2772 1440 Ἐάν
2820 1387 2961 1456 μετά
3003 1387 3213 1458 ταύτης
3257 1388 3473 1441 ἅπαντα
3509 1390 3682 1459 πράτ-

2071 1488 2275 1541 τωμεν,
2319 1469 2424 1524 κᾶν
2457 1470 2631 1541 μικρά
2683 1470 2901 1540 ἔχοντες
2952 1472 3126 1542 μικρά
3171 1471 3386 1539 δῶμεν,
3414 1472 3514 1524 οὑκ
3544 1474 3681 1524 ἁπο-

2076 1556 2300 1626 στρέῷει
2334 1557 2361 1609 ὁ
2389 1555 2523 1618 Θεὸς
2554 1556 2616 1608 τὸ
2650 1557 2945 1626 πρόσωπον
2975 1554 3162 1619 αὑτοῦ,
3198 1556 3339 1609 ἀλλὰ
3365 1555 3577 1621 δέξεται
3607 1555 3684 1618 ὡς

2077 1639 2291 1708 μεγάλα
2323 1639 2419 1692 καὶ
2466 1638 2780 1710 θαυμαστά.
2819 1638 2898 1711 Τῇ
2928 1638 3038 1711 γάρ
3084 1639 3405 1710 προαιρέσει
3431 1681 3446 1707 ,
3474 1640 3536 1692 οὑ
3568 1641 3685 1701 ταῖς

2072 1722 2376 1792 διδομένοις
2404 1722 2666 1794 προσέχει
2694 1740 2706 1753 ·
2734 1721 2836 1776 κᾶν
2858 1723 3077 1795 ἐκείνην
3102 1723 3185 1795 ἴδῃ
3217 1723 3463 1793 μεγάλην
3490 1719 3681 1785 οὖσαν,

2072 1806 2253 1879 ταύτῃ
2280 1807 2491 1861 τίθεται
2522 1808 2621 1870 τὰς
2645 1809 2862 1879 ψήφους
2889 1808 2983 1860 καὶ
3015 1808 3250 1878 κρίσεις,
3285 1808 3379 1860 καὶ
3403 1806 3512 1860 τῶν
3551 1808 3684 1859 αἰω-

2076 1891 2206 1946 νίων
2227 1891 2451 1960 ἀγαθῶν
2480 1895 2625 1944 ποιεῖ
2645 1892 2907 1962 μετόχους
2930 1907 2944 1921 ’
2970 1884 3044 1946 ὧν
3069 1890 3287 1961 γένοιτο
3300 1893 3509 1955 πάντας
3534 1890 3684 1962 ἡμᾶς

2078 1976 2379 2046 ἐπιτυχεῖν,
2406 1975 2594 2046 χάριτι
2626 1978 2723 2029 καὶ
2753 1974 3164 2047 φιλανθρωπία.

1845 2514 2097 2580 σΜῙᾹῐΛ
2158 2518 2240 2577 B'.

350 2635 481 2745 [1
490 2660 591 2723 ’ος
714 2657 1089 2745 ἀπαύγασμα
1104 2660 1214 2745 τῆς
1228 2660 1414 2727 δόξης
1429 2664 1524 2745 καὶ
1543 2662 1854 2745 χαρακτὴρ
1864 2662 1941 2745 τῆ
1944 2684 1976 2729 ς

426 2728 841 2802 ὑποστάσεως
877 2728 1090 2802 αὐτοῦ,
1120 2732 1320 2799 φέρων
1350 2750 1415 2802 τε
1450 2734 1522 2785 τὰ
1543 2728 1743 2788 πάντα
1770 2728 1849 2801 τῶ
1864 2728 1977 2802 ρἧ

426 2818 571 2876 {utr}
606 2799 718 2867 τῆς
746 2798 1064 2876 δυκάμεως
1101 2798 1310 2876 αὑτοῦ,
1344 2800 1416 2855 δι’
1460 2802 1692 2876 ἑαυτοῦ
1722 2798 1968 2876 καθάρι-

424 2871 600 2940 σμόν
630 2869 1049 2941 ποιησάμενος
1078 2871 1200 2927 τῶν
1226 2871 1534 2943 ἁμαρτιῶν
1569 2874 1761 2944 ἡμῶν.

430 3006 505 3062 α’.
534 3006 832 3078 Πανταχοῦ
862 3006 964 3079 μὲν
987 3008 1253 3076 εὑλαϐοῦς
1270 3009 1516 3074 διανοίας
1536 3013 1637 3078 δεῖ,
1669 3015 1905 3085 μάλιστα
1920 3017 1975 3071 δὲ

357 3094 492 3146 ὅταν
522 3092 657 3163 περὶ
690 3090 831 3144 Θεοῦ
868 3091 1123 3173 λέγωμέν
1148 3110 1203 3146 τι
1232 3096 1327 3149 καὶ
1351 3096 1643 3169 ἀκούωμεν
1664 3114 1680 3129 ⁶
1710 3097 1835 3153 οὔτε
1867 3100 1977 3173 γὰρ

356 3176 592 3245 γλῶσσα
634 3176 832 3241 εἰπεῖν,
877 3175 1003 3229 οὔτε
1047 3171 1139 3241 οῦς
1186 3177 1424 3233 ἀκοῦσαι
1463 3181 1650 3252 πρὸςα
1697 3181 1854 3249 ἀξίαν
1882 3171 1977 3238 τοῦ

358 3259 501 3312 Θεοῦ
529 3276 582 3312 τι
610 3258 840 3312 δύναται
868 3275 881 3288 ·
916 3260 1012 3313 καὶ
1041 3261 1092 3313 τί
1125 3259 1270 3330 λέγω
1302 3262 1552 3332 γλῶτταν
1583 3265 1676 3318 καὶ
1704 3262 1832 3332 οῦς;
1858 3267 1980 3321 οὑδέ

362 3344 479 3413 γὰρ
508 3344 537 3394 ὁ
580 3342 711 3405 νοῦς
742 3343 771 3394 ὁ
801 3342 1189 3407 πολὺ,τούτων
1231 3347 1519 3417 ὑπερέχων
1544 3387 1561 3414 ,
1597 3349 1889 3421 δυνήσεταί
1919 3368 1972 3404 τι

363 3427 692 3498 περιλαϐεῖν
737 3427 1018 3498 ἀκριϐῶς,
1051 3429 1181 3483 ὅταν
1219 3432 1350 3502 περὶ
1393 3432 1530 3486 Θεοῦ
1560 3450 1614 3487 τι
1644 3434 1981 3503 φθέγγεσθαι

366 3510 717 3583 βουλώμεθα.
738 3512 805 3565 ΕΞ
826 3512 936 3583 γὰρ
958 3513 991 3584 ή
1016 3514 1211 3587 εἰρήνη
1238 3516 1333 3569 τοῦ
1354 3515 1489 3569 Θεοῦ
1514 3518 1773 3589 ὑπερέχει
1802 3519 1982 3573 πάντα

364 3594 520 3658 νοῦν,
552 3597 650 3649 καὶ
674 3596 744 3649 τά
776 3598 1165 3668 ἡτοιμασμένοι
1209 3603 1323 3663 τοῖς
1363 3602 1657 3669 ἀγαπῶσιν
1691 3603 1854 3658 αὑτὸν
1890 3606 1983 3659 ἐπὶ

364 3678 604 3749 καρδίαν
636 3678 931 3751 ἀνθρώπου
961 3682 1065 3735 οὑκ
1106 3683 1277 3755 ἀνέϐη
1310 3700 1322 3714 ⁸
1358 3685 1539 3757 πολλῷ
1573 3687 1775 3758 μᾶλλον
1820 3689 1982 3753 αὐτὸς

359 3765 391 3815 ὁ
414 3763 519 3833 τῆς
542 3762 769 3833 εἰρήνης
792 3763 947 3827 Θεὸς,
970 3762 998 3815 6
1023 3765 1135 3819 τῶν
1156 3766 1413 3821 ἁπάντων
1432 3770 1799 3842 Δημιουργὸς,
1824 3772 1983 3841 ὑπερ-

363 3846 547 3898 ϐαίνει
579 3846 759 3917 πολλῷ
789 3847 870 3917 τῷ
916 3848 1103 3920 μέτρῳ
1134 3849 1222 3926 τὸν
1255 3852 1528 3923 ἡμέτερον
1576 3854 1857 3926 λογισμόν.
1891 3859 1985 3910 Δεῖ

360 3931 552 3983 τοίνυν
576 3930 716 4000 μετὰ
749 3930 990 3995 πίστεως
1020 3932 1116 3985 καὶ
1138 3924 1426 3999 εὐλαϐείας
1452 3936 1672 3992 ᾶπαντα
1696 3924 1944 4009 δέχεσθαι
1966 3958 1979 3972 °

362 4017 463 4067 καὶ
500 4016 635 4069 ὅταν
666 4017 694 4068 6
720 4015 883 4084 λόγος
911 4017 1278 4091 ἐξασθενήσῃ,
1312 4022 1409 4074 καὶ
1438 4023 1512 4093 μὴ
1540 4021 1766 4094 δύνηται
1800 4038 1983 4096 παρα-

363 4098 575 4167 στῆσαι
607 4099 679 4152 τὰ
707 4098 985 4170 λεγόμενα
1027 4102 1166 4171 μετά
1207 4104 1500 4174 ἀκριϐείας
1526 4145 1540 4169 ,
1578 4107 1702 4160 τότε
1748 4108 1985 4177 μάλιστα

360 4184 622 4249 δοξάζειν
652 4184 747 4237 τὸν
778 4185 935 4250 Θεὸν,
968 4185 1050 4239 ὅτι
1079 4185 1213 4241 Θεὸν
1234 4188 1479 4243 τοιοῦτον
1517 4188 1735 4262 ἔχομεν,
1764 4192 1858 4246 καὶ
1886 4192 1985 4263 τὴν

361 4269 619 4322 διάνοιαν
655 4269 816 4339 ἡμῶν
847 4273 940 4324 καὶ
975 4272 1068 4324 τὸν
1115 4270 1275 4341 λόγον
1318 4274 1727 4346 ὑπερϐαίνοντα
1752 4294 1767 4307 ο
1812 4277 1988 4331 πολλὰ

362 4352 483 4421 γὰρ
522 4347 601 4405 ὧν
633 4355 765 4423 περὶ
794 4354 933 4408 Θεοῦ
964 4355 1194 4426 νοοῦμεν
1220 4355 1249 4395 1)
1269 4397 1284 4418 ,
1324 4357 1386 4410 οὑ
1426 4360 1635 4431 φράσαι
1666 4360 1984 4430 δυνάμεθα·

363 4438 399 4507 ἤ
436 4437 613 4490 πολλά
642 4439 745 4504 μὲν
783 4438 1092 4510 φράζομεν,
1123 4440 1317 4510 νοῆσαι
1344 4441 1400 4495 δὲ
1426 4444 1528 4495 οὑκ
1557 4443 1817 4516 ίσχύομεν
1837 4462 1851 4476 ·
1876 4439 1987 4499 οἷόν

358 4538 419 4576 τι
447 4522 623 4592 λέγω,
647 4524 730 4577 ὅτι
756 4524 1042 4595 πανταχοῦ
1076 4525 1177 4595 μὲν
1202 4527 1230 4578 6
1247 4525 1383 4591 Θεὸς
1411 4526 1592 4597 ἴσμεν,
1618 4530 1737 4593 πῶς
1754 4531 1831 4595 δέ,
1859 4532 1988 4583 οὑκ-

366 4609 454 4659 έτι
523 4605 765 4676 νοοῦμεν
794 4622 808 4637 ·
844 4610 929 4662 ὅτι
964 4608 1085 4661 ἐστί
1129 4626 1217 4675 τις
1261 4607 1557 4681 ἀσώματος
1585 4611 1821 4684 δύναμις
1850 4616 1989 4667 πάν-

361 4708 482 4742 των
520 4689 679 4743 αἰτία
720 4689 831 4744 τῶν
866 4690 1116 4760 ἀγαθῶν,
1160 4692 1325 4763 ἴσμεν
1352 4733 1366 4757 ,
1402 4692 1521 4757 πῶς
1566 4694 1625 4749 δέ
1664 4697 1836 4763 ἐστιν,
1887 4699 1989 4752 οὑκ

366 4776 558 4845 ἴσμεν.
609 4775 743 4829 1606
781 4777 1103 4848 φράζομεν,
1145 4778 1242 4832 καὶ
1285 4778 1345 4832 οὑ
1389 4780 1642 4851 νοοῦμεν.
1693 4777 1863 4836 Εἶπον
1907 4784 1988 4838 ὅτι

362 4859 660 4929 πανταχοῦ
686 4861 854 4928 ἐστιν,
884 4861 1075 4916 ἀλλὀὺ
1096 4863 1206 4917 νοῶ
1224 4880 1237 4895 ο
1263 4858 1419 4918 εἶπον
1442 4866 1524 4918 ὅτι
1552 4864 1790 4937 ᾶναρχός
1814 4867 1986 4933 ἐστιν,

362 4945 561 4999 ἀλλὀὐ
595 4945 705 4998 νοῶ
726 4960 740 4974 ⁶
770 4944 926 5000 εἷπον
955 4948 1038 5001 ὅτι
1068 4948 1361 5019 ἐγέννησεν
1396 4947 1458 5015 ἐξ
1502 4949 1724 5014 ἑαυτοῦ,
1763 4950 1859 5003 καὶ
1890 4953 1990 5005 οὑκ

363 5026 486 5081 οἶδα
523 5028 649 5092 πῶς
675 5029 840 5083 πάλιν
869 5031 1073 5101 νοήσω.
1106 5032 1297 5084 Ἔστιν
1324 5027 1417 5085 οῦν
1442 5048 1584 5097 τινα,
1614 5032 1651 5086 ἃ
1683 5034 1819 5103 μηδέ
1846 5035 1990 5105 φρά-

365 5131 466 5166 σαι
497 5112 585 5166 ἔνι
611 5128 628 5145 ο
660 5106 774 5167 οἷόν
802 5132 857 5167 τι
885 5114 1054 5183 λέγω,
1083 5118 1198 5169 νοεῖ
1224 5116 1257 5186 ἡ
1287 5116 1499 5171 διάνοια
1519 5158 1534 5181 ,
1565 5117 1684 5173 ἀλλ’
1708 5119 1884 5172 εἰπεῖν
1926 5120 1987 5172 ού

361 5197 628 5265 δύναται.
669 5197 781 5252 Καὶ
818 5198 908 5252 ἵνα
943 5198 1095 5269 εἰδῇς
1122 5200 1219 5253 καὶ
1254 5200 1471 5254 Παῦλον
1506 5201 1864 5268 ἀσθενοῦντα,
1894 5204 1989 5257 καὶ

368 5281 452 5351 μὴ
480 5280 623 5350 πρὸς
645 5281 940 5353 ἀκρίϐειαν
964 5282 1037 5335 τά
1067 5282 1449 5354 ὑποδείγματα
1474 5284 1727 5353 λέγοντα,
1756 5287 1851 5340 καὶ
1868 5287 1991 5357 φρί-

367 5366 475 5439 ξῃς
512 5366 608 5417 καὶ
645 5366 817 5438 μηδὲν
863 5368 1185 5439 περαιτέρω
1234 5368 1517 5443 ζητήσῃς,
1560 5368 1728 5424 ἄκουε
1756 5387 1769 5400 ·
1818 5372 1990 5426 εἰπὼν

364 5457 486 5517 γάρ
522 5450 670 5515 Υίὸν,
704 5451 802 5503 καὶ
837 5450 955 5514 θεὶς
995 5451 1360 5522 δημιουργὸν,
1401 5454 1455 5506 τί
1503 5455 1743 5522 ἐπάγεις
1781 5457 1877 5522 Ὃς
1906 5454 1992 5508 ὢν

364 5536 753 5607 ἀπαύγασμα
780 5534 893 5607 ϊῆς
916 5536 1107 5605 δόξης
1126 5537 1224 5591 καὶ
1255 5538 1564 5609 χαρακτὴρ
1594 5538 1704 5607 τῆς
1722 5539 1990 5596 ὑποστά-

434 5734 461 5762 ¹¹
487 5732 665 5795 Regg.,
712 5733 957 5796 Commel.
983 5736 1037 5780 et
1078 5746 1234 5795 marg.
1271 5732 1448 5792 Savil.,
1494 5733 1597 5782 ἐπεὶ
1621 5733 1740 5796 μήτε
1788 5732 1933 5781 εἰπεῖν
1960 5734 1991 5789 ἡ

364 5794 580 5859 γλῶττα,
606 5794 728 5857 μήτε
751 5795 969 5845 ἀκοῦσαι
1061 5794 1245 5859 διάνοια
1277 5797 1393 5859 πρὸς
1418 5831 1492 5846 ....

370 5855 384 5929 ς
438 5859 467 5897 ιι
497 5858 548 5929 In
569 5855 707 5911 COIb.
737 5860 801 5910 ab
829 5859 909 5909 his
932 5856 1119 5918 verbis,
1147 5855 1326 5906 Πολλά
1350 5860 1500 5922 γὰρ...
1527 5856 1746 5922 νοοῦμεν,
1794 5855 1993 5907 humilia

365 5928 565 5986 mClpll.

2083 2680 2242 2733 σεως
2273 2666 2485 2722 αὐτοῦ.
2537 2664 2708 2721 Τοῦτο
2736 2667 2793 2722 δέ
2846 2666 2968 2738 μετ’
2995 2666 3284 2732 εὐλαϐείας
3316 2669 3686 2741 ἐκλαμϐάνειν

2077 2748 2179 2814 δεῖ,
2212 2752 2309 2805 καὶ
2333 2751 2402 2804 τά
2436 2751 2616 2806 ἄτοπα
2646 2752 2968 2825 περικόψαι.
3010 2753 3399 2823 Ἀπαύγασμα
3427 2755 3539 2824 τῆς
3582 2756 3685 2809 δό-

2080 2834 2212 2901 ξης,
2244 2835 2428 2905 φησίν.
2471 2836 2611 2889 Ἀλλ’
2631 2838 2735 2909 ὅρα
2768 2837 2906 2908 πρὸς
2942 2838 2995 2892 τί
3033 2838 3166 2892 αὐτὸ
3193 2839 3558 2908 ἐκλαμϐάνει,
3589 2842 3688 2895 καὶ

2080 2916 2197 2991 [14]
2220 2918 2362 2974 οὕτω
2389 2921 2483 2974 καὶ
2515 2922 2679 2985 αὑτὸς
2706 2922 2863 2992 δέχου
2884 2939 2897 2953 ο
2918 2923 3002 2975 ὃτι
3032 2921 3092 2987 ἐξ
3116 2923 3305 2991 αὑτοῦ,
3328 2926 3411 2978 ὄτι
3436 2924 3685 2988 ἀπαθῶς,

2079 3002 2163 3055 ὅτι
2205 3003 2266 3055 οὑ
2320 3004 2649 3074 μειωθέντος
2690 3005 2814 3059 οὑδέ
2859 3005 3288 3071 ἐλαττωθέντο;⁶
3344 3009 3535 3080 ἐπειδή
3582 3009 3689 3062 εἰσί

2080 3102 2226 3150 τινες
2244 3086 2426 3141 ἄτοπά
2449 3105 2573 3143 τινα
2595 3090 2660 3142 ἐκ
2676 3089 2769 3143 τοῦ
2797 3088 3200 3161 ὑποδείγματος
3224 3091 3687 3163 ἐκλαμϐάνοντες.

2080 3171 2157 3224 Τὸ
2185 3172 2297 3242 γὰρ
2324 3171 2671 3243 ἀπαύγασμα
2691 3214 2705 3237 ,
2741 3176 2929 3244 φασὶν,
2968 3176 3339 3230 ἐνυπόστατον
3382 3177 3484 3229 οὑκ
3516 3177 3688 3246 ἔστιν,

2080 3254 2198 3308 ἀλλ’
2232 3257 2289 3308 ἐν
2316 3252 2491 3327 ἑτέρῳ
2530 3256 2644 3327 ἔχει
2678 3258 2739 3311 τὸ
2769 3255 2929 3315 εἶναι.

2154 3338 2247 3411 Μὴ
2275 3340 2436 3393 τοῦτο
2460 3343 2640 3395 τοίνυν
2668 3343 2930 3414 ἐκλάϐῃς,
2962 3343 3243 3415 ἄνθρωπε,
3271 3344 3407 3413 μηδὲ
3427 3344 3690 3417 Μαρκέλ-

2082 3423 2177 3476 λου
2213 3425 2305 3477 καὶ
2334 3425 2605 3478 Φωτεινοῦ
2632 3428 2869 3499 νοσήσῃς
2909 3427 3007 3497 τὴν
3038 3428 3214 3481 νόσον.
3269 3427 3532 3495 Ἐγγύθεν
3579 3428 3691 3500 γάρ

2084 3524 2143 3560 σε
2166 3508 2188 3537 °
2220 3506 2536 3577 θεραπεύει,
2573 3509 2716 3564 ὥστε
2746 3511 2821 3581 μὴ
2852 3513 2933 3573 είς
2958 3510 3178 3581 ἐκείνην
3202 3513 3468 3580 ἐμπεσεῖν
3498 3528 3559 3564 σε
3588 3513 3690 3578 τὴν

2082 3590 2346 3657 διάνοιαν,
2381 3592 2503 3647 οὑδέ
2543 3593 2739 3664 ἀφίησί
2774 3611 2834 3648 σε
2868 3596 2949 3658 εἰς
2990 3594 3051 3647 τὸ
3090 3594 3336 3665 ὀλέθριον
3383 3597 3560 3648 ἐκεῖνο
3600 3596 3691 3646 νό-

2086 3694 2241 3747 σημα
2270 3679 2669 3750 κατενεχθῆναι
2690 3694 2702 3707 °
2737 3680 2790 3733 τί
2814 3679 2872 3732 δέ
2898 3695 3066 3749 φησι;
3098 3680 3203 3733 Καὶ
3236 3678 3547 3748 χαρακτὴρ
3579 3679 3691 3745 τῆς

2085 3760 2482 3828 ὑποστάσεως
2514 3762 2733 3817 αὐτοῦ·
2764 3762 2941 3833 δηλῶν
2980 3762 3070 3815 διά
3100 3762 3203 3831 τῆς
3244 3763 3566 3832 ἐπαγωγῆς,
3599 3763 3683 3816 ὅτι

2086 3842 2275 3914 ῶσπερ
2306 3844 2454 3898 ἐστὶν
2477 3845 2504 3898 6
2532 3845 2722 3916 Πατὴρ
2745 3846 3137 3907 ἐνυπόστατος,
3167 3846 3262 3897 καὶ
3292 3844 3428 3913 πρὸς
3454 3845 3692 3898 ὑπόστα-

2089 3945 2172 3981 σιν
2204 3929 2418 3993 οὑδενὸς
2436 3929 2712 3999 δεόμενος·
2747 3926 2891 3982 οὕτω
2922 3932 3018 3983 καὶ
3044 3930 3072 3981 6
3099 3929 3247 3992 Υἱός.
3289 3927 3557 3981 Ἐνταῦθα
3580 3929 3691 3998 γὰρ

2085 4012 2143 4065 τὸ
2172 4012 2594 4082 ἀπαράλλακτον
2629 4014 2845 4076 δεικνὺς
2880 4012 3047 4066 τοῦτό
3092 4031 3247 4082 φησι,
3298 4013 3393 4065 καὶ
3426 4014 3563 4082 πρὸς
3598 4013 3692 4064 τὸν

2091 4094 2360 4160 ἰδιάζοντα
2404 4096 2733 4167 χαρακτῆρα
2763 4094 2858 4149 τοῦ
2898 4095 3261 4165 πρωτοτύπου
3297 4096 3692 4165 παραπέμπων

2089 4195 2169 4242 σε,
2199 4179 2297 4232 καὶ
2322 4179 2595 4233 διδάσκων
2627 4179 2702 4243 ὡς
2737 4180 2796 4232 ἐν
2828 4179 3135 4232 ὑποστάσει
3173 4178 3290 4230 ἐστὶ
3321 4177 3443 4231 καθ’
3472 4179 3688 4233 ἑαυτόν.

2088 4262 2273 4314 Εἰπὼν
2300 4262 2358 4315 δὲ
2387 4261 2669 4332 ἀνωτέρω,
2701 4263 2784 4315 ὅτι
2818 4262 2890 4315 δι’
2917 4260 3083 4315 αὑτοῦ
3111 4261 3371 4330 ἐποίησεν
3399 4263 3426 4314 6
3457 4261 3590 4325 Θεὸς
3622 4263 3694 4316 τὰ

2088 4346 2289 4409 πάντα,
2319 4344 2556 4399 ἐνταῦθα
2578 4344 2797 4399 δίδωσιν
2832 4343 2981 4413 αὑτῷ
3006 4344 3107 4413 τὴν
3142 4344 3455 4398 αὑθεντίαν.
3485 4344 3548 4397 Τί
3578 4344 3689 4415 γὰρ

2090 4430 2323 4499 ἐπάγεις
2352 4428 2555 4496 ςιέρων
2583 4446 2649 4483 τε
2681 4431 2755 4484 τὰ
2782 4428 2981 4483 πάντα
3022 4426 3102 4493 τῷ
3118 4427 3343 4496 ῥήματι
3370 4427 3483 4497 τῆς
3510 4426 3692 4482 δυνά-

2086 4530 2243 4582 μεως
2268 4513 2455 4567 αὑτοῦ
2478 4529 2491 4543 ⁸
2513 4514 2600 4566 ἵνα
2630 4515 2696 4566 ἐκ
2721 4514 2917 4566 τούτου
2944 4512 3021 4583 μὴ
3053 4513 3217 4582 μόνον
3246 4512 3337 4566 τὸν
3366 4515 3686 4583 χαρακτῆρα

2090 4597 2191 4667 τῆς
2223 4597 2577 4660 ὑποστάσεως
2603 4590 2949 4665 ἐκλάϐωμεν,
2974 4594 3111 4649 ἀλλά
3133 4595 3308 4650 καὶτὸ
3337 4594 3475 4665 μετὰ
3502 4594 3701 4648 αὑθεν-

2090 4682 2211 4746 τίσις
2239 4682 2457 4736 ἅπαντα
2479 4679 2773 4751 κυϐερνᾷν.
2811 4679 2954 4750 Ὅρα
2981 4679 3161 4732 τοίνυν
3186 4676 3326 4742 πῶς,
3370 4680 3508 4749 ὅπερ
3538 4681 3688 4733 ἐστὶν

2093 4764 2225 4818 ῖδιον
2254 4763 2349 4818 τοῦ
2380 4764 2618 4834 Πατρὸς,
2646 4762 2807 4817 τοῦτο
2839 4762 3151 4833 προσάπτει
3178 4760 3255 4832 τῷ
3285 4761 3420 4833 Υίῷ.
3452 4761 3554 4815 Διά
3581 4765 3695 4831 γάρ’

2091 4850 2250 4903 τοῦτο
2293 4849 2391 4918 οὑχ
2423 4848 2613 4911 ἁπλῶς
2660 4843 2780 4899 εἷπε
2803 4864 2815 4875 ·
2851 4847 3054 4915 (ιιέροη⁹
3086 4862 3148 4902 τε
3185 4846 3259 4899 τὰ
3289 4844 3522 4911 πάντα,
3569 4846 3691 4899 οὑδέ

2091 4930 2241 4986 εἷπε⁹
2260 4934 2337 5005 Τῇ
2369 4934 2598 5002 δυνάμει
2631 4932 2821 5003 αὑτοῦ,
2852 4930 3023 4997 ἀλλὰ,
3064 4930 3148 4995 Τῷ
3171 4930 3398 4999 ῥήματι
3446 4930 3558 4999 τῆς
3585 4931 3693 4984 6v-

2090 5015 2322 5084 νάμεως
2350 5015 2559 5070 αὑτοῦ.
2591 5016 2804 5086 ’Ὠσπερ
2832 5014 2943 5087 γὰρ
2970 5013 3163 5086 πρώην
3196 5016 3332 5083 ἡμῖν
3364 5011 3519 5084 ἀνῄει
3549 5014 3695 5067 κατὰ

2096 5100 2292 5170 μικρὸν
2328 5102 2423 5153 καὶ
2461 5099 2673 5172 κατῄει⁸
2706 5098 2849 5153 οὕτω
2889 5100 2982 5153 καὶ
3015 5098 3133 5163 νῦν,
3172 5097 3428 5168 καθάπερ
3466 5097 3578 5151 ἀπό
3612 5116 3694 5151 τι‹

2097 5202 2205 5237 νων
2242 5183 2466 5254 βαθμῶν
2489 5226 2503 5250 ,
2539 5181 2825 5238 ἀναϐαίνει
2859 5185 2939 5246 εἰς
2980 5180 3134 5251 ὑψος,
3163 5176 3285 5235 εἶτα
3319 5180 3481 5235 πάλιν
3523 5198 3694 5235 κατα·
3726 5234 3737 5242 ,

2097 5266 2296 5332 ϐαίνει,
2322 5266 2415 5319 καί
2443 5282 2596 5337 φησιν
2624 5268 2703 5320 Δι’
2729 5261 2802 5322 οὗ
2836 5265 2936 5319 καὶ
2964 5265 3107 5332 τοὺς
3135 5264 3356 5331 αἰῶνας
3376 5264 3691 5333 ἐποίησεν.

2099 5349 2244 5420 Ὅρα
2274 5350 2393 5412 πῶς
2418 5350 2515 5403 καὶ
2542 5349 2776 5403 ἐνταῦθα
2802 5349 2897 5402 δύο
2922 5348 3111 5420 τέμνει
3137 5348 3311 5413 ὁδούς.
3352 5348 3693 5419 Βουλόμενος

2098 5434 2207 5506 γὰρ
2234 5435 2383 5505 ἡμᾶς
2407 5434 2717 5503 ἀπαγαγεῖν
2750 5433 2854 5502 τῆς
2878 5432 3172 5486 Σαϐελλίου
3204 5434 3301 5486 καὶ
3340 5431 3550 5503 Ἀρείου
3576 5449 3698 5486 και-

2098 5521 2381 5588 νοτομίας,
2412 5517 2508 5571 τοῦ
2544 5517 2643 5587 μέν
2672 5516 2733 5570 τὸ
2761 5517 3019 5588 περιττὸν
3041 5517 3143 5585 τῆς
3170 5515 3524 5579 ὑποστάσεως
3542 5516 3695 5568 ἀναι⁴

2104 5602 2343 5674 ροῦντος,
2378 5601 2474 5654 τοῦ
2500 5601 2556 5655 δὲ
2586 5602 2686 5673 τὴν
2716 5603 2848 5672 μίαν
2880 5601 3043 5672 φύσιν
3079 5603 3160 5671 είς
3187 5599 3482 5669 ἀνισότητα
3518 5616 3693 5652 κατα-

2100 5687 2422 5757 τέμνοντος,
2455 5688 2519 5739 ἐκ
2562 5686 2885 5758 περιουσίας
2932 5686 3218 5757 ἀμφότερα
3252 5684 3525 5753 καθαιρεῖ.
3571 5684 3696 5745 Πῶς

2170 5845 2193 5921 ‘_"
2222 5853 2337 5903 Post
2358 5854 2465 5921 Ιιεερ
2490 5853 2659 5914 verba,
2686 5853 2873 5921 ἐγγύθεν
2898 5853 2987 5917 γάρ
3012 5869 3087 5913 σε,
3133 5855 3185 5921 in,
3203 5852 3495 5906 Colbertiuo
3520 5851 3693 5901 codice

2104 5915 2276 5967 folium
2298 5915 2634 5967 desideratur.
