  <div class='ocr_page' id='page_1' title='image "/cluster/home/n/w/nwhite01/storage/ocr_20150623/63:no.12/coo.31924054869635/028.png"; bbox 0 0 4208 6458; ppageno 0'>
   <div class='ocr_carea' id='block_1_1' title="bbox 390 340 3741 408">
    <p class='ocr_par' dir='ltr' id='par_1_1' title="bbox 390 340 3741 408">
     <span class='ocr_line' id='line_1_1' title="bbox 390 340 3741 408; baseline -0.001 -2"><span class='ocrx_word' id='word_1_1' title='bbox 390 351 456 407; x_wconf 78' lang='lat' dir='ltr'><strong>et</strong></span> <span class='ocrx_word' id='word_1_2' title='bbox 1299 351 1363 408; x_wconf 81' lang='lat' dir='ltr'><strong>IN</strong></span> <span class='ocrx_word' id='word_1_3' title='bbox 1404 346 1621 405; x_wconf 84' lang='lat' dir='ltr'><strong>EPIST.</strong></span> <span class='ocrx_word' id='word_1_4' title='bbox 1662 347 1754 400; x_wconf 66' lang='lat' dir='ltr'><strong>an</strong></span> <span class='ocrx_word' id='word_1_5' title='bbox 1794 340 2158 399; x_wconf 70' lang='lat' dir='ltr'><strong>tnzsnazos.</strong></span> <span class='ocrx_word' id='word_1_6' title='bbox 2198 341 2350 398; x_wconf 48' lang='lat' dir='ltr'><strong>cur.</strong></span> <span class='ocrx_word' id='word_1_7' title='bbox 2397 345 2435 397; x_wconf 89' lang='grc' dir='ltr'><strong>ι.</strong></span> <span class='ocrx_word' id='word_1_8' title='bbox 2478 342 2707 398; x_wconf 62' lang='lat' dir='ltr'><strong>nomn</strong></span> <span class='ocrx_word' id='word_1_9' title='bbox 2748 342 2812 395; x_wconf 90' lang='lat' dir='ltr'><strong>n.</strong></span> <span class='ocrx_word' id='word_1_10' title='bbox 3621 342 3691 397; x_wconf 69' lang='lat' dir='ltr'><strong>ea</strong></span> <span class='ocrx_word' id='word_1_11' title='bbox 3737 392 3741 404; x_wconf 91' lang='lat'><strong>.</strong></span> 
     </span>
    </p>
   </div>
   <div class='ocr_carea' id='block_1_2' title="bbox 380 445 2004 519">
    <p class='ocr_par' dir='ltr' id='par_1_2' title="bbox 380 445 2004 519">
     <span class='ocr_line' id='line_1_2' title="bbox 380 445 2004 519; baseline 0.002 -19"><span class='ocrx_word' id='word_1_12' title='bbox 380 464 536 518; x_wconf 77' lang='lat' dir='ltr'><strong>quem</strong></span> <span class='ocrx_word' id='word_1_13' title='bbox 562 452 687 515; x_wconf 71' lang='lat' dir='ltr'><strong>fecit</strong></span> <span class='ocrx_word' id='word_1_14' title='bbox 716 455 764 500; x_wconf 83' lang='lat' dir='ltr'><strong>et</strong></span> <span class='ocrx_word' id='word_1_15' title='bbox 791 447 1003 500; x_wconf 74' lang='lat' dir='ltr'><strong>saxula.</strong></span> <span class='ocrx_word' id='word_1_16' title='bbox 1043 445 1178 501; x_wconf 75' lang='lat' dir='ltr'><strong>Vide</strong></span> <span class='ocrx_word' id='word_1_17' title='bbox 1206 451 1477 516; x_wconf 87' lang='lat' dir='ltr'><strong>quomodo</strong></span> <span class='ocrx_word' id='word_1_18' title='bbox 1509 450 1596 502; x_wconf 91' lang='lat' dir='ltr'><strong>hic</strong></span> <span class='ocrx_word' id='word_1_19' title='bbox 1625 463 1841 519; x_wconf 90' lang='lat' dir='ltr'><strong>quoque</strong></span> <span class='ocrx_word' id='word_1_20' title='bbox 1867 450 2004 505; x_wconf 88' lang='lat' dir='ltr'><strong>duas</strong></span> 
     </span>
    </p>
   </div>
   <div class='ocr_carea' id='block_1_3' title="bbox 380 537 2003 611">
    <p class='ocr_par' dir='ltr' id='par_1_3' title="bbox 380 537 2003 611">
     <span class='ocr_line' id='line_1_3' title="bbox 380 537 2003 611; baseline 0.003 -17"><span class='ocrx_word' id='word_1_21' title='bbox 380 540 627 611; x_wconf 79' lang='lat' dir='ltr'><strong>capessit</strong></span> <span class='ocrx_word' id='word_1_22' title='bbox 653 539 790 594; x_wconf 93' lang='lat' dir='ltr'><strong>vias.</strong></span> <span class='ocrx_word' id='word_1_23' title='bbox 824 537 1028 593; x_wconf 87' lang='lat' dir='ltr'><strong>Volens</strong></span> <span class='ocrx_word' id='word_1_24' title='bbox 1067 538 1212 593; x_wconf 89' lang='lat' dir='ltr'><strong>enim</strong></span> <span class='ocrx_word' id='word_1_25' title='bbox 1255 554 1356 594; x_wconf 86' lang='lat' dir='ltr'><strong>nos</strong></span> <span class='ocrx_word' id='word_1_26' title='bbox 1398 539 1667 596; x_wconf 88' lang='lat' dir='ltr'><strong>abducere</strong></span> <span class='ocrx_word' id='word_1_27' title='bbox 1713 557 1743 597; x_wconf 91' lang='lat' dir='ltr'><strong>a</strong></span> <span class='ocrx_word' id='word_1_28' title='bbox 1784 541 2003 599; x_wconf 90' lang='lat' dir='ltr'><strong>Sabellii</strong></span> 
     </span>
    </p>
   </div>
   <div class='ocr_carea' id='block_1_4' title="bbox 379 629 2003 705">
    <p class='ocr_par' dir='ltr' id='par_1_4' title="bbox 379 629 2003 705">
     <span class='ocr_line' id='line_1_4' title="bbox 379 629 2003 705; baseline 0.002 -19"><span class='ocrx_word' id='word_1_29' title='bbox 379 641 438 686; x_wconf 89' lang='lat' dir='ltr'><strong>et</strong></span> <span class='ocrx_word' id='word_1_30' title='bbox 481 631 602 686; x_wconf 69' lang='lat' dir='ltr'><strong>Arii</strong></span> <span class='ocrx_word' id='word_1_31' title='bbox 644 629 1142 695; x_wconf 87' lang='lat' dir='ltr'><strong>innovationibus;</strong></span> <span class='ocrx_word' id='word_1_32' title='bbox 1187 643 1415 700; x_wconf 89' lang='lat' dir='ltr'><strong>quorum</strong></span> <span class='ocrx_word' id='word_1_33' title='bbox 1461 630 1598 686; x_wconf 90' lang='lat' dir='ltr'><strong>alter</strong></span> <span class='ocrx_word' id='word_1_34' title='bbox 1638 633 1691 687; x_wconf 92' lang='lat' dir='ltr'><strong>in</strong></span> <span class='ocrx_word' id='word_1_35' title='bbox 1729 632 2003 705; x_wconf 82' lang='lat' dir='ltr'><strong>hypostasi</strong></span> 
     </span>
    </p>
   </div>
   <div class='ocr_carea' id='block_1_5' title="bbox 388 722 2005 797">
    <p class='ocr_par' dir='ltr' id='par_1_5' title="bbox 388 722 2005 797">
     <span class='ocr_line' id='line_1_5' title="bbox 388 722 2005 797; baseline 0.002 -18"><span class='ocrx_word' id='word_1_36' title='bbox 388 724 664 795; x_wconf 79' lang='lat' dir='ltr'><strong>superﬂua</strong></span> <span class='ocrx_word' id='word_1_37' title='bbox 710 723 890 787; x_wconf 87' lang='lat' dir='ltr'><strong>tollit,</strong></span> <span class='ocrx_word' id='word_1_38' title='bbox 933 722 1075 778; x_wconf 89' lang='lat' dir='ltr'><strong>alter</strong></span> <span class='ocrx_word' id='word_1_39' title='bbox 1115 737 1247 779; x_wconf 87' lang='lat' dir='ltr'><strong>vero</strong></span> <span class='ocrx_word' id='word_1_40' title='bbox 1293 738 1455 778; x_wconf 90' lang='lat' dir='ltr'><strong>unam</strong></span> <span class='ocrx_word' id='word_1_41' title='bbox 1489 736 1736 780; x_wconf 90' lang='lat' dir='ltr'><strong>naturam</strong></span> <span class='ocrx_word' id='word_1_42' title='bbox 1778 742 1876 797; x_wconf 90' lang='lat' dir='ltr'><strong>per</strong></span> <span class='ocrx_word' id='word_1_43' title='bbox 1920 728 2005 782; x_wconf 84' lang='lat' dir='ltr'><strong>in-</strong></span> 
     </span>
    </p>
   </div>
   <div class='ocr_carea' id='block_1_6' title="bbox 394 815 2006 890">
    <p class='ocr_par' dir='ltr' id='par_1_6' title="bbox 394 815 2006 890">
     <span class='ocr_line' id='line_1_6' title="bbox 394 815 2006 890; baseline 0.001 -17"><span class='ocrx_word' id='word_1_44' title='bbox 394 818 760 889; x_wconf 59' lang='lat' dir='ltr'><strong>aequalitatem</strong></span> <span class='ocrx_word' id='word_1_45' title='bbox 789 815 1017 882; x_wconf 82' lang='lat' dir='ltr'><strong>dividit;</strong></span> <span class='ocrx_word' id='word_1_46' title='bbox 1052 830 1121 872; x_wconf 84' lang='lat' dir='ltr'><strong>ex</strong></span> <span class='ocrx_word' id='word_1_47' title='bbox 1151 816 1444 871; x_wconf 77' lang='lat' dir='ltr'><strong>abundanti</strong></span> <span class='ocrx_word' id='word_1_48' title='bbox 1470 816 1561 871; x_wconf 91' lang='lat' dir='ltr'><strong>ille</strong></span> <span class='ocrx_word' id='word_1_49' title='bbox 1590 826 1879 890; x_wconf 90' lang='lat' dir='ltr'><strong>utrumque</strong></span> <span class='ocrx_word' id='word_1_50' title='bbox 1907 818 2006 874; x_wconf 85' lang='lat' dir='ltr'><strong>de-</strong></span> 
     </span>
    </p>
   </div>
   <div class='ocr_carea' id='block_1_7' title="bbox 390 906 2006 977">
    <p class='ocr_par' dir='ltr' id='par_1_7' title="bbox 390 906 2006 977">
     <span class='ocr_line' id='line_1_7' title="bbox 390 906 2006 977; baseline 0.001 -15"><span class='ocrx_word' id='word_1_51' title='bbox 390 910 525 977; x_wconf 87' lang='lat' dir='ltr'><strong>jicit.</strong></span> <span class='ocrx_word' id='word_1_52' title='bbox 575 907 872 976; x_wconf 80' lang='lat' dir='ltr'><strong>Quomodo</strong></span> <span class='ocrx_word' id='word_1_53' title='bbox 916 906 1083 977; x_wconf 93' lang='lat' dir='ltr'><strong>igitur</strong></span> <span class='ocrx_word' id='word_1_54' title='bbox 1132 907 1237 962; x_wconf 89' lang='lat' dir='ltr'><strong>hoc</strong></span> <span class='ocrx_word' id='word_1_55' title='bbox 1279 906 1449 962; x_wconf 77' lang='lat' dir='ltr'><strong>facit?</strong></span> <span class='ocrx_word' id='word_1_56' title='bbox 1500 908 1771 977; x_wconf 85' lang='lat' dir='ltr'><strong>Perpetuo</strong></span> <span class='ocrx_word' id='word_1_57' title='bbox 1819 910 2006 965; x_wconf 91' lang='lat' dir='ltr'><strong>eadem</strong></span> 
     </span>
    </p>
   </div>
   <div class='ocr_carea' id='block_1_8' title="bbox 392 997 2008 1070">
    <p class='ocr_par' dir='ltr' id='par_1_8' title="bbox 392 997 2008 1070">
     <span class='ocr_line' id='line_1_8' title="bbox 392 997 2008 1070; baseline 0.001 -16"><span class='ocrx_word' id='word_1_58' title='bbox 392 1008 574 1055; x_wconf 81' lang='lat' dir='ltr'><strong>versat</strong></span> <span class='ocrx_word' id='word_1_59' title='bbox 602 1007 663 1054; x_wconf 91' lang='lat' dir='ltr'><strong>et</strong></span> <span class='ocrx_word' id='word_1_60' title='bbox 687 997 933 1068; x_wconf 90' lang='lat' dir='ltr'><strong>loquitur</strong></span> <span class='ocrx_word' id='word_1_61' title='bbox 950 1038 967 1064; x_wconf 92' lang='lat'><strong>,</strong></span> <span class='ocrx_word' id='word_1_62' title='bbox 994 1006 1056 1053; x_wconf 90' lang='lat' dir='ltr'><strong>ut</strong></span> <span class='ocrx_word' id='word_1_63' title='bbox 1079 1012 1149 1053; x_wconf 92' lang='lat' dir='ltr'><strong>ne</strong></span> <span class='ocrx_word' id='word_1_64' title='bbox 1179 1004 1395 1067; x_wconf 84' lang='lat' dir='ltr'><strong>putetur</strong></span> <span class='ocrx_word' id='word_1_65' title='bbox 1422 1012 1545 1053; x_wconf 90' lang='lat' dir='ltr'><strong>esse</strong></span> <span class='ocrx_word' id='word_1_66' title='bbox 1577 1000 1694 1054; x_wconf 88' lang='lat' dir='ltr'><strong>sine</strong></span> <span class='ocrx_word' id='word_1_67' title='bbox 1721 999 2008 1070; x_wconf 89' lang='lat' dir='ltr'><strong>principio,</strong></span> 
     </span>
    </p>
   </div>
   <div class='ocr_carea' id='block_1_9' title="bbox 389 1090 2007 1161">
    <p class='ocr_par' dir='ltr' id='par_1_9' title="bbox 389 1090 2007 1161">
     <span class='ocr_line' id='line_1_9' title="bbox 389 1090 2007 1161; baseline 0.002 -16"><span class='ocrx_word' id='word_1_68' title='bbox 389 1092 477 1147; x_wconf 82' lang='lat' dir='ltr'><strong>vel</strong></span> <span class='ocrx_word' id='word_1_69' title='bbox 501 1106 534 1146; x_wconf 88' lang='lat' dir='ltr'><strong>a</strong></span> <span class='ocrx_word' id='word_1_70' title='bbox 566 1091 683 1146; x_wconf 92' lang='lat' dir='ltr'><strong>Deo</strong></span> <span class='ocrx_word' id='word_1_71' title='bbox 711 1091 949 1145; x_wconf 88' lang='lat' dir='ltr'><strong>alienus.</strong></span> <span class='ocrx_word' id='word_1_72' title='bbox 980 1090 1051 1145; x_wconf 87' lang='lat' dir='ltr'><strong>Et</strong></span> <span class='ocrx_word' id='word_1_73' title='bbox 1074 1105 1144 1145; x_wconf 91' lang='lat' dir='ltr'><strong>ne</strong></span> <span class='ocrx_word' id='word_1_74' title='bbox 1171 1098 1391 1161; x_wconf 85' lang='lat' dir='ltr'><strong>stupeas</strong></span> <span class='ocrx_word' id='word_1_75' title='bbox 1419 1091 1503 1147; x_wconf 90' lang='lat' dir='ltr'><strong>his</strong></span> <span class='ocrx_word' id='word_1_76' title='bbox 1527 1090 1746 1159; x_wconf 81' lang='lat' dir='ltr'><strong>auditis,</strong></span> <span class='ocrx_word' id='word_1_77' title='bbox 1774 1092 1969 1149; x_wconf 82' lang='lat' dir='ltr'><strong>dilecte</strong></span> <span class='ocrx_word' id='word_1_78' title='bbox 1994 1113 2007 1148; x_wconf 92' lang='lat'>:</span> 
     </span>
    </p>
   </div>
   <div class='ocr_carea' id='block_1_10' title="bbox 393 1184 2010 1256">
    <p class='ocr_par' dir='ltr' id='par_1_10' title="bbox 393 1184 2010 1256">
     <span class='ocr_line' id='line_1_10' title="bbox 393 1184 2010 1256; baseline 0 -15"><span class='ocrx_word' id='word_1_79' title='bbox 393 1201 517 1241; x_wconf 84' lang='lat' dir='ltr'><strong>nam</strong></span> <span class='ocrx_word' id='word_1_80' title='bbox 544 1186 590 1239; x_wconf 92' lang='lat' dir='ltr'><strong>si</strong></span> <span class='ocrx_word' id='word_1_81' title='bbox 618 1185 783 1239; x_wconf 91' lang='lat' dir='ltr'><strong>etiam</strong></span> <span class='ocrx_word' id='word_1_82' title='bbox 813 1193 940 1255; x_wconf 88' lang='lat' dir='ltr'><strong>post</strong></span> <span class='ocrx_word' id='word_1_83' title='bbox 964 1193 1073 1239; x_wconf 85' lang='lat' dir='ltr'><strong>tam</strong></span> <span class='ocrx_word' id='word_1_84' title='bbox 1100 1185 1269 1241; x_wconf 88' lang='lat' dir='ltr'><strong>multa</strong></span> <span class='ocrx_word' id='word_1_85' title='bbox 1300 1184 1624 1240; x_wconf 89' lang='lat' dir='ltr'><strong>documenta</strong></span> <span class='ocrx_word' id='word_1_86' title='bbox 1649 1195 1773 1241; x_wconf 91' lang='lat' dir='ltr'><strong>sunt</strong></span> <span class='ocrx_word' id='word_1_87' title='bbox 1791 1187 2010 1256; x_wconf 87' lang='lat' dir='ltr'><strong>quidam</strong></span> 
     </span>
    </p>
   </div>
   <div class='ocr_carea' id='block_1_11' title="bbox 390 1275 2014 1347">
    <p class='ocr_par' dir='ltr' id='par_1_11' title="bbox 390 1275 2014 1347">
     <span class='ocr_line' id='line_1_11' title="bbox 390 1275 2014 1347; baseline 0.002 -16"><span class='ocrx_word' id='word_1_88' title='bbox 390 1277 485 1347; x_wconf 89' lang='lat' dir='ltr'><strong>qui</strong></span> <span class='ocrx_word' id='word_1_89' title='bbox 513 1275 776 1331; x_wconf 85' lang='lat' dir='ltr'><strong>dixerunt</strong></span> <span class='ocrx_word' id='word_1_90' title='bbox 802 1291 927 1331; x_wconf 91' lang='lat' dir='ltr'><strong>eum</strong></span> <span class='ocrx_word' id='word_1_91' title='bbox 955 1290 1080 1331; x_wconf 88' lang='lat' dir='ltr'><strong>esse</strong></span> <span class='ocrx_word' id='word_1_92' title='bbox 1106 1275 1364 1341; x_wconf 84' lang='lat' dir='ltr'><strong>alienum,</strong></span> <span class='ocrx_word' id='word_1_93' title='bbox 1402 1286 1458 1330; x_wconf 92' lang='lat' dir='ltr'><strong>et</strong></span> <span class='ocrx_word' id='word_1_94' title='bbox 1496 1277 1726 1333; x_wconf 90' lang='lat' dir='ltr'><strong>alterum</strong></span> <span class='ocrx_word' id='word_1_95' title='bbox 1766 1280 1814 1333; x_wconf 91' lang='lat' dir='ltr'><strong>ei</strong></span> <span class='ocrx_word' id='word_1_96' title='bbox 1844 1279 2014 1335; x_wconf 81' lang='lat' dir='ltr'><strong>dedc-</strong></span> 
     </span>
    </p>
   </div>
   <div class='ocr_carea' id='block_1_12' title="bbox 394 1369 2013 1439">
    <p class='ocr_par' dir='ltr' id='par_1_12' title="bbox 394 1369 2013 1439">
     <span class='ocr_line' id='line_1_12' title="bbox 394 1369 2013 1439; baseline 0.001 -16"><span class='ocrx_word' id='word_1_97' title='bbox 394 1377 523 1424; x_wconf 90' lang='lat' dir='ltr'><strong>runt</strong></span> <span class='ocrx_word' id='word_1_98' title='bbox 550 1378 763 1438; x_wconf 79' lang='lat' dir='ltr'><strong>patrem</strong></span> <span class='ocrx_word' id='word_1_99' title='bbox 787 1410 804 1434; x_wconf 93' lang='lat'><strong>,</strong></span> <span class='ocrx_word' id='word_1_100' title='bbox 838 1369 1015 1438; x_wconf 90' lang='lat' dir='ltr'><strong>ipsum</strong></span> <span class='ocrx_word' id='word_1_101' title='bbox 1047 1383 1264 1439; x_wconf 90' lang='lat' dir='ltr'><strong>quoque</strong></span> <span class='ocrx_word' id='word_1_102' title='bbox 1290 1369 1534 1424; x_wconf 87' lang='lat' dir='ltr'><strong>dicentes</strong></span> <span class='ocrx_word' id='word_1_103' title='bbox 1560 1386 1683 1426; x_wconf 90' lang='lat' dir='ltr'><strong>cum</strong></span> <span class='ocrx_word' id='word_1_104' title='bbox 1715 1385 1781 1425; x_wconf 91' lang='lat' dir='ltr'><strong>eo</strong></span> <span class='ocrx_word' id='word_1_105' title='bbox 1812 1372 2013 1427; x_wconf 90' lang='lat' dir='ltr'><strong>bellum</strong></span> 
     </span>
    </p>
   </div>
   <div class='ocr_carea' id='block_1_13' title="bbox 392 1462 2016 1535">
    <p class='ocr_par' dir='ltr' id='par_1_13' title="bbox 392 1462 2016 1535">
     <span class='ocr_line' id='line_1_13' title="bbox 392 1462 2016 1535; baseline 0.001 -17"><span class='ocrx_word' id='word_1_106' title='bbox 392 1478 627 1533; x_wconf 89' lang='lat' dir='ltr'><strong>gerere:</strong></span> <span class='ocrx_word' id='word_1_107' title='bbox 651 1463 699 1516; x_wconf 87' lang='lat' dir='ltr'><strong>si</strong></span> <span class='ocrx_word' id='word_1_108' title='bbox 718 1477 826 1517; x_wconf 93' lang='lat' dir='ltr'><strong>non</strong></span> <span class='ocrx_word' id='word_1_109' title='bbox 848 1462 968 1517; x_wconf 80' lang='lat' dir='ltr'><strong>inec</strong></span> <span class='ocrx_word' id='word_1_110' title='bbox 999 1462 1248 1528; x_wconf 80' lang='lat' dir='ltr'><strong>dixisset,</strong></span> <span class='ocrx_word' id='word_1_111' title='bbox 1275 1462 1401 1532; x_wconf 91' lang='lat' dir='ltr'><strong>quid</strong></span> <span class='ocrx_word' id='word_1_112' title='bbox 1425 1478 1533 1518; x_wconf 89' lang='lat' dir='ltr'><strong>non</strong></span> <span class='ocrx_word' id='word_1_113' title='bbox 1559 1472 1746 1519; x_wconf 88' lang='lat' dir='ltr'><strong>essent</strong></span> <span class='ocrx_word' id='word_1_114' title='bbox 1768 1464 2016 1535; x_wconf 90' lang='lat' dir='ltr'><strong>loquuti?</strong></span> 
     </span>
    </p>
   </div>
   <div class='ocr_carea' id='block_1_14' title="bbox 394 1554 2016 1626">
    <p class='ocr_par' dir='ltr' id='par_1_14' title="bbox 394 1554 2016 1626">
     <span class='ocr_line' id='line_1_14' title="bbox 394 1554 2016 1626; baseline 0.001 -16"><span class='ocrx_word' id='word_1_115' title='bbox 394 1556 631 1624; x_wconf 85' lang='lat' dir='ltr'><strong>Quando</strong></span> <span class='ocrx_word' id='word_1_116' title='bbox 660 1556 829 1626; x_wconf 85' lang='lat' dir='ltr'><strong>igitur</strong></span> <span class='ocrx_word' id='word_1_117' title='bbox 857 1570 1083 1611; x_wconf 87' lang='lat' dir='ltr'><strong>necesse</strong></span> <span class='ocrx_word' id='word_1_118' title='bbox 1126 1554 1288 1609; x_wconf 87' lang='lat' dir='ltr'><strong>habet</strong></span> <span class='ocrx_word' id='word_1_119' title='bbox 1324 1555 1408 1610; x_wconf 89' lang='lat' dir='ltr'><strong>his</strong></span> <span class='ocrx_word' id='word_1_120' title='bbox 1444 1555 1673 1623; x_wconf 88' lang='lat' dir='ltr'><strong>mederi,</strong></span> <span class='ocrx_word' id='word_1_121' title='bbox 1700 1567 1830 1611; x_wconf 92' lang='lat' dir='ltr'><strong>tunc</strong></span> <span class='ocrx_word' id='word_1_122' title='bbox 1853 1556 2016 1611; x_wconf 90' lang='lat' dir='ltr'><strong>etiam</strong></span> 
     </span>
    </p>
   </div>
   <div class='ocr_carea' id='block_1_15' title="bbox 396 1648 2015 1720">
    <p class='ocr_par' dir='ltr' id='par_1_15' title="bbox 396 1648 2015 1720">
     <span class='ocr_line' id='line_1_15' title="bbox 396 1648 2015 1720; baseline -0.001 -15"><span class='ocrx_word' id='word_1_123' title='bbox 396 1666 630 1706; x_wconf 87' lang='lat' dir='ltr'><strong>necesse</strong></span> <span class='ocrx_word' id='word_1_124' title='bbox 658 1649 821 1705; x_wconf 85' lang='lat' dir='ltr'><strong>habet</strong></span> <span class='ocrx_word' id='word_1_125' title='bbox 851 1649 997 1720; x_wconf 88' lang='lat' dir='ltr'><strong>loqui</strong></span> <span class='ocrx_word' id='word_1_126' title='bbox 1029 1648 1290 1713; x_wconf 89' lang='lat' dir='ltr'><strong>humilia;</strong></span> <span class='ocrx_word' id='word_1_127' title='bbox 1316 1658 1375 1703; x_wconf 92' lang='lat' dir='ltr'><strong>ut</strong></span> <span class='ocrx_word' id='word_1_128' title='bbox 1395 1648 1549 1715; x_wconf 89' lang='lat' dir='ltr'><strong>illud,</strong></span> <span class='ocrx_word' id='word_1_129' title='bbox 1579 1650 1872 1705; x_wconf 88' lang='lat' dir='ltr'><strong>Constituit</strong></span> <span class='ocrx_word' id='word_1_130' title='bbox 1892 1666 2015 1705; x_wconf 89' lang='lat' dir='ltr'><strong>eum</strong></span> 
     </span>
    </p>
   </div>
   <div class='ocr_carea' id='block_1_16' title="bbox 397 1739 2016 1809">
    <p class='ocr_par' dir='ltr' id='par_1_16' title="bbox 397 1739 2016 1809">
     <span class='ocr_line' id='line_1_16' title="bbox 397 1739 2016 1809; baseline -0.001 -13"><span class='ocrx_word' id='word_1_131' title='bbox 397 1741 666 1798; x_wconf 84' lang='lat' dir='ltr'><strong>heredem</strong></span> <span class='ocrx_word' id='word_1_132' title='bbox 694 1741 1077 1796; x_wconf 88' lang='lat' dir='ltr'><strong>universorum</strong></span> <span class='ocrx_word' id='word_1_133' title='bbox 1104 1780 1119 1804; x_wconf 93' lang='lat'><strong>,</strong></span> <span class='ocrx_word' id='word_1_134' title='bbox 1152 1746 1241 1807; x_wconf 92' lang='lat' dir='ltr'><strong>et,</strong></span> <span class='ocrx_word' id='word_1_135' title='bbox 1270 1739 1375 1795; x_wconf 85' lang='lat' dir='ltr'><strong>Per</strong></span> <span class='ocrx_word' id='word_1_136' title='bbox 1400 1739 1579 1809; x_wconf 90' lang='lat' dir='ltr'><strong>ipsum</strong></span> <span class='ocrx_word' id='word_1_137' title='bbox 1622 1741 1750 1795; x_wconf 78' lang='lat' dir='ltr'><strong>fecit</strong></span> <span class='ocrx_word' id='word_1_138' title='bbox 1798 1740 2016 1795; x_wconf 65' lang='lat' dir='ltr'><strong>saecula.</strong></span> 
     </span>
    </p>
   </div>
   <div class='ocr_carea' id='block_1_17' title="bbox 399 1832 2021 1903">
    <p class='ocr_par' dir='ltr' id='par_1_17' title="bbox 399 1832 2021 1903">
     <span class='ocr_line' id='line_1_17' title="bbox 399 1832 2021 1903; baseline -0.002 -11"><span class='ocrx_word' id='word_1_139' title='bbox 399 1835 613 1892; x_wconf 87' lang='lat' dir='ltr'><strong>Deinde</strong></span> <span class='ocrx_word' id='word_1_140' title='bbox 638 1849 709 1890; x_wconf 90' lang='lat' dir='ltr'><strong>ne</strong></span> <span class='ocrx_word' id='word_1_141' title='bbox 748 1843 929 1890; x_wconf 87' lang='lat' dir='ltr'><strong>autem</strong></span> <span class='ocrx_word' id='word_1_142' title='bbox 958 1833 1123 1889; x_wconf 88' lang='lat' dir='ltr'><strong>aliam</strong></span> <span class='ocrx_word' id='word_1_143' title='bbox 1162 1842 1367 1903; x_wconf 90' lang='lat' dir='ltr'><strong>partem</strong></span> <span class='ocrx_word' id='word_1_144' title='bbox 1398 1832 1558 1888; x_wconf 66' lang='lat' dir='ltr'><strong>laedat</strong></span> <span class='ocrx_word' id='word_1_145' title='bbox 1580 1874 1595 1898; x_wconf 91' lang='lat'><strong>,</strong></span> <span class='ocrx_word' id='word_1_146' title='bbox 1632 1848 1699 1888; x_wconf 92' lang='lat' dir='ltr'><strong>ex</strong></span> <span class='ocrx_word' id='word_1_147' title='bbox 1732 1833 2021 1889; x_wconf 85' lang='lat' dir='ltr'><strong>humilibus</strong></span> 
     </span>
    </p>
   </div>
   <div class='ocr_carea' id='block_1_18' title="bbox 398 1923 2021 1991">
    <p class='ocr_par' dir='ltr' id='par_1_18' title="bbox 398 1923 2021 1991">
     <span class='ocr_line' id='line_1_18' title="bbox 398 1923 2021 1991; baseline -0.002 -9"><span class='ocrx_word' id='word_1_148' title='bbox 398 1928 566 1983; x_wconf 88' lang='lat' dir='ltr'><strong>dictis</strong></span> <span class='ocrx_word' id='word_1_149' title='bbox 604 1941 731 1982; x_wconf 91' lang='lat' dir='ltr'><strong>eum</strong></span> <span class='ocrx_word' id='word_1_150' title='bbox 759 1940 951 1982; x_wconf 87' lang='lat' dir='ltr'><strong>rursus</strong></span> <span class='ocrx_word' id='word_1_151' title='bbox 975 1924 1160 1981; x_wconf 82' lang='lat' dir='ltr'><strong>evehit</strong></span> <span class='ocrx_word' id='word_1_152' title='bbox 1185 1924 1253 1980; x_wconf 89' lang='lat' dir='ltr'><strong>ad</strong></span> <span class='ocrx_word' id='word_1_153' title='bbox 1284 1923 1702 1991; x_wconf 84' lang='lat' dir='ltr'><strong>auctoritatem;</strong></span> <span class='ocrx_word' id='word_1_154' title='bbox 1742 1934 1798 1981; x_wconf 90' lang='lat' dir='ltr'><strong>et</strong></span> <span class='ocrx_word' id='word_1_155' title='bbox 1831 1936 2021 1980; x_wconf 83' lang='lat' dir='ltr'><strong>osten-</strong></span> 
     </span>
    </p>
   </div>
   <div class='ocr_carea' id='block_1_19' title="bbox 398 2015 2023 2087">
    <p class='ocr_par' dir='ltr' id='par_1_19' title="bbox 398 2015 2023 2087">
     <span class='ocr_line' id='line_1_19' title="bbox 398 2015 2023 2087; baseline -0.002 -13"><span class='ocrx_word' id='word_1_156' title='bbox 398 2019 485 2074; x_wconf 89' lang='lat' dir='ltr'><strong>dit</strong></span> <span class='ocrx_word' id='word_1_157' title='bbox 511 2034 639 2075; x_wconf 91' lang='lat' dir='ltr'><strong>eum</strong></span> <span class='ocrx_word' id='word_1_158' title='bbox 668 2033 794 2073; x_wconf 83' lang='lat' dir='ltr'><strong>esse</strong></span> <span class='ocrx_word' id='word_1_159' title='bbox 818 2017 875 2073; x_wconf 92' lang='lat' dir='ltr'><strong>in</strong></span> <span class='ocrx_word' id='word_1_160' title='bbox 905 2017 1099 2073; x_wconf 91' lang='lat' dir='ltr'><strong>eodem</strong></span> <span class='ocrx_word' id='word_1_161' title='bbox 1132 2016 1339 2072; x_wconf 89' lang='lat' dir='ltr'><strong>honore</strong></span> <span class='ocrx_word' id='word_1_162' title='bbox 1363 2030 1472 2087; x_wconf 91' lang='lat' dir='ltr'><strong>quo</strong></span> <span class='ocrx_word' id='word_1_163' title='bbox 1500 2015 1661 2072; x_wconf 89' lang='lat' dir='ltr'><strong>Pater</strong></span> <span class='ocrx_word' id='word_1_164' title='bbox 1685 2057 1701 2083; x_wconf 97' lang='lat'><strong>,</strong></span> <span class='ocrx_word' id='word_1_165' title='bbox 1731 2025 1788 2071; x_wconf 91' lang='lat' dir='ltr'><strong>et</strong></span> <span class='ocrx_word' id='word_1_166' title='bbox 1809 2015 1947 2072; x_wconf 91' lang='lat' dir='ltr'><strong>adeo</strong></span> <span class='ocrx_word' id='word_1_167' title='bbox 1969 2018 2023 2071; x_wconf 92' lang='lat' dir='ltr'><strong>in</strong></span> 
     </span>
    </p>
   </div>
   <div class='ocr_carea' id='block_1_20' title="bbox 400 2114 2021 2183">
    <p class='ocr_par' dir='ltr' id='par_1_20' title="bbox 400 2114 2021 2183">
     <span class='ocr_line' id='line_1_20' title="bbox 400 2114 2021 2183; baseline -0.006 -6"><span class='ocrx_word' id='word_1_168' title='bbox 400 2119 603 2177; x_wconf 84' lang='lat' dir='ltr'><strong>eodem</strong></span> <span class='ocrx_word' id='word_1_169' title='bbox 632 2118 884 2183; x_wconf 86' lang='lat' dir='ltr'><strong>honore,</strong></span> <span class='ocrx_word' id='word_1_170' title='bbox 931 2125 992 2171; x_wconf 88' lang='lat' dir='ltr'><strong>ut</strong></span> <span class='ocrx_word' id='word_1_171' title='bbox 1037 2116 1196 2171; x_wconf 89' lang='lat' dir='ltr'><strong>multi</strong></span> <span class='ocrx_word' id='word_1_172' title='bbox 1242 2115 1554 2171; x_wconf 81' lang='lat' dir='ltr'><strong>existiment</strong></span> <span class='ocrx_word' id='word_1_173' title='bbox 1598 2114 1850 2169; x_wconf 89' lang='lat' dir='ltr'><strong>eumdem</strong></span> <span class='ocrx_word' id='word_1_174' title='bbox 1896 2128 2021 2168; x_wconf 91' lang='lat' dir='ltr'><strong>esse</strong></span> 
     </span>
    </p>
   </div>
   <div class='ocr_carea' id='block_1_21' title="bbox 402 2205 2020 2279">
    <p class='ocr_par' dir='ltr' id='par_1_21' title="bbox 402 2205 2020 2279">
     <span class='ocr_line' id='line_1_21' title="bbox 402 2205 2020 2279; baseline -0.005 -11"><span class='ocrx_word' id='word_1_175' title='bbox 402 2212 651 2268; x_wconf 83' lang='lat' dir='ltr'><strong>Patrem.</strong></span> <span class='ocrx_word' id='word_1_176' title='bbox 686 2210 825 2266; x_wconf 75' lang='lat' dir='ltr'><strong>Vide</strong></span> <span class='ocrx_word' id='word_1_177' title='bbox 853 2219 1036 2264; x_wconf 89' lang='lat' dir='ltr'><strong>autem</strong></span> <span class='ocrx_word' id='word_1_178' title='bbox 1062 2224 1315 2279; x_wconf 88' lang='lat' dir='ltr'><strong>magnam</strong></span> <span class='ocrx_word' id='word_1_179' title='bbox 1340 2208 1457 2276; x_wconf 90' lang='lat' dir='ltr'><strong>ejus</strong></span> <span class='ocrx_word' id='word_1_180' title='bbox 1482 2207 1821 2278; x_wconf 90' lang='lat' dir='ltr'><strong>prudentiam</strong></span> <span class='ocrx_word' id='word_1_181' title='bbox 1847 2224 1861 2261; x_wconf 89' lang='lat'><strong>:</strong></span> <span class='ocrx_word' id='word_1_182' title='bbox 1888 2205 2020 2260; x_wconf 90' lang='lat' dir='ltr'><strong>illud</strong></span> 
     </span>
    </p>
   </div>
   <div class='ocr_carea' id='block_1_22' title="bbox 400 2299 2022 2376">
    <p class='ocr_par' dir='ltr' id='par_1_22' title="bbox 400 2299 2022 2376">
     <span class='ocr_line' id='line_1_22' title="bbox 400 2299 2022 2376; baseline -0.004 -16"><span class='ocrx_word' id='word_1_183' title='bbox 400 2307 567 2376; x_wconf 80' lang='lat' dir='ltr'><strong>prius</strong></span> <span class='ocrx_word' id='word_1_184' title='bbox 608 2304 781 2372; x_wconf 80' lang='lat' dir='ltr'><strong>ponit,</strong></span> <span class='ocrx_word' id='word_1_185' title='bbox 824 2311 1127 2372; x_wconf 87' lang='lat' dir='ltr'><strong>exacteque</strong></span> <span class='ocrx_word' id='word_1_186' title='bbox 1156 2310 1211 2357; x_wconf 90' lang='lat' dir='ltr'><strong>et</strong></span> <span class='ocrx_word' id='word_1_187' title='bbox 1247 2311 1502 2357; x_wconf 86' lang='lat' dir='ltr'><strong>accurato</strong></span> <span class='ocrx_word' id='word_1_188' title='bbox 1530 2299 1584 2355; x_wconf 87' lang='lat' dir='ltr'><strong>id</strong></span> <span class='ocrx_word' id='word_1_189' title='bbox 1610 2300 1936 2365; x_wconf 80' lang='lat' dir='ltr'><strong>conﬁrmat;</strong></span> <span class='ocrx_word' id='word_1_190' title='bbox 1967 2307 2022 2354; x_wconf 92' lang='lat' dir='ltr'><strong>et</strong></span> 
     </span>
    </p>
   </div>
   <div class='ocr_carea' id='block_1_23' title="bbox 398 2389 2020 2462">
    <p class='ocr_par' dir='ltr' id='par_1_23' title="bbox 398 2389 2020 2462">
     <span class='ocr_line' id='line_1_23' title="bbox 398 2389 2020 2462; baseline -0.004 -11"><span class='ocrx_word' id='word_1_191' title='bbox 398 2411 537 2452; x_wconf 86' lang='lat' dir='ltr'><strong>cum</strong></span> <span class='ocrx_word' id='word_1_192' title='bbox 571 2393 675 2449; x_wconf 84' lang='lat' dir='ltr'><strong>hoc</strong></span> <span class='ocrx_word' id='word_1_193' title='bbox 702 2393 803 2448; x_wconf 74' lang='lat' dir='ltr'><strong>fuit</strong></span> <span class='ocrx_word' id='word_1_194' title='bbox 825 2403 1132 2458; x_wconf 88' lang='lat' dir='ltr'><strong>ostensum,</strong></span> <span class='ocrx_word' id='word_1_195' title='bbox 1163 2393 1308 2462; x_wconf 91' lang='lat' dir='ltr'><strong>quod</strong></span> <span class='ocrx_word' id='word_1_196' title='bbox 1335 2392 1407 2448; x_wconf 91' lang='lat' dir='ltr'><strong>sit</strong></span> <span class='ocrx_word' id='word_1_197' title='bbox 1436 2391 1531 2448; x_wconf 89' lang='lat' dir='ltr'><strong>Dei</strong></span> <span class='ocrx_word' id='word_1_198' title='bbox 1558 2390 1729 2446; x_wconf 89' lang='lat' dir='ltr'><strong>Filius</strong></span> <span class='ocrx_word' id='word_1_199' title='bbox 1749 2432 1765 2455; x_wconf 94' lang='lat'><strong>,</strong></span> <span class='ocrx_word' id='word_1_200' title='bbox 1795 2399 1851 2446; x_wconf 89' lang='lat' dir='ltr'><strong>et</strong></span> <span class='ocrx_word' id='word_1_201' title='bbox 1875 2389 2020 2461; x_wconf 92' lang='lat' dir='ltr'><strong>quod</strong></span> 
     </span>
    </p>
   </div>
   <div class='ocr_carea' id='block_1_24' title="bbox 398 2483 2022 2559">
    <p class='ocr_par' dir='ltr' id='par_1_24' title="bbox 398 2483 2022 2559">
     <span class='ocr_line' id='line_1_24' title="bbox 398 2483 2022 2559; baseline -0.004 -15"><span class='ocrx_word' id='word_1_202' title='bbox 398 2489 476 2544; x_wconf 73' lang='lat' dir='ltr'><strong>ab</strong></span> <span class='ocrx_word' id='word_1_203' title='bbox 506 2489 630 2559; x_wconf 89' lang='lat' dir='ltr'><strong>ipso</strong></span> <span class='ocrx_word' id='word_1_204' title='bbox 659 2502 768 2542; x_wconf 91' lang='lat' dir='ltr'><strong>non</strong></span> <span class='ocrx_word' id='word_1_205' title='bbox 811 2486 886 2540; x_wconf 87' lang='lat' dir='ltr'><strong>sit</strong></span> <span class='ocrx_word' id='word_1_206' title='bbox 926 2484 1174 2549; x_wconf 89' lang='lat' dir='ltr'><strong>alienus,</strong></span> <span class='ocrx_word' id='word_1_207' title='bbox 1210 2493 1331 2539; x_wconf 89' lang='lat' dir='ltr'><strong>tuto</strong></span> <span class='ocrx_word' id='word_1_208' title='bbox 1373 2483 1631 2552; x_wconf 89' lang='lat' dir='ltr'><strong>deinceps</strong></span> <span class='ocrx_word' id='word_1_209' title='bbox 1668 2497 2022 2554; x_wconf 63' lang='lat' dir='ltr'><strong>quaecumque</strong></span> 
     </span>
    </p>
   </div>
   <div class='ocr_carea' id='block_1_25' title="bbox 396 2572 2023 2647">
    <p class='ocr_par' dir='ltr' id='par_1_25' title="bbox 396 2572 2023 2647">
     <span class='ocr_line' id='line_1_25' title="bbox 396 2572 2023 2647; baseline -0.004 -13"><span class='ocrx_word' id='word_1_210' title='bbox 396 2578 523 2634; x_wconf 77' lang='lat' dir='ltr'><strong>vult</strong></span> <span class='ocrx_word' id='word_1_211' title='bbox 560 2578 671 2633; x_wconf 89' lang='lat' dir='ltr'><strong>alta</strong></span> <span class='ocrx_word' id='word_1_212' title='bbox 701 2576 961 2647; x_wconf 90' lang='lat' dir='ltr'><strong>loquitur.</strong></span> <span class='ocrx_word' id='word_1_213' title='bbox 991 2573 1127 2630; x_wconf 86' lang='lat' dir='ltr'><strong>Nam</strong></span> <span class='ocrx_word' id='word_1_214' title='bbox 1158 2575 1413 2645; x_wconf 88' lang='lat' dir='ltr'><strong>quoniam</strong></span> <span class='ocrx_word' id='word_1_215' title='bbox 1452 2574 1597 2645; x_wconf 91' lang='lat' dir='ltr'><strong>quod</strong></span> <span class='ocrx_word' id='word_1_216' title='bbox 1641 2588 1894 2645; x_wconf 84' lang='lat' dir='ltr'><strong>magnum</strong></span> <span class='ocrx_word' id='word_1_217' title='bbox 1922 2572 2023 2627; x_wconf 90' lang='lat' dir='ltr'><strong>ali-</strong></span> 
     </span>
    </p>
   </div>
   <div class='ocr_carea' id='block_1_26' title="bbox 397 2665 2022 2744">
    <p class='ocr_par' dir='ltr' id='par_1_26' title="bbox 397 2665 2022 2744">
     <span class='ocr_line' id='line_1_26' title="bbox 397 2665 2022 2744; baseline -0.004 -18"><span class='ocrx_word' id='word_1_218' title='bbox 397 2670 537 2744; x_wconf 75' lang='lat' dir='ltr'><strong>quid</strong></span> <span class='ocrx_word' id='word_1_219' title='bbox 569 2669 640 2725; x_wconf 89' lang='lat' dir='ltr'><strong>de</strong></span> <span class='ocrx_word' id='word_1_220' title='bbox 678 2684 749 2724; x_wconf 91' lang='lat' dir='ltr'><strong>eo</strong></span> <span class='ocrx_word' id='word_1_221' title='bbox 774 2668 998 2732; x_wconf 80' lang='lat' dir='ltr'><strong>dixerit,</strong></span> <span class='ocrx_word' id='word_1_222' title='bbox 1038 2668 1241 2723; x_wconf 90' lang='lat' dir='ltr'><strong>multos</strong></span> <span class='ocrx_word' id='word_1_223' title='bbox 1264 2665 1335 2721; x_wconf 91' lang='lat' dir='ltr'><strong>ad</strong></span> <span class='ocrx_word' id='word_1_224' title='bbox 1377 2665 1520 2722; x_wconf 90' lang='lat' dir='ltr'><strong>hanc</strong></span> <span class='ocrx_word' id='word_1_225' title='bbox 1546 2665 1769 2721; x_wconf 86' lang='lat' dir='ltr'><strong>deduxit</strong></span> <span class='ocrx_word' id='word_1_226' title='bbox 1797 2673 2022 2720; x_wconf 81' lang='lat' dir='ltr'><strong>senten-</strong></span> 
     </span>
    </p>
   </div>
   <div class='ocr_carea' id='block_1_27' title="bbox 400 2759 2019 2830">
    <p class='ocr_par' dir='ltr' id='par_1_27' title="bbox 400 2759 2019 2830">
     <span class='ocr_line' id='line_1_27' title="bbox 400 2759 2019 2830; baseline -0.002 -13"><span class='ocrx_word' id='word_1_227' title='bbox 400 2765 562 2827; x_wconf 87' lang='lat' dir='ltr'><strong>tiam,</strong></span> <span class='ocrx_word' id='word_1_228' title='bbox 586 2760 658 2816; x_wconf 90' lang='lat' dir='ltr'><strong>de</strong></span> <span class='ocrx_word' id='word_1_229' title='bbox 682 2759 977 2815; x_wconf 88' lang='lat' dir='ltr'><strong>humilibus</strong></span> <span class='ocrx_word' id='word_1_230' title='bbox 997 2759 1147 2829; x_wconf 88' lang='lat' dir='ltr'><strong>prius</strong></span> <span class='ocrx_word' id='word_1_231' title='bbox 1166 2759 1442 2830; x_wconf 87' lang='lat' dir='ltr'><strong>loquutus.</strong></span> <span class='ocrx_word' id='word_1_232' title='bbox 1474 2767 1601 2814; x_wconf 90' lang='lat' dir='ltr'><strong>tunc</strong></span> <span class='ocrx_word' id='word_1_233' title='bbox 1618 2766 1733 2813; x_wconf 92' lang='lat' dir='ltr'><strong>tuto</strong></span> <span class='ocrx_word' id='word_1_234' title='bbox 1758 2767 2019 2829; x_wconf 90' lang='lat' dir='ltr'><strong>quantum</strong></span> 
     </span>
    </p>
   </div>
   <div class='ocr_carea' id='block_1_28' title="bbox 399 2849 2017 2921">
    <p class='ocr_par' dir='ltr' id='par_1_28' title="bbox 399 2849 2017 2921">
     <span class='ocr_line' id='line_1_28' title="bbox 399 2849 2017 2921; baseline -0.001 -15"><span class='ocrx_word' id='word_1_235' title='bbox 399 2853 524 2908; x_wconf 80' lang='lat' dir='ltr'><strong>vult</strong></span> <span class='ocrx_word' id='word_1_236' title='bbox 554 2852 613 2907; x_wconf 91' lang='lat' dir='ltr'><strong>in</strong></span> <span class='ocrx_word' id='word_1_237' title='bbox 650 2852 819 2906; x_wconf 87' lang='lat' dir='ltr'><strong>altum</strong></span> <span class='ocrx_word' id='word_1_238' title='bbox 850 2850 1099 2921; x_wconf 88' lang='lat' dir='ltr'><strong>procedit</strong></span> <span class='ocrx_word' id='word_1_239' title='bbox 1125 2867 1139 2905; x_wconf 90' lang='lat'><strong>:</strong></span> <span class='ocrx_word' id='word_1_240' title='bbox 1165 2859 1221 2905; x_wconf 87' lang='lat' dir='ltr'><strong>et</strong></span> <span class='ocrx_word' id='word_1_241' title='bbox 1254 2865 1379 2906; x_wconf 89' lang='lat' dir='ltr'><strong>cum</strong></span> <span class='ocrx_word' id='word_1_242' title='bbox 1409 2849 1656 2917; x_wconf 83' lang='lat' dir='ltr'><strong>dixisset,</strong></span> <span class='ocrx_word' id='word_1_243' title='bbox 1698 2849 1862 2918; x_wconf 88' lang='lat' dir='ltr'><strong>Quem</strong></span> <span class='ocrx_word' id='word_1_244' title='bbox 1891 2866 2017 2905; x_wconf 86' lang='lat' dir='ltr'><strong>con-</strong></span> 
     </span>
    </p>
   </div>
   <div class='ocr_carea' id='block_1_29' title="bbox 397 2943 2022 3015">
    <p class='ocr_par' dir='ltr' id='par_1_29' title="bbox 397 2943 2022 3015">
     <span class='ocr_line' id='line_1_29' title="bbox 397 2943 2022 3015; baseline -0.001 -13"><span class='ocrx_word' id='word_1_245' title='bbox 397 2946 572 3002; x_wconf 75' lang='lat' dir='ltr'><strong>stituit</strong></span> <span class='ocrx_word' id='word_1_246' title='bbox 617 2946 855 3001; x_wconf 72' lang='lat' dir='ltr'><strong>heredem</strong></span> <span class='ocrx_word' id='word_1_247' title='bbox 895 2944 1273 3009; x_wconf 82' lang='lat' dir='ltr'><strong>universorum,</strong></span> <span class='ocrx_word' id='word_1_248' title='bbox 1306 2951 1363 2999; x_wconf 87' lang='lat' dir='ltr'><strong>et</strong></span> <span class='ocrx_word' id='word_1_249' title='bbox 1388 2943 1532 3015; x_wconf 90' lang='lat' dir='ltr'><strong>quod</strong></span> <span class='ocrx_word' id='word_1_250' title='bbox 1563 2958 1661 3014; x_wconf 86' lang='lat' dir='ltr'><strong>per</strong></span> <span class='ocrx_word' id='word_1_251' title='bbox 1687 2944 1863 3014; x_wconf 89' lang='lat' dir='ltr'><strong>ipsum</strong></span> <span class='ocrx_word' id='word_1_252' title='bbox 1896 2944 2022 3000; x_wconf 82' lang='lat' dir='ltr'><strong>fecit</strong></span> 
     </span>
    </p>
   </div>
   <div class='ocr_carea' id='block_1_30' title="bbox 398 3035 2018 3108">
    <p class='ocr_par' dir='ltr' id='par_1_30' title="bbox 398 3035 2018 3108">
     <span class='ocr_line' id='line_1_30' title="bbox 398 3035 2018 3108; baseline -0.002 -13"><span class='ocrx_word' id='word_1_253' title='bbox 398 3039 630 3101; x_wconf 58' lang='lat' dir='ltr'><strong>acula,</strong></span> <span class='ocrx_word' id='word_1_254' title='bbox 672 3048 803 3093; x_wconf 92' lang='lat' dir='ltr'><strong>tunc</strong></span> <span class='ocrx_word' id='word_1_255' title='bbox 834 3037 1145 3108; x_wconf 89' lang='lat' dir='ltr'><strong>subjungit:</strong></span> <span class='ocrx_word' id='word_1_256' title='bbox 1181 3035 1507 3108; x_wconf 80' lang='lat' dir='ltr'><strong>Portamque</strong></span> <span class='ocrx_word' id='word_1_257' title='bbox 1533 3037 1708 3092; x_wconf 82' lang='lat' dir='ltr'><strong>omnia</strong></span> <span class='ocrx_word' id='word_1_258' title='bbox 1736 3037 1885 3093; x_wconf 83' lang='lat' dir='ltr'><strong>verba</strong></span> <span class='ocrx_word' id='word_1_259' title='bbox 1911 3038 2018 3092; x_wconf 81' lang='lat' dir='ltr'><strong>vir-</strong></span> 
     </span>
    </p>
   </div>
   <div class='ocr_carea' id='block_1_31' title="bbox 399 3127 2019 3199">
    <p class='ocr_par' dir='ltr' id='par_1_31' title="bbox 399 3127 2019 3199">
     <span class='ocr_line' id='line_1_31' title="bbox 399 3127 2019 3199; baseline 0 -14"><span class='ocrx_word' id='word_1_260' title='bbox 399 3130 529 3185; x_wconf 74' lang='lat' dir='ltr'><strong>tutis</strong></span> <span class='ocrx_word' id='word_1_261' title='bbox 555 3145 683 3184; x_wconf 74' lang='lat' dir='ltr'><strong>ante.</strong></span> <span class='ocrx_word' id='word_1_262' title='bbox 717 3129 853 3184; x_wconf 86' lang='lat' dir='ltr'><strong>Nam</strong></span> <span class='ocrx_word' id='word_1_263' title='bbox 884 3129 978 3199; x_wconf 87' lang='lat' dir='ltr'><strong>qui</strong></span> <span class='ocrx_word' id='word_1_264' title='bbox 1011 3127 1181 3183; x_wconf 89' lang='lat' dir='ltr'><strong>verbo</strong></span> <span class='ocrx_word' id='word_1_265' title='bbox 1210 3127 1330 3183; x_wconf 89' lang='lat' dir='ltr'><strong>solo</strong></span> <span class='ocrx_word' id='word_1_266' title='bbox 1357 3127 1627 3198; x_wconf 79' lang='lat' dir='ltr'><strong>gubernat</strong></span> <span class='ocrx_word' id='word_1_267' title='bbox 1651 3129 1833 3182; x_wconf 85' lang='lat' dir='ltr'><strong>omnia</strong></span> <span class='ocrx_word' id='word_1_268' title='bbox 1859 3169 1874 3194; x_wconf 93' lang='lat'><strong>,</strong></span> <span class='ocrx_word' id='word_1_269' title='bbox 1910 3144 2019 3185; x_wconf 91' lang='lat' dir='ltr'><strong>non</strong></span> 
     </span>
    </p>
   </div>
   <div class='ocr_carea' id='block_1_32' title="bbox 402 3218 1750 3292">
    <p class='ocr_par' dir='ltr' id='par_1_32' title="bbox 402 3218 1750 3292">
     <span class='ocr_line' id='line_1_32' title="bbox 402 3218 1750 3292; baseline 0 -18"><span class='ocrx_word' id='word_1_270' title='bbox 402 3237 543 3292; x_wconf 85' lang='lat' dir='ltr'><strong>opus</strong></span> <span class='ocrx_word' id='word_1_271' title='bbox 573 3221 825 3276; x_wconf 87' lang='lat' dir='ltr'><strong>habuerit</strong></span> <span class='ocrx_word' id='word_1_272' title='bbox 854 3221 1038 3291; x_wconf 89' lang='lat' dir='ltr'><strong>aliquo</strong></span> <span class='ocrx_word' id='word_1_273' title='bbox 1067 3218 1136 3273; x_wconf 90' lang='lat' dir='ltr'><strong>ad</strong></span> <span class='ocrx_word' id='word_1_274' title='bbox 1166 3219 1348 3274; x_wconf 89' lang='lat' dir='ltr'><strong>omnia</strong></span> <span class='ocrx_word' id='word_1_275' title='bbox 1378 3218 1750 3290; x_wconf 89' lang='lat' dir='ltr'><strong>producenda.</strong></span> 
     </span>
    </p>
   </div>
   <div class='ocr_carea' id='block_1_33' title="bbox 477 3311 2020 3381">
    <p class='ocr_par' dir='ltr' id='par_1_33' title="bbox 477 3311 2020 3381">
     <span class='ocr_line' id='line_1_33' title="bbox 477 3311 2020 3381; baseline 0.001 -14"><span class='ocrx_word' id='word_1_276' title='bbox 477 3312 538 3369; x_wconf 77' lang='grc'><strong>2.</strong></span> <span class='ocrx_word' id='word_1_277' title='bbox 576 3312 734 3380; x_wconf 85' lang='lat' dir='ltr'><strong>Quod</strong></span> <span class='ocrx_word' id='word_1_278' title='bbox 780 3312 881 3366; x_wconf 93' lang='lat' dir='ltr'><strong>hoc</strong></span> <span class='ocrx_word' id='word_1_279' title='bbox 916 3321 1098 3366; x_wconf 91' lang='lat' dir='ltr'><strong>autem</strong></span> <span class='ocrx_word' id='word_1_280' title='bbox 1130 3311 1201 3365; x_wconf 91' lang='lat' dir='ltr'><strong>ita</strong></span> <span class='ocrx_word' id='word_1_281' title='bbox 1242 3311 1347 3376; x_wconf 91' lang='lat' dir='ltr'><strong>sit,</strong></span> <span class='ocrx_word' id='word_1_282' title='bbox 1375 3311 1499 3367; x_wconf 84' lang='lat' dir='ltr'><strong>vide</strong></span> <span class='ocrx_word' id='word_1_283' title='bbox 1529 3311 1803 3381; x_wconf 91' lang='lat' dir='ltr'><strong>quomodo</strong></span> <span class='ocrx_word' id='word_1_284' title='bbox 1834 3327 2020 3369; x_wconf 92' lang='lat' dir='ltr'><strong>rursus</strong></span> 
     </span>
    </p>
   </div>
   <div class='ocr_carea' id='block_1_34' title="bbox 403 3403 2017 3478">
    <p class='ocr_par' dir='ltr' id='par_1_34' title="bbox 403 3403 2017 3478">
     <span class='ocr_line' id='line_1_34' title="bbox 403 3403 2017 3478; baseline -0.001 -15"><span class='ocrx_word' id='word_1_285' title='bbox 403 3407 714 3478; x_wconf 62' lang='lat' dir='ltr'><strong>prowdens</strong></span> <span class='ocrx_word' id='word_1_286' title='bbox 735 3407 829 3461; x_wconf 93' lang='lat' dir='ltr'><strong>dat</strong></span> <span class='ocrx_word' id='word_1_287' title='bbox 850 3407 900 3461; x_wconf 90' lang='lat' dir='ltr'><strong>ei</strong></span> <span class='ocrx_word' id='word_1_288' title='bbox 924 3405 1322 3471; x_wconf 86' lang='lat' dir='ltr'><strong>auctoritatem,</strong></span> <span class='ocrx_word' id='word_1_289' title='bbox 1352 3404 1514 3459; x_wconf 88' lang='lat' dir='ltr'><strong>etiam</strong></span> <span class='ocrx_word' id='word_1_290' title='bbox 1544 3404 1696 3472; x_wconf 90' lang='lat' dir='ltr'><strong>illud,</strong></span> <span class='ocrx_word' id='word_1_291' title='bbox 1725 3403 1830 3459; x_wconf 85' lang='lat' dir='ltr'><strong>Per</strong></span> <span class='ocrx_word' id='word_1_292' title='bbox 1847 3422 2017 3477; x_wconf 84' lang='lat' dir='ltr'><strong>quem,</strong></span> 
     </span>
    </p>
   </div>
   <div class='ocr_carea' id='block_1_35' title="bbox 401 3498 2022 3571">
    <p class='ocr_par' dir='ltr' id='par_1_35' title="bbox 401 3498 2022 3571">
     <span class='ocr_line' id='line_1_35' title="bbox 401 3498 2022 3571; baseline -0.002 -13"><span class='ocrx_word' id='word_1_293' title='bbox 401 3504 677 3558; x_wconf 85' lang='lat' dir='ltr'><strong>eximens.</strong></span> <span class='ocrx_word' id='word_1_294' title='bbox 708 3499 849 3557; x_wconf 80' lang='lat' dir='ltr'><strong>Nam</strong></span> <span class='ocrx_word' id='word_1_295' title='bbox 878 3499 1133 3571; x_wconf 91' lang='lat' dir='ltr'><strong>quoniam</strong></span> <span class='ocrx_word' id='word_1_296' title='bbox 1181 3513 1280 3568; x_wconf 88' lang='lat' dir='ltr'><strong>per</strong></span> <span class='ocrx_word' id='word_1_297' title='bbox 1319 3498 1495 3568; x_wconf 88' lang='lat' dir='ltr'><strong>ipsum</strong></span> <span class='ocrx_word' id='word_1_298' title='bbox 1538 3498 1684 3568; x_wconf 89' lang='lat' dir='ltr'><strong>quod</strong></span> <span class='ocrx_word' id='word_1_299' title='bbox 1724 3498 1899 3554; x_wconf 89' lang='lat' dir='ltr'><strong>voluit</strong></span> <span class='ocrx_word' id='word_1_300' title='bbox 1936 3509 2022 3556; x_wconf 91' lang='lat' dir='ltr'><strong>est</strong></span> 
     </span>
    </p>
   </div>
   <div class='ocr_carea' id='block_1_36' title="bbox 401 3590 2020 3664">
    <p class='ocr_par' dir='ltr' id='par_1_36' title="bbox 401 3590 2020 3664">
     <span class='ocr_line' id='line_1_36' title="bbox 401 3590 2020 3664; baseline -0.001 -15"><span class='ocrx_word' id='word_1_301' title='bbox 401 3604 691 3664; x_wconf 84' lang='lat' dir='ltr'><strong>operatus,</strong></span> <span class='ocrx_word' id='word_1_302' title='bbox 739 3592 810 3648; x_wconf 92' lang='lat' dir='ltr'><strong>ab</strong></span> <span class='ocrx_word' id='word_1_303' title='bbox 855 3608 922 3647; x_wconf 89' lang='lat' dir='ltr'><strong>eo</strong></span> <span class='ocrx_word' id='word_1_304' title='bbox 968 3591 1037 3647; x_wconf 92' lang='lat' dir='ltr'><strong>de</strong></span> <span class='ocrx_word' id='word_1_305' title='bbox 1078 3601 1279 3647; x_wconf 77' lang='lat' dir='ltr'><strong>caetero</strong></span> <span class='ocrx_word' id='word_1_306' title='bbox 1323 3590 1633 3658; x_wconf 87' lang='lat' dir='ltr'><strong>discedens,</strong></span> <span class='ocrx_word' id='word_1_307' title='bbox 1679 3592 1805 3661; x_wconf 93' lang='lat' dir='ltr'><strong>quid</strong></span> <span class='ocrx_word' id='word_1_308' title='bbox 1846 3591 2020 3648; x_wconf 86' lang='lat' dir='ltr'><strong>dicit?</strong></span> 
     </span>
    </p>
   </div>
   <div class='ocr_carea' id='block_1_37' title="bbox 399 3685 2021 3757">
    <p class='ocr_par' dir='ltr' id='par_1_37' title="bbox 399 3685 2021 3757">
     <span class='ocr_line' id='line_1_37' title="bbox 399 3685 2021 3757; baseline -0.001 -15"><span class='ocrx_word' id='word_1_309' title='bbox 399 3686 573 3742; x_wconf 82' lang='lat' dir='ltr'><strong>Initio</strong></span> <span class='ocrx_word' id='word_1_310' title='bbox 604 3698 660 3741; x_wconf 83' lang='lat' dir='ltr'><strong>tu</strong></span> <span class='ocrx_word' id='word_1_311' title='bbox 681 3728 699 3753; x_wconf 91' lang='lat'><strong>,</strong></span> <span class='ocrx_word' id='word_1_312' title='bbox 735 3686 978 3753; x_wconf 83' lang='lat' dir='ltr'><strong>Domine,</strong></span> <span class='ocrx_word' id='word_1_313' title='bbox 1013 3696 1201 3741; x_wconf 87' lang='lat' dir='ltr'><strong>terram</strong></span> <span class='ocrx_word' id='word_1_314' title='bbox 1232 3685 1481 3757; x_wconf 74' lang='lat' dir='ltr'><strong>fundasti,</strong></span> <span class='ocrx_word' id='word_1_315' title='bbox 1512 3694 1561 3740; x_wconf 87' lang='lat' dir='ltr'><strong>et</strong></span> <span class='ocrx_word' id='word_1_316' title='bbox 1586 3701 1743 3756; x_wconf 80' lang='lat' dir='ltr'><strong>Opera</strong></span> <span class='ocrx_word' id='word_1_317' title='bbox 1774 3702 2021 3741; x_wconf 85' lang='lat' dir='ltr'><strong>manuum</strong></span> 
     </span>
    </p>
   </div>
   <div class='ocr_carea' id='block_1_38' title="bbox 398 3774 2021 3850">
    <p class='ocr_par' dir='ltr' id='par_1_38' title="bbox 398 3774 2021 3850">
     <span class='ocr_line' id='line_1_38' title="bbox 398 3774 2021 3850; baseline -0.001 -16"><span class='ocrx_word' id='word_1_318' title='bbox 398 3793 616 3834; x_wconf 76' lang='lat' dir='ltr'><strong>tuarum</strong></span> <span class='ocrx_word' id='word_1_319' title='bbox 640 3787 759 3833; x_wconf 81' lang='lat' dir='ltr'><strong>sunt</strong></span> <span class='ocrx_word' id='word_1_320' title='bbox 787 3777 904 3832; x_wconf 64' lang='lat' dir='ltr'><strong>caeli</strong></span> <span class='ocrx_word' id='word_1_321' title='bbox 927 3776 1131 3850; x_wconf 43' lang='lat' dir='ltr'><strong>,(Hebr.</strong></span> <span class='ocrx_word' id='word_1_322' title='bbox 1172 3777 1225 3831; x_wconf 79' lang='grc'><strong>1.</strong></span> <span class='ocrx_word' id='word_1_323' title='bbox 1260 3775 1375 3845; x_wconf 85' lang='grc'><strong>10).</strong></span> <span class='ocrx_word' id='word_1_324' title='bbox 1406 3774 1681 3846; x_wconf 87' lang='lat' dir='ltr'><strong>Nusquam</strong></span> <span class='ocrx_word' id='word_1_325' title='bbox 1714 3776 1867 3843; x_wconf 88' lang='lat' dir='ltr'><strong>illud,</strong></span> <span class='ocrx_word' id='word_1_326' title='bbox 1915 3777 2021 3832; x_wconf 86' lang='lat' dir='ltr'><strong>Per</strong></span> 
     </span>
    </p>
   </div>
   <div class='ocr_carea' id='block_1_39' title="bbox 395 3868 2019 3941">
    <p class='ocr_par' dir='ltr' id='par_1_39' title="bbox 395 3868 2019 3941">
     <span class='ocr_line' id='line_1_39' title="bbox 395 3868 2019 3941; baseline 0.001 -15"><span class='ocrx_word' id='word_1_327' title='bbox 395 3887 595 3941; x_wconf 72' lang='lat' dir='ltr'><strong>queui,</strong></span> <span class='ocrx_word' id='word_1_328' title='bbox 647 3886 827 3941; x_wconf 89' lang='lat' dir='ltr'><strong>neque</strong></span> <span class='ocrx_word' id='word_1_329' title='bbox 871 3869 1016 3941; x_wconf 91' lang='lat' dir='ltr'><strong>quod</strong></span> <span class='ocrx_word' id='word_1_330' title='bbox 1054 3885 1154 3941; x_wconf 85' lang='lat' dir='ltr'><strong>per</strong></span> <span class='ocrx_word' id='word_1_331' title='bbox 1205 3870 1381 3940; x_wconf 90' lang='lat' dir='ltr'><strong>ipsum</strong></span> <span class='ocrx_word' id='word_1_332' title='bbox 1430 3868 1560 3924; x_wconf 80' lang='lat' dir='ltr'><strong>fecit</strong></span> <span class='ocrx_word' id='word_1_333' title='bbox 1606 3871 1826 3925; x_wconf 60' lang='lat' dir='ltr'><strong>saecula.</strong></span> <span class='ocrx_word' id='word_1_334' title='bbox 1875 3870 2019 3938; x_wconf 86' lang='lat' dir='ltr'><strong>Quid</strong></span> 
     </span>
    </p>
   </div>
   <div class='ocr_carea' id='block_1_40' title="bbox 397 3961 2017 4033">
    <p class='ocr_par' dir='ltr' id='par_1_40' title="bbox 397 3961 2017 4033">
     <span class='ocr_line' id='line_1_40' title="bbox 397 3961 2017 4033; baseline 0.001 -16"><span class='ocrx_word' id='word_1_335' title='bbox 397 3964 582 4019; x_wconf 84' lang='lat' dir='ltr'><strong>vero?</strong></span> <span class='ocrx_word' id='word_1_336' title='bbox 609 3977 795 4017; x_wconf 90' lang='lat' dir='ltr'><strong>annon</strong></span> <span class='ocrx_word' id='word_1_337' title='bbox 827 3962 895 4017; x_wconf 90' lang='lat' dir='ltr'><strong>ab</strong></span> <span class='ocrx_word' id='word_1_338' title='bbox 920 3961 1039 4033; x_wconf 91' lang='lat' dir='ltr'><strong>ipso</strong></span> <span class='ocrx_word' id='word_1_339' title='bbox 1070 3962 1207 4017; x_wconf 82' lang='lat' dir='ltr'><strong>facta</strong></span> <span class='ocrx_word' id='word_1_340' title='bbox 1238 3962 1404 4017; x_wconf 84' lang='lat' dir='ltr'><strong>sunt?</strong></span> <span class='ocrx_word' id='word_1_341' title='bbox 1450 3961 1715 4028; x_wconf 85' lang='lat' dir='ltr'><strong>Maxime;</strong></span> <span class='ocrx_word' id='word_1_342' title='bbox 1761 3961 1857 4017; x_wconf 88' lang='lat' dir='ltr'><strong>sed</strong></span> <span class='ocrx_word' id='word_1_343' title='bbox 1909 3978 2017 4019; x_wconf 92' lang='lat' dir='ltr'><strong>non</strong></span> 
     </span>
    </p>
   </div>
   <div class='ocr_carea' id='block_1_41' title="bbox 395 4053 2015 4126">
    <p class='ocr_par' dir='ltr' id='par_1_41' title="bbox 395 4053 2015 4126">
     <span class='ocr_line' id='line_1_41' title="bbox 395 4053 2015 4126; baseline 0 -16"><span class='ocrx_word' id='word_1_344' title='bbox 395 4055 547 4111; x_wconf 87' lang='lat' dir='ltr'><strong>sicut</strong></span> <span class='ocrx_word' id='word_1_345' title='bbox 589 4063 648 4109; x_wconf 90' lang='lat' dir='ltr'><strong>tu</strong></span> <span class='ocrx_word' id='word_1_346' title='bbox 677 4053 845 4119; x_wconf 86' lang='lat' dir='ltr'><strong>dicis,</strong></span> <span class='ocrx_word' id='word_1_347' title='bbox 882 4070 1056 4124; x_wconf 89' lang='lat' dir='ltr'><strong>neque</strong></span> <span class='ocrx_word' id='word_1_348' title='bbox 1088 4064 1144 4107; x_wconf 91' lang='lat' dir='ltr'><strong>ut</strong></span> <span class='ocrx_word' id='word_1_349' title='bbox 1188 4062 1242 4108; x_wconf 92' lang='lat' dir='ltr'><strong>tu</strong></span> <span class='ocrx_word' id='word_1_350' title='bbox 1275 4053 1592 4124; x_wconf 89' lang='lat' dir='ltr'><strong>suspicaris,</strong></span> <span class='ocrx_word' id='word_1_351' title='bbox 1624 4054 1777 4124; x_wconf 89' lang='lat' dir='ltr'><strong>quasi</strong></span> <span class='ocrx_word' id='word_1_352' title='bbox 1804 4070 1903 4126; x_wconf 79' lang='lat' dir='ltr'><strong>per</strong></span> <span class='ocrx_word' id='word_1_353' title='bbox 1931 4055 2015 4111; x_wconf 86' lang='lat' dir='ltr'><strong>in-</strong></span> 
     </span>
    </p>
   </div>
   <div class='ocr_carea' id='block_1_42' title="bbox 395 4146 2014 4217">
    <p class='ocr_par' dir='ltr' id='par_1_42' title="bbox 395 4146 2014 4217">
     <span class='ocr_line' id='line_1_42' title="bbox 395 4146 2014 4217; baseline 0 -14"><span class='ocrx_word' id='word_1_354' title='bbox 395 4157 817 4215; x_wconf 79' lang='lat' dir='ltr'><strong>stramentum,</strong></span> <span class='ocrx_word' id='word_1_355' title='bbox 862 4162 1037 4216; x_wconf 90' lang='lat' dir='ltr'><strong>neque</strong></span> <span class='ocrx_word' id='word_1_356' title='bbox 1080 4155 1351 4217; x_wconf 87' lang='lat' dir='ltr'><strong>tamquam</strong></span> <span class='ocrx_word' id='word_1_357' title='bbox 1394 4160 1500 4201; x_wconf 92' lang='lat' dir='ltr'><strong>non</strong></span> <span class='ocrx_word' id='word_1_358' title='bbox 1540 4146 1727 4201; x_wconf 82' lang='lat' dir='ltr'><strong>luisset</strong></span> <span class='ocrx_word' id='word_1_359' title='bbox 1757 4146 2014 4217; x_wconf 80' lang='lat' dir='ltr'><strong>tacturus,</strong></span> 
     </span>
    </p>
   </div>
   <div class='ocr_carea' id='block_1_43' title="bbox 398 4236 2015 4310">
    <p class='ocr_par' dir='ltr' id='par_1_43' title="bbox 398 4236 2015 4310">
     <span class='ocr_line' id='line_1_43' title="bbox 398 4236 2015 4310; baseline -0.002 -13"><span class='ocrx_word' id='word_1_360' title='bbox 398 4243 510 4298; x_wconf 88' lang='lat' dir='ltr'><strong>nisi</strong></span> <span class='ocrx_word' id='word_1_361' title='bbox 543 4255 768 4296; x_wconf 91' lang='lat' dir='ltr'><strong>manum</strong></span> <span class='ocrx_word' id='word_1_362' title='bbox 798 4239 901 4310; x_wconf 88' lang='lat' dir='ltr'><strong>ipsi</strong></span> <span class='ocrx_word' id='word_1_363' title='bbox 931 4238 1255 4309; x_wconf 64' lang='lat' dir='ltr'><strong>praebuisset</strong></span> <span class='ocrx_word' id='word_1_364' title='bbox 1279 4238 1460 4294; x_wconf 90' lang='lat' dir='ltr'><strong>Pater.</strong></span> <span class='ocrx_word' id='word_1_365' title='bbox 1488 4237 1640 4294; x_wconf 92' lang='lat' dir='ltr'><strong>Sicut</strong></span> <span class='ocrx_word' id='word_1_366' title='bbox 1662 4236 1810 4293; x_wconf 92' lang='lat' dir='ltr'><strong>enim</strong></span> <span class='ocrx_word' id='word_1_367' title='bbox 1838 4238 2015 4294; x_wconf 91' lang='lat' dir='ltr'><strong>nemi-</strong></span> 
     </span>
    </p>
   </div>
   <div class='ocr_carea' id='block_1_44' title="bbox 399 4326 2016 4403">
    <p class='ocr_par' dir='ltr' id='par_1_44' title="bbox 399 4326 2016 4403">
     <span class='ocr_line' id='line_1_44' title="bbox 399 4326 2016 4403; baseline -0.002 -15"><span class='ocrx_word' id='word_1_368' title='bbox 399 4349 526 4390; x_wconf 88' lang='lat' dir='ltr'><strong>nem</strong></span> <span class='ocrx_word' id='word_1_369' title='bbox 550 4333 787 4403; x_wconf 88' lang='lat' dir='ltr'><strong>judicat,</strong></span> <span class='ocrx_word' id='word_1_370' title='bbox 811 4339 869 4387; x_wconf 91' lang='lat' dir='ltr'><strong>et</strong></span> <span class='ocrx_word' id='word_1_371' title='bbox 895 4330 1094 4386; x_wconf 92' lang='lat' dir='ltr'><strong>dicitur</strong></span> <span class='ocrx_word' id='word_1_372' title='bbox 1116 4329 1366 4401; x_wconf 85' lang='lat' dir='ltr'><strong>judicare</strong></span> <span class='ocrx_word' id='word_1_373' title='bbox 1392 4344 1489 4399; x_wconf 90' lang='lat' dir='ltr'><strong>per</strong></span> <span class='ocrx_word' id='word_1_374' title='bbox 1520 4326 1710 4395; x_wconf 85' lang='lat' dir='ltr'><strong>ﬁlium,</strong></span> <span class='ocrx_word' id='word_1_375' title='bbox 1745 4336 2016 4399; x_wconf 89' lang='lat' dir='ltr'><strong>quatenus</strong></span> 
     </span>
    </p>
   </div>
   <div class='ocr_carea' id='block_1_45' title="bbox 389 4419 2014 4495">
    <p class='ocr_par' dir='ltr' id='par_1_45' title="bbox 389 4419 2014 4495">
     <span class='ocr_line' id='line_1_45' title="bbox 389 4419 2014 4495; baseline -0.003 -15"><span class='ocrx_word' id='word_1_376' title='bbox 389 4424 641 4495; x_wconf 90' lang='lat' dir='ltr'><strong>judicem</strong></span> <span class='ocrx_word' id='word_1_377' title='bbox 693 4423 846 4478; x_wconf 89' lang='lat' dir='ltr'><strong>illum</strong></span> <span class='ocrx_word' id='word_1_378' title='bbox 897 4421 1144 4493; x_wconf 87' lang='lat' dir='ltr'><strong>genuit:</strong></span> <span class='ocrx_word' id='word_1_379' title='bbox 1184 4421 1257 4476; x_wconf 91' lang='lat' dir='ltr'><strong>ita</strong></span> <span class='ocrx_word' id='word_1_380' title='bbox 1305 4420 1467 4476; x_wconf 91' lang='lat' dir='ltr'><strong>etiam</strong></span> <span class='ocrx_word' id='word_1_381' title='bbox 1518 4419 1718 4475; x_wconf 92' lang='lat' dir='ltr'><strong>dicitur</strong></span> <span class='ocrx_word' id='word_1_382' title='bbox 1766 4421 2014 4489; x_wconf 88' lang='lat' dir='ltr'><strong>operari,</strong></span> 
     </span>
    </p>
   </div>
   <div class='ocr_carea' id='block_1_46' title="bbox 393 4512 2016 4588">
    <p class='ocr_par' dir='ltr' id='par_1_46' title="bbox 393 4512 2016 4588">
     <span class='ocr_line' id='line_1_46' title="bbox 393 4512 2016 4588; baseline -0.002 -16"><span class='ocrx_word' id='word_1_383' title='bbox 393 4526 676 4588; x_wconf 88' lang='lat' dir='ltr'><strong>quatenus</strong></span> <span class='ocrx_word' id='word_1_384' title='bbox 705 4514 898 4585; x_wconf 86' lang='lat' dir='ltr'><strong>genuit</strong></span> <span class='ocrx_word' id='word_1_385' title='bbox 942 4513 1211 4585; x_wconf 76' lang='lat' dir='ltr'><strong>opificem.</strong></span> <span class='ocrx_word' id='word_1_386' title='bbox 1260 4513 1317 4568; x_wconf 92' lang='lat' dir='ltr'><strong>Si</strong></span> <span class='ocrx_word' id='word_1_387' title='bbox 1367 4513 1512 4567; x_wconf 89' lang='lat' dir='ltr'><strong>enim</strong></span> <span class='ocrx_word' id='word_1_388' title='bbox 1562 4512 1722 4567; x_wconf 84' lang='lat' dir='ltr'><strong>Pater</strong></span> <span class='ocrx_word' id='word_1_389' title='bbox 1769 4513 1887 4581; x_wconf 88' lang='lat' dir='ltr'><strong>ejus</strong></span> <span class='ocrx_word' id='word_1_390' title='bbox 1931 4524 2016 4568; x_wconf 82' lang='lat' dir='ltr'><strong>eSt</strong></span> 
     </span>
    </p>
   </div>
   <div class='ocr_carea' id='block_1_47' title="bbox 394 4607 2012 4677">
    <p class='ocr_par' dir='ltr' id='par_1_47' title="bbox 394 4607 2012 4677">
     <span class='ocr_line' id='line_1_47' title="bbox 394 4607 2012 4677; baseline -0.004 -11"><span class='ocrx_word' id='word_1_391' title='bbox 394 4627 568 4666; x_wconf 83' lang='lat' dir='ltr'><strong>causa</strong></span> <span class='ocrx_word' id='word_1_392' title='bbox 595 4619 651 4663; x_wconf 91' lang='lat' dir='ltr'><strong>et</strong></span> <span class='ocrx_word' id='word_1_393' title='bbox 692 4618 904 4672; x_wconf 88' lang='lat' dir='ltr'><strong>auctor,</strong></span> <span class='ocrx_word' id='word_1_394' title='bbox 939 4608 1109 4663; x_wconf 91' lang='lat' dir='ltr'><strong>multo</strong></span> <span class='ocrx_word' id='word_1_395' title='bbox 1139 4607 1311 4677; x_wconf 82' lang='lat' dir='ltr'><strong>magis</strong></span> <span class='ocrx_word' id='word_1_396' title='bbox 1339 4622 1527 4661; x_wconf 89' lang='lat' dir='ltr'><strong>eorum</strong></span> <span class='ocrx_word' id='word_1_397' title='bbox 1559 4622 1680 4676; x_wconf 79' lang='lat' dir='ltr'><strong>quzc</strong></span> <span class='ocrx_word' id='word_1_398' title='bbox 1715 4622 1808 4674; x_wconf 78' lang='lat' dir='ltr'><strong>per</strong></span> <span class='ocrx_word' id='word_1_399' title='bbox 1840 4607 2012 4675; x_wconf 79' lang='lat' dir='ltr'><strong>ipsum</strong></span> 
     </span>
    </p>
   </div>
   <div class='ocr_carea' id='block_1_48' title="bbox 395 4704 724 4759">
    <p class='ocr_par' dir='ltr' id='par_1_48' title="bbox 395 4704 724 4759">
     <span class='ocr_line' id='line_1_48' title="bbox 395 4704 724 4759; baseline -0.015 -1"><span class='ocrx_word' id='word_1_400' title='bbox 395 4704 542 4759; x_wconf 72' lang='lat' dir='ltr'><strong>facta</strong></span> <span class='ocrx_word' id='word_1_401' title='bbox 576 4711 724 4757; x_wconf 88' lang='lat' dir='ltr'><strong>sunt.</strong></span> 
     </span>
    </p>
   </div>
   <div class='ocr_carea' id='block_1_49' title="bbox 470 4795 2016 4882">
    <p class='ocr_par' dir='ltr' id='par_1_49' title="bbox 470 4795 2016 4882">
     <span class='ocr_line' id='line_1_49' title="bbox 470 4795 2016 4882; baseline 0.017 -34"><span class='ocrx_word' id='word_1_402' title='bbox 470 4795 637 4851; x_wconf 82' lang='lat' dir='ltr'><strong>Pauli</strong></span> <span class='ocrx_word' id='word_1_403' title='bbox 666 4798 996 4857; x_wconf 78' lang='lat' dir='ltr'><strong>Samosateni</strong></span> <span class='ocrx_word' id='word_1_404' title='bbox 1020 4806 1246 4860; x_wconf 74' lang='lat' dir='ltr'><strong>ltwresis.</strong></span> <span class='ocrx_word' id='word_1_405' title='bbox 1274 4807 1449 4875; x_wconf 78' lang='lat' dir='ltr'><strong>Arius,</strong></span> <span class='ocrx_word' id='word_1_406' title='bbox 1479 4808 1757 4882; x_wconf 80' lang='lat' dir='ltr'><strong>Sabellius,</strong></span> <span class='ocrx_word' id='word_1_407' title='bbox 1790 4815 2016 4874; x_wconf 77' lang='lat' dir='ltr'><strong>Marcel-</strong></span> 
     </span>
    </p>
   </div>
   <div class='ocr_carea' id='block_1_50' title="bbox 386 4888 2008 4977">
    <p class='ocr_par' dir='ltr' id='par_1_50' title="bbox 386 4888 2008 4977">
     <span class='ocr_line' id='line_1_50' title="bbox 386 4888 2008 4977; baseline 0.017 -36"><span class='ocrx_word' id='word_1_408' title='bbox 386 4888 477 4943; x_wconf 71' lang='grc' dir='ltr'><strong>ιω</strong></span> <span class='ocrx_word' id='word_1_409' title='bbox 503 4930 521 4956; x_wconf 82' lang='grc'><em>,</em></span> <span class='ocrx_word' id='word_1_410' title='bbox 572 4888 835 4947; x_wconf 71' lang='lat' dir='ltr'><strong>Photinus</strong></span> <span class='ocrx_word' id='word_1_411' title='bbox 881 4906 929 4949; x_wconf 87' lang='lat' dir='ltr'><strong>et</strong></span> <span class='ocrx_word' id='word_1_412' title='bbox 980 4896 1219 4953; x_wconf 79' lang='lat' dir='ltr'><strong>Marcion</strong></span> <span class='ocrx_word' id='word_1_413' title='bbox 1263 4900 1616 4971; x_wconf 74' lang='lat' dir='ltr'><strong>confutantur.</strong></span> <span class='ocrx_word' id='word_1_414' title='bbox 1666 4936 1737 4947; x_wconf 73' lang='grc' dir='ltr'><strong>-ο</strong></span> <span class='ocrx_word' id='word_1_415' title='bbox 1779 4908 2008 4977; x_wconf 83' lang='lat' dir='ltr'><strong>Quando</strong></span> 
     </span>
    </p>
   </div>
   <div class='ocr_carea' id='block_1_51' title="bbox 385 4983 2008 5074">
    <p class='ocr_par' dir='ltr' id='par_1_51' title="bbox 385 4983 2008 5074">
     <span class='ocr_line' id='line_1_51' title="bbox 385 4983 2008 5074; baseline 0.015 -40"><span class='ocrx_word' id='word_1_416' title='bbox 385 4995 529 5051; x_wconf 85' lang='lat' dir='ltr'><strong>ergo</strong></span> <span class='ocrx_word' id='word_1_417' title='bbox 559 4983 677 5036; x_wconf 81' lang='lat' dir='ltr'><strong>vult</strong></span> <span class='ocrx_word' id='word_1_418' title='bbox 705 4986 1019 5054; x_wconf 89' lang='lat' dir='ltr'><strong>ostendere,</strong></span> <span class='ocrx_word' id='word_1_419' title='bbox 1056 4990 1200 5060; x_wconf 89' lang='lat' dir='ltr'><strong>quod</strong></span> <span class='ocrx_word' id='word_1_420' title='bbox 1231 5006 1298 5046; x_wconf 85' lang='lat' dir='ltr'><strong>ex</strong></span> <span class='ocrx_word' id='word_1_421' title='bbox 1327 4992 1464 5062; x_wconf 90' lang='lat' dir='ltr'><strong>ipso,</strong></span> <span class='ocrx_word' id='word_1_422' title='bbox 1498 4998 1807 5054; x_wconf 90' lang='lat' dir='ltr'><strong>necessario</strong></span> <span class='ocrx_word' id='word_1_423' title='bbox 1829 4999 2008 5074; x_wconf 84' lang='lat' dir='ltr'><strong>loqui-</strong></span> 
     </span>
    </p>
   </div>
   <div class='ocr_carea' id='block_1_52' title="bbox 385 5074 2005 5160">
    <p class='ocr_par' dir='ltr' id='par_1_52' title="bbox 385 5074 2005 5160">
     <span class='ocr_line' id='line_1_52' title="bbox 385 5074 2005 5160; baseline 0.014 -33"><span class='ocrx_word' id='word_1_424' title='bbox 385 5084 482 5127; x_wconf 88' lang='lat' dir='ltr'><strong>tur</strong></span> <span class='ocrx_word' id='word_1_425' title='bbox 515 5074 744 5131; x_wconf 88' lang='lat' dir='ltr'><strong>humilia</strong></span> <span class='ocrx_word' id='word_1_426' title='bbox 780 5095 794 5131; x_wconf 89' lang='lat'><strong>:</strong></span> <span class='ocrx_word' id='word_1_427' title='bbox 824 5081 1041 5147; x_wconf 87' lang='lat' dir='ltr'><strong>quando</strong></span> <span class='ocrx_word' id='word_1_428' title='bbox 1082 5092 1264 5137; x_wconf 90' lang='lat' dir='ltr'><strong>autem</strong></span> <span class='ocrx_word' id='word_1_429' title='bbox 1308 5084 1421 5139; x_wconf 85' lang='lat' dir='ltr'><strong>vult</strong></span> <span class='ocrx_word' id='word_1_430' title='bbox 1461 5086 1569 5142; x_wconf 91' lang='lat' dir='ltr'><strong>alta</strong></span> <span class='ocrx_word' id='word_1_431' title='bbox 1604 5087 1785 5160; x_wconf 89' lang='lat' dir='ltr'><strong>loqui,</strong></span> <span class='ocrx_word' id='word_1_432' title='bbox 1816 5106 2005 5149; x_wconf 87' lang='lat' dir='ltr'><strong>ansam</strong></span> 
     </span>
    </p>
   </div>
   <div class='ocr_carea' id='block_1_53' title="bbox 381 5166 1999 5246">
    <p class='ocr_par' dir='ltr' id='par_1_53' title="bbox 381 5166 1999 5246">
     <span class='ocr_line' id='line_1_53' title="bbox 381 5166 1999 5246; baseline 0.017 -28"><span class='ocrx_word' id='word_1_433' title='bbox 381 5166 593 5237; x_wconf 84' lang='lat' dir='ltr'><strong>arripit</strong></span> <span class='ocrx_word' id='word_1_434' title='bbox 628 5168 916 5224; x_wconf 73' lang='lat' dir='ltr'><strong>Marcellus</strong></span> <span class='ocrx_word' id='word_1_435' title='bbox 953 5182 1008 5227; x_wconf 93' lang='lat' dir='ltr'><strong>et</strong></span> <span class='ocrx_word' id='word_1_436' title='bbox 1046 5172 1334 5231; x_wconf 87' lang='lat' dir='ltr'><strong>Sabellius.</strong></span> <span class='ocrx_word' id='word_1_437' title='bbox 1366 5178 1471 5234; x_wconf 83' lang='lat' dir='ltr'><strong>Sed</strong></span> <span class='ocrx_word' id='word_1_438' title='bbox 1501 5180 1784 5239; x_wconf 89' lang='lat' dir='ltr'><strong>amborum</strong></span> <span class='ocrx_word' id='word_1_439' title='bbox 1810 5201 1999 5246; x_wconf 85' lang='lat' dir='ltr'><strong>exces-</strong></span> 
     </span>
    </p>
   </div>
   <div class='ocr_carea' id='block_1_54' title="bbox 381 5260 2003 5355">
    <p class='ocr_par' dir='ltr' id='par_1_54' title="bbox 381 5260 2003 5355">
     <span class='ocr_line' id='line_1_54' title="bbox 381 5260 2003 5355; baseline 0.017 -42"><span class='ocrx_word' id='word_1_440' title='bbox 381 5276 515 5355; x_wconf 81' lang='lat' dir='ltr'><strong>sum</strong></span> <span class='ocrx_word' id='word_1_441' title='bbox 552 5260 769 5333; x_wconf 82' lang='lat' dir='ltr'><strong>fugiens</strong></span> <span class='ocrx_word' id='word_1_442' title='bbox 799 5264 1067 5332; x_wconf 83' lang='lat' dir='ltr'><strong>Ecclesia,</strong></span> <span class='ocrx_word' id='word_1_443' title='bbox 1095 5269 1180 5324; x_wconf 89' lang='lat' dir='ltr'><strong>via</strong></span> <span class='ocrx_word' id='word_1_444' title='bbox 1210 5271 1386 5327; x_wconf 88' lang='lat' dir='ltr'><strong>media</strong></span> <span class='ocrx_word' id='word_1_445' title='bbox 1416 5284 1501 5329; x_wconf 91' lang='lat' dir='ltr'><strong>est</strong></span> <span class='ocrx_word' id='word_1_446' title='bbox 1522 5275 1789 5348; x_wconf 88' lang='lat' dir='ltr'><strong>ingressa.</strong></span> <span class='ocrx_word' id='word_1_447' title='bbox 1818 5281 2003 5355; x_wconf 84' lang='lat' dir='ltr'><strong>Neque</strong></span> 
     </span>
    </p>
   </div>
   <div class='ocr_carea' id='block_1_55' title="bbox 379 5352 2009 5441">
    <p class='ocr_par' dir='ltr' id='par_1_55' title="bbox 379 5352 2009 5441">
     <span class='ocr_line' id='line_1_55' title="bbox 379 5352 2009 5441; baseline 0.018 -37"><span class='ocrx_word' id='word_1_448' title='bbox 379 5352 537 5405; x_wconf 87' lang='lat' dir='ltr'><strong>enim</strong></span> <span class='ocrx_word' id='word_1_449' title='bbox 574 5362 761 5410; x_wconf 90' lang='lat' dir='ltr'><strong>manet</strong></span> <span class='ocrx_word' id='word_1_450' title='bbox 788 5355 841 5411; x_wconf 90' lang='lat' dir='ltr'><strong>in</strong></span> <span class='ocrx_word' id='word_1_451' title='bbox 873 5356 1198 5429; x_wconf 86' lang='lat' dir='ltr'><strong>humilitate,</strong></span> <span class='ocrx_word' id='word_1_452' title='bbox 1233 5378 1302 5419; x_wconf 91' lang='lat' dir='ltr'><strong>ne</strong></span> <span class='ocrx_word' id='word_1_453' title='bbox 1331 5364 1511 5421; x_wconf 88' lang='lat' dir='ltr'><strong>locum</strong></span> <span class='ocrx_word' id='word_1_454' title='bbox 1544 5380 1775 5441; x_wconf 88' lang='lat' dir='ltr'><strong>occupet</strong></span> <span class='ocrx_word' id='word_1_455' title='bbox 1803 5352 2009 5433; x_wconf 85' lang='lat' dir='ltr'><strong>Paulus</strong></span> 
     </span>
    </p>
   </div>
   <div class='ocr_carea' id='block_1_56' title="bbox 376 5446 2001 5529">
    <p class='ocr_par' dir='ltr' id='par_1_56' title="bbox 376 5446 2001 5529">
     <span class='ocr_line' id='line_1_56' title="bbox 376 5446 2001 5529; baseline 0.015 -30"><span class='ocrx_word' id='word_1_456' title='bbox 376 5446 790 5504; x_wconf 85' lang='lat' dir='ltr'><strong>Samosatenus</strong></span> <span class='ocrx_word' id='word_1_457' title='bbox 829 5452 948 5521; x_wconf 85' lang='lat' dir='ltr'><strong>(a);</strong></span> <span class='ocrx_word' id='word_1_458' title='bbox 984 5468 1161 5526; x_wconf 89' lang='lat' dir='ltr'><strong>neque</strong></span> <span class='ocrx_word' id='word_1_459' title='bbox 1200 5471 1418 5529; x_wconf 86' lang='lat' dir='ltr'><strong>semper</strong></span> <span class='ocrx_word' id='word_1_460' title='bbox 1456 5473 1700 5519; x_wconf 89' lang='lat' dir='ltr'><strong>remanet</strong></span> <span class='ocrx_word' id='word_1_461' title='bbox 1731 5465 1787 5521; x_wconf 92' lang='lat' dir='ltr'><strong>in</strong></span> <span class='ocrx_word' id='word_1_462' title='bbox 1830 5467 1953 5527; x_wconf 87' lang='lat' dir='ltr'><strong>altis</strong></span> <span class='ocrx_word' id='word_1_463' title='bbox 1985 5485 2001 5523; x_wconf 85' lang='lat'><strong><em>:</em></strong></span> 
     </span>
    </p>
   </div>
   <div class='ocr_carea' id='block_1_57' title="bbox 452 5586 2006 5672">
    <p class='ocr_par' dir='ltr' id='par_1_57' title="bbox 452 5586 2006 5672">
     <span class='ocr_line' id='line_1_57' title="bbox 452 5586 2006 5672; baseline 0 0"><span class='ocrx_word' id='word_1_464' title='bbox 452 5586 893 5672; x_wconf 52' lang='lat'><strong>91.3329&#39;995&#39;.‘</strong></span> <span class='ocrx_word' id='word_1_465' title='bbox 901 5590 1316 5672; x_wconf 55' lang='grc' dir='ltr'><strong>τέἓὲε-ῙΡΞῙἨἘΟ</strong></span> <span class='ocrx_word' id='word_1_466' title='bbox 1341 5595 1661 5672; x_wconf 60' lang='lat' dir='ltr'><strong>Samosatam</strong></span> <span class='ocrx_word' id='word_1_467' title='bbox 1694 5604 1861 5672; x_wconf 62' lang='grc' dir='ltr'><strong>ἀραυρ</strong></span> <span class='ocrx_word' id='word_1_468' title='bbox 1900 5610 2006 5664; x_wconf 67' lang='lat' dir='ltr'><strong>aliis</strong></span> 
     </span>
    </p>
   </div>
   <div class='ocr_carea' id='block_1_58' title="bbox 375 5650 2004 5726">
    <p class='ocr_par' dir='ltr' id='par_1_58' title="bbox 375 5650 2004 5726">
     <span class='ocr_line' id='line_1_58' title="bbox 375 5650 2004 5726; baseline 0.018 -28"><span class='ocrx_word' id='word_1_469' title='bbox 375 5650 741 5726; x_wconf 56' lang='lat' dir='ltr'><strong>hrgt-esiarchis</strong></span> <span class='ocrx_word' id='word_1_470' title='bbox 760 5664 887 5726; x_wconf 84' lang='lat' dir='ltr'><strong>quos</strong></span> <span class='ocrx_word' id='word_1_471' title='bbox 904 5652 983 5702; x_wconf 88' lang='lat' dir='ltr'><strong>hic</strong></span> <span class='ocrx_word' id='word_1_472' title='bbox 1006 5650 1301 5726; x_wconf 67' lang='lat' dir='ltr'><strong>insectatur,</strong></span> <span class='ocrx_word' id='word_1_473' title='bbox 1334 5666 1496 5726; x_wconf 77' lang='lat' dir='ltr'><strong>aetum</strong></span> <span class='ocrx_word' id='word_1_474' title='bbox 1520 5650 1679 5717; x_wconf 69' lang='lat' dir='ltr'><strong>estin</strong></span> <span class='ocrx_word' id='word_1_475' title='bbox 1699 5650 2004 5726; x_wconf 30' lang='lat' dir='ltr'><strong>ﬁlim—afatng</strong></span> 
     </span>
    </p>
   </div>
   <div class='ocr_carea' id='block_1_59' title="bbox 373 5712 2006 5791">
    <p class='ocr_par' dir='ltr' id='par_1_59' title="bbox 373 5712 2006 5791">
     <span class='ocr_line' id='line_1_59' title="bbox 373 5712 2006 5791; baseline 0.009 -28"><span class='ocrx_word' id='word_1_476' title='bbox 373 5713 643 5791; x_wconf 43' lang='lat' dir='ltr'><strong>adorari?</strong></span> <span class='ocrx_word' id='word_1_477' title='bbox 654 5712 1108 5791; x_wconf 24' lang='lat' dir='ltr'><strong>Chlrysostropera.</strong></span> <span class='ocrx_word' id='word_1_478' title='bbox 1126 5717 1248 5791; x_wconf 56' lang='lat' dir='ltr'><strong>l‘iam</strong></span> <span class='ocrx_word' id='word_1_479' title='bbox 1280 5712 1329 5791; x_wconf 78' lang='lat' dir='ltr'><strong>in</strong></span> <span class='ocrx_word' id='word_1_480' title='bbox 1346 5721 1466 5791; x_wconf 72' lang='lat' dir='ltr'><strong>aliis</strong></span> <span class='ocrx_word' id='word_1_481' title='bbox 1486 5712 1686 5791; x_wconf 66' lang='lat' dir='ltr'><strong>(pioque</strong></span> <span class='ocrx_word' id='word_1_482' title='bbox 1703 5712 2006 5787; x_wconf 53' lang='grc' dir='ltr'><strong>«Ξόῶνῆἇῖὦῖ</strong></span> 
     </span>
    </p>
   </div>
   <div class='ocr_carea' id='block_1_60' title="bbox 370 5738 2007 5851">
    <p class='ocr_par' dir='ltr' id='par_1_60' title="bbox 370 5738 2007 5851">
     <span class='ocr_line' id='line_1_60' title="bbox 373 5738 2006 5788; baseline 0.02 -31"><span class='ocrx_word' id='word_1_483' title='bbox 373 5738 445 5786; x_wconf 51' lang='grc' dir='ltr'><strong>εξ,</strong></span> <span class='ocrx_word' id='word_1_484' title='bbox 467 5738 637 5763; x_wconf 74' lang='grc' dir='ltr'><strong>υιυυκ</strong></span> <span class='ocrx_word' id='word_1_485' title='bbox 659 5738 911 5786; x_wconf 47' lang='lat' dir='ltr'><strong>unguem.</strong></span> <span class='ocrx_word' id='word_1_486' title='bbox 936 5738 1108 5788; x_wconf 67' lang='lat' dir='ltr'><strong>opera.</strong></span> <span class='ocrx_word' id='word_1_487' title='bbox 1126 5738 1248 5769; x_wconf 75' lang='lat' dir='ltr'><strong>nam</strong></span> <span class='ocrx_word' id='word_1_488' title='bbox 1280 5738 1329 5771; x_wconf 78' lang='lat' dir='ltr'><strong>in</strong></span> <span class='ocrx_word' id='word_1_489' title='bbox 1353 5738 1466 5775; x_wconf 83' lang='lat' dir='ltr'><strong>ams</strong></span> <span class='ocrx_word' id='word_1_490' title='bbox 1622 5742 1686 5780; x_wconf 89' lang='lat' dir='ltr'><strong>ne</strong></span> <span class='ocrx_word' id='word_1_491' title='bbox 1703 5743 2006 5787; x_wconf 84' lang='lat' dir='ltr'><strong>commenta-</strong></span> 
     </span>
     <span class='ocr_line' id='line_1_61' title="bbox 370 5738 2007 5851; baseline 0.009 -25"><span class='ocrx_word' id='word_1_492' title='bbox 370 5789 471 5827; x_wconf 67' lang='grc' dir='ltr'><strong>της</strong></span> <span class='ocrx_word' id='word_1_493' title='bbox 496 5783 559 5851; x_wconf 85' lang='lat' dir='ltr'><strong>et_</strong></span> <span class='ocrx_word' id='word_1_494' title='bbox 570 5773 934 5851; x_wconf 54' lang='lat' dir='ltr'><strong>Homilnsillos</strong></span> <span class='ocrx_word' id='word_1_495' title='bbox 958 5791 1006 5826; x_wconf 77' lang='lat' dir='ltr'><strong>in</strong></span> <span class='ocrx_word' id='word_1_496' title='bbox 1028 5780 1243 5851; x_wconf 65' lang='lat' dir='ltr'><strong>medium</strong></span> <span class='ocrx_word' id='word_1_497' title='bbox 1267 5738 1710 5844; x_wconf 46' lang='lat' dir='ltr'><strong>adducitfgftiium</strong></span> <span class='ocrx_word' id='word_1_498' title='bbox 1733 5793 2007 5851; x_wconf 78' lang='lat' dir='ltr'><strong>Samosata.</strong></span> 
     </span>
    </p>
   </div>
   <div class='ocr_carea' id='block_1_61' title="bbox 370 5836 1387 5893">
    <p class='ocr_par' dir='ltr' id='par_1_61' title="bbox 370 5836 1387 5893">
     <span class='ocr_line' id='line_1_62' title="bbox 370 5836 1387 5893; baseline 0.006 -6"><span class='ocrx_word' id='word_1_499' title='bbox 370 5851 502 5888; x_wconf 81' lang='lat' dir='ltr'><strong>num</strong></span> <span class='ocrx_word' id='word_1_500' title='bbox 526 5836 933 5888; x_wconf 77' lang='lat' dir='ltr'><strong>Samothraceum</strong></span> <span class='ocrx_word' id='word_1_501' title='bbox 958 5848 1101 5891; x_wconf 86' lang='lat' dir='ltr'><strong>vocat</strong></span> <span class='ocrx_word' id='word_1_502' title='bbox 1124 5841 1387 5893; x_wconf 83' lang='lat' dir='ltr'><strong>Mutianus.</strong></span> 
     </span>
    </p>
   </div>
   <div class='ocr_carea' id='block_1_62' title="bbox 731 5932 1452 5997">
    <p class='ocr_par' dir='ltr' id='par_1_62' title="bbox 731 5932 1452 5997">
     <span class='ocr_line' id='line_1_63' title="bbox 731 5932 1452 5997; baseline 0.007 -5"><span class='ocrx_word' id='word_1_503' title='bbox 731 5932 1012 5992; x_wconf 68' lang='grc' dir='ltr'><strong>Ριτηυι.</strong></span> <span class='ocrx_word' id='word_1_504' title='bbox 1063 5932 1182 5992; x_wconf 85' lang='lat' dir='ltr'><strong>Cn.</strong></span> <span class='ocrx_word' id='word_1_505' title='bbox 1232 5932 1452 5997; x_wconf 86' lang='lat' dir='ltr'><strong>L.\lll.</strong></span> 
     </span>
    </p>
   </div>
   <div class='ocr_carea' id='block_1_63' title="bbox 2110 442 3703 515">
    <p class='ocr_par' dir='ltr' id='par_1_63' title="bbox 2110 442 3703 515">
     <span class='ocr_line' id='line_1_64' title="bbox 2110 442 3703 515; baseline -0.003 -10"><span class='ocrx_word' id='word_1_506' title='bbox 2110 458 2169 505; x_wconf 90' lang='lat' dir='ltr'><strong>et</strong></span> <span class='ocrx_word' id='word_1_507' title='bbox 2196 463 2382 503; x_wconf 77' lang='lat' dir='ltr'><strong>rursus</strong></span> <span class='ocrx_word' id='word_1_508' title='bbox 2405 446 2643 502; x_wconf 84' lang='lat' dir='ltr'><strong>ostendit</strong></span> <span class='ocrx_word' id='word_1_509' title='bbox 2672 459 2918 515; x_wconf 81' lang='lat' dir='ltr'><strong>magnam</strong></span> <span class='ocrx_word' id='word_1_510' title='bbox 2950 442 3066 511; x_wconf 81' lang='lat' dir='ltr'><strong>ejus</strong></span> <span class='ocrx_word' id='word_1_511' title='bbox 3099 443 3551 513; x_wconf 80' lang='lat' dir='ltr'><strong>propinquitatem</strong></span> <span class='ocrx_word' id='word_1_512' title='bbox 3576 483 3590 507; x_wconf 91' lang='lat'><strong>,</strong></span> <span class='ocrx_word' id='word_1_513' title='bbox 3636 462 3703 501; x_wconf 73' lang='lat' dir='ltr'><strong>ne</strong></span> 
     </span>
    </p>
   </div>
   <div class='ocr_carea' id='block_1_64' title="bbox 2108 537 3707 609">
    <p class='ocr_par' dir='ltr' id='par_1_64' title="bbox 2108 537 3707 609">
     <span class='ocr_line' id='line_1_65' title="bbox 2108 537 3707 609; baseline -0.002 -11"><span class='ocrx_word' id='word_1_514' title='bbox 2108 557 2299 599; x_wconf 88' lang='lat' dir='ltr'><strong>rursus</strong></span> <span class='ocrx_word' id='word_1_515' title='bbox 2322 542 2521 597; x_wconf 89' lang='lat' dir='ltr'><strong>insiliat</strong></span> <span class='ocrx_word' id='word_1_516' title='bbox 2545 540 2835 596; x_wconf 89' lang='lat' dir='ltr'><strong>Sabellius.</strong></span> <span class='ocrx_word' id='word_1_517' title='bbox 2863 538 3008 592; x_wconf 82' lang='lat' dir='ltr'><strong>Dixit</strong></span> <span class='ocrx_word' id='word_1_518' title='bbox 3028 537 3246 603; x_wconf 87' lang='lat' dir='ltr'><strong>Filium,</strong></span> <span class='ocrx_word' id='word_1_519' title='bbox 3268 547 3323 593; x_wconf 91' lang='lat' dir='ltr'><strong>et</strong></span> <span class='ocrx_word' id='word_1_520' title='bbox 3342 538 3520 593; x_wconf 83' lang='lat' dir='ltr'><strong>statim</strong></span> <span class='ocrx_word' id='word_1_521' title='bbox 3550 552 3707 609; x_wconf 83' lang='lat' dir='ltr'><strong>urget</strong></span> 
     </span>
    </p>
   </div>
   <div class='ocr_carea' id='block_1_65' title="bbox 2111 629 3709 699">
    <p class='ocr_par' dir='ltr' id='par_1_65' title="bbox 2111 629 3709 699">
     <span class='ocr_line' id='line_1_66' title="bbox 2111 629 3709 699; baseline -0.003 -8"><span class='ocrx_word' id='word_1_522' title='bbox 2111 634 2309 691; x_wconf 87' lang='lat' dir='ltr'><strong>Paulus</strong></span> <span class='ocrx_word' id='word_1_523' title='bbox 2335 633 2739 697; x_wconf 88' lang='lat' dir='ltr'><strong>Samosatenus,</strong></span> <span class='ocrx_word' id='word_1_524' title='bbox 2772 630 2955 686; x_wconf 76' lang='lat' dir='ltr'><strong>dicens</strong></span> <span class='ocrx_word' id='word_1_525' title='bbox 2983 629 3158 699; x_wconf 89' lang='lat' dir='ltr'><strong>ipsum</strong></span> <span class='ocrx_word' id='word_1_526' title='bbox 3189 644 3312 685; x_wconf 91' lang='lat' dir='ltr'><strong>esse</strong></span> <span class='ocrx_word' id='word_1_527' title='bbox 3340 630 3539 686; x_wconf 84' lang='lat' dir='ltr'><strong>Filium</strong></span> <span class='ocrx_word' id='word_1_528' title='bbox 3566 632 3709 687; x_wconf 88' lang='lat' dir='ltr'><strong>sicut</strong></span> 
     </span>
    </p>
   </div>
   <div class='ocr_carea' id='block_1_66' title="bbox 2110 722 3708 788">
    <p class='ocr_par' dir='ltr' id='par_1_66' title="bbox 2110 722 3708 788">
     <span class='ocr_line' id='line_1_67' title="bbox 2110 722 3708 788; baseline -0.001 -4"><span class='ocrx_word' id='word_1_529' title='bbox 2110 730 2328 784; x_wconf 89' lang='lat' dir='ltr'><strong>multos.</strong></span> <span class='ocrx_word' id='word_1_530' title='bbox 2357 726 2462 784; x_wconf 88' lang='lat' dir='ltr'><strong>Sed</strong></span> <span class='ocrx_word' id='word_1_531' title='bbox 2490 726 2651 782; x_wconf 88' lang='lat' dir='ltr'><strong>letale</strong></span> <span class='ocrx_word' id='word_1_532' title='bbox 2681 726 2728 781; x_wconf 88' lang='lat' dir='ltr'><strong>ei</strong></span> <span class='ocrx_word' id='word_1_533' title='bbox 2760 725 2956 780; x_wconf 87' lang='lat' dir='ltr'><strong>vulnus</strong></span> <span class='ocrx_word' id='word_1_534' title='bbox 2978 722 3188 788; x_wconf 79' lang='lat' dir='ltr'><strong>inﬂixit,</strong></span> <span class='ocrx_word' id='word_1_535' title='bbox 3211 723 3398 779; x_wconf 90' lang='lat' dir='ltr'><strong>dicens</strong></span> <span class='ocrx_word' id='word_1_536' title='bbox 3425 723 3708 782; x_wconf 89' lang='lat' dir='ltr'><strong>heredem.</strong></span> 
     </span>
    </p>
   </div>
   <div class='ocr_carea' id='block_1_67' title="bbox 2111 816 3705 891">
    <p class='ocr_par' dir='ltr' id='par_1_67' title="bbox 2111 816 3705 891">
     <span class='ocr_line' id='line_1_68' title="bbox 2111 816 3705 891; baseline -0.004 -14"><span class='ocrx_word' id='word_1_537' title='bbox 2111 821 2223 878; x_wconf 87' lang='lat' dir='ltr'><strong>Sed</strong></span> <span class='ocrx_word' id='word_1_538' title='bbox 2246 820 2421 875; x_wconf 90' lang='lat' dir='ltr'><strong>adhuc</strong></span> <span class='ocrx_word' id='word_1_539' title='bbox 2448 818 2785 891; x_wconf 87' lang='lat' dir='ltr'><strong>impudenter</strong></span> <span class='ocrx_word' id='word_1_540' title='bbox 2812 831 2872 871; x_wconf 91' lang='lat' dir='ltr'><strong>se</strong></span> <span class='ocrx_word' id='word_1_541' title='bbox 2891 816 3030 886; x_wconf 87' lang='lat' dir='ltr'><strong>gerit</strong></span> <span class='ocrx_word' id='word_1_542' title='bbox 3060 830 3182 871; x_wconf 91' lang='lat' dir='ltr'><strong>cum</strong></span> <span class='ocrx_word' id='word_1_543' title='bbox 3211 817 3340 871; x_wconf 79' lang='lat' dir='ltr'><strong>Ario</strong></span> <span class='ocrx_word' id='word_1_544' title='bbox 3367 835 3380 870; x_wconf 88' lang='lat'><strong>:</strong></span> <span class='ocrx_word' id='word_1_545' title='bbox 3408 832 3530 871; x_wconf 89' lang='lat' dir='ltr'><strong>nam</strong></span> <span class='ocrx_word' id='word_1_546' title='bbox 3555 817 3705 881; x_wconf 86' lang='lat' dir='ltr'><strong>illud.</strong></span> 
     </span>
    </p>
   </div>
   <div class='ocr_carea' id='block_1_68' title="bbox 2111 906 3704 980">
    <p class='ocr_par' dir='ltr' id='par_1_68' title="bbox 2111 906 3704 980">
     <span class='ocr_line' id='line_1_69' title="bbox 2111 906 3704 980; baseline -0.004 -13"><span class='ocrx_word' id='word_1_547' title='bbox 2111 911 2387 969; x_wconf 84' lang='lat' dir='ltr'><strong>Constituit</strong></span> <span class='ocrx_word' id='word_1_548' title='bbox 2413 911 2583 980; x_wconf 84' lang='lat' dir='ltr'><strong>ipsum</strong></span> <span class='ocrx_word' id='word_1_549' title='bbox 2619 906 2885 972; x_wconf 77' lang='lat' dir='ltr'><strong>heredem,</strong></span> <span class='ocrx_word' id='word_1_550' title='bbox 2917 906 3078 961; x_wconf 86' lang='lat' dir='ltr'><strong>ambo</strong></span> <span class='ocrx_word' id='word_1_551' title='bbox 3105 914 3290 961; x_wconf 86' lang='lat' dir='ltr'><strong>tenent</strong></span> <span class='ocrx_word' id='word_1_552' title='bbox 3320 924 3333 960; x_wconf 89' lang='lat'><strong>:</strong></span> <span class='ocrx_word' id='word_1_553' title='bbox 3366 906 3457 962; x_wconf 81' lang='lat' dir='ltr'><strong>ille</strong></span> <span class='ocrx_word' id='word_1_554' title='bbox 3486 907 3704 977; x_wconf 84' lang='lat' dir='ltr'><strong>quidem</strong></span> 
     </span>
    </p>
   </div>
   <div class='ocr_carea' id='block_1_69' title="bbox 2112 998 3715 1069">
    <p class='ocr_par' dir='ltr' id='par_1_69' title="bbox 2112 998 3715 1069">
     <span class='ocr_line' id='line_1_70' title="bbox 2112 998 3715 1069; baseline -0.004 -10"><span class='ocrx_word' id='word_1_555' title='bbox 2112 1004 2299 1059; x_wconf 88' lang='lat' dir='ltr'><strong>dicens</strong></span> <span class='ocrx_word' id='word_1_556' title='bbox 2324 1017 2445 1057; x_wconf 90' lang='lat' dir='ltr'><strong>esse</strong></span> <span class='ocrx_word' id='word_1_557' title='bbox 2487 999 2910 1062; x_wconf 87' lang='lat' dir='ltr'><strong>imbecillitatis;</strong></span> <span class='ocrx_word' id='word_1_558' title='bbox 2955 998 3043 1052; x_wconf 92' lang='lat' dir='ltr'><strong>hic</strong></span> <span class='ocrx_word' id='word_1_559' title='bbox 3085 1006 3267 1053; x_wconf 82' lang='lat' dir='ltr'><strong>autem</strong></span> <span class='ocrx_word' id='word_1_560' title='bbox 3309 1014 3512 1055; x_wconf 89' lang='lat' dir='ltr'><strong>eonans</strong></span> <span class='ocrx_word' id='word_1_561' title='bbox 3542 1016 3715 1069; x_wconf 81' lang='lat' dir='ltr'><strong>oppu-</strong></span> 
     </span>
    </p>
   </div>
   <div class='ocr_carea' id='block_1_70' title="bbox 2117 1090 3712 1167">
    <p class='ocr_par' dir='ltr' id='par_1_70' title="bbox 2117 1090 3712 1167">
     <span class='ocr_line' id='line_1_71' title="bbox 2117 1090 3712 1167; baseline -0.004 -18"><span class='ocrx_word' id='word_1_562' title='bbox 2117 1110 2286 1167; x_wconf 89' lang='lat' dir='ltr'><strong>gnare</strong></span> <span class='ocrx_word' id='word_1_563' title='bbox 2331 1096 2493 1149; x_wconf 90' lang='lat' dir='ltr'><strong>etiam</strong></span> <span class='ocrx_word' id='word_1_564' title='bbox 2546 1092 2689 1157; x_wconf 90' lang='lat' dir='ltr'><strong>quod</strong></span> <span class='ocrx_word' id='word_1_565' title='bbox 2728 1090 2935 1156; x_wconf 72' lang='lat' dir='ltr'><strong>deincel</strong></span> <span class='ocrx_word' id='word_1_566' title='bbox 2959 1104 2984 1144; x_wconf 90' lang='lat' dir='ltr'><strong>s</strong></span> <span class='ocrx_word' id='word_1_567' title='bbox 3015 1091 3276 1159; x_wconf 86' lang='lat' dir='ltr'><strong>sequitur.</strong></span> <span class='ocrx_word' id='word_1_568' title='bbox 3310 1090 3441 1144; x_wconf 68' lang='lat' dir='ltr'><strong>Nam</strong></span> <span class='ocrx_word' id='word_1_569' title='bbox 3478 1106 3599 1145; x_wconf 91' lang='lat' dir='ltr'><strong>cum</strong></span> <span class='ocrx_word' id='word_1_570' title='bbox 3628 1092 3712 1144; x_wconf 79' lang='lat' dir='ltr'><strong>di-</strong></span> 
     </span>
    </p>
   </div>
   <div class='ocr_carea' id='block_1_71' title="bbox 2114 1182 3715 1256">
    <p class='ocr_par' dir='ltr' id='par_1_71' title="bbox 2114 1182 3715 1256">
     <span class='ocr_line' id='line_1_72' title="bbox 2114 1182 3715 1256; baseline -0.004 -12"><span class='ocrx_word' id='word_1_571' title='bbox 2114 1190 2283 1245; x_wconf 87' lang='lat' dir='ltr'><strong>xisset</strong></span> <span class='ocrx_word' id='word_1_572' title='bbox 2298 1187 2513 1252; x_wconf 84' lang='lat' dir='ltr'><strong>Paulus,</strong></span> <span class='ocrx_word' id='word_1_573' title='bbox 2526 1185 2623 1239; x_wconf 78' lang='lat' dir='ltr'><strong>Per</strong></span> <span class='ocrx_word' id='word_1_574' title='bbox 2642 1201 2789 1256; x_wconf 83' lang='lat' dir='ltr'><strong>quem</strong></span> <span class='ocrx_word' id='word_1_575' title='bbox 2798 1184 2913 1254; x_wconf 75' lang='lat' dir='ltr'><strong>fecit</strong></span> <span class='ocrx_word' id='word_1_576' title='bbox 2933 1193 2982 1237; x_wconf 84' lang='lat' dir='ltr'><strong>et</strong></span> <span class='ocrx_word' id='word_1_577' title='bbox 3005 1182 3213 1245; x_wconf 72' lang='lat' dir='ltr'><strong>swcula,</strong></span> <span class='ocrx_word' id='word_1_578' title='bbox 3232 1184 3477 1253; x_wconf 88' lang='lat' dir='ltr'><strong>supinmn</strong></span> <span class='ocrx_word' id='word_1_579' title='bbox 3497 1182 3715 1252; x_wconf 84' lang='lat' dir='ltr'><strong>quidem</strong></span> 
     </span>
    </p>
   </div>
   <div class='ocr_carea' id='block_1_72' title="bbox 2117 1275 3715 1352">
    <p class='ocr_par' dir='ltr' id='par_1_72' title="bbox 2117 1275 3715 1352">
     <span class='ocr_line' id='line_1_73' title="bbox 2117 1275 3715 1352; baseline -0.004 -16"><span class='ocrx_word' id='word_1_580' title='bbox 2117 1281 2403 1352; x_wconf 84' lang='lat' dir='ltr'><strong>prostravit</strong></span> <span class='ocrx_word' id='word_1_581' title='bbox 2432 1276 2801 1347; x_wconf 87' lang='lat' dir='ltr'><strong>impudentem</strong></span> <span class='ocrx_word' id='word_1_582' title='bbox 2848 1276 3258 1331; x_wconf 87' lang='lat' dir='ltr'><strong>Samosatenmn</strong></span> <span class='ocrx_word' id='word_1_583' title='bbox 3286 1292 3299 1338; x_wconf 90' lang='lat'><strong>;</strong></span> <span class='ocrx_word' id='word_1_584' title='bbox 3342 1275 3501 1329; x_wconf 80' lang='lat' dir='ltr'><strong>Arius</strong></span> <span class='ocrx_word' id='word_1_585' title='bbox 3532 1284 3715 1330; x_wconf 88' lang='lat' dir='ltr'><strong>autem</strong></span> 
     </span>
    </p>
   </div>
   <div class='ocr_carea' id='block_1_73' title="bbox 2117 1365 3717 1437">
    <p class='ocr_par' dir='ltr' id='par_1_73' title="bbox 2117 1365 3717 1437">
     <span class='ocr_line' id='line_1_74' title="bbox 2117 1365 3717 1437; baseline -0.004 -10"><span class='ocrx_word' id='word_1_586' title='bbox 2117 1373 2296 1428; x_wconf 88' lang='lat' dir='ltr'><strong>adhuc</strong></span> <span class='ocrx_word' id='word_1_587' title='bbox 2326 1370 2537 1424; x_wconf 87' lang='lat' dir='ltr'><strong>videtur</strong></span> <span class='ocrx_word' id='word_1_588' title='bbox 2564 1382 2687 1424; x_wconf 88' lang='lat' dir='ltr'><strong>esse</strong></span> <span class='ocrx_word' id='word_1_589' title='bbox 2718 1366 2890 1422; x_wconf 80' lang='lat' dir='ltr'><strong>fortis.</strong></span> <span class='ocrx_word' id='word_1_590' title='bbox 2934 1366 3036 1421; x_wconf 89' lang='lat' dir='ltr'><strong>Sed</strong></span> <span class='ocrx_word' id='word_1_591' title='bbox 3083 1365 3205 1419; x_wconf 88' lang='lat' dir='ltr'><strong>vide</strong></span> <span class='ocrx_word' id='word_1_592' title='bbox 3250 1367 3523 1437; x_wconf 88' lang='lat' dir='ltr'><strong>quomodo</strong></span> <span class='ocrx_word' id='word_1_593' title='bbox 3572 1368 3717 1421; x_wconf 91' lang='lat' dir='ltr'><strong>hunc</strong></span> 
     </span>
    </p>
   </div>
   <div class='ocr_carea' id='block_1_74' title="bbox 2118 1459 3717 1537">
    <p class='ocr_par' dir='ltr' id='par_1_74' title="bbox 2118 1459 3717 1537">
     <span class='ocr_line' id='line_1_75' title="bbox 2118 1459 3717 1537; baseline -0.003 -17"><span class='ocrx_word' id='word_1_594' title='bbox 2118 1479 2330 1537; x_wconf 90' lang='lat' dir='ltr'><strong>quoque</strong></span> <span class='ocrx_word' id='word_1_595' title='bbox 2377 1461 2748 1533; x_wconf 81' lang='lat' dir='ltr'><strong>prostraverit,</strong></span> <span class='ocrx_word' id='word_1_596' title='bbox 2796 1459 3019 1522; x_wconf 89' lang='lat' dir='ltr'><strong>dicens,</strong></span> <span class='ocrx_word' id='word_1_597' title='bbox 3071 1460 3173 1526; x_wconf 85' lang='lat' dir='ltr'><strong>Qui</strong></span> <span class='ocrx_word' id='word_1_598' title='bbox 3206 1476 3320 1513; x_wconf 88' lang='lat' dir='ltr'><strong>cum</strong></span> <span class='ocrx_word' id='word_1_599' title='bbox 3363 1460 3428 1513; x_wconf 78' lang='lat' dir='ltr'><strong>sil</strong></span> <span class='ocrx_word' id='word_1_600' title='bbox 3470 1461 3717 1529; x_wconf 78' lang='lat' dir='ltr'><strong>splendor</strong></span> 
     </span>
    </p>
   </div>
   <div class='ocr_carea' id='block_1_75' title="bbox 2119 1552 3718 1633">
    <p class='ocr_par' dir='ltr' id='par_1_75' title="bbox 2119 1552 3718 1633">
     <span class='ocr_line' id='line_1_76' title="bbox 2119 1552 3718 1633; baseline -0.004 -17"><span class='ocrx_word' id='word_1_601' title='bbox 2119 1561 2297 1633; x_wconf 79' lang='lat' dir='ltr'><strong>gloria:</strong></span> <span class='ocrx_word' id='word_1_602' title='bbox 2317 1560 2446 1631; x_wconf 84' lang='lat' dir='ltr'><strong>ejus.</strong></span> <span class='ocrx_word' id='word_1_603' title='bbox 2476 1556 2580 1613; x_wconf 88' lang='lat' dir='ltr'><strong>Sed</strong></span> <span class='ocrx_word' id='word_1_604' title='bbox 2612 1570 2742 1612; x_wconf 86' lang='lat' dir='ltr'><strong>ecce</strong></span> <span class='ocrx_word' id='word_1_605' title='bbox 2768 1570 2954 1609; x_wconf 88' lang='lat' dir='ltr'><strong>rursus</strong></span> <span class='ocrx_word' id='word_1_606' title='bbox 2984 1554 3229 1608; x_wconf 89' lang='lat' dir='ltr'><strong>insiliunt</strong></span> <span class='ocrx_word' id='word_1_607' title='bbox 3259 1552 3548 1621; x_wconf 87' lang='lat' dir='ltr'><strong>Sabellius,</strong></span> <span class='ocrx_word' id='word_1_608' title='bbox 3578 1554 3718 1609; x_wconf 77' lang='lat' dir='ltr'><strong>Mar-</strong></span> 
     </span>
    </p>
   </div>
   <div class='ocr_carea' id='block_1_76' title="bbox 2120 1646 3719 1716">
    <p class='ocr_par' dir='ltr' id='par_1_76' title="bbox 2120 1646 3719 1716">
     <span class='ocr_line' id='line_1_77' title="bbox 2120 1646 3719 1716; baseline -0.004 -9"><span class='ocrx_word' id='word_1_609' title='bbox 2120 1653 2289 1707; x_wconf 89' lang='lat' dir='ltr'><strong>cellus</strong></span> <span class='ocrx_word' id='word_1_610' title='bbox 2320 1661 2375 1705; x_wconf 91' lang='lat' dir='ltr'><strong>et</strong></span> <span class='ocrx_word' id='word_1_611' title='bbox 2414 1649 2696 1705; x_wconf 84' lang='lat' dir='ltr'><strong>Photinus.</strong></span> <span class='ocrx_word' id='word_1_612' title='bbox 2739 1647 2844 1703; x_wconf 87' lang='lat' dir='ltr'><strong>Sed</strong></span> <span class='ocrx_word' id='word_1_613' title='bbox 2894 1647 2998 1701; x_wconf 91' lang='lat' dir='ltr'><strong>illis</strong></span> <span class='ocrx_word' id='word_1_614' title='bbox 3036 1660 3250 1716; x_wconf 87' lang='lat' dir='ltr'><strong>quoque</strong></span> <span class='ocrx_word' id='word_1_615' title='bbox 3282 1646 3533 1702; x_wconf 87' lang='lat' dir='ltr'><strong>onmibns</strong></span> <span class='ocrx_word' id='word_1_616' title='bbox 3559 1663 3719 1702; x_wconf 80' lang='lat' dir='ltr'><strong>unum</strong></span> 
     </span>
    </p>
   </div>
   <div class='ocr_carea' id='block_1_77' title="bbox 2123 1738 3719 1816">
    <p class='ocr_par' dir='ltr' id='par_1_77' title="bbox 2123 1738 3719 1816">
     <span class='ocr_line' id='line_1_78' title="bbox 2123 1738 3719 1816; baseline -0.006 -14"><span class='ocrx_word' id='word_1_617' title='bbox 2123 1747 2316 1816; x_wconf 80' lang='lat' dir='ltr'><strong>inﬂigit</strong></span> <span class='ocrx_word' id='word_1_618' title='bbox 2345 1745 2575 1815; x_wconf 88' lang='lat' dir='ltr'><strong>plagam,</strong></span> <span class='ocrx_word' id='word_1_619' title='bbox 2603 1742 2792 1797; x_wconf 89' lang='lat' dir='ltr'><strong>dicens</strong></span> <span class='ocrx_word' id='word_1_620' title='bbox 2825 1759 2838 1795; x_wconf 87' lang='lat'><strong>:</strong></span> <span class='ocrx_word' id='word_1_621' title='bbox 2874 1739 2940 1794; x_wconf 87' lang='lat' dir='ltr'><strong>Et</strong></span> <span class='ocrx_word' id='word_1_622' title='bbox 2966 1740 3233 1793; x_wconf 84' lang='lat' dir='ltr'><strong>character</strong></span> <span class='ocrx_word' id='word_1_623' title='bbox 3260 1738 3559 1794; x_wconf 74' lang='lat' dir='ltr'><strong>substantia.-</strong></span> <span class='ocrx_word' id='word_1_624' title='bbox 3584 1741 3719 1811; x_wconf 81' lang='lat' dir='ltr'><strong>ejus,</strong></span> 
     </span>
    </p>
   </div>
   <div class='ocr_carea' id='block_1_78' title="bbox 2124 1831 3721 1912">
    <p class='ocr_par' dir='ltr' id='par_1_78' title="bbox 2124 1831 3721 1912">
     <span class='ocr_line' id='line_1_79' title="bbox 2124 1831 3721 1912; baseline -0.006 -17"><span class='ocrx_word' id='word_1_625' title='bbox 2124 1849 2431 1912; x_wconf 85' lang='lat' dir='ltr'><strong>portansqne</strong></span> <span class='ocrx_word' id='word_1_626' title='bbox 2461 1837 2635 1891; x_wconf 90' lang='lat' dir='ltr'><strong>omnia</strong></span> <span class='ocrx_word' id='word_1_627' title='bbox 2661 1835 2810 1889; x_wconf 83' lang='lat' dir='ltr'><strong>verbo</strong></span> <span class='ocrx_word' id='word_1_628' title='bbox 2836 1832 3036 1887; x_wconf 85' lang='lat' dir='ltr'><strong>virtutis</strong></span> <span class='ocrx_word' id='word_1_629' title='bbox 3062 1847 3188 1888; x_wconf 69' lang='lat' dir='ltr'><strong>sua.</strong></span> <span class='ocrx_word' id='word_1_630' title='bbox 3222 1831 3319 1887; x_wconf 86' lang='lat' dir='ltr'><strong>Hic</strong></span> <span class='ocrx_word' id='word_1_631' title='bbox 3352 1847 3541 1888; x_wconf 88' lang='lat' dir='ltr'><strong>rursus</strong></span> <span class='ocrx_word' id='word_1_632' title='bbox 3579 1832 3721 1888; x_wconf 84' lang='lat' dir='ltr'><strong>Mar—</strong></span> 
     </span>
    </p>
   </div>
   <div class='ocr_carea' id='block_1_79' title="bbox 2119 1922 3725 2002">
    <p class='ocr_par' dir='ltr' id='par_1_79' title="bbox 2119 1922 3725 2002">
     <span class='ocr_line' id='line_1_80' title="bbox 2119 1922 3725 2002; baseline -0.011 -14"><span class='ocrx_word' id='word_1_633' title='bbox 2119 1934 2333 1988; x_wconf 85' lang='lat' dir='ltr'><strong>cionctn</strong></span> <span class='ocrx_word' id='word_1_634' title='bbox 2364 1945 2581 2002; x_wconf 77' lang='lat' dir='ltr'><strong>quoque</strong></span> <span class='ocrx_word' id='word_1_635' title='bbox 2612 1929 2758 1992; x_wconf 79' lang='lat' dir='ltr'><strong>ferit,</strong></span> <span class='ocrx_word' id='word_1_636' title='bbox 2792 1942 2897 1980; x_wconf 89' lang='lat' dir='ltr'><strong>non</strong></span> <span class='ocrx_word' id='word_1_637' title='bbox 2927 1924 3219 1980; x_wconf 87' lang='lat' dir='ltr'><strong>admodum</strong></span> <span class='ocrx_word' id='word_1_638' title='bbox 3245 1922 3463 1993; x_wconf 76' lang='lat' dir='ltr'><strong>quidem</strong></span> <span class='ocrx_word' id='word_1_639' title='bbox 3491 1922 3725 1983; x_wconf 74' lang='lat' dir='ltr'><strong>fortiter,</strong></span> 
     </span>
    </p>
   </div>
   <div class='ocr_carea' id='block_1_80' title="bbox 2121 2013 3726 2089">
    <p class='ocr_par' dir='ltr' id='par_1_80' title="bbox 2121 2013 3726 2089">
     <span class='ocr_line' id='line_1_81' title="bbox 2121 2013 3726 2089; baseline -0.01 -8"><span class='ocrx_word' id='word_1_640' title='bbox 2121 2026 2245 2081; x_wconf 76' lang='lat' dir='ltr'><strong>ierit</strong></span> <span class='ocrx_word' id='word_1_641' title='bbox 2265 2034 2444 2079; x_wconf 87' lang='lat' dir='ltr'><strong>tamen</strong></span> <span class='ocrx_word' id='word_1_642' title='bbox 2469 2036 2622 2077; x_wconf 89' lang='lat' dir='ltr'><strong>:nam</strong></span> <span class='ocrx_word' id='word_1_643' title='bbox 2642 2037 2738 2089; x_wconf 91' lang='lat' dir='ltr'><strong>per</strong></span> <span class='ocrx_word' id='word_1_644' title='bbox 2760 2027 2929 2073; x_wconf 89' lang='lat' dir='ltr'><strong>totam</strong></span> <span class='ocrx_word' id='word_1_645' title='bbox 2948 2015 3233 2087; x_wconf 86' lang='lat' dir='ltr'><strong>epistolam</strong></span> <span class='ocrx_word' id='word_1_646' title='bbox 3255 2029 3376 2067; x_wconf 90' lang='lat' dir='ltr'><strong>cum</strong></span> <span class='ocrx_word' id='word_1_647' title='bbox 3402 2013 3481 2068; x_wconf 90' lang='lat' dir='ltr'><strong>eis</strong></span> <span class='ocrx_word' id='word_1_648' title='bbox 3504 2019 3726 2081; x_wconf 82' lang='lat' dir='ltr'><strong>pugnat.</strong></span> 
     </span>
    </p>
   </div>
   <div class='ocr_carea' id='block_1_81' title="bbox 2118 2102 3730 2185">
    <p class='ocr_par' dir='ltr' id='par_1_81' title="bbox 2118 2102 3730 2185">
     <span class='ocr_line' id='line_1_82' title="bbox 2118 2102 3730 2185; baseline -0.014 -8"><span class='ocrx_word' id='word_1_649' title='bbox 2118 2116 2251 2183; x_wconf 81' lang='lat' dir='ltr'><strong>Sed,</strong></span> <span class='ocrx_word' id='word_1_650' title='bbox 2278 2117 2416 2185; x_wconf 75' lang='lat' dir='ltr'><strong>sicut</strong></span> <span class='ocrx_word' id='word_1_651' title='bbox 2440 2114 2588 2180; x_wconf 83' lang='lat' dir='ltr'><strong>dixi,</strong></span> <span class='ocrx_word' id='word_1_652' title='bbox 2618 2110 2961 2182; x_wconf 90' lang='lat' dir='ltr'><strong>splendorem</strong></span> <span class='ocrx_word' id='word_1_653' title='bbox 3000 2108 3190 2178; x_wconf 70' lang='lat' dir='ltr'><strong>glorim</strong></span> <span class='ocrx_word' id='word_1_654' title='bbox 3232 2104 3431 2159; x_wconf 90' lang='lat' dir='ltr'><strong>Filium</strong></span> <span class='ocrx_word' id='word_1_655' title='bbox 3459 2102 3595 2158; x_wconf 86' lang='lat' dir='ltr'><strong>dixit</strong></span> <span class='ocrx_word' id='word_1_656' title='bbox 3624 2117 3639 2154; x_wconf 91' lang='lat'><strong>:</strong></span> <span class='ocrx_word' id='word_1_657' title='bbox 3672 2108 3730 2155; x_wconf 90' lang='lat' dir='ltr'><strong>et</strong></span> 
     </span>
    </p>
   </div>
   <div class='ocr_carea' id='block_1_82' title="bbox 2119 2191 3728 2281">
    <p class='ocr_par' dir='ltr' id='par_1_82' title="bbox 2119 2191 3728 2281">
     <span class='ocr_line' id='line_1_83' title="bbox 2119 2191 3728 2281; baseline -0.013 -15"><span class='ocrx_word' id='word_1_658' title='bbox 2119 2208 2265 2281; x_wconf 87' lang='lat' dir='ltr'><strong>quod</strong></span> <span class='ocrx_word' id='word_1_659' title='bbox 2314 2207 2417 2262; x_wconf 91' lang='lat' dir='ltr'><strong>hoc</strong></span> <span class='ocrx_word' id='word_1_660' title='bbox 2444 2216 2591 2262; x_wconf 86' lang='lat' dir='ltr'><strong>recte</strong></span> <span class='ocrx_word' id='word_1_661' title='bbox 2632 2204 2703 2259; x_wconf 91' lang='lat' dir='ltr'><strong>sit</strong></span> <span class='ocrx_word' id='word_1_662' title='bbox 2743 2201 2970 2267; x_wconf 85' lang='lat' dir='ltr'><strong>dictum,</strong></span> <span class='ocrx_word' id='word_1_663' title='bbox 2997 2198 3121 2254; x_wconf 86' lang='lat' dir='ltr'><strong>audi</strong></span> <span class='ocrx_word' id='word_1_664' title='bbox 3146 2196 3422 2253; x_wconf 87' lang='lat' dir='ltr'><strong>Christum</strong></span> <span class='ocrx_word' id='word_1_665' title='bbox 3455 2194 3522 2250; x_wconf 90' lang='lat' dir='ltr'><strong>de</strong></span> <span class='ocrx_word' id='word_1_666' title='bbox 3557 2209 3617 2248; x_wconf 91' lang='lat' dir='ltr'><strong>se</strong></span> <span class='ocrx_word' id='word_1_667' title='bbox 3642 2191 3728 2246; x_wconf 87' lang='lat' dir='ltr'><strong>lo-</strong></span> 
     </span>
    </p>
   </div>
   <div class='ocr_carea' id='block_1_83' title="bbox 2120 2286 3727 2371">
    <p class='ocr_par' dir='ltr' id='par_1_83' title="bbox 2120 2286 3727 2371">
     <span class='ocr_line' id='line_1_84' title="bbox 2120 2286 3727 2371; baseline -0.013 -14"><span class='ocrx_word' id='word_1_668' title='bbox 2120 2309 2401 2371; x_wconf 89' lang='lat' dir='ltr'><strong>quentem,</strong></span> <span class='ocrx_word' id='word_1_669' title='bbox 2418 2295 2533 2368; x_wconf 89' lang='lat' dir='ltr'><strong>Ego</strong></span> <span class='ocrx_word' id='word_1_670' title='bbox 2556 2312 2670 2351; x_wconf 87' lang='lat' dir='ltr'><strong>sum</strong></span> <span class='ocrx_word' id='word_1_671' title='bbox 2690 2295 2783 2349; x_wconf 73' lang='lat' dir='ltr'><strong>lux</strong></span> <span class='ocrx_word' id='word_1_672' title='bbox 2806 2291 2986 2347; x_wconf 88' lang='lat' dir='ltr'><strong>mundi</strong></span> <span class='ocrx_word' id='word_1_673' title='bbox 3005 2289 3188 2360; x_wconf 82' lang='lat' dir='ltr'><strong>(Joan.</strong></span> <span class='ocrx_word' id='word_1_674' title='bbox 3220 2289 3271 2345; x_wconf 90' lang='lat'><strong>8.</strong></span> <span class='ocrx_word' id='word_1_675' title='bbox 3299 2286 3415 2358; x_wconf 74' lang='lat'><strong>12).</strong></span> <span class='ocrx_word' id='word_1_676' title='bbox 3437 2286 3727 2354; x_wconf 82' lang='lat' dir='ltr'><strong>PrOpterea</strong></span> 
     </span>
    </p>
   </div>
   <div class='ocr_carea' id='block_1_84' title="bbox 2119 2378 3729 2461">
    <p class='ocr_par' dir='ltr' id='par_1_84' title="bbox 2119 2378 3729 2461">
     <span class='ocr_line' id='line_1_85' title="bbox 2119 2378 3729 2461; baseline -0.013 -10"><span class='ocrx_word' id='word_1_677' title='bbox 2119 2405 2301 2451; x_wconf 85' lang='lat' dir='ltr'><strong>autem</strong></span> <span class='ocrx_word' id='word_1_678' title='bbox 2323 2391 2455 2448; x_wconf 87' lang='lat' dir='ltr'><strong>dicit</strong></span> <span class='ocrx_word' id='word_1_679' title='bbox 2484 2386 2854 2461; x_wconf 89' lang='lat' dir='ltr'><strong>splendorem,</strong></span> <span class='ocrx_word' id='word_1_680' title='bbox 2874 2399 3068 2455; x_wconf 88' lang='lat' dir='ltr'><strong>nempe</strong></span> <span class='ocrx_word' id='word_1_681' title='bbox 3087 2385 3410 2450; x_wconf 73' lang='grc' dir='ltr'><strong>ἀπαύγασμα,</strong></span> <span class='ocrx_word' id='word_1_682' title='bbox 3433 2378 3729 2435; x_wconf 80' lang='lat' dir='ltr'><strong>Ostendens</strong></span> 
     </span>
    </p>
   </div>
   <div class='ocr_carea' id='block_1_85' title="bbox 2120 2470 3727 2560">
    <p class='ocr_par' dir='ltr' id='par_1_85' title="bbox 2120 2470 3727 2560">
     <span class='ocr_line' id='line_1_86' title="bbox 2120 2470 3727 2560; baseline -0.012 -16"><span class='ocrx_word' id='word_1_683' title='bbox 2120 2485 2266 2560; x_wconf 92' lang='lat' dir='ltr'><strong>quod</strong></span> <span class='ocrx_word' id='word_1_684' title='bbox 2298 2484 2409 2540; x_wconf 90' lang='lat' dir='ltr'><strong>illic</strong></span> <span class='ocrx_word' id='word_1_685' title='bbox 2429 2496 2645 2554; x_wconf 85' lang='lat' dir='ltr'><strong>quoque</strong></span> <span class='ocrx_word' id='word_1_686' title='bbox 2672 2482 2745 2535; x_wconf 89' lang='lat' dir='ltr'><strong>ita</strong></span> <span class='ocrx_word' id='word_1_687' title='bbox 2771 2478 2949 2533; x_wconf 88' lang='lat' dir='ltr'><strong>dictus</strong></span> <span class='ocrx_word' id='word_1_688' title='bbox 2970 2477 3061 2543; x_wconf 88' lang='lat' dir='ltr'><strong>sit,</strong></span> <span class='ocrx_word' id='word_1_689' title='bbox 3082 2484 3354 2545; x_wconf 88' lang='lat' dir='ltr'><strong>tamquam</strong></span> <span class='ocrx_word' id='word_1_690' title='bbox 3377 2472 3558 2527; x_wconf 90' lang='lat' dir='ltr'><strong>lumen</strong></span> <span class='ocrx_word' id='word_1_691' title='bbox 3582 2484 3611 2523; x_wconf 91' lang='lat' dir='ltr'><strong>a</strong></span> <span class='ocrx_word' id='word_1_692' title='bbox 3639 2470 3727 2560; x_wconf 79' lang='lat' dir='ltr'><strong>lu-</strong></span> 
     </span>
    </p>
   </div>
   <div class='ocr_carea' id='block_1_86' title="bbox 2124 2558 3727 2634">
    <p class='ocr_par' dir='ltr' id='par_1_86' title="bbox 2124 2558 3727 2634">
     <span class='ocr_line' id='line_1_87' title="bbox 2124 2558 3727 2634; baseline -0.013 1"><span class='ocrx_word' id='word_1_693' title='bbox 2124 2558 2413 2634; x_wconf 83' lang='lat' dir='ltr'><strong>mine.Non</strong></span> <span class='ocrx_word' id='word_1_694' title='bbox 2437 2575 2541 2630; x_wconf 90' lang='lat' dir='ltr'><strong>hoc</strong></span> <span class='ocrx_word' id='word_1_695' title='bbox 2556 2580 2735 2629; x_wconf 89' lang='lat' dir='ltr'><strong>autem</strong></span> <span class='ocrx_word' id='word_1_696' title='bbox 2754 2570 2928 2625; x_wconf 90' lang='lat' dir='ltr'><strong>solum</strong></span> <span class='ocrx_word' id='word_1_697' title='bbox 2946 2566 3273 2632; x_wconf 83' lang='lat' dir='ltr'><strong>ostenditur,</strong></span> <span class='ocrx_word' id='word_1_698' title='bbox 3291 2562 3387 2620; x_wconf 86' lang='lat' dir='ltr'><strong>sed</strong></span> <span class='ocrx_word' id='word_1_699' title='bbox 3407 2564 3569 2619; x_wconf 89' lang='lat' dir='ltr'><strong>etiam</strong></span> <span class='ocrx_word' id='word_1_700' title='bbox 3582 2558 3727 2633; x_wconf 91' lang='lat' dir='ltr'><strong>quod</strong></span> 
     </span>
    </p>
   </div>
   <div class='ocr_carea' id='block_1_87' title="bbox 2121 2655 3729 2728">
    <p class='ocr_par' dir='ltr' id='par_1_87' title="bbox 2121 2655 3729 2728">
     <span class='ocr_line' id='line_1_88' title="bbox 2121 2655 3729 2728; baseline -0.012 -2"><span class='ocrx_word' id='word_1_701' title='bbox 2121 2678 2335 2728; x_wconf 89' lang='lat' dir='ltr'><strong>nostras</strong></span> <span class='ocrx_word' id='word_1_702' title='bbox 2357 2664 2683 2723; x_wconf 89' lang='lat' dir='ltr'><strong>illuminavit</strong></span> <span class='ocrx_word' id='word_1_703' title='bbox 2708 2662 2939 2717; x_wconf 89' lang='lat' dir='ltr'><strong>animas.</strong></span> <span class='ocrx_word' id='word_1_704' title='bbox 2964 2659 3068 2713; x_wconf 82' lang='lat' dir='ltr'><strong>l’er</strong></span> <span class='ocrx_word' id='word_1_705' title='bbox 3095 2655 3441 2728; x_wconf 87' lang='lat' dir='ltr'><strong>splendorem</strong></span> <span class='ocrx_word' id='word_1_706' title='bbox 3487 2670 3619 2709; x_wconf 89' lang='lat' dir='ltr'><strong>vero</strong></span> <span class='ocrx_word' id='word_1_707' title='bbox 3639 2668 3729 2708; x_wconf 85' lang='lat' dir='ltr'><strong>cs-</strong></span> 
     </span>
    </p>
   </div>
   <div class='ocr_carea' id='block_1_88' title="bbox 2121 2746 3726 2829">
    <p class='ocr_par' dir='ltr' id='par_1_88' title="bbox 2121 2746 3726 2829">
     <span class='ocr_line' id='line_1_89' title="bbox 2121 2746 3726 2829; baseline -0.013 -10"><span class='ocrx_word' id='word_1_708' title='bbox 2121 2762 2313 2819; x_wconf 69' lang='lat' dir='ltr'><strong>sentixc</strong></span> <span class='ocrx_word' id='word_1_709' title='bbox 2347 2756 2711 2829; x_wconf 72' lang='lat' dir='ltr'><strong>mqualitatem</strong></span> <span class='ocrx_word' id='word_1_710' title='bbox 2739 2752 2997 2817; x_wconf 86' lang='lat' dir='ltr'><strong>ostendit,</strong></span> <span class='ocrx_word' id='word_1_711' title='bbox 3026 2758 3081 2805; x_wconf 93' lang='lat' dir='ltr'><strong>et</strong></span> <span class='ocrx_word' id='word_1_712' title='bbox 3110 2749 3227 2820; x_wconf 89' lang='lat' dir='ltr'><strong>ejus</strong></span> <span class='ocrx_word' id='word_1_713' title='bbox 3253 2762 3376 2804; x_wconf 91' lang='lat' dir='ltr'><strong>cum</strong></span> <span class='ocrx_word' id='word_1_714' title='bbox 3408 2746 3570 2802; x_wconf 91' lang='lat' dir='ltr'><strong>Patre</strong></span> <span class='ocrx_word' id='word_1_715' title='bbox 3596 2760 3726 2815; x_wconf 85' lang='lat' dir='ltr'><strong>pro-</strong></span> 
     </span>
    </p>
   </div>
   <div class='ocr_carea' id='block_1_89' title="bbox 2120 2836 3727 2927">
    <p class='ocr_par' dir='ltr' id='par_1_89' title="bbox 2120 2836 3727 2927">
     <span class='ocr_line' id='line_1_90' title="bbox 2120 2836 3727 2927; baseline -0.014 -15"><span class='ocrx_word' id='word_1_716' title='bbox 2120 2853 2496 2927; x_wconf 88' lang='lat' dir='ltr'><strong>pinquitatem.</strong></span> <span class='ocrx_word' id='word_1_717' title='bbox 2539 2846 2726 2919; x_wconf 90' lang='lat' dir='ltr'><strong>Cogita</strong></span> <span class='ocrx_word' id='word_1_718' title='bbox 2783 2843 3138 2901; x_wconf 88' lang='lat' dir='ltr'><strong>subtilitatem</strong></span> <span class='ocrx_word' id='word_1_719' title='bbox 3184 2854 3375 2897; x_wconf 90' lang='lat' dir='ltr'><strong>eorum</strong></span> <span class='ocrx_word' id='word_1_720' title='bbox 3416 2853 3537 2909; x_wconf 61' lang='lat' dir='ltr'><strong>quae</strong></span> <span class='ocrx_word' id='word_1_721' title='bbox 3583 2836 3727 2892; x_wconf 86' lang='lat' dir='ltr'><strong>dicta</strong></span> 
     </span>
    </p>
   </div>
   <div class='ocr_carea' id='block_1_90' title="bbox 2119 2929 3725 3012">
    <p class='ocr_par' dir='ltr' id='par_1_90' title="bbox 2119 2929 3725 3012">
     <span class='ocr_line' id='line_1_91' title="bbox 2119 2929 3725 3012; baseline -0.013 -8"><span class='ocrx_word' id='word_1_722' title='bbox 2119 2955 2274 3004; x_wconf 87' lang='lat' dir='ltr'><strong>sunt:</strong></span> <span class='ocrx_word' id='word_1_723' title='bbox 2290 2960 2450 3001; x_wconf 90' lang='lat' dir='ltr'><strong>unam</strong></span> <span class='ocrx_word' id='word_1_724' title='bbox 2474 2940 2684 3012; x_wconf 85' lang='lat' dir='ltr'><strong>accepit</strong></span> <span class='ocrx_word' id='word_1_725' title='bbox 2706 2937 3022 3000; x_wconf 86' lang='lat' dir='ltr'><strong>essentiam,</strong></span> <span class='ocrx_word' id='word_1_726' title='bbox 3043 2944 3097 2989; x_wconf 88' lang='lat' dir='ltr'><strong>et</strong></span> <span class='ocrx_word' id='word_1_727' title='bbox 3126 2932 3484 3006; x_wconf 89' lang='lat' dir='ltr'><strong>hypostasim,</strong></span> <span class='ocrx_word' id='word_1_728' title='bbox 3500 2929 3565 2984; x_wconf 92' lang='lat' dir='ltr'><strong>ad</strong></span> <span class='ocrx_word' id='word_1_729' title='bbox 3590 2930 3725 2984; x_wconf 86' lang='lat' dir='ltr'><strong>duas</strong></span> 
     </span>
    </p>
   </div>
   <div class='ocr_carea' id='block_1_91' title="bbox 2119 3022 3725 3105">
    <p class='ocr_par' dir='ltr' id='par_1_91' title="bbox 2119 3022 3725 3105">
     <span class='ocr_line' id='line_1_92' title="bbox 2119 3022 3725 3105; baseline -0.012 -10"><span class='ocrx_word' id='word_1_730' title='bbox 2119 3036 2481 3096; x_wconf 87' lang='lat' dir='ltr'><strong>ostendendas</strong></span> <span class='ocrx_word' id='word_1_731' title='bbox 2510 3035 2862 3105; x_wconf 85' lang='lat' dir='ltr'><strong>hypostases:</strong></span> <span class='ocrx_word' id='word_1_732' title='bbox 2894 3028 3034 3099; x_wconf 86' lang='lat' dir='ltr'><strong>quod</strong></span> <span class='ocrx_word' id='word_1_733' title='bbox 3063 3026 3227 3082; x_wconf 90' lang='lat' dir='ltr'><strong>etiam</strong></span> <span class='ocrx_word' id='word_1_734' title='bbox 3258 3024 3386 3080; x_wconf 80' lang='lat' dir='ltr'><strong>facit</strong></span> <span class='ocrx_word' id='word_1_735' title='bbox 3414 3024 3467 3079; x_wconf 91' lang='lat' dir='ltr'><strong>in</strong></span> <span class='ocrx_word' id='word_1_736' title='bbox 3500 3022 3725 3079; x_wconf 82' lang='lat' dir='ltr'><strong>scientia</strong></span> 
     </span>
    </p>
   </div>
   <div class='ocr_carea' id='block_1_92' title="bbox 2120 3114 3727 3202">
    <p class='ocr_par' dir='ltr' id='par_1_92' title="bbox 2120 3114 3727 3202">
     <span class='ocr_line' id='line_1_93' title="bbox 2120 3114 3727 3202; baseline -0.014 -13"><span class='ocrx_word' id='word_1_737' title='bbox 2120 3131 2372 3202; x_wconf 87' lang='lat' dir='ltr'><strong>Spiritus.</strong></span> <span class='ocrx_word' id='word_1_738' title='bbox 2405 3127 2471 3185; x_wconf 92' lang='lat' dir='ltr'><strong>Ut</strong></span> <span class='ocrx_word' id='word_1_739' title='bbox 2496 3127 2639 3183; x_wconf 90' lang='lat' dir='ltr'><strong>enim</strong></span> <span class='ocrx_word' id='word_1_740' title='bbox 2668 3123 2798 3178; x_wconf 91' lang='lat' dir='ltr'><strong>dicit</strong></span> <span class='ocrx_word' id='word_1_741' title='bbox 2824 3136 2984 3176; x_wconf 89' lang='lat' dir='ltr'><strong>unam</strong></span> <span class='ocrx_word' id='word_1_742' title='bbox 3018 3134 3139 3175; x_wconf 85' lang='lat' dir='ltr'><strong>esse</strong></span> <span class='ocrx_word' id='word_1_743' title='bbox 3166 3116 3449 3173; x_wconf 88' lang='lat' dir='ltr'><strong>scientiam</strong></span> <span class='ocrx_word' id='word_1_744' title='bbox 3474 3114 3649 3170; x_wconf 85' lang='lat' dir='ltr'><strong>Patris</strong></span> <span class='ocrx_word' id='word_1_745' title='bbox 3671 3122 3727 3170; x_wconf 90' lang='lat' dir='ltr'><strong>et</strong></span> 
     </span>
    </p>
   </div>
   <div class='ocr_carea' id='block_1_93' title="bbox 2122 3206 3729 3294">
    <p class='ocr_par' dir='ltr' id='par_1_93' title="bbox 2122 3206 3729 3294">
     <span class='ocr_line' id='line_1_94' title="bbox 2122 3206 3729 3294; baseline -0.011 -15"><span class='ocrx_word' id='word_1_746' title='bbox 2122 3222 2379 3294; x_wconf 86' lang='lat' dir='ltr'><strong>Spiritus,</strong></span> <span class='ocrx_word' id='word_1_747' title='bbox 2410 3228 2469 3275; x_wconf 91' lang='lat' dir='ltr'><strong>ut</strong></span> <span class='ocrx_word' id='word_1_748' title='bbox 2508 3232 2630 3290; x_wconf 79' lang='lat' dir='ltr'><strong>quae</strong></span> <span class='ocrx_word' id='word_1_749' title='bbox 2658 3231 2720 3272; x_wconf 89' lang='lat' dir='ltr'><strong>re</strong></span> <span class='ocrx_word' id='word_1_750' title='bbox 2749 3229 2875 3270; x_wconf 75' lang='lat' dir='ltr'><strong>vera</strong></span> <span class='ocrx_word' id='word_1_751' title='bbox 2928 3212 2998 3267; x_wconf 90' lang='lat' dir='ltr'><strong>sit</strong></span> <span class='ocrx_word' id='word_1_752' title='bbox 3026 3226 3162 3280; x_wconf 89' lang='lat' dir='ltr'><strong>una,</strong></span> <span class='ocrx_word' id='word_1_753' title='bbox 3182 3219 3237 3266; x_wconf 90' lang='lat' dir='ltr'><strong>et</strong></span> <span class='ocrx_word' id='word_1_754' title='bbox 3263 3224 3293 3264; x_wconf 89' lang='lat' dir='ltr'><strong>a</strong></span> <span class='ocrx_word' id='word_1_755' title='bbox 3325 3224 3384 3264; x_wconf 93' lang='lat' dir='ltr'><strong>se</strong></span> <span class='ocrx_word' id='word_1_756' title='bbox 3411 3208 3543 3262; x_wconf 88' lang='lat' dir='ltr'><strong>nihil</strong></span> <span class='ocrx_word' id='word_1_757' title='bbox 3573 3206 3729 3262; x_wconf 70' lang='lat' dir='ltr'><strong>dilic-</strong></span> 
     </span>
    </p>
   </div>
   <div class='ocr_carea' id='block_1_94' title="bbox 2121 3302 3725 3379">
    <p class='ocr_par' dir='ltr' id='par_1_94' title="bbox 2121 3302 3725 3379">
     <span class='ocr_line' id='line_1_95' title="bbox 2121 3302 3725 3379; baseline -0.011 -7"><span class='ocrx_word' id='word_1_758' title='bbox 2121 3326 2205 3372; x_wconf 88' lang='lat' dir='ltr'><strong>rat</strong></span> <span class='ocrx_word' id='word_1_759' title='bbox 2235 3335 2249 3373; x_wconf 89' lang='lat'><strong>:</strong></span> <span class='ocrx_word' id='word_1_760' title='bbox 2279 3316 2355 3371; x_wconf 87' lang='lat' dir='ltr'><strong>ita</strong></span> <span class='ocrx_word' id='word_1_761' title='bbox 2387 3314 2475 3371; x_wconf 92' lang='lat' dir='ltr'><strong>hic</strong></span> <span class='ocrx_word' id='word_1_762' title='bbox 2504 3312 2666 3368; x_wconf 85' lang='lat' dir='ltr'><strong>etiam</strong></span> <span class='ocrx_word' id='word_1_763' title='bbox 2697 3323 2862 3365; x_wconf 88' lang='lat' dir='ltr'><strong>unum</strong></span> <span class='ocrx_word' id='word_1_764' title='bbox 2896 3305 3168 3379; x_wconf 83' lang='lat' dir='ltr'><strong>quidpiam</strong></span> <span class='ocrx_word' id='word_1_765' title='bbox 3198 3302 3556 3373; x_wconf 83' lang='lat' dir='ltr'><strong>apprehendit</strong></span> <span class='ocrx_word' id='word_1_766' title='bbox 3598 3316 3725 3356; x_wconf 87' lang='lat' dir='ltr'><strong>ver-</strong></span> 
     </span>
    </p>
   </div>
   <div class='ocr_carea' id='block_1_95' title="bbox 2120 3394 3727 3477">
    <p class='ocr_par' dir='ltr' id='par_1_95' title="bbox 2120 3394 3727 3477">
     <span class='ocr_line' id='line_1_96' title="bbox 2120 3394 3727 3477; baseline -0.012 -11"><span class='ocrx_word' id='word_1_767' title='bbox 2120 3411 2246 3466; x_wconf 91' lang='lat' dir='ltr'><strong>bum</strong></span> <span class='ocrx_word' id='word_1_768' title='bbox 2264 3408 2331 3465; x_wconf 92' lang='lat' dir='ltr'><strong>ad</strong></span> <span class='ocrx_word' id='word_1_769' title='bbox 2358 3407 2586 3463; x_wconf 91' lang='lat' dir='ltr'><strong>duorum</strong></span> <span class='ocrx_word' id='word_1_770' title='bbox 2606 3405 2948 3477; x_wconf 88' lang='lat' dir='ltr'><strong>hypostases.</strong></span> <span class='ocrx_word' id='word_1_771' title='bbox 2967 3398 3169 3454; x_wconf 89' lang='lat' dir='ltr'><strong>Deinde</strong></span> <span class='ocrx_word' id='word_1_772' title='bbox 3188 3396 3484 3469; x_wconf 87' lang='lat' dir='ltr'><strong>subjunxit,</strong></span> <span class='ocrx_word' id='word_1_773' title='bbox 3508 3394 3571 3449; x_wconf 81' lang='lat' dir='ltr'><strong>Et</strong></span> <span class='ocrx_word' id='word_1_774' title='bbox 3603 3395 3727 3448; x_wconf 82' lang='lat' dir='ltr'><strong>cha-</strong></span> 
     </span>
    </p>
   </div>
   <div class='ocr_carea' id='block_1_96' title="bbox 2117 3490 3728 3573">
    <p class='ocr_par' dir='ltr' id='par_1_96' title="bbox 2117 3490 3728 3573">
     <span class='ocr_line' id='line_1_97' title="bbox 2117 3490 3728 3573; baseline -0.009 -15"><span class='ocrx_word' id='word_1_775' title='bbox 2117 3511 2282 3558; x_wconf 85' lang='lat' dir='ltr'><strong>racter</strong></span> <span class='ocrx_word' id='word_1_776' title='bbox 2307 3518 2397 3557; x_wconf 87' lang='lat' dir='ltr'><strong>seu</strong></span> <span class='ocrx_word' id='word_1_777' title='bbox 2425 3501 2616 3573; x_wconf 80' lang='lat' dir='ltr'><strong>figura.</strong></span> <span class='ocrx_word' id='word_1_778' title='bbox 2648 3498 2844 3568; x_wconf 83' lang='lat' dir='ltr'><strong>Figura</strong></span> <span class='ocrx_word' id='word_1_779' title='bbox 2870 3495 3012 3550; x_wconf 90' lang='lat' dir='ltr'><strong>cnim</strong></span> <span class='ocrx_word' id='word_1_780' title='bbox 3045 3509 3141 3548; x_wconf 92' lang='lat' dir='ltr'><strong>seu</strong></span> <span class='ocrx_word' id='word_1_781' title='bbox 3170 3492 3452 3547; x_wconf 87' lang='lat' dir='ltr'><strong>charaeter</strong></span> <span class='ocrx_word' id='word_1_782' title='bbox 3479 3500 3563 3545; x_wconf 90' lang='lat' dir='ltr'><strong>cst</strong></span> <span class='ocrx_word' id='word_1_783' title='bbox 3587 3490 3728 3545; x_wconf 89' lang='lat' dir='ltr'><strong>alius</strong></span> 
     </span>
    </p>
   </div>
   <div class='ocr_carea' id='block_1_97' title="bbox 2117 3584 3722 3665">
    <p class='ocr_par' dir='ltr' id='par_1_97' title="bbox 2117 3584 3722 3665">
     <span class='ocr_line' id='line_1_98' title="bbox 2117 3584 3722 3665; baseline -0.009 -13"><span class='ocrx_word' id='word_1_784' title='bbox 2117 3598 2186 3653; x_wconf 91' lang='lat' dir='ltr'><strong>ab</strong></span> <span class='ocrx_word' id='word_1_785' title='bbox 2217 3593 2513 3665; x_wconf 87' lang='lat' dir='ltr'><strong>exemplari</strong></span> <span class='ocrx_word' id='word_1_786' title='bbox 2548 3599 2865 3663; x_wconf 82' lang='lat' dir='ltr'><strong>protmypo;</strong></span> <span class='ocrx_word' id='word_1_787' title='bbox 2910 3588 3050 3643; x_wconf 91' lang='lat' dir='ltr'><strong>alius</strong></span> <span class='ocrx_word' id='word_1_788' title='bbox 3079 3597 3259 3642; x_wconf 91' lang='lat' dir='ltr'><strong>autem</strong></span> <span class='ocrx_word' id='word_1_789' title='bbox 3308 3599 3414 3639; x_wconf 91' lang='lat' dir='ltr'><strong>non</strong></span> <span class='ocrx_word' id='word_1_790' title='bbox 3461 3584 3683 3639; x_wconf 90' lang='lat' dir='ltr'><strong>omnino</strong></span> <span class='ocrx_word' id='word_1_791' title='bbox 3706 3626 3722 3649; x_wconf 93' lang='lat'><strong>,</strong></span> 
     </span>
    </p>
   </div>
   <div class='ocr_carea' id='block_1_98' title="bbox 2118 3675 3725 3756">
    <p class='ocr_par' dir='ltr' id='par_1_98' title="bbox 2118 3675 3725 3756">
     <span class='ocr_line' id='line_1_99' title="bbox 2118 3675 3725 3756; baseline -0.011 -12"><span class='ocrx_word' id='word_1_792' title='bbox 2118 3687 2215 3744; x_wconf 88' lang='lat' dir='ltr'><strong>sed</strong></span> <span class='ocrx_word' id='word_1_793' title='bbox 2240 3687 2293 3742; x_wconf 91' lang='lat' dir='ltr'><strong>in</strong></span> <span class='ocrx_word' id='word_1_794' title='bbox 2323 3701 2389 3743; x_wconf 89' lang='lat' dir='ltr'><strong>eo</strong></span> <span class='ocrx_word' id='word_1_795' title='bbox 2410 3684 2553 3756; x_wconf 90' lang='lat' dir='ltr'><strong>quod</strong></span> <span class='ocrx_word' id='word_1_796' title='bbox 2581 3682 2771 3737; x_wconf 88' lang='lat' dir='ltr'><strong>attinet</strong></span> <span class='ocrx_word' id='word_1_797' title='bbox 2787 3681 2853 3735; x_wconf 88' lang='lat' dir='ltr'><strong>ad</strong></span> <span class='ocrx_word' id='word_1_798' title='bbox 2880 3679 3212 3752; x_wconf 86' lang='lat' dir='ltr'><strong>hypostasin.</strong></span> <span class='ocrx_word' id='word_1_799' title='bbox 3245 3676 3376 3732; x_wconf 86' lang='lat' dir='ltr'><strong>Nam</strong></span> <span class='ocrx_word' id='word_1_800' title='bbox 3398 3675 3485 3731; x_wconf 92' lang='lat' dir='ltr'><strong>hic</strong></span> <span class='ocrx_word' id='word_1_801' title='bbox 3512 3692 3725 3746; x_wconf 85' lang='lat' dir='ltr'><strong>quoque</strong></span> 
     </span>
    </p>
   </div>
   <div class='ocr_carea' id='block_1_99' title="bbox 2116 3770 3723 3839">
    <p class='ocr_par' dir='ltr' id='par_1_99' title="bbox 2116 3770 3723 3839">
     <span class='ocr_line' id='line_1_100' title="bbox 2116 3770 3723 3839; baseline -0.009 0"><span class='ocrx_word' id='word_1_802' title='bbox 2116 3782 2399 3839; x_wconf 87' lang='lat' dir='ltr'><strong>character</strong></span> <span class='ocrx_word' id='word_1_803' title='bbox 2443 3776 2681 3835; x_wconf 78' lang='lat' dir='ltr'><strong>ostendit</strong></span> <span class='ocrx_word' id='word_1_804' title='bbox 2743 3776 2946 3830; x_wconf 89' lang='lat' dir='ltr'><strong>nullam</strong></span> <span class='ocrx_word' id='word_1_805' title='bbox 2993 3788 3115 3830; x_wconf 86' lang='lat' dir='ltr'><strong>esse</strong></span> <span class='ocrx_word' id='word_1_806' title='bbox 3163 3772 3576 3833; x_wconf 79' lang='lat' dir='ltr'><strong>diversitatem,</strong></span> <span class='ocrx_word' id='word_1_807' title='bbox 3627 3770 3723 3825; x_wconf 87' lang='lat' dir='ltr'><strong>sed</strong></span> 
     </span>
    </p>
   </div>
   <div class='ocr_carea' id='block_1_100' title="bbox 2120 3864 3723 3945">
    <p class='ocr_par' dir='ltr' id='par_1_100' title="bbox 2120 3864 3723 3945">
     <span class='ocr_line' id='line_1_101' title="bbox 2120 3864 3723 3945; baseline -0.006 -18"><span class='ocrx_word' id='word_1_808' title='bbox 2120 3874 2277 3945; x_wconf 83' lang='lat' dir='ltr'><strong>plane</strong></span> <span class='ocrx_word' id='word_1_809' title='bbox 2304 3873 2356 3928; x_wconf 93' lang='lat' dir='ltr'><strong>in</strong></span> <span class='ocrx_word' id='word_1_810' title='bbox 2388 3870 2642 3927; x_wconf 89' lang='lat' dir='ltr'><strong>omnibus</strong></span> <span class='ocrx_word' id='word_1_811' title='bbox 2672 3867 2967 3940; x_wconf 80' lang='lat' dir='ltr'><strong>perfectam</strong></span> <span class='ocrx_word' id='word_1_812' title='bbox 2998 3864 3411 3920; x_wconf 89' lang='lat' dir='ltr'><strong>similitudinem</strong></span> <span class='ocrx_word' id='word_1_813' title='bbox 3440 3864 3555 3933; x_wconf 88' lang='lat' dir='ltr'><strong>ejus</strong></span> <span class='ocrx_word' id='word_1_814' title='bbox 3575 3904 3591 3929; x_wconf 96' lang='lat'><strong>,</strong></span> <span class='ocrx_word' id='word_1_815' title='bbox 3625 3878 3723 3917; x_wconf 94' lang='lat' dir='ltr'><strong>cu-</strong></span> 
     </span>
    </p>
   </div>
   <div class='ocr_carea' id='block_1_101' title="bbox 2110 3958 3727 4037">
    <p class='ocr_par' dir='ltr' id='par_1_101' title="bbox 2110 3958 3727 4037">
     <span class='ocr_line' id='line_1_102' title="bbox 2110 3958 3727 4037; baseline -0.006 -16"><span class='ocrx_word' id='word_1_816' title='bbox 2110 3966 2201 4037; x_wconf 90' lang='lat' dir='ltr'><strong>jus</strong></span> <span class='ocrx_word' id='word_1_817' title='bbox 2240 3974 2323 4021; x_wconf 88' lang='lat' dir='ltr'><strong>est</strong></span> <span class='ocrx_word' id='word_1_818' title='bbox 2358 3963 2640 4019; x_wconf 87' lang='lat' dir='ltr'><strong>character</strong></span> <span class='ocrx_word' id='word_1_819' title='bbox 2670 3972 2724 4017; x_wconf 89' lang='lat' dir='ltr'><strong>et</strong></span> <span class='ocrx_word' id='word_1_820' title='bbox 2753 3961 2943 4032; x_wconf 82' lang='lat' dir='ltr'><strong>ﬁgura.</strong></span> <span class='ocrx_word' id='word_1_821' title='bbox 2991 3959 3126 4013; x_wconf 91' lang='lat' dir='ltr'><strong>Cum</strong></span> <span class='ocrx_word' id='word_1_822' title='bbox 3171 3973 3304 4029; x_wconf 90' lang='lat' dir='ltr'><strong>ergo</strong></span> <span class='ocrx_word' id='word_1_823' title='bbox 3350 3958 3523 4028; x_wconf 91' lang='lat' dir='ltr'><strong>ipsum</strong></span> <span class='ocrx_word' id='word_1_824' title='bbox 3570 3966 3727 4011; x_wconf 77' lang='lat' dir='ltr'><strong>vocet</strong></span> 
     </span>
    </p>
   </div>
   <div class='ocr_carea' id='block_1_102' title="bbox 2116 4050 3691 4123">
    <p class='ocr_par' dir='ltr' id='par_1_102' title="bbox 2116 4050 3691 4123">
     <span class='ocr_line' id='line_1_103' title="bbox 2116 4050 3691 4123; baseline -0.008 -7"><span class='ocrx_word' id='word_1_825' title='bbox 2116 4060 2344 4116; x_wconf 79' lang='lat' dir='ltr'><strong>formam</strong></span> <span class='ocrx_word' id='word_1_826' title='bbox 2371 4068 2425 4113; x_wconf 89' lang='lat' dir='ltr'><strong>et</strong></span> <span class='ocrx_word' id='word_1_827' title='bbox 2451 4058 2821 4112; x_wconf 83' lang='lat' dir='ltr'><strong>characterem</strong></span> <span class='ocrx_word' id='word_1_828' title='bbox 2844 4095 2857 4118; x_wconf 92' lang='lat'><strong>,</strong></span> <span class='ocrx_word' id='word_1_829' title='bbox 2892 4054 3022 4123; x_wconf 89' lang='lat' dir='ltr'><strong>quid</strong></span> <span class='ocrx_word' id='word_1_830' title='bbox 3067 4052 3282 4107; x_wconf 89' lang='lat' dir='ltr'><strong>dicent?</strong></span> <span class='ocrx_word' id='word_1_831' title='bbox 3311 4054 3381 4105; x_wconf 86' lang='lat' dir='ltr'><strong>At</strong></span> <span class='ocrx_word' id='word_1_832' title='bbox 3413 4051 3606 4115; x_wconf 90' lang='lat' dir='ltr'><strong>homo,</strong></span> <span class='ocrx_word' id='word_1_833' title='bbox 3637 4050 3691 4104; x_wconf 86' lang='lat' dir='ltr'><strong>in</strong></span> 
     </span>
    </p>
   </div>
   <div class='ocr_carea' id='block_1_103' title="bbox 2117 4140 3721 4225">
    <p class='ocr_par' dir='ltr' id='par_1_103' title="bbox 2117 4140 3721 4225">
     <span class='ocr_line' id='line_1_104' title="bbox 2117 4140 3721 4225; baseline -0.009 -16"><span class='ocrx_word' id='word_1_834' title='bbox 2117 4154 2253 4225; x_wconf 90' lang='lat' dir='ltr'><strong>quit,</strong></span> <span class='ocrx_word' id='word_1_835' title='bbox 2282 4153 2460 4207; x_wconf 86' lang='lat' dir='ltr'><strong>dictus</strong></span> <span class='ocrx_word' id='word_1_836' title='bbox 2485 4158 2568 4206; x_wconf 90' lang='lat' dir='ltr'><strong>est</strong></span> <span class='ocrx_word' id='word_1_837' title='bbox 2594 4149 2761 4204; x_wconf 89' lang='lat' dir='ltr'><strong>etiam</strong></span> <span class='ocrx_word' id='word_1_838' title='bbox 2798 4146 2977 4216; x_wconf 83' lang='lat' dir='ltr'><strong>imago</strong></span> <span class='ocrx_word' id='word_1_839' title='bbox 3007 4143 3163 4216; x_wconf 78' lang='lat' dir='ltr'><strong>(Gen.</strong></span> <span class='ocrx_word' id='word_1_840' title='bbox 3195 4145 3246 4199; x_wconf 80' lang='grc'><strong>1.</strong></span> <span class='ocrx_word' id='word_1_841' title='bbox 3276 4142 3373 4213; x_wconf 75' lang='grc'><strong>26)</strong></span> <span class='ocrx_word' id='word_1_842' title='bbox 3445 4140 3721 4215; x_wconf 77' lang='lat' dir='ltr'><strong>imaginis.</strong></span> 
     </span>
    </p>
   </div>
   <div class='ocr_carea' id='block_1_104' title="bbox 2117 4245 3724 4321">
    <p class='ocr_par' dir='ltr' id='par_1_104' title="bbox 2117 4245 3724 4321">
     <span class='ocr_line' id='line_1_105' title="bbox 2117 4245 3724 4321; baseline -0.001 -18"><span class='ocrx_word' id='word_1_843' title='bbox 2117 4247 2255 4316; x_wconf 75' lang='lat' dir='ltr'><strong>Quid</strong></span> <span class='ocrx_word' id='word_1_844' title='bbox 2286 4249 2455 4304; x_wconf 84' lang='lat' dir='ltr'><strong>vero?</strong></span> <span class='ocrx_word' id='word_1_845' title='bbox 2483 4264 2610 4302; x_wconf 91' lang='lat' dir='ltr'><strong>num</strong></span> <span class='ocrx_word' id='word_1_846' title='bbox 2639 4249 2711 4303; x_wconf 92' lang='lat' dir='ltr'><strong>ita</strong></span> <span class='ocrx_word' id='word_1_847' title='bbox 2744 4260 2800 4305; x_wconf 90' lang='lat' dir='ltr'><strong>ut</strong></span> <span class='ocrx_word' id='word_1_848' title='bbox 2830 4249 3043 4304; x_wconf 88' lang='lat' dir='ltr'><strong>Filius?</strong></span> <span class='ocrx_word' id='word_1_849' title='bbox 3069 4245 3210 4315; x_wconf 80' lang='lat' dir='ltr'><strong>Non,</strong></span> <span class='ocrx_word' id='word_1_850' title='bbox 3235 4248 3435 4320; x_wconf 87' lang='lat' dir='ltr'><strong>inquit,</strong></span> <span class='ocrx_word' id='word_1_851' title='bbox 3453 4246 3549 4303; x_wconf 86' lang='lat' dir='ltr'><strong>sed</strong></span> <span class='ocrx_word' id='word_1_852' title='bbox 3568 4248 3724 4321; x_wconf 86' lang='lat' dir='ltr'><strong>quod</strong></span> 
     </span>
    </p>
   </div>
   <div class='ocr_carea' id='block_1_105' title="bbox 2118 4340 3724 4412">
    <p class='ocr_par' dir='ltr' id='par_1_105' title="bbox 2118 4340 3724 4412">
     <span class='ocr_line' id='line_1_106' title="bbox 2118 4340 3724 4412; baseline -0.001 -17"><span class='ocrx_word' id='word_1_853' title='bbox 2118 4340 2295 4412; x_wconf 85' lang='lat' dir='ltr'><strong>imago</strong></span> <span class='ocrx_word' id='word_1_854' title='bbox 2332 4356 2440 4396; x_wconf 88' lang='lat' dir='ltr'><strong>non</strong></span> <span class='ocrx_word' id='word_1_855' title='bbox 2482 4340 2737 4397; x_wconf 88' lang='lat' dir='ltr'><strong>ostendat</strong></span> <span class='ocrx_word' id='word_1_856' title='bbox 2766 4340 3202 4397; x_wconf 90' lang='lat' dir='ltr'><strong>similitudinem.</strong></span> <span class='ocrx_word' id='word_1_857' title='bbox 3250 4341 3412 4410; x_wconf 82' lang='lat' dir='ltr'><strong>Atqui</strong></span> <span class='ocrx_word' id='word_1_858' title='bbox 3459 4349 3724 4411; x_wconf 86' lang='lat' dir='ltr'><strong>quatenus</strong></span> 
     </span>
    </p>
   </div>
   <div class='ocr_carea' id='block_1_106' title="bbox 2116 4433 3721 4507">
    <p class='ocr_par' dir='ltr' id='par_1_106' title="bbox 2116 4433 3721 4507">
     <span class='ocr_line' id='line_1_107' title="bbox 2116 4433 3721 4507; baseline -0.001 -16"><span class='ocrx_word' id='word_1_859' title='bbox 2116 4433 2281 4491; x_wconf 88' lang='lat' dir='ltr'><strong>homo</strong></span> <span class='ocrx_word' id='word_1_860' title='bbox 2311 4434 2488 4491; x_wconf 90' lang='lat' dir='ltr'><strong>dictus</strong></span> <span class='ocrx_word' id='word_1_861' title='bbox 2514 4445 2600 4491; x_wconf 91' lang='lat' dir='ltr'><strong>est</strong></span> <span class='ocrx_word' id='word_1_862' title='bbox 2625 4435 2835 4507; x_wconf 88' lang='lat' dir='ltr'><strong>imago,</strong></span> <span class='ocrx_word' id='word_1_863' title='bbox 2866 4435 3107 4492; x_wconf 90' lang='lat' dir='ltr'><strong>ostendit</strong></span> <span class='ocrx_word' id='word_1_864' title='bbox 3134 4434 3548 4490; x_wconf 90' lang='lat' dir='ltr'><strong>similitudinem</strong></span> <span class='ocrx_word' id='word_1_865' title='bbox 3580 4447 3639 4491; x_wconf 90' lang='lat' dir='ltr'><strong>ut</strong></span> <span class='ocrx_word' id='word_1_866' title='bbox 3666 4435 3721 4489; x_wconf 89' lang='lat' dir='ltr'><strong>in</strong></span> 
     </span>
    </p>
   </div>
   <div class='ocr_carea' id='block_1_107' title="bbox 2116 4524 3721 4599">
    <p class='ocr_par' dir='ltr' id='par_1_107' title="bbox 2116 4524 3721 4599">
     <span class='ocr_line' id='line_1_108' title="bbox 2116 4524 3721 4599; baseline 0.001 -19"><span class='ocrx_word' id='word_1_867' title='bbox 2116 4524 2355 4582; x_wconf 91' lang='lat' dir='ltr'><strong>homine.</strong></span> <span class='ocrx_word' id='word_1_868' title='bbox 2391 4526 2523 4581; x_wconf 83' lang='lat' dir='ltr'><strong>Nam</strong></span> <span class='ocrx_word' id='word_1_869' title='bbox 2545 4527 2689 4599; x_wconf 85' lang='lat' dir='ltr'><strong>quod</strong></span> <span class='ocrx_word' id='word_1_870' title='bbox 2715 4528 2858 4584; x_wconf 90' lang='lat' dir='ltr'><strong>Deus</strong></span> <span class='ocrx_word' id='word_1_871' title='bbox 2880 4538 2962 4583; x_wconf 90' lang='lat' dir='ltr'><strong>est</strong></span> <span class='ocrx_word' id='word_1_872' title='bbox 2989 4528 3040 4583; x_wconf 92' lang='lat' dir='ltr'><strong>in</strong></span> <span class='ocrx_word' id='word_1_873' title='bbox 3066 4526 3221 4595; x_wconf 71' lang='lat' dir='ltr'><strong>caalo,</strong></span> <span class='ocrx_word' id='word_1_874' title='bbox 3253 4526 3356 4583; x_wconf 93' lang='lat' dir='ltr'><strong>hoc</strong></span> <span class='ocrx_word' id='word_1_875' title='bbox 3379 4537 3463 4584; x_wconf 89' lang='lat' dir='ltr'><strong>est</strong></span> <span class='ocrx_word' id='word_1_876' title='bbox 3483 4527 3648 4584; x_wconf 93' lang='lat' dir='ltr'><strong>homo</strong></span> <span class='ocrx_word' id='word_1_877' title='bbox 3668 4528 3721 4581; x_wconf 89' lang='lat' dir='ltr'><strong>in</strong></span> 
     </span>
    </p>
   </div>
   <div class='ocr_carea' id='block_1_108' title="bbox 2117 4619 3726 4693">
    <p class='ocr_par' dir='ltr' id='par_1_108' title="bbox 2117 4619 3726 4693">
     <span class='ocr_line' id='line_1_109' title="bbox 2117 4619 3726 4693; baseline 0.001 -21"><span class='ocrx_word' id='word_1_878' title='bbox 2117 4628 2282 4685; x_wconf 89' lang='lat' dir='ltr'><strong>terra,</strong></span> <span class='ocrx_word' id='word_1_879' title='bbox 2308 4619 2475 4690; x_wconf 79' lang='lat' dir='ltr'><strong>quod,</strong></span> <span class='ocrx_word' id='word_1_880' title='bbox 2506 4620 2747 4691; x_wconf 89' lang='lat' dir='ltr'><strong>inquam,</strong></span> <span class='ocrx_word' id='word_1_881' title='bbox 2776 4621 2971 4677; x_wconf 81' lang='lat' dir='ltr'><strong>attinet</strong></span> <span class='ocrx_word' id='word_1_882' title='bbox 2992 4621 3059 4677; x_wconf 91' lang='lat' dir='ltr'><strong>ad</strong></span> <span class='ocrx_word' id='word_1_883' title='bbox 3082 4622 3443 4693; x_wconf 88' lang='lat' dir='ltr'><strong>principatum</strong></span> <span class='ocrx_word' id='word_1_884' title='bbox 3471 4638 3483 4674; x_wconf 93' lang='lat'>:</span> <span class='ocrx_word' id='word_1_885' title='bbox 3509 4630 3562 4676; x_wconf 90' lang='lat' dir='ltr'><strong>et</strong></span> <span class='ocrx_word' id='word_1_886' title='bbox 3583 4621 3726 4675; x_wconf 86' lang='lat' dir='ltr'><strong>sicut</strong></span> 
     </span>
    </p>
   </div>
   <div class='ocr_carea' id='block_1_109' title="bbox 2115 4709 3724 4784">
    <p class='ocr_par' dir='ltr' id='par_1_109' title="bbox 2115 4709 3724 4784">
     <span class='ocr_line' id='line_1_110' title="bbox 2115 4709 3724 4784; baseline 0.004 -21"><span class='ocrx_word' id='word_1_887' title='bbox 2115 4709 2278 4766; x_wconf 92' lang='lat' dir='ltr'><strong>homo</strong></span> <span class='ocrx_word' id='word_1_888' title='bbox 2320 4711 2657 4768; x_wconf 87' lang='lat' dir='ltr'><strong>dominatum</strong></span> <span class='ocrx_word' id='word_1_889' title='bbox 2703 4714 2914 4769; x_wconf 88' lang='lat' dir='ltr'><strong>obtinet</strong></span> <span class='ocrx_word' id='word_1_890' title='bbox 2952 4714 3006 4769; x_wconf 94' lang='lat' dir='ltr'><strong>in</strong></span> <span class='ocrx_word' id='word_1_891' title='bbox 3038 4713 3291 4769; x_wconf 92' lang='lat' dir='ltr'><strong>omnibus</strong></span> <span class='ocrx_word' id='word_1_892' title='bbox 3338 4729 3458 4784; x_wconf 72' lang='lat' dir='ltr'><strong>qua:</strong></span> <span class='ocrx_word' id='word_1_893' title='bbox 3500 4722 3629 4769; x_wconf 87' lang='lat' dir='ltr'><strong>sunt</strong></span> <span class='ocrx_word' id='word_1_894' title='bbox 3670 4714 3724 4768; x_wconf 92' lang='lat' dir='ltr'><strong>in</strong></span> 
     </span>
    </p>
   </div>
   <div class='ocr_carea' id='block_1_110' title="bbox 2115 4803 3725 4875">
    <p class='ocr_par' dir='ltr' id='par_1_110' title="bbox 2115 4803 3725 4875">
     <span class='ocr_line' id='line_1_111' title="bbox 2115 4803 3725 4875; baseline 0.002 -19"><span class='ocrx_word' id='word_1_895' title='bbox 2115 4812 2280 4870; x_wconf 87' lang='lat' dir='ltr'><strong>terra,</strong></span> <span class='ocrx_word' id='word_1_896' title='bbox 2314 4803 2386 4859; x_wconf 91' lang='lat' dir='ltr'><strong>ita</strong></span> <span class='ocrx_word' id='word_1_897' title='bbox 2434 4805 2576 4860; x_wconf 90' lang='lat' dir='ltr'><strong>Deus</strong></span> <span class='ocrx_word' id='word_1_898' title='bbox 2615 4804 2953 4860; x_wconf 87' lang='lat' dir='ltr'><strong>dominatum</strong></span> <span class='ocrx_word' id='word_1_899' title='bbox 2999 4805 3208 4861; x_wconf 88' lang='lat' dir='ltr'><strong>obtinet</strong></span> <span class='ocrx_word' id='word_1_900' title='bbox 3243 4808 3294 4860; x_wconf 93' lang='lat' dir='ltr'><strong>in</strong></span> <span class='ocrx_word' id='word_1_901' title='bbox 3324 4804 3577 4860; x_wconf 88' lang='lat' dir='ltr'><strong>omnibus</strong></span> <span class='ocrx_word' id='word_1_902' title='bbox 3602 4820 3725 4875; x_wconf 80' lang='lat' dir='ltr'><strong>quae</strong></span> 
     </span>
    </p>
   </div>
   <div class='ocr_carea' id='block_1_111' title="bbox 2113 4894 3726 4953">
    <p class='ocr_par' dir='ltr' id='par_1_111' title="bbox 2113 4894 3726 4953">
     <span class='ocr_line' id='line_1_112' title="bbox 2113 4894 3726 4953; baseline 0.002 -5"><span class='ocrx_word' id='word_1_903' title='bbox 2113 4902 2239 4949; x_wconf 84' lang='lat' dir='ltr'><strong>sunt</strong></span> <span class='ocrx_word' id='word_1_904' title='bbox 2268 4895 2320 4950; x_wconf 96' lang='lat' dir='ltr'><strong>in</strong></span> <span class='ocrx_word' id='word_1_905' title='bbox 2363 4894 2498 4951; x_wconf 62' lang='lat' dir='ltr'><strong>caelo</strong></span> <span class='ocrx_word' id='word_1_906' title='bbox 2536 4904 2593 4951; x_wconf 89' lang='lat' dir='ltr'><strong>et</strong></span> <span class='ocrx_word' id='word_1_907' title='bbox 2623 4895 2676 4952; x_wconf 92' lang='lat' dir='ltr'><strong>in</strong></span> <span class='ocrx_word' id='word_1_908' title='bbox 2711 4906 2875 4953; x_wconf 90' lang='lat' dir='ltr'><strong>terra.</strong></span> <span class='ocrx_word' id='word_1_909' title='bbox 2902 4896 3177 4953; x_wconf 65' lang='lat' dir='ltr'><strong>Caeterum</strong></span> <span class='ocrx_word' id='word_1_910' title='bbox 3204 4896 3369 4953; x_wconf 93' lang='lat' dir='ltr'><strong>homo</strong></span> <span class='ocrx_word' id='word_1_911' title='bbox 3398 4911 3506 4951; x_wconf 87' lang='lat' dir='ltr'><strong>non</strong></span> <span class='ocrx_word' id='word_1_912' title='bbox 3547 4896 3726 4951; x_wconf 87' lang='lat' dir='ltr'><strong>dictus</strong></span> 
     </span>
    </p>
   </div>
   <div class='ocr_carea' id='block_1_112' title="bbox 2114 4987 3725 5061">
    <p class='ocr_par' dir='ltr' id='par_1_112' title="bbox 2114 4987 3725 5061">
     <span class='ocr_line' id='line_1_113' title="bbox 2114 4987 3725 5061; baseline 0.001 -20"><span class='ocrx_word' id='word_1_913' title='bbox 2114 4987 2213 5043; x_wconf 85' lang='lat' dir='ltr'><strong>fuit</strong></span> <span class='ocrx_word' id='word_1_914' title='bbox 2238 4990 2521 5045; x_wconf 88' lang='lat' dir='ltr'><strong>character</strong></span> <span class='ocrx_word' id='word_1_915' title='bbox 2544 5030 2561 5055; x_wconf 93' lang='lat'><strong>,</strong></span> <span class='ocrx_word' id='word_1_916' title='bbox 2607 5007 2713 5045; x_wconf 90' lang='lat' dir='ltr'><strong>non</strong></span> <span class='ocrx_word' id='word_1_917' title='bbox 2744 4990 2924 5046; x_wconf 90' lang='lat' dir='ltr'><strong>dictus</strong></span> <span class='ocrx_word' id='word_1_918' title='bbox 2963 4990 3063 5045; x_wconf 83' lang='lat' dir='ltr'><strong>fuit</strong></span> <span class='ocrx_word' id='word_1_919' title='bbox 3092 4990 3371 5061; x_wconf 75' lang='lat' dir='ltr'><strong>Splendor,</strong></span> <span class='ocrx_word' id='word_1_920' title='bbox 3410 5004 3516 5044; x_wconf 91' lang='lat' dir='ltr'><strong>non</strong></span> <span class='ocrx_word' id='word_1_921' title='bbox 3548 4988 3725 5045; x_wconf 91' lang='lat' dir='ltr'><strong>dictus</strong></span> 
     </span>
    </p>
   </div>
   <div class='ocr_carea' id='block_1_113' title="bbox 2114 5081 3723 5156">
    <p class='ocr_par' dir='ltr' id='par_1_113' title="bbox 2114 5081 3723 5156">
     <span class='ocr_line' id='line_1_114' title="bbox 2114 5081 3723 5156; baseline 0.002 -21"><span class='ocrx_word' id='word_1_922' title='bbox 2114 5081 2213 5137; x_wconf 79' lang='lat' dir='ltr'><strong>fuit</strong></span> <span class='ocrx_word' id='word_1_923' title='bbox 2239 5081 2410 5139; x_wconf 80' lang='lat' dir='ltr'><strong>forma</strong></span> <span class='ocrx_word' id='word_1_924' title='bbox 2446 5102 2460 5139; x_wconf 90' lang='lat'><strong>:</strong></span> <span class='ocrx_word' id='word_1_925' title='bbox 2492 5084 2635 5155; x_wconf 91' lang='lat' dir='ltr'><strong>quod</strong></span> <span class='ocrx_word' id='word_1_926' title='bbox 2663 5083 2882 5156; x_wconf 88' lang='lat' dir='ltr'><strong>quidem</strong></span> <span class='ocrx_word' id='word_1_927' title='bbox 2914 5084 3118 5138; x_wconf 90' lang='lat' dir='ltr'><strong>indicat</strong></span> <span class='ocrx_word' id='word_1_928' title='bbox 3145 5084 3478 5150; x_wconf 88' lang='lat' dir='ltr'><strong>essentiam,</strong></span> <span class='ocrx_word' id='word_1_929' title='bbox 3525 5092 3620 5139; x_wconf 90' lang='lat' dir='ltr'><strong>aut</strong></span> <span class='ocrx_word' id='word_1_930' title='bbox 3645 5083 3723 5139; x_wconf 85' lang='lat' dir='ltr'><strong>si-</strong></span> 
     </span>
    </p>
   </div>
   <div class='ocr_carea' id='block_1_114' title="bbox 2113 5176 3722 5249">
    <p class='ocr_par' dir='ltr' id='par_1_114' title="bbox 2113 5176 3722 5249">
     <span class='ocr_line' id='line_1_115' title="bbox 2113 5176 3722 5249; baseline 0.002 -21"><span class='ocrx_word' id='word_1_931' title='bbox 2113 5176 2476 5233; x_wconf 87' lang='lat' dir='ltr'><strong>militudinem</strong></span> <span class='ocrx_word' id='word_1_932' title='bbox 2504 5194 2625 5246; x_wconf 80' lang='lat' dir='ltr'><strong>quae</strong></span> <span class='ocrx_word' id='word_1_933' title='bbox 2667 5188 2750 5233; x_wconf 90' lang='lat' dir='ltr'><strong>est</strong></span> <span class='ocrx_word' id='word_1_934' title='bbox 2792 5178 2843 5231; x_wconf 93' lang='lat' dir='ltr'><strong>in</strong></span> <span class='ocrx_word' id='word_1_935' title='bbox 2887 5176 3147 5232; x_wconf 87' lang='lat' dir='ltr'><strong>essentia.</strong></span> <span class='ocrx_word' id='word_1_936' title='bbox 3195 5176 3347 5231; x_wconf 86' lang='lat' dir='ltr'><strong>Sicut</strong></span> <span class='ocrx_word' id='word_1_937' title='bbox 3374 5192 3506 5249; x_wconf 84' lang='lat' dir='ltr'><strong>ergo</strong></span> <span class='ocrx_word' id='word_1_938' title='bbox 3549 5177 3722 5234; x_wconf 75' lang='lat' dir='ltr'><strong>forma</strong></span> 
     </span>
    </p>
   </div>
   <div class='ocr_carea' id='block_1_115' title="bbox 2112 5270 3723 5341">
    <p class='ocr_par' dir='ltr' id='par_1_115' title="bbox 2112 5270 3723 5341">
     <span class='ocr_line' id='line_1_116' title="bbox 2112 5270 3723 5341; baseline 0.001 -16"><span class='ocrx_word' id='word_1_939' title='bbox 2112 5270 2253 5325; x_wconf 84' lang='lat' dir='ltr'><strong>servi</strong></span> <span class='ocrx_word' id='word_1_940' title='bbox 2284 5271 2418 5325; x_wconf 90' lang='lat' dir='ltr'><strong>nihil</strong></span> <span class='ocrx_word' id='word_1_941' title='bbox 2464 5270 2609 5325; x_wconf 90' lang='lat' dir='ltr'><strong>aliud</strong></span> <span class='ocrx_word' id='word_1_942' title='bbox 2656 5271 2933 5339; x_wconf 89' lang='lat' dir='ltr'><strong>exprimit,</strong></span> <span class='ocrx_word' id='word_1_943' title='bbox 2975 5285 3136 5341; x_wconf 87' lang='lat' dir='ltr'><strong>quam</strong></span> <span class='ocrx_word' id='word_1_944' title='bbox 3184 5270 3457 5326; x_wconf 90' lang='lat' dir='ltr'><strong>hominem</strong></span> <span class='ocrx_word' id='word_1_945' title='bbox 3489 5271 3541 5327; x_wconf 93' lang='lat' dir='ltr'><strong>in</strong></span> <span class='ocrx_word' id='word_1_946' title='bbox 3573 5271 3723 5327; x_wconf 88' lang='lat' dir='ltr'><strong>nullo</strong></span> 
     </span>
    </p>
   </div>
   <div class='ocr_carea' id='block_1_116' title="bbox 2109 5365 3726 5438">
    <p class='ocr_par' dir='ltr' id='par_1_116' title="bbox 2109 5365 3726 5438">
     <span class='ocr_line' id='line_1_117' title="bbox 2109 5365 3726 5438; baseline 0.002 -18"><span class='ocrx_word' id='word_1_947' title='bbox 2109 5365 2450 5422; x_wconf 78' lang='lat' dir='ltr'><strong>diil&#39;erentem</strong></span> <span class='ocrx_word' id='word_1_948' title='bbox 2484 5384 2496 5420; x_wconf 92' lang='lat'><strong>:</strong></span> <span class='ocrx_word' id='word_1_949' title='bbox 2530 5366 2601 5419; x_wconf 91' lang='lat' dir='ltr'><strong>ita</strong></span> <span class='ocrx_word' id='word_1_950' title='bbox 2633 5367 2794 5420; x_wconf 88' lang='lat' dir='ltr'><strong>etiam</strong></span> <span class='ocrx_word' id='word_1_951' title='bbox 2831 5365 3001 5420; x_wconf 86' lang='lat' dir='ltr'><strong>forma</strong></span> <span class='ocrx_word' id='word_1_952' title='bbox 3036 5366 3130 5422; x_wconf 91' lang='lat' dir='ltr'><strong>Dei</strong></span> <span class='ocrx_word' id='word_1_953' title='bbox 3177 5367 3308 5423; x_wconf 90' lang='lat' dir='ltr'><strong>nihil</strong></span> <span class='ocrx_word' id='word_1_954' title='bbox 3351 5367 3497 5422; x_wconf 84' lang='lat' dir='ltr'><strong>aliud</strong></span> <span class='ocrx_word' id='word_1_955' title='bbox 3539 5369 3726 5438; x_wconf 81' lang='lat' dir='ltr'><strong>expri-</strong></span> 
     </span>
    </p>
   </div>
   <div class='ocr_carea' id='block_1_117' title="bbox 2110 5459 3722 5536">
    <p class='ocr_par' dir='ltr' id='par_1_117' title="bbox 2110 5459 3722 5536">
     <span class='ocr_line' id='line_1_118' title="bbox 2110 5459 3722 5536; baseline 0.003 -22"><span class='ocrx_word' id='word_1_956' title='bbox 2110 5460 2210 5514; x_wconf 92' lang='lat' dir='ltr'><strong>mit</strong></span> <span class='ocrx_word' id='word_1_957' title='bbox 2238 5475 2401 5531; x_wconf 88' lang='lat' dir='ltr'><strong>quam</strong></span> <span class='ocrx_word' id='word_1_958' title='bbox 2438 5459 2629 5515; x_wconf 88' lang='lat' dir='ltr'><strong>Deum.</strong></span> <span class='ocrx_word' id='word_1_959' title='bbox 2675 5460 2775 5528; x_wconf 87' lang='lat' dir='ltr'><strong>Qui</strong></span> <span class='ocrx_word' id='word_1_960' title='bbox 2802 5478 2919 5515; x_wconf 83' lang='lat' dir='ltr'><strong>cum</strong></span> <span class='ocrx_word' id='word_1_961' title='bbox 2951 5463 3038 5526; x_wconf 82' lang='lat' dir='ltr'><strong>sit,</strong></span> <span class='ocrx_word' id='word_1_962' title='bbox 3073 5463 3270 5535; x_wconf 91' lang='lat' dir='ltr'><strong>inquit,</strong></span> <span class='ocrx_word' id='word_1_963' title='bbox 3315 5464 3562 5535; x_wconf 77' lang='lat' dir='ltr'><strong>splendor</strong></span> <span class='ocrx_word' id='word_1_964' title='bbox 3604 5465 3722 5536; x_wconf 87' lang='lat' dir='ltr'><strong>glo-</strong></span> 
     </span>
    </p>
   </div>
   <div class='ocr_carea' id='block_1_118' title="bbox 2109 5552 3722 5627">
    <p class='ocr_par' dir='ltr' id='par_1_118' title="bbox 2109 5552 3722 5627">
     <span class='ocr_line' id='line_1_119' title="bbox 2109 5552 3722 5627; baseline 0.004 -22"><span class='ocrx_word' id='word_1_965' title='bbox 2109 5552 2219 5607; x_wconf 58' lang='lat' dir='ltr'><strong>riae.</strong></span> <span class='ocrx_word' id='word_1_966' title='bbox 2250 5552 2386 5607; x_wconf 81' lang='lat' dir='ltr'><strong>Vide</strong></span> <span class='ocrx_word' id='word_1_967' title='bbox 2413 5553 2540 5625; x_wconf 92' lang='lat' dir='ltr'><strong>quid</strong></span> <span class='ocrx_word' id='word_1_968' title='bbox 2573 5552 2736 5610; x_wconf 77' lang='lat' dir='ltr'><strong>iaciat</strong></span> <span class='ocrx_word' id='word_1_969' title='bbox 2764 5554 2982 5611; x_wconf 84' lang='lat' dir='ltr'><strong>Paulus.</strong></span> <span class='ocrx_word' id='word_1_970' title='bbox 3009 5553 3143 5611; x_wconf 87' lang='lat' dir='ltr'><strong>Cum</strong></span> <span class='ocrx_word' id='word_1_971' title='bbox 3170 5556 3431 5625; x_wconf 85' lang='lat' dir='ltr'><strong>dixisset,</strong></span> <span class='ocrx_word' id='word_1_972' title='bbox 3477 5557 3581 5627; x_wconf 84' lang='lat' dir='ltr'><strong>Qui</strong></span> <span class='ocrx_word' id='word_1_973' title='bbox 3602 5574 3722 5613; x_wconf 77' lang='lat' dir='ltr'><strong>cum</strong></span> 
     </span>
    </p>
   </div>
   <div class='ocr_carea' id='block_1_119' title="bbox 2109 5646 3721 5721">
    <p class='ocr_par' dir='ltr' id='par_1_119' title="bbox 2109 5646 3721 5721">
     <span class='ocr_line' id='line_1_120' title="bbox 2109 5646 3721 5721; baseline 0.002 -19"><span class='ocrx_word' id='word_1_974' title='bbox 2109 5646 2173 5702; x_wconf 78' lang='lat' dir='ltr'><strong>sit</strong></span> <span class='ocrx_word' id='word_1_975' title='bbox 2200 5648 2446 5716; x_wconf 84' lang='lat' dir='ltr'><strong>splendor</strong></span> <span class='ocrx_word' id='word_1_976' title='bbox 2468 5646 2678 5720; x_wconf 60' lang='lat' dir='ltr'><strong>gloriae,</strong></span> <span class='ocrx_word' id='word_1_977' title='bbox 2709 5649 2989 5721; x_wconf 88' lang='lat' dir='ltr'><strong>subjunxit</strong></span> <span class='ocrx_word' id='word_1_978' title='bbox 3012 5666 3197 5708; x_wconf 88' lang='lat' dir='ltr'><strong>rursus</strong></span> <span class='ocrx_word' id='word_1_979' title='bbox 3227 5670 3241 5706; x_wconf 88' lang='lat'><strong>:</strong></span> <span class='ocrx_word' id='word_1_980' title='bbox 3273 5651 3432 5709; x_wconf 78' lang='lat' dir='ltr'><strong>Sedet</strong></span> <span class='ocrx_word' id='word_1_981' title='bbox 3456 5653 3527 5707; x_wconf 89' lang='lat' dir='ltr'><strong>ad</strong></span> <span class='ocrx_word' id='word_1_982' title='bbox 3548 5651 3721 5709; x_wconf 65' lang='lat' dir='ltr'><strong>deste-</strong></span> 
     </span>
    </p>
   </div>
   <div class='ocr_carea' id='block_1_120' title="bbox 2110 5741 3719 5815">
    <p class='ocr_par' dir='ltr' id='par_1_120' title="bbox 2110 5741 3719 5815">
     <span class='ocr_line' id='line_1_121' title="bbox 2110 5741 3719 5815; baseline 0.004 -23"><span class='ocrx_word' id='word_1_983' title='bbox 2110 5755 2220 5792; x_wconf 88' lang='lat' dir='ltr'><strong>ram</strong></span> <span class='ocrx_word' id='word_1_984' title='bbox 2252 5741 2534 5811; x_wconf 81' lang='lat' dir='ltr'><strong>majestatis</strong></span> <span class='ocrx_word' id='word_1_985' title='bbox 2568 5758 2587 5795; x_wconf 89' lang='lat'><strong><em>:</em></strong></span> <span class='ocrx_word' id='word_1_986' title='bbox 2617 5741 2671 5798; x_wconf 90' lang='lat' dir='ltr'><strong>in</strong></span> <span class='ocrx_word' id='word_1_987' title='bbox 2701 5742 2901 5815; x_wconf 91' lang='lat' dir='ltr'><strong>quibus</strong></span> <span class='ocrx_word' id='word_1_988' title='bbox 2931 5758 3060 5800; x_wconf 90' lang='lat' dir='ltr'><strong>usus</strong></span> <span class='ocrx_word' id='word_1_989' title='bbox 3086 5752 3171 5800; x_wconf 87' lang='lat' dir='ltr'><strong>est</strong></span> <span class='ocrx_word' id='word_1_990' title='bbox 3208 5745 3520 5802; x_wconf 90' lang='lat' dir='ltr'><strong>nominibus</strong></span> <span class='ocrx_word' id='word_1_991' title='bbox 3540 5785 3557 5814; x_wconf 94' lang='lat'><strong>,</strong></span> <span class='ocrx_word' id='word_1_992' title='bbox 3591 5759 3719 5801; x_wconf 87' lang='lat' dir='ltr'><strong>nus-</strong></span> 
     </span>
    </p>
   </div>
   <div class='ocr_carea' id='block_1_121' title="bbox 2109 5833 3716 5913">
    <p class='ocr_par' dir='ltr' id='par_1_121' title="bbox 2109 5833 3716 5913">
     <span class='ocr_line' id='line_1_122' title="bbox 2109 5833 3716 5913; baseline 0.009 -33"><span class='ocrx_word' id='word_1_993' title='bbox 2109 5848 2268 5904; x_wconf 75' lang='lat' dir='ltr'><strong>quam</strong></span> <span class='ocrx_word' id='word_1_994' title='bbox 2313 5833 2530 5892; x_wconf 74' lang='lat' dir='ltr'><strong>invento</strong></span> <span class='ocrx_word' id='word_1_995' title='bbox 2574 5835 2795 5913; x_wconf 84' lang='lat' dir='ltr'><strong>nomine</strong></span> <span class='ocrx_word' id='word_1_996' title='bbox 2822 5837 3094 5895; x_wconf 82' lang='lat' dir='ltr'><strong>cssentiac.</strong></span> <span class='ocrx_word' id='word_1_997' title='bbox 3129 5837 3315 5910; x_wconf 86' lang='lat' dir='ltr'><strong>Neque</strong></span> <span class='ocrx_word' id='word_1_998' title='bbox 3356 5838 3503 5893; x_wconf 82' lang='lat' dir='ltr'><strong>enim</strong></span> <span class='ocrx_word' id='word_1_999' title='bbox 3550 5838 3716 5908; x_wconf 84' lang='lat' dir='ltr'><strong>maje-</strong></span> 
     </span>
    </p>
   </div>
   <div class='ocr_carea' id='block_1_122' title="bbox 3372 5939 3413 5996">
    <p class='ocr_par' dir='ltr' id='par_1_122' title="bbox 3372 5939 3413 5996">
     <span class='ocr_line' id='line_1_123' title="bbox 3372 5939 3413 5996; baseline 0 0"><span class='ocrx_word' id='word_1_1000' title='bbox 3372 5939 3413 5996; x_wconf 70' lang='lat'><strong>‘1</strong></span> 
     </span>
    </p>
   </div>
  </div>
