4208 6464
535 334 606 390 23
1263 335 1334 391 ‘S.
1361 331 1638 390 JOANNIS
1674 331 2144 390 CleSOSTOMl
2184 331 2516 388 ARCIIIEP..
2539 336 3066 395 (IONSTANTINOP.
3744 345 3812 399 2t

523 448 657 497 stas,
685 445 858 501 neque
884 442 1104 486 dextera
1128 426 1364 485 ostendit
1389 448 1582 485 nomen
1611 431 1751 500 quod
1776 432 1887 486 vult
1911 431 2114 499 dicere,

523 521 618 576 sed
648 534 843 576 nomen
873 536 978 575 non
1009 531 1188 590 potest
1230 521 1492 576 invenire.
1537 521 1649 575 lloe
1683 531 1767 576 est
1803 521 1944 576 enim
1975 523 2115 592 quod

522 613 767 668 dicebam
798 613 868 666 ah
895 613 1070 678 initio,
1106 612 1296 682 Aliqua
1329 625 1475 680 stepe
1510 611 1809 681 cogitamus
1834 620 1890 667 et
1918 613 2115 668 intelli-

524 709 722 777 gimus,
773 715 829 761 et
873 721 980 760 non
1020 720 1308 776 possumus
1355 705 1556 774 eloqui.
1590 705 1724 759 Nam
1769 720 1944 776 neque
1977 706 2117 760 Deus

523 816 718 854 nomen
767 807 849 852 est
895 797 1168 860 essentice,
1222 812 1394 866 neque
1431 797 1587 852 illius
1637 797 1887 851 essentiae
1939 807 2112 865 potest

524 906 718 945 nomen
763 889 983 944 omnino
1013 888 1266 942 inveniri.
1298 889 1363 943 Et
1385 888 1516 958 quid
1549 889 1745 942 mirum
1787 888 1830 940 si
1875 891 1926 940 in
1961 888 2069 941 Deo
2101 932 2114 953 ,

521 998 643 1037 cum
675 995 774 1035 nec
805 979 856 1034 in
887 979 1080 1050 angelo
1112 980 1382 1035 inveneris
1410 995 1612 1034 nomen
1639 1022 1654 1046 ,
1687 979 1827 1050 quod
1855 979 2116 1050 sign‘ilivet

525 1079 858 1135 essentiam?
896 1080 1124 1133 fortasse
1165 1087 1342 1133 autem
1371 1093 1470 1132 nec
1502 1078 1552 1131 in
1586 1079 1761 1132 anima
1794 1098 1805 1131 :
1835 1094 1939 1132 non
1974 1081 2114 1134 enim

527 1173 656 1227 mihi
688 1173 898 1227 videtur
953 1172 1052 1226 hoc
1097 1186 1293 1225 nomen
1324 1171 1442 1241 ejus
1483 1169 1771 1225 ostendere
1801 1172 2114 1240 essentiam,

525 1265 618 1319 sed
645 1265 751 1319 vim
784 1262 1043 1334 spirandi.
1075 1261 1334 1317 Eamdem
1360 1262 1502 1317 enim
1529 1270 1584 1316 et
1614 1261 1871 1327 animam,
1901 1271 1955 1318 et
1979 1277 2111 1328 cor,

523 1363 578 1409 et
603 1363 838 1410 mentem
868 1354 1044 1408 vorari
1077 1353 1274 1408 videris
1305 1370 1318 1406 :
1351 1352 1450 1406 Cor
1475 1352 1618 1407 enim
1649 1352 1839 1422 inquit,
1866 1354 2114 1408 mundum

522 1462 638 1500 creo
668 1447 719 1500 in
751 1463 827 1500 me
860 1444 995 1499 Deus
1024 1443 1196 1517 (Psal.
1229 1444 1319 1499 50.
1353 1443 1468 1513 12).
1491 1442 1606 1497 Νοη
1632 1443 1804 1497 solum
1837 1459 1964 1499 vero
1988 1444 2110 1512 ista,

521 1541 615 1595 sed
643 1549 699 1595 et
723 1539 970 1610 spiritum
1005 1538 1183 1592 multis
1212 1537 1265 1591 in
1291 1537 1423 1592 locis
1453 1535 1648 1590 videris
1677 1550 1794 1590 eam
1821 1537 2124 1605 appellariu

524 1631 843 1701 Portansque
870 1630 1040 1684 omnia
1061 1629 1208 1683 verba
1233 1629 1431 1683 virtutis
1457 1644 1580 1682 suat.
1607 1627 1765 1683 Vides
1781 1629 1907 1698 quid
1940 1628 2110 1684 dicit?

592 1725 645 1778 ’5.
691 1723 866 1778 Minus
890 1733 962 1776 est
987 1720 1229 1776 mundum
1256 1737 1452 1786 creare,
1481 1736 1634 1790 quant
1656 1720 1824 1787 ipsum
1855 1722 2112 1775 continere

517 1829 563 1870 et
589 1833 807 1872 servare.
828 1812 1198 1880 —-Quomodo
1225 1828 1373 1884 ergo,
1407 1827 1589 1882 quaeso
1621 1820 1672 1865 te
1695 1853 1710 1877 ,
1740 1813 2043 1874 contendis,
2077 1827 2110 1866 ο

517 1909 790 1974 lrazreticc,
816 1923 936 1962 cum
966 1907 1223 1977 scriptum
1255 1907 1325 1960 sit
1354 1925 1365 1955 :
1401 1903 1564 1968 Dixit,
1599 1903 1789 1973 inquit,
1815 1903 1966 1969 Deus,
1993 1902 2110 1957 Fiat

517 2001 609 2055 lux:
637 1999 789 2068 (Gen.
826 2000 876 2053 l.
905 1998 983 2068 5),
1015 1997 1227 2052 Patrem
1265 1996 1512 2066 jussisse,
1545 1994 1738 2055 Filium
1766 2005 1946 2050 autem
1981 1995 2112 2052 obc-

513 2092 720 2146 diisse?
751 2090 862 2146 Sed
904 2104 1029 2145 ecce
1061 2089 1387 2160 hic-quoque
1417 2089 1532 2158 ipse
1553 2087 1722 2142 verbo
1756 2087 1880 2142 facit
1911 2105 1926 2144 :
1958 2105 2104 2158 nam,

513 2182 854 2249 Portansque,
899 2182 1088 2252 inquit,
1122 2180 1333 2244 omnia;
1373 2178 1474 2234 hoc
1497 2189 1606 2245 est,
1634 2179 1958 2248 gubernans,
1988 2197 2106 2250 quae

512 2277 711 2334 cadunt
756 2276 1023 2330 continet.
1064 2273 1180 2328 Non
1227 2281 1308 2327 est
1361 2271 1505 2326 enim
1557 2273 1734 2327 minus
1785 2272 2102 2340 continere,

511 2386 672 2439 quam
701 2367 956 2422 mundum
987 2358 1220 2429 fecisse;
1252 2363 1346 2419 sed
1379 2365 1421 2416 si
1453 2363 1700 2418 mirabile
1719 2363 1921 2434 aliquid
1947 2379 2106 2435 opor-

512 2470 588 2517 tet
616 2461 817 2524 dicere,
846 2468 929 2514 est
953 2461 1114 2512 etiam
1143 2457 1336 2525 majus.
1365 2454 1500 2509 Nam
1531 2454 1662 2510 illud
1686 2455 1901 2526 quidem
1927 2465 2009 2512 est
2036 2472 2100 2513 ex

511 2549 680 2608 nihilo
719 2549 919 2621 aliquid
977 2547 1320 2618 producere:
1358 2561 1478 2617 quae
1531 2546 1668 2601 facta
1721 2555 1846 2600 sunt
1888 2559 2098 2613 autem,

507 2645 784 2714 rclapsura
818 2643 883 2697 ad
918 2641 1144 2696 nihilum
1173 2640 1454 2695 continere
1483 2647 1538 2694 et
1579 2641 1717 2695 inter
1745 2655 1805 2696 se
1833 2641 2100 2697 dissiden-

509 2739 578 2790 tia
609 2735 963 2805 conjungere,
1007 2732 1110 2788 hoc
1146 2740 1232 2788 est
1277 2747 1525 2802 magnum
1573 2741 1628 2787 et
1673 2732 2009 2800 admirabile,
2049 2747 2101 2789 et

505 2828 758 2883 indicium
799 2841 1007 2896 magna;
1034 2825 1270 2881 virtutis.
1317 2823 1518 2879 Deinde
1549 2825 1845 2880 ostendens
1871 2824 2100 2882 facilita-

503 2932 635 2985 tem,
669 2920 822 2984 dixit,
848 2918 1071 2973 Portans
1100 2932 1193 2973 seu
1223 2916 1422 2972 ferens.
1441 2915 1556 2971 Non
1576 2916 1727 2981 dixit,
1753 2915 2094 2984 Gubernans,

503 3028 532 3066 a
577 3012 888 3082 metaphora
933 3025 1120 3066 eorum
1163 3010 1253 3080 qui
1297 3009 1464 3080 digito
1510 3009 1852 3064 solummodo
1896 3011 2094 3082 aliquid

501 3113 739 3170 movent,
771 3112 827 3158 et
850 3102 1094 3158 efﬁciunt
1127 3111 1184 3157 ut
1213 3101 1623 3158 circumleratur
1650 3102 1748 3173 (a).
1785 3103 1881 3158 llic
1915 3115 2094 3160 osten-

499 3201 578 3253 dit
621 3213 865 3268 magnam
912 3197 1073 3253 etiam
1118 3195 1312 3252 molem
1361 3210 1483 3251 esse
1520 3205 1804 3264 creatum,
1853 3195 1905 3252 id
1949 3197 2090 3268 quod

498 3306 749 3361 magnum
791 3299 877 3344 est
925 3289 974 3344 ei
1025 3288 1156 3343 nihil
1197 3302 1337 3344 esse.
1385 3287 1589 3343 Deinde
1636 3303 1823 3343 rursus
1859 3288 2093 3343 ostendit

495 3382 640 3453 quod
670 3382 721 3436 id
753 3382 914 3438 faciat
950 3380 1086 3436 citra
1133 3379 1393 3444 laborem,
1441 3378 1650 3444 dicens,
1703 3377 1863 3432 Verba
1891 3379 2091 3432 virtutis

495 3487 621 3526 stlte.
649 3471 814 3526 Recte
845 3471 1001 3539 dixit,
1045 3470 1202 3524 Veri-0
1233 3486 1251 3524 :
1277 3487 1397 3525 nam
1429 3471 1682 3541 quoniam
1710 3470 1928 3524 verbum
1951 3470 2088 3538 apud

495 3580 594 3619 nos
623 3565 833 3620 videtur
862 3580 982 3620 csse
1008 3563 1146 3619 exile
1174 3572 1226 3617 ct
1253 3573 1433 3626 tenue,
1477 3561 1709 3618 ostendit
1747 3562 1797 3614 id
1829 3577 1934 3613 non
1967 3575 2091 3614 esse

499 3660 638 3712 exile
668 3668 721 3712 et
753 3669 912 3712 tenue
954 3664 1004 3711 in
1045 3658 1172 3711 Deo.
1198 3657 1309 3714 Sed
1351 3656 1493 3729 quod
1521 3654 1733 3726 quidem
1766 3653 1929 3707 verbo
1955 3665 2082 3720 por.

497 3757 592 3808 tet,
625 3747 794 3813 dixit;
825 3747 1095 3820 quomodo
1119 3757 1297 3803 autem
1325 3747 1490 3804 verbo
1513 3753 1709 3816 portet,
1741 3754 2078 3812 nequaquam

495 3837 692 3908 adjecit
723 3855 736 3893 :
770 3854 942 3907 neque
985 3840 1129 3894 enim
1173 3839 1300 3895 sciri
1330 3842 1531 3906 potest.
1575 3833 1778 3890 Deinde
1809 3832 2086 3901 subjunin

494 3933 564 3985 de
606 3931 722 4002 ejus
767 3930 1069 4002 majestate.
1111 3931 1204 3987 Sic
1248 3929 1392 3984 enim
1433 3926 1561 3982 fecit
1601 3925 1762 3982 etiam
1801 3923 2037 3980 Joannes
2067 3924 2114 3977 ε’

496 4040 621 4080 nam
651 4040 773 4080 cum
793 4024 1020 4082 dixisset
1048 4024 1190 4096 quod
1218 4021 1482 4084 sit'Deus,
1515 4017 1790 4089 subjnnxit
1813 4017 2083 4088 opiﬁcium

492 4114 967 4184 creaturze.-Quod
1003 4114 1156 4170 enim
1200 4113 1290 4168 ille
1327 4110 1486 4164 tacite
1526 4109 1716 4176 innuit,
1769 4109 1975 4173 dicens,
2018 4105 2087 4161 In

497 4207 750 4277 principio
796 4215 904 4260 erat
955 4204 1189 4266 Verbum,
1242 4211 1318 4267 et,
1371 4200 1556 4256 Omnia
1606 4218 1695 4273 per
1737 4202 1906 4272 ipsum
1952 4203 2089 4272 facta

498 4309 614 4354 sunt
643 4299 824 4369 (Jaan.
857 4301 909 4354 1.
933 4300 965 4353 -1
992 4307 1038 4352 et
1055 4299 1135 4365 5),
1162 4297 1264 4351 hoc
1288 4294 1483 4350 Paulus
1511 4311 1724 4366 quoque
1745 4311 1840 4365 per
1863 4293 2086 4350 verbum

499 4393 734 4447 ostendit
771 4402 826 4447 et
853 4391 1104 4455 dicendo,
1154 4386 1256 4441 Per
1295 4403 1440 4458 quem
1471 4386 1587 4456 fecit
1628 4397 1674 4441 et
1709 4386 1899 4442 sarcula
1926 4402 1946 4440 :
1975 4395 2091 4442 ete-

499 4483 610 4537 nim
650 4498 772 4538 emn
818 4480 1055 4537 ostendit
1093 4489 1148 4534 et
1179 4477 1427 4548 opiﬁcem
1466 4485 1522 4532 et
1567 4491 1689 4532 esse
1736 4485 1862 4531 ante
1908 4476 2089 4530 omnia

499 4574 715 4628 szucula.
741 4573 880 4641 Quid
912 4587 1062 4635 vero,
1103 4585 1225 4625 eum
1265 4569 1333 4624 de
1361 4568 1521 4624 Patre
1545 4567 1764 4639 quidem
1790 4567 1933 4622 dicat
1963 4582 2112 4637 pro»

500 4667 686 4735 pheta,
727 4667 772 4720 Α
800 4667 986 4721 seculo
1013 4675 1060 4718 et
1086 4679 1244 4733 usque
1269 4664 1326 4716 in
1356 4662 1604 4716 steculum
1633 4669 1686 4714 tu
1715 4677 1767 4714 es
1793 4659 1966 4733 (Psal.
1999 4661 2092 4716 89.

499 4759 578 4827 2)
614 4776 626 4812 :
660 4758 726 4813 de
767 4757 905 4813 Filio
936 4765 1137 4820 autem,
1178 4753 1321 4824 quod
1365 4755 1435 4808 sit
1479 4761 1604 4807 ante
1653 4752 1831 4808 omnia
1867 4753 2092 4820 saecula,

502 4861 558 4908 et
584 4852 822 4907 omnium
849 4849 1049 4920 opifex,
1079 4846 1208 4916 quid
1248 4845 1525 4902 dixerint?
1556 4844 1666 4900 imo
1689 4859 1822 4899 vero
1855 4843 2112 4914 quando,

502 4944 645 5016 quod
673 4945 744 5001 de
781 4943 940 5001 Patre
973 4937 1278 5004 dicebatur,
1309 4937 1410 5005 Qui
1437 4945 1522 4992 est
1566 4945 1694 4992 ante
1729 4935 1949 5002 saecula,
1997 4935 2098 4991 hoc

503 5038 704 5094 videris
733 5037 893 5092 etiam
925 5033 1128 5090 dictum
1155 5030 1224 5085 de
1257 5029 1432 5084 Filio?
1473 5029 1542 5084 Et
1589 5028 1730 5084 sicut
1769 5027 1901 5082 dicit
1927 5026 2094 5083 Joan-

505 5145 624 5194 nes,
669 5127 784 5183 Vita
811 5136 940 5190 erat,
970 5123 1280 5194 signiﬁcans
1331 5123 1437 5176 vim
1463 5136 1527 5178 ac
1570 5128 1890 5191 potestatem
1918 5119 2098 5176 conti-

506 5223 671 5280 nendi
703 5230 1030 5284 creaturam,
1076 5218 1329 5289 quoniam
1377 5215 1493 5286 ipse
1535 5225 1619 5270 est
1659 5216 1768 5268 vita
1807 5213 2046 5268 omnium
2082 5231 2097 5267 :

506 5318 579 5373 ita
609 5313 809 5371 Paulus
843 5325 1087 5382 quoque,
1138 5308 1462 5377 Portansque
1494 5306 1667 5361 omnia
1708 5305 1856 5360 uerbo
1901 5305 2101 5360 uirtutis

505 5424 616 5463 sua:
644 5422 663 5461 :
694 5420 799 5460 non
825 5404 965 5458 sicut
989 5401 1187 5468 Graeci,
1219 5409 1274 5455 et
1304 5400 1415 5469 ipsa
1443 5397 1716 5452 creatione
1737 5406 1790 5451 et
1813 5394 2101 5466 providen-

509 5505 605 5566 tia,
628 5508 886 5570 quantum
906 5495 971 5550 ad
1003 5495 1148 5566 ipsos
1175 5492 1384 5556 attinet,
1409 5492 1580 5561 ipsum
1608 5490 1898 5560 privantes,
1929 5487 1996 5542 ad
2021 5487 2102 5542 lu-

513 5611 636 5650 nam
655 5606 823 5661 usque
835 5589 951 5660 ejus
967 5585 1349 5644 coneludentes
1367 5582 1680 5654 potentiam.
1699 5579 1802 5634 Per
1811 5597 1883 5644 se,
1905 5579 2100 5650 inquit,

578 5717 652 5776 (α)
675 5714 783 5765 Huc
805 5712 988 5762 desinit
1008 5695 1217 5760 Homilia
1239 5706 1284 5757 l’i
1310 5707 1360 5759 in
1383 5702 1681 5760 Colbertlno,
1702 5700 1790 5749 ubi
1810 5704 1990 5749 caetera
2012 5698 2112 5746 orn:

515 5784 594 5830 nia
617 5778 973 5828 desiderantur.

2232 429 2370 498 facta
2393 429 2690 497 purgatione
2716 439 3038 498 peccatorum
3079 440 3383 492 nostrorum.
3428 438 3561 495 Cum
3593 442 3824 504 dixisset

2231 518 2300 574 de
2324 519 2429 573 illis
2459 519 2788 574 admirandis
2809 531 2870 576 et
2901 522 3106 592 magnis
3151 541 3270 594 qua:
3297 537 3423 583 sunt
3450 545 3721 604 suprema,
3753 541 3822 596 de

2229 623 2426 668 canere
2443 612 2571 667 dicit
2587 613 2747 667 etiam
2771 613 2840 668 de
2865 628 2993 668 cura
3011 615 3128 686 ejus
3150 617 3203 672 in
3220 616 3487 678 homines.
3505 625 3572 680 Et
3586 630 3820 688 maxime

2227 703 2444 775 quidem
2472 713 2591 759 erat
2628 705 2758 760 illud
2782 707 3030 775 generale
3060 717 3118 762 et
3155 710 3402 767 universa
3427 719 3811 788 complectens,

2226 794 2551 864 Portansque
2575 796 2782 862 omnia;
2804 811 2987 852 verum
3016 796 3119 852 hoc
3156 808 3239 853 est
3265 803 3434 858 multo
3455 809 3649 876 majus.
3679 811 3814 867 Nam

2224 887 2385 942 etiam
2403 897 2486 941 est
2499 887 2752 957 generale
2769 899 2818 943 et
2837 887 3084 944 universa
3106 891 3490 960 complectens:
3511 913 3656 967 nam,
3671 907 3812 973 quod

2225 981 2396 1051 ipsum
2434 989 2665 1050 spectat,
2698 995 2888 1036 omnes
2927 983 3104 1036 salvos
3148 981 3294 1038 fecit.
3339 985 3549 1043 Etenim
3577 991 3813 1052 Joannes

2219 1087 2431 1144 quoque
2458 1087 2578 1125 cum
2606 1073 2856 1126 dixisset:
2895 1067 3007 1122 Vita
3038 1081 3166 1138 erat,
3195 1081 3250 1127 et
3276 1077 3665 1142 providentiam
3692 1085 3810 1153 ejus

2236 1176 2606 1246 signiﬁcasset,
2637 1193 2822 1232 rursus
2858 1177 3007 1247 dicit,
3035 1176 3104 1231 Et
3131 1179 3222 1232 lua:
3245 1189 3372 1246 erat,
3415 1179 3468 1234 id
3513 1181 3686 1250 ipsum
3717 1181 3818 1237 de-

2236 1268 2468 1324 clarans.
2517 1267 2619 1323 Prr
2653 1285 2728 1334 se,
2763 1269 2954 1338 inquit,
3001 1273 3136 1342 facta
3168 1273 3468 1342 purgatione
3499 1285 3820 1343 peccatorum

2235 1371 2520 1412 nostrorum
2542 1374 2561 1422 ,'
2603 1361 2740 1414 sedet
2779 1361 2848 1413 ad
2886 1361 3147 1414 dexteram
3183 1364 3462 1432 majestatis
3505 1365 3556 1418 in
3587 1365 3817 1420 arcebis.

2239 1449 2350 1501 Duo
2379 1447 2464 1503 hic
2500 1450 2650 1520 ponit
2689 1451 2917 1504 maxima
2945 1451 3061 1520 ejus
3085 1467 3237 1506 cura:
3263 1453 3458 1508 indicia
3487 1473 3501 1510 :
3533 1465 3588 1510 et
3615 1455 3757 1524 quod
3787 1471 3816 1509 a

2235 1539 2466 1606 peccatis
2493 1554 2591 1594 nos
2629 1542 2954 1611 purgaverit,
2988 1555 3042 1597 et
3087 1543 3226 1613 quod
3275 1559 3373 1615 per
3411 1561 3469 1599 se
3513 1544 3566 1599 id
3605 1544 3816 1601 fecerit.

2235 1633 2298 1684 lit
2324 1633 2504 1686 multis
2533 1634 2584 1687 in
2610 1634 2744 1688 locis
2770 1633 2920 1690 vides
2949 1651 3068 1690 eum
3097 1636 3164 1692 de
3200 1635 3302 1691 hoc
3322 1636 3564 1707 gloriari,
3589 1655 3694 1694 non
3722 1655 3816 1693 so.

2231 1733 2338 1776 tum
2375 1722 2441 1776 de
2471 1725 2909 1780 reconciliatione
2944 1741 3070 1796 erga
3102 1729 3286 1791 Deum,
3327 1728 3421 1782 sed
3466 1729 3626 1784 etiam
3672 1731 3814 1800 quod

2231 1815 2330 1868 hoc
2362 1814 2554 1869 factum
2587 1817 2652 1870 sit
2698 1833 2792 1885 per
2819 1817 3013 1873 Filium
3045 1835 3059 1872 ε
3089 1820 3289 1875 etenim
3333 1835 3518 1876 revera
3563 1837 3812 1890 inagnum

2225 1905 2424 1960 donum
2457 1911 2616 1964 etiam
2641 1912 2812 1981 majus
2841 1911 3034 1966 factum
3071 1924 3174 1980 est,
3204 1929 3268 1968 eo
3293 1913 3436 1984 quod
3467 1929 3561 1984 per
3589 1914 3808 1969 Filium.

2225 1997 2356 2052 Nam
2400 2014 2520 2054 cmn
2569 2001 2814 2067 dixisset,
2861 2003 3017 2058 Sedet
3054 2005 3122 2057 ad
3168 2006 3447 2068 dexteram,
3495 2015 3568 2070 et,
3620 2004 3723 2059 Per
3759 2023 3813 2060 se

2226 2091 2524 2160 purgatione
2551 2096 2689 2163 facta
2719 2104 3044 2163 peccatorum
3071 2104 3375 2158 nostrorum,
3404 2104 3460 2148 et
3488 2110 3704 2152 crucem
3733 2111 3813 2151 re-

2224 2191 2469 2235 vocasset
2501 2184 2551 2236 in
2593 2185 2934 2250 memoriam,
2968 2185 3077 2239 cito
3107 2185 3378 2254 subjunin
3407 2200 3712 2240 sermonem
3741 2185 3810 2241 de

2225 2275 2617 2330 resurrectione
2644 2287 2698 2330 et
2727 2277 3063 2332 ascensione.
3105 2276 3236 2331 Vide
3262 2285 3438 2330 autem
3471 2275 3808 2346 prudentiam

2219 2362 2334 2430 ejus
2375 2363 2696 2420 ineffabilem
2726 2384 2738 2419 :
2764 2383 2870 2422 non
2916 2367 3072 2432 dixit,
3103 2366 3296 2422 Jussus
3324 2375 3408 2422 est
3435 2365 3649 2432 sedere,
3689 2365 3806 2430 sed,

2222 2454 2394 2508 Sedet.
2426 2455 2627 2512 Deinde
2655 2472 2864 2524 rursus,
2909 2472 2975 2512 ne
3005 2458 3288 2511 existimes
3317 2473 3438 2510 eum
3475 2467 3643 2521 stare,
3673 2457 3806 2511 sub-

2213 2543 2429 2612 jungit:
2464 2545 2544 2599 Ad
2589 2564 2736 2617 quem
2782 2558 2948 2602 autem
2989 2548 3282 2617 angelorum
3329 2548 3458 2600 dixit
3505 2547 3804 2616 aliquando,

2219 2635 2354 2687 Sede
2381 2651 2413 2688 a
2441 2635 2632 2690 dextris
2657 2638 2822 2690 meis?
2847 2637 3010 2691 Sedet
3036 2651 3187 2706 ergo,
3214 2637 3404 2706 inquit,
3435 2635 3499 2689 ad
3528 2636 3802 2690 dexteram

2217 2727 2512 2796 majestatis
2539 2730 2590 2784 in
2615 2731 2862 2786 excelsis.
2894 2729 3030 2798 Quid
3058 2740 3161 2795 est,
3187 2729 3251 2784 In
3280 2730 3532 2784 excelsis?
3563 2730 3804 2785 Deumne

2217 2819 2335 2875 loco
2363 2820 2676 2875 concludit?
2723 2820 2878 2876 Absit
2911 2836 2925 2874 :
2958 2835 3062 2874 non
3109 2830 3166 2876 ut
3212 2821 3262 2875 id
3311 2821 3670 2891 suspicemur,
3719 2819 3802 2874 sic

2217 2908 2465 2981 loquutus
2493 2921 2594 2976 est,
2619 2911 2712 2966 sed
2734 2912 2868 2968 sicut
2898 2911 3102 2976 dicens,
3135 2911 3216 2966 Ad
3237 2914 3512 2978 dexteram,
3546 2927 3652 2966 non
3677 2927 3798 2966 eum

2211 3016 2476 3086 ﬁguravit,
2523 3006 2616 3068 sed
2663 3011 2898 3067 ostendit
2925 3027 3045 3066 eum
3092 3013 3143 3066 in
3187 3011 3376 3068 eodem
3425 3026 3546 3068 esse
3590 3011 3803 3071 honore

2209 3123 2316 3179 quo
2344 3108 2502 3162 Pater
2531 3123 2544 3159 :
2579 3106 2649 3160 ita
2679 3119 2802 3159 eum
2829 3103 3034 3170 dicens,
3060 3102 3125 3157 In
3151 3104 3383 3168 excelsis,
3416 3118 3521 3159 non
3543 3119 3666 3160 eum
3689 3105 3797 3160 illic

2209 3199 2445 3263 inclusit,
2503 3195 2598 3252 sed
2651 3195 2885 3252 ostendit
2938 3210 3058 3250 emn
3117 3210 3237 3250 esse
3298 3195 3536 3250 omnium
3592 3195 3795 3252 altissi-

2208 3307 2376 3358 mum,
2407 3299 2461 3345 ct
2512 3291 2689 3344 omnia
2721 3289 3118 3356 transcendere,
3166 3287 3268 3344 hoc
3316 3298 3418 3354 est,
3451 3290 3693 3358 pervenit
3728 3291 3792 3343 ad

2208 3385 2382 3453 ipsum
2422 3383 2671 3438 thronum
2719 3391 3017 3451 paternum.
3060 3381 3210 3435 Sicut
3236 3396 3368 3451 ergo
3416 3382 3574 3436 Pater
3609 3392 3693 3438 est
3742 3383 3794 3438 in

2208 3476 2456 3541 excelsis,
2487 3476 2557 3529 ita
2595 3475 2757 3530 etiam
2786 3474 2901 3544 ipse
2933 3492 2947 3527 :
2977 3487 3264 3528 consessus
3293 3474 3436 3527 enim
3477 3474 3610 3529 nihil
3649 3473 3794 3529 aliud

2211 3568 2408 3622 indicat
2437 3584 2594 3638 quam
2625 3568 2675 3622 in
2704 3567 2895 3623 eodem
2928 3581 3050 3622 esse
3081 3566 3306 3621 honore.
3335 3566 3392 3621 Si
3416 3575 3593 3621 autem
3615 3567 3792 3623 dicant

2210 3674 2332 3714 eum
2373 3657 2598 3724 dixisse,
2648 3656 2803 3723 Sede,
2839 3671 2935 3712 eos
2975 3656 3370 3726 interrogemus
3402 3672 3415 3708 :
3446 3655 3585 3722 Quid
3625 3658 3796 3712 vero?

2209 3750 2414 3806 dixitne
2440 3751 2644 3818 stanti?
2670 3750 2740 3804 At
2765 3749 2815 3804 id
2837 3749 3124 3805 ostendere
3144 3764 3250 3804 non
3279 3750 3504 3820 possint.
3528 3749 3642 3805 Non
3664 3751 3796 3806 dixit

2211 3829 2358 3898 certe
2382 3842 2521 3913 quod
2550 3841 2770 3912 jusserit
2798 3850 2889 3896 aut
2920 3840 3237 3912 imperarit;
3281 3841 3398 3906 sed,
3441 3841 3604 3909 Dixit,
3641 3843 3792 3908 Sede,

2211 3951 2317 3989 non
2343 3943 2560 4005 propter
2575 3933 2715 3988 aliud
2739 3948 2896 4003 quam
2919 3947 2989 3988 ne
3008 3932 3289 3988 existimes
3311 3949 3432 3988 eum
3456 3948 3578 3989 esse
3595 3935 3798 4004 absque

2211 4027 2474 4097 principio
2503 4034 2558 4081 et
2584 4025 2700 4080 sine
2729 4039 2914 4080 causa.
2941 4024 3074 4080 Nam
3104 4023 3244 4094 quod
3277 4034 3556 4094 propterea
3597 4027 3676 4082 sic
3713 4027 3795 4082 di-

2211 4118 2369 4179 xerit,
2401 4126 2481 4170 est
2511 4115 2852 4184 pchpicunm
2884 4119 2948 4168 ex
2981 4115 3100 4168 loco
3129 4115 3386 4168 sessionis
3413 4131 3428 4169 :
3457 4115 3500 4169 si
3529 4116 3672 4171 enim
3702 4133 3798 4171 vo-

2212 4209 2396 4263 luisset
2448 4204 2748 4275 signiﬁcare
2799 4204 3204 4259 diminutionem
3234 4246 3248 4269 ,
3307 4219 3412 4259 non
3463 4204 3706 4274 dixisset,
3754 4207 3796 4261 Α

2211 4301 2422 4364 dextris,
2451 4297 2570 4366 sed,
2599 4299 2643 4352 A
2670 4296 2924 4352 sinistris.

2285 4392 2452 4446 Filius
2503 4388 2597 4443 Dei
2639 4387 2805 4442 Filius
2861 4397 2932 4440 est
2980 4395 3184 4451 natura,
3233 4403 3333 4440 non
3367 4388 3534 4457 gratia
3582 4398 3797 4442 tantum.

2213 4481 2282 4532 έ-
2299 4485 2351 4538 4.
2368 4483 2557 4548 Tanto,
2575 4481 2772 4548 inquit,
2785 4478 2969 4531 melior
2985 4478 3179 4547 angelis
3219 4476 3446 4544 e/fectus,
3479 4492 3668 4550 quanto
3692 4481 3800 4549 dif-

2216 4576 2455 4650 ferentias
2486 4587 2592 4642 pm
2632 4569 2734 4622 illis
2779 4583 2960 4620 nomen
3003 4568 3318 4622 hereditauit.
3365 4570 3519 4635 Illud,
3550 4569 3799 4636 Eﬂ'ectus,

2218 4672 2303 4726 hic
2323 4678 2407 4724 est
2426 4681 2522 4737 pro
2542 4661 2844 4718 declaratus
2867 4659 2948 4712 vel
2974 4657 3394 4724 demonstratus,
3424 4668 3482 4714 ut
3506 4660 3577 4714 ita
3599 4661 3799 4715 dicam.

2217 4760 2422 4823 Deinde
2469 4755 2518 4811 id
2559 4752 2861 4809 conﬁrmat.
2895 4749 3223 4816 Quomodo?
3255 4749 3332 4804 Ex
3364 4751 3600 4807 nomine.
3643 4751 3803 4806 Vides

2220 4847 2360 4919 quod
2391 4861 2584 4903 nomen
2620 4847 2806 4913 Filius,
2853 4850 2990 4904 solet
3020 4850 3322 4921 signiﬁcare
3349 4849 3810 4920 germanitatem't

2225 4941 2288 4996 Et
2313 4949 2479 5003 certe,
2527 4941 2570 4996 si
2603 4957 2710 4996 non
2741 4950 2886 4995 esset
2924 4957 3215 5013 germanus
3245 4943 3432 5006 Filius,
3463 4958 3570 4997 non
3609 4941 3681 4996 ita
3727 4941 3807 4994 lo-

2217 5040 2412 5099 quutus
2440 5040 2603 5086 esset.
2650 5032 2871 5100 Quare?
2913 5033 3048 5098 Quia
3086 5048 3375 5104 germanus
3403 5035 3472 5088 oh
3505 5033 3635 5087 nihil
3661 5032 3808 5087 aliud

2218 5135 2300 5178 est
2327 5138 2487 5193 quam
2517 5132 2784 5194 quatenus
2823 5133 2907 5178 cst
2933 5141 2997 5178 ex
3040 5123 3158 5194 ipso
3187 5144 3200 5180 :
3233 5127 3392 5197 igitur
3421 5142 3487 5180 ex
3516 5142 3580 5180 eo
3605 5125 3809 5180 conﬁr-

2219 5224 2346 5268 mat.
2382 5213 2514 5268 Nam
2561 5215 2606 5268 si
2635 5224 2720 5272 est
2748 5216 2916 5283 gratia
2961 5215 3153 5280 Filius,
3203 5232 3307 5270 non
3357 5217 3528 5271 solum
3576 5231 3681 5270 non
3726 5224 3811 5270 est

2217 5305 2422 5374 angelis
2465 5305 2825 5374 praestantior,
2882 5305 2977 5359 sed
3027 5306 3188 5359 etiam
3240 5307 3435 5361 minor.
3482 5305 3810 5372 Quomodo?

2215 5399 2480 5464 Quoniam
2513 5397 2758 5452 homines
2797 5411 3010 5467 quoque
3045 5397 3175 5467 justi
3208 5398 3379 5452 vocati
3420 5406 3548 5452 sunt
3592 5397 3725 5463 lilii;
3754 5405 3812 5451 et

2218 5503 2414 5543 nomen
2444 5487 2557 5552 lilii,
2588 5487 2688 5541 nisi
2717 5487 2786 5541 sit
2816 5487 2962 5543 ﬁlius
2993 5488 3240 5558 proprius
3275 5497 3330 5543 et
3353 5503 3659 5559 germanus,
3699 5503 3806 5542 non

2219 5591 2394 5653 potest
2429 5581 2720 5636 ostendere
2749 5580 3145 5636 excellentiam.
3179 5580 3247 5634 Et
3276 5591 3332 5635 ut
3362 5579 3626 5651 signiﬁcet
3660 5579 3803 5649 quod

2217 5677 2288 5729 sit
2313 5673 2558 5743 quaedam
2587 5671 2892 5728 differentia
2921 5681 3289 5728 creaturarum
3326 5681 3376 5726 et
3423 5672 3652 5743 opiﬁcis,
3685 5671 3808 5725 vide

2219 5765 2346 5836 quid
2373 5765 2516 5820 dicat
2544 5783 2558 5820 :
2587 5767 2640 5823 5.
2689 5763 2785 5821 Cui
2825 5765 2958 5821 enim
3005 5765 3131 5820 dixit
3160 5763 3439 5834 aliquando
3481 5755 3802 5834 angelorum,
