4208 6458
359 384 439 440 25
1256 384 1323 444 IN
1360 386 1581 445 EPIST.
1624 389 1717 442 AD
1759 387 2126 444 "£335.05.
2167 390 2318 445 CAP.
2365 390 2407 445 Ι.
2449 389 2681 445 llOMlL.
2726 388 2793 445 ll:
3641 398 3713 454 26

370 497 549 551 Filius
572 512 720 550 meus
747 510 801 549 es
848 502 924 560 tu,
954 509 1052 563 ego
1090 492 1245 548 hodie
1270 494 1421 565 genui
1447 502 1494 548 te
1514 495 1540 549 2
1563 505 1619 549 et
1650 510 1867 563 rursus,
1882 495 1993 565 Ego

364 608 457 646 ero
478 590 559 644 illi
588 590 647 644 is
678 586 914 657 Patrem,
942 598 990 643 et
1015 588 1130 659 ipse
1151 588 1247 642 erit
1274 587 1403 642 mihi
1433 587 1491 645 in
1517 586 1738 643 Filium.
1770 589 1897 644 Hch
1925 590 1992 645 de

367 699 532 740 carne
559 683 711 739 dicta
739 690 871 738 sunt
904 699 919 737 :
953 681 1086 737 illud
1117 682 1287 748 enim,
1316 680 1434 754 Ego
1457 698 1544 737 ero
1569 682 1647 737 illi
1672 684 1727 737 in
1757 682 1989 750 Patrem,

373 787 425 831 et
447 777 553 847 ipse
576 776 674 830 erit
701 775 835 829 mihi
878 774 937 829 in
978 772 1199 841 Filium,
1231 772 1662 831 incarnationem
1704 772 1941 829 declarat
1974 790 1988 826 :

376 869 707 936 hocautem,
759 867 939 923 Filius
986 883 1133 924 meus
1171 875 1324 933 estu,
1374 864 1508 920 nihil
1536 864 1683 922 aliud
1724 865 1993 937 signiﬁcat

372 978 530 1035 quam
554 962 707 1035 quod
738 976 810 1019 ex
835 961 959 1032 ipso
985 961 1078 1016 sit.
1105 959 1257 1017 Sicut
1283 959 1430 1015 enim
1457 959 1657 1015 dicitur
1687 964 1770 1025 ὧν,
1810 958 1861 1014 id
1884 966 1990 1023 est,

368 1056 461 1129 qui
490 1064 597 1121 est,
634 1070 669 1110 a
698 1053 960 1126 praesenti
1002 1061 1289 1123 tempore;
1334 1050 1440 1107 hoc
1485 1050 1631 1108 enim
1675 1051 1781 1121 ipsi
1822 1053 1993 1121 magis

366 1146 629 1203 convenit
661 1161 677 1198 :
712 1145 788 1199 ita
819 1144 987 1200 etiam
1018 1144 1176 1210 illud,
1230 1142 1421 1209 Hodie,
1469 1142 1559 1198 hic
1604 1142 1736 1198 mihi
1779 1142 1992 1197 videtur

367 1238 574 1294 dictum
601 1253 729 1294 esse
763 1236 835 1293 de
880 1251 1068 1292 carne.
1112 1235 1249 1291 Nam
1286 1234 1504 1305 quando
1533 1248 1655 1290 eam
1682 1234 1991 1304 apprehen-

366 1330 534 1395 derit,
567 1328 640 1385 de
666 1338 874 1385 caatero
902 1328 1087 1383 omnia
1111 1326 1306 1383 eﬂ‘atur
1330 1342 1546 1383 secure.
1573 1326 1714 1383 Caro
1739 1326 1885 1383 enim
1906 1335 1992 1382 est

367 1424 647 1494 particeps
677 1423 939 1489 altorum,
971 1424 1114 1478 sicut
1139 1431 1195 1478 et
1222 1422 1476 1478 divinitas
1502 1421 1787 1481 humilium
1820 1439 1836 1476 :
1864 1436 1988 1476 nam

366 1516 514 1571 Deus
540 1515 711 1572 homo
739 1515 859 1571 ﬁeri
892 1529 1001 1571 non
1030 1514 1373 1584 dedignatus,
1408 1523 1466 1569 ut
1488 1528 1604 1571 rem
1636 1528 1745 1569 non
1772 1527 1992 1569 recusa-

366 1610 465 1676 vit,
494 1608 777 1679 quomodo
803 1607 974 1664 verba
1015 1606 1388 1664 recusaverit?

435 1702 495 1758 4.
540 1700 834 1756 Humilitas
858 1699 1267 1756 commendatur.
1288 1697 1394 1755 Res
1416 1700 1533 1755 uiue
1552 1698 1816 1770 prasentis
1830 1714 1987 1771 quant

360 1794 548 1861 ﬂuxa.
576 1822 652 1835 —
681 1791 815 1849 Haec
843 1806 976 1864 ergo
998 1806 1126 1848 cum
1161 1792 1395 1849 sciamus
1414 1832 1430 1857 ,
1488 1791 1712 1847 minime
1742 1806 1841 1849 nos
1884 1808 1985 1863 pu-

362 1886 529 1953 deat,
586 1899 770 1955 neque
822 1884 995 1939 altum
1043 1898 1340 1956 sapiamus.
1397 1882 1537 1940 Nam
1594 1883 1639 1939 si
1691 1883 1811 1955 ipse
1858 1899 1984 1941 cum

369 1977 519 2032 Deus
544 1986 698 2033 esset
735 1985 792 2033 et
818 1976 1087 2031 Dominus
1122 1986 1180 2032 ct
1204 1976 1299 2033 Dei
1326 1975 1494 2031 Filius
1515 2018 1531 2043 ,
1575 1990 1683 2031 non
1713 1978 1985 2032 recusavit

359 2071 512 2126 servi
536 2069 776 2125 formam
819 2070 1148 2141 suscipere:
1180 2070 1350 2126 multo
1393 2072 1566 2141 magis
1611 2086 1714 2126 nos
1765 2081 1985 2143 oportet

355 2162 549 2217 omnia
577 2162 790 2229 facere,
834 2162 1051 2218 etiamsi
1094 2162 1203 2217 sint
1232 2162 1444 2233 abiecta
1474 2174 1529 2219 et
1553 2163 1796 2219 humilia.
1843 2163 1981 2220 Nam

356 2253 641 2310 midenam
668 2296 685 2323 ,
721 2254 811 2311 dic
851 2269 1080 2326 quaso,
1123 2268 1158 2310 ο
1197 2253 1395 2322 homo,
1442 2254 1615 2310 altum
1671 2256 1862 2327 sapis?
1912 2272 1983 2313 ex

354 2348 727 2404 mularibus
768 2357 825 2404 et
870 2350 939 2404 iis
988 2364 1112 2419 quas
1156 2347 1228 2404 ad
1271 2348 1414 2404 banc
1455 2351 1625 2405 vitam
1665 2352 1982 2421 pertinent?

357 2442 461 2498 sed
504 2455 580 2497 ea
627 2450 1063 2512 praetereurrunt
1106 2443 1424 2514 priusquam
1478 2428 1850 2515 apparuerint.
1900 2449 1981 2504 Ex

354 2537 777 2608 spiritualibus?
814 2537 911 2592 sed
945 2538 1051 2592 hoc
1078 2553 1300 2608 quoque
1336 2546 1422 2594 est
1452 2538 1654 2594 bonum
1694 2555 1834 2611 opus
1869 2544 1985 2613 spi-

356 2630 606 2696 rituale,
664 2644 776 2683 non
818 2629 963 2685 elato
993 2644 1117 2686 esse
1164 2631 1369 2685 animo.
1422 2631 1530 2687 Cur
1566 2649 1699 2705 ergo
1735 2637 1880 2692 elato
1921 2655 1981 2694 es

351 2719 583 2776 animo?
640 2720 787 2791 quod
816 2729 869 2776 te
894 2730 1043 2776 recte
1072 2722 1268 2791 geras?
1310 2722 1451 2794 Audi
1485 2723 1766 2780 Christum
1797 2729 1980 2783 dicen-

360 2819 515 2879 tem,
561 2812 790 2880 Quando
828 2817 1050 2888 feceritis
1096 2817 1306 2885 omnia,
1357 2819 1510 2874 dicite
1533 2861 1548 2886 ,
1582 2820 1733 2876 Servi
1779 2821 1981 2877 inutiles

358 2921 542 2961 om
591 2922 615 2961 :
687 2923 811 2961 nam
881 2924 997 2978 quae
1073 2910 1379 2967 debebamus
1461 2915 1629 2983 facere
1651 2954 1667 2980 ,
1740 2918 1951 2984 fecimus

359 2993 518 3064 (Luc.
549 2998 608 3052 1.
642 2998 760 3068 10).
809 3000 1133 3067 Ateﬂ'erris,
1171 3012 1226 3057 et
1254 3002 1348 3058 tibi
1379 3004 1559 3074 places
1590 3015 1808 3076 propter
1847 3006 1982 3061 divi-

364 3088 513 3142 tias?
569 3090 788 3159 quare?
839 3090 929 3147 die
977 3093 1156 3147 mihi:
1201 3110 1381 3149 annon
1429 3095 1627 3151 audisti
1674 3100 1816 3168 quod
1857 3098 1984 3153 nudi

359 3179 599 3249 ingressi
646 3197 840 3237 sumus
884 3183 939 3239 in
992 3185 1133 3241 hanc
1176 3187 1339 3242 vitam
1367 3227 1383 3252 ,
1437 3198 1493 3242 et
1536 3189 1666 3244 nudi
1713 3190 1981 3246 abibimus

356 3272 490 3341 (Job
518 3275 572 3330 l.
597 3273 695 3346 3t)
714 3276 741 3330 ?
791 3276 903 3333 imo
930 3293 1039 3332 non
1066 3278 1219 3334 vides
1263 3293 1359 3335 eos
1385 3280 1477 3350 qui
1503 3289 1556 3336 te
1581 3290 1982 3351 praecesserunt

358 3368 543 3422 nudos
582 3380 640 3423 et
667 3369 915 3438 abjectos
957 3372 1338 3429 abscessisse?
1366 3373 1497 3441 Quis
1526 3374 1732 3431 habens
1761 3377 1937 3432 aliena
1964 3419 1980 3443 ,

353 3459 587 3518 effertur
613 3470 670 3517 et
706 3463 809 3518 sibi
848 3465 1070 3534 placet?
1113 3464 1248 3521 Nam
1293 3468 1385 3537 qui
1415 3482 1477 3523 ea
1505 3468 1573 3523 ad
1599 3484 1728 3525 suos
1773 3480 1978 3526 tantum

355 3568 497 3610 usus
525 3564 855 3613 convertere
881 3565 938 3611 et
966 3556 1034 3612 iis
1066 3556 1171 3613 frui
1198 3558 1426 3626 volunt,
1475 3560 1577 3630 ipsi
1603 3562 1682 3617 cis
1712 3562 1794 3618 vel
1822 3564 1973 3619 inviti

353 3645 680 3713 privamur,
707 3661 858 3718 saepe
880 3649 1046 3704 etiam
1076 3657 1205 3706 ante
1230 3660 1485 3719 mortem,
1511 3652 1564 3708 in
1594 3664 1774 3711 morte
1797 3667 1975 3711 autem

349 3740 611 3795 omnino.
664 3741 737 3795 At
778 3756 882 3796 nos
909 3742 1196 3811 viventes,
1240 3743 1455 3815 inquit,
1499 3746 1579 3803 eis
1623 3749 1980 3815 ut_volumus

349 3830 587 3887 utimur.
638 3830 799 3888 Certe
830 3835 1107 3890 neminem
1154 3834 1267 3891 cito
1295 3836 1496 3892 videris
1545 3846 1603 3893 ut
1630 3840 1748 3893 volt
1776 3841 1850 3894 uti
1899 3841 1977 3893 fa-

346 3925 658 3981 cultatibus
683 3943 698 3979 :
727 3927 874 3997 quod
919 3928 965 3981 si
1008 3927 1292 3998 quisquam
1324 3930 1488 3985 etiam
1532 3937 1593 3985 ut
1619 3931 1732 3985 vult
1770 3941 1976 4001 utatur,

346 4033 421 4075 ne
440 4018 557 4075 hoc
571 4028 663 4074 cst
687 4019 908 4089 quidem
928 4035 1182 4091 magnum
1217 4038 1232 4075 :
1262 4021 1428 4078 breve
1448 4033 1534 4079 est
1562 4025 1709 4079 enim
1736 4039 1978 4095 praesens

346 4122 598 4182 tempus,
618 4112 665 4166 si
690 4110 1006 4168 conferatur
1022 4127 1146 4168 cum
1171 4113 1387 4169 saeculis
1411 4130 1533 4185 quae
1553 4131 1661 4171 non
1688 4116 1971 4173 ﬁniuntur.

349 4204 605 4271 Ell'erris,
633 4220 669 4259 ο
695 4203 860 4259 homo
882 4246 899 4271 ,
924 4212 980 4261 et
1005 4204 1255 4276 gloriaris
1279 4208 1422 4276 quod
1447 4207 1522 4262 sis
1550 4208 1740 4264 dives?
1764 4224 1931 4279 quare
1952 4210 1984 4263 ἓ

347 4299 461 4352 hoc
498 4298 653 4353 enim
676 4297 832 4353 adest
858 4304 914 4352 et
943 4296 1241 4352 latronibus
1269 4306 1327 4353 et
1352 4297 1569 4355 furibus
1598 4310 1654 4355 et
1688 4300 1973 4371 parricidis

346 4401 406 4443 et
452 4390 717 4444 mollibus
747 4400 805 4445 ct
856 4390 1253 4446 scortatoribus
1278 4399 1335 4445 et
1382 4392 1661 4449 sceleratis
1701 4395 1973 4451 omnibus.

343 4483 461 4536 Cur
490 4495 630 4551 ergo
658 4481 917 4536 eﬂ'erris?
945 4480 1081 4537 Nam
1108 4482 1246 4538 sieo
1266 4494 1414 4539 recte
1431 4493 1487 4540 et
1513 4496 1570 4539 ut
1598 4494 1816 4556 Oportet
1845 4503 1974 4542 usus

343 4588 411 4627 es
431 4614 449 4637 .
496 4589 610 4628 non
650 4574 817 4629 debes
843 4576 994 4630 elato
1026 4590 1153 4630 esse
1182 4576 1404 4641 animo,
1441 4591 1512 4633 ne
1545 4578 1715 4634 violes
1744 4579 1973 4635 manda-

345 4678 468 4720 tum
494 4686 510 4720 ι
549 4665 637 4720 sin
670 4682 849 4720 amem
874 4681 985 4722 non
1012 4678 1159 4722 recte
1183 4677 1238 4723 et
1265 4676 1322 4722 ut
1342 4671 1717 4740 oportet,ideo
1738 4675 1976 4731 maxime

342 4773 461 4813 non
479 4758 680 4825 debes,
693 4759 837 4828 quod
852 4759 1205 4830 pecuniarum
1224 4759 1400 4816 lactus
1409 4761 1483 4817 sis
1496 4776 1686 4819 servus
1697 4773 1753 4819 et
1770 4780 1978 4835 posses.

340 4851 577 4905 sionum
597 4891 612 4915 ,
646 4860 702 4906 et
726 4866 790 4906 ea
831 4852 885 4905 in
916 4859 970 4907 te
996 4851 1333 4907 dominatum
1364 4853 1668 4911 obtineant.
1697 4855 1833 4913 Nam
1864 4857 1972 4929 dlc,

342 4961 586 5016 quasso,
618 4948 665 5000 si
709 4946 832 5013 quis
876 4946 1196 5003 febricitans
1227 4950 1456 5004 multum
1504 4966 1660 5023 aqua:
1706 4952 1971 5021 ebiberit,

341 5052 474 5110 quae
521 5038 677 5093 brevi
708 5038 928 5109 quidem
962 5047 1210 5109 tempore
1237 5042 1550 5112 exstinguat
1574 5044 1741 5110 sitim,
1786 5057 1974 5115 postea

339 5128 559 5185 autem
584 5129 850 5185 accendat
889 5129 1166 5185 ﬂammam
1190 5172 1207 5200 ,
1237 5146 1305 5186 ex
1327 5147 1465 5189 eone
1502 5133 1665 5190 debet
1702 5134 1885 5193 efferri
1922 5148 1975 5194 et

337 5225 453 5281 sibi
482 5225 741 5296 placere?
771 5225 911 5291 Quid
940 5241 1092 5290 vero,
1123 5227 1168 5280 si
1198 5227 1320 5297 quis
1347 5228 1531 5297 plures
1554 5230 1749 5285 habeat
1777 5232 1973 5289 frustra

335 5318 784 5386 sollicitudines,
826 5330 1190 5390 proptercane
1222 5321 1383 5378 debet
1406 5322 1506 5378 sibi
1539 5323 1793 5394 placere?
1836 5325 1970 5392 Cur,

338 5413 437 5469 dic
484 5413 725 5485 quaeso?
770 5412 1026 5482 quoniam
1056 5415 1259 5469 multos
1292 5413 1461 5470 habes
1494 5416 1782 5473 dominos?
1829 5434 1967 5491 quo-

335 5508 493 5562 niam
521 5506 728 5561 multas
753 5505 958 5560 curas?
1003 5507 1267 5573 quoniam
1314 5509 1469 5563 multi
1505 5510 1598 5565 tibi
1641 5511 1970 5569 adulantur?

332 5599 449 5656 Sed
479 5608 541 5653 tu
573 5596 689 5652 illis
721 5598 903 5653 servis
934 5615 947 5651 :
979 5607 1037 5653 et
1066 5607 1125 5653 ut
1162 5598 1433 5671 intelligas
1461 5601 1585 5656 audi
1630 5613 1842 5671 aperte.
1890 5604 1969 5658 Ex

333 5694 403 5748 iis
460 5705 595 5763 qua
649 5691 708 5744 in
774 5690 935 5745 nobis
990 5699 1119 5745 sunt
1178 5692 1345 5745 animi
1421 5692 1798 5750 atl‘cctionibus
1850 5698 1969 5752 alia:

329 5785 563 5857 quidem
590 5794 727 5842 sunt
745 5784 1077 5855 quandoque
1106 5784 1288 5849 utiles,
1316 5793 1375 5840 ut
1396 5785 1474 5841 ira
1503 5802 1648 5859 saepe
1673 5799 1757 5845 cst
1784 5791 1958 5845 utilis:

328 5894 459 5937 nam
483 5878 611 5949 Im,
632 5877 835 5949 inquit,
855 5876 1049 5947 iujusta
1067 5892 1169 5931 non
1186 5876 1281 5932 erit
1299 5877 1541 5935 innocens
1560 5880 1752 5952 (Eccli.
1776 5882 1823 5938 l.
1850 5880 1959 5954 22)-

2117 484 2479 551 Quamobrem
2521 488 2646 539 licet
2673 486 2836 539 etiam
2875 486 3023 555 juste
3066 488 3245 543 irasci.
3278 490 3577 557 Eltrttrsus,
3614 496 3714 561 Qui

2120 574 2360 633 irascitur
2409 580 2561 646 fratri
2605 594 2697 633 suo
2755 587 2974 645 temere,
3030 580 3125 634 erit
3177 580 3424 639 obnoxius
3472 585 3715 656 gehennae

2114 681 2335 756 (Matth.
2358 684 2416 742 5.
2444 684 2566 756 22).
2595 684 2807 743 Rursus
2836 686 3013 743 bonus
3039 696 3125 744 est
3153 688 3303 745 zelus
3329 697 3386 745 et
3413 689 3679 760 cupiditas
3697 730 3715 754 ,

2123 776 2242 833 haec
2269 776 2512 848 quidem,
2536 794 2660 834 cum
2677 779 2890 835 exsistit
2911 780 2965 836 in
2991 780 3284 838 liberorum
3305 783 3717 852 procreatione:

2115 872 2207 928 ille
2225 887 2379 940 vero,
2414 872 2630 943 quando
2654 873 2820 931 habet
2841 874 3242 931 aemulationem
3263 876 3330 930 ad
3350 890 3412 932 ea
3438 892 3560 947 qua:
3576 876 3716 932 bona

2113 972 2257 1020 sunt.
2280 964 2606 1020 Sicutetiam
2636 965 2769 1020 dicit
2786 966 2981 1022 Paulus
3003 986 3016 1023 :
3036 965 3239 1021 Bonum
3263 975 3433 1022 autem
3455 978 3527 1022 est
3551 985 3717 1023 centu-

2113 1056 2212 1113 lari
2229 1058 2287 1113 in
2309 1059 2440 1115 bono
2459 1059 2807 1133 semper(Gal.
2827 1061 2882 1115 4.
2907 1060 3001 1130 18)
3019 1077 3035 1127 ;
3054 1070 3110 1116 et
3131 1076 3343 1129 rursus,
3366 1060 3722 1117 zEmulanu'ni

2109 1153 2421 1209 charismata
2441 1147 2652 1210 meliora
2668 1154 2745 1225 (l.
2768 1152 2890 1213 Cor.
2934 1154 3024 1210 12.
3047 1154 3163 1228 51).
3194 1156 3371 1211 Ambo
3402 1157 3568 1228 igitur
3587 1169 3716 1213 sunt

2111 1247 2283 1302 utilia.
2302 1249 2623 1318 Arrogantia
2639 1258 2817 1305 autem
2837 1263 3102 1320 nusquam
3133 1260 3215 1306 est
3231 1251 3497 1322 bona,sed
3515 1252 3715 1325 ubique

2107 1349 2191 1395 est
2217 1340 2425 1395 inutilis
2451 1351 2508 1397 et
2532 1345 2715 1398 noxia.
2739 1341 3009 1398 Caeterum
3030 1342 3077 1398 si
3099 1342 3278 1400 efferri
3297 1355 3352 1400 et
3374 1346 3712 1417 sibiplacerc

2108 1443 2341 1504 oportet,
2363 1444 2583 1504 propter
2609 1448 2975 1507 paupertatem
2989 1438 3089 1491 sibi
3114 1438 3326 1507 placere
3346 1448 3580 1507 oportet,
3607 1456 3711 1493 non

2109 1536 2330 1598 propter
2353 1527 2588 1583 divitias.
2611 1528 3006 1597 Quamobrem?
3026 1530 3289 1599 Quoniam
3308 1532 3397 1600 qui
3414 1533 3598 1602 paucis
3622 1548 3711 1602 po—

2110 1629 2214 1676 test
2231 1622 2437 1690 vivere,
2459 1632 2543 1677 est
2558 1622 2727 1677 multo
2744 1624 2916 1694 major
2927 1633 2982 1679 et
2994 1624 3185 1681 melior
3200 1641 3267 1681 eo
3282 1626 3373 1696 qui
3388 1641 3494 1680 non
3514 1637 3709 1697 potest.

2177 1712 2234 1769 5.
2273 1712 2408 1769 Nam
2450 1713 2537 1770 dic
2582 1714 2749 1783 mihi,
2784 1717 2833 1771 si
2872 1716 3142 1787 aliquibus
3187 1719 3391 1774 vocatis
3438 1719 3490 1772 in
3522 1719 3710 1774 urbem

2106 1806 2344 1879 regiam,
2394 1808 2486 1863 alii
2516 1808 2734 1880 quidem
2767 1825 2837 1866 ex.
2874 1811 2942 1866 iis
2984 1811 3374 1881 necjumentis
3419 1828 3558 1883 opus
3608 1813 3709 1868 ha-

2108 1899 2301 1967 beant,
2330 1916 2432 1957 nec
2473 1900 2689 1958 famulis
2709 1943 2726 1968 ,
2758 1918 2863 1959 nec
2886 1903 3140 1959 umbellis
3165 1945 3182 1971 ,
3214 1920 3317 1961 nec
3344 1904 3663 1962 diversoriis
3689 1950 3705 1972 ,

2104 2007 2207 2049 nec
2248 1993 2477 2061 calceis,
2518 2009 2698 2064 neque
2723 1996 2905 2061 vasis,
2957 1996 3052 2051 sed
3098 1996 3180 2051 eis
3222 1996 3455 2061 sufficiat
3497 1997 3702 2054 habere

2105 2101 2296 2155 panem
2322 2128 2338 2155 ,
2388 2095 2445 2142 et
2487 2101 2682 2156 aquam
2710 2103 2928 2143 sumere
2955 2103 3023 2144 ex
3068 2087 3343 2155 fontibus;
3390 2090 3480 2144 alii
3521 2100 3705 2146 autem

2102 2177 2320 2244 dicant,
2369 2177 2483 2235 Nisi
2526 2179 2794 2236 dederitis
2820 2179 3106 2247 vehicula,
3148 2191 3207 2237 et
3245 2190 3473 2237 stratum
3504 2184 3703 2251 molle,

2102 2288 2206 2326 non
2242 2288 2526 2342 possumus
2563 2273 2797 2339 adesse;
2849 2274 2953 2329 nisi
2993 2275 3156 2330 etiam
3184 2275 3383 2330 multos
3413 2276 3705 2333 habeamus

2101 2366 2192 2435 qui
2237 2380 2337 2420 nos
2379 2375 2695 2435 sequantur,
2744 2366 2848 2421 nisi
2902 2367 3125 2422 assidue
3175 2368 3337 2422 liceat
3378 2370 3701 2439 quiescere,

2102 2472 2207 2511 non
2255 2472 2572 2525 possumus;
2618 2459 2725 2514 nisi
2778 2469 2996 2514 utamur
3027 2459 3332 2529 iumentis,
3392 2461 3493 2516 nisi
3538 2462 3701 2517 etiam

2100 2565 2315 2619 parvam
2363 2550 2468 2605 diei
2517 2562 2724 2621 partem
2774 2552 3148 2617 ambulemus;
3202 2568 3341 2622 opus
3388 2560 3472 2607 cst
3513 2563 3698 2608 autem

2100 2644 2254 2699 nobis
2294 2644 2456 2699 etiam
2490 2644 2732 2715 pluribus
2778 2644 2901 2700 aliis
2932 2661 2945 2698 :
2980 2659 3245 2715 quosnam
3287 2645 3698 2706 admirabimur.

2099 2735 2218 2791 illos
2243 2776 2258 2801 ,
2305 2751 2372 2790 an
2416 2734 2550 2791 hos?
2591 2736 2703 2792 llos
2730 2744 2880 2792 certe
2900 2736 2989 2807 qui
3018 2736 3167 2789 nullo
3196 2734 3457 2805 indigent.
3492 2737 3566 2791 lla
3615 2737 3701 2793 hic

2095 2843 2313 2899 quoque
2381 2828 2459 2883 illi
2509 2827 2726 2899 quidem
2799 2827 2865 2882 ad
2922 2828 3082 2896 hujus
3135 2828 3258 2881 vita:
3313 2828 3452 2882 viam
3514 2829 3699 2884 multis

2097 2919 2336 2993 indigent
2368 2937 2382 2974 :
2416 2921 2470 2975 bi
2498 2936 2627 2977 vero
2656 2920 2826 2976 nullo.
2866 2920 3230 2988 Quamobrem
3262 2928 3483 2990 oportet
3506 2937 3600 2976 eos
3626 2922 3698 2977 ob

2095 3020 2473 3084 paupertatem
2518 3013 2689 3084 magis
2727 3011 2909 3085 ell‘erri
2951 3021 3007 3067 et
3054 3012 3159 3066 sibi
3209 3012 3456 3081 placere,
3501 3016 3545 3069 si
3595 3016 3697 3071 sibi

2095 3109 2307 3177 placere
2334 3115 2571 3177 oportet.
2604 3109 2675 3161 At
2702 3120 2929 3177 pauper,
2961 3105 3155 3175 inquit,
3189 3114 3277 3160 est
3325 3105 3693 3176 despicabilis.

2094 3200 2212 3257 Non
2258 3200 2388 3266 ille,
2442 3199 2539 3255 sed
2587 3199 2677 3269 qui
2725 3214 2850 3255 eum
2893 3196 3222 3269 despiciunt.
3269 3197 3380 3253 Cur
3408 3200 3554 3254 enim
3595 3217 3697 3271 ego

2093 3307 2197 3346 non
2249 3291 2491 3360 despicio
2533 3307 2661 3357 eos,
2716 3292 2807 3361 qui
2851 3290 3103 3346 nesciunt
3153 3290 3417 3345 admirari
3457 3307 3521 3347 ea
3570 3308 3690 3363 quae

2090 3384 2343 3452 oportet?
2373 3381 2480 3438 Sed
2522 3382 2579 3438 si-
2598 3383 2671 3437 sit
2695 3382 2915 3453 quidem
2950 3384 3126 3453 pictor
3153 3382 3420 3452 quispiam
3439 3424 3454 3448 ,
3484 3399 3578 3439 eos
3602 3386 3695 3455 qui

2092 3474 2264 3541 ipsum
2314 3473 2497 3529 rident
2539 3474 2821 3539 irridebit,
2868 3473 3127 3545 quamdiu
3179 3472 3383 3529 fuerint
3429 3476 3593 3531 rudes
3640 3487 3697 3532 et

2098 3566 2366 3637 imperiti,
2419 3580 2475 3627 et
2521 3587 2696 3641 neque
2739 3575 3073 3629 convertitur
3100 3575 3166 3630 ad
3216 3592 3277 3632 ea
3319 3594 3442 3649 quae
3482 3578 3553 3634 ab
3589 3579 3698 3638 illis

2090 3659 2362 3730 dicuntur,
2397 3664 2491 3719 scd
2518 3674 2808 3721 contentus
2845 3676 2927 3721 est
2954 3681 3053 3721 suo
3082 3667 3285 3737 ipsius
3324 3670 3641 3727 testimonio
3679 3691 3693 3726 :

2090 3762 2149 3811 et
2173 3770 2274 3811 nos
2303 3758 2657 3828 pendebimus
2704 3775 2735 3815 a
2768 3760 2909 3830 vulgi
2941 3760 3239 3831 opinione?
3286 3778 3353 3817 an
3398 3763 3514 3818 haec
3540 3765 3692 3819 venia

2091 3847 2252 3920 digna
2278 3852 2448 3906 sunt?

2163 3940 2429 4012 Pauperis
2484 3944 2668 4000 melior
2726 3955 2801 3999 est
2855 3945 3116 4009 conditio,
3175 3961 3330 4016 quant
3381 3946 3571 4002 divitis.
3625 3977 3697 3989 -

2088 4034 2383 4106 Propterea
2412 4036 2561 4109 digni
2592 4053 2782 4093 sumus
2809 4038 2901 4107 qui
2931 4046 3367 4104 centemnamur,
3415 4038 3563 4105 quod
3598 4055 3712 4095 eos.

2089 4144 2197 4185 non
2247 4129 2612 4202 despiciemus
2663 4130 2757 4199 qui
2796 4144 2895 4185 nos
2933 4130 3239 4199 despiciant
3287 4140 3512 4199 propter
3554 4147 3692 4200 pau-

2091 4233 2355 4295 pertatem
2379 4265 2395 4290 ,
2439 4233 2495 4279 ct
2520 4239 2631 4279 non
2657 4238 2755 4280 eos
2792 4236 3117 4277 censeamus
3149 4222 3400 4278 miseros.
3449 4223 3519 4279 Et
3549 4238 3693 4295 pra:-

2088 4324 2239 4372 tereo
2285 4316 2504 4386 quidem
2548 4324 2683 4386 quot
2732 4324 2959 4385 peccata
2992 4325 3292 4370 nascuntur
3342 4330 3408 4370 ex
3448 4315 3690 4381 divitiis,

2086 4419 2219 4478 quot
2263 4416 2444 4464 autem
2472 4410 2613 4465 bona
2655 4424 2720 4464 ex
2771 4416 3091 4485 paupertate
3123 4426 3137 4462 :
3193 4408 3302 4463 imo
3332 4424 3463 4463 vero
3491 4424 3591 4464 nec
3611 4410 3694 4463 di-

2089 4501 2231 4556 vitia:
2255 4543 2271 4567 ,
2300 4510 2406 4557 ‘nec
2438 4509 2731 4573 paupertas
2759 4516 2855 4570 per
2883 4516 2944 4555 se
2969 4486 3170 4555 bonum
3199 4543 3213 4565 ,
3246 4500 3341 4556 sed
3374 4511 3535 4570 prout
3565 4511 3692 4557 sunt

2085 4593 2177 4664 qui
2228 4592 2297 4648 iis
2347 4602 2592 4648 utuntur.
2635 4592 2843 4648 Probus
2874 4593 3217 4648 Christianus
3245 4594 3414 4665 magis
3452 4594 3691 4649 cernitur

2069 4685 2141 4739 in
2170 4694 2487 4756 paupertate
2532 4699 2693 4757 quam
2728 4685 2782 4739 in
2822 4683 3047 4738 divitiis.
3096 4683 3420 4752 Quomodo?
3465 4684 3525 4741 lu
3560 4700 3692 4756 pau-

2095 4786 2304 4847 pertate
2326 4776 2430 4833 erit
2478 4791 2507 4830 a
2550 4776 2691 4830 fastu
2738 4776 2991 4841 alienior,
3042 4776 3357 4843 modestior,
3389 4778 3686 4843 honestior.

2091 4869 2411 4941 prudentior
2454 4888 2468 4924 :
2521 4869 2613 4940 qui
2643 4879 2824 4924 autem
2882 4879 3061 4924 manet
3090 4870 3140 4921 in
3178 4869 3418 4936 divitiis,
3476 4871 3541 4926 ad
3574 4871 3689 4926 haec

2090 4967 2255 5023 multa
2285 4966 2453 5022 habet
2493 4966 2897 5036 impedimenta.
2947 4966 3241 5022 Videamus
3282 4983 3411 5038 ergo
3440 4985 3685 5039 qumnam

2089 5073 2216 5115 sunt
2238 5075 2360 5130 quae
2380 5059 2507 5116 facit
2554 5058 2739 5127 dives,
2797 5060 2882 5115 vel
2911 5060 3089 5130 potius
3138 5060 3183 5114 is
3208 5062 3297 5130 qui
3320 5061 3521 5116 divitiis
3550 5065 3687 5117 male

2086 5154 2276 5208 utitur.
2329 5151 2424 5208 llle
2468 5152 2605 5222 rapit
2631 5194 2648 5220 ,
2678 5152 2888 5207 fraudat
2912 5194 2927 5218 ,
2956 5151 3342 5220 circumvenit,
3376 5153 3481 5207 vim
3510 5154 3685 5211 affert.

2087 5247 2199 5302 imo
2226 5245 2395 5316 quid?
2437 5260 2653 5301 amores
2685 5255 2871 5316 turpes
2897 5254 2952 5300 et
2977 5245 3301 5302 inhonestos
3324 5289 3337 5310 ,
3366 5250 3718 5304 concubitus.

2084 5339 2323 5396 nefarios
2343 5380 2358 5404 ,
2390 5340 2716 5410 praestigias,
2752 5338 3018 5393 veneﬁcia
3047 5380 3062 5404 ,
3114 5340 3217 5393 alia
3240 5349 3387 5394 tetra
3418 5351 3475 5396 et
3502 5343 3695 5410 gravia

2080 5447 2262 5488 annon
2316 5431 2561 5487 invenies
2615 5432 2764 5485 nasci
2819 5446 2885 5485 ex
2939 5430 3186 5487 divitiis?
3222 5432 3388 5489 Vides
3436 5435 3582 5504 quod
3634 5438 3689 5490 in

2082 5532 2397 5598 paupertate
2443 5523 2655 5581 facilius
2706 5533 2793 5581 est
2824 5525 3078 5580 virtutem
3109 5540 3364 5583 exercere
3388 5568 3401 5591 ,
3427 5543 3587 5597 quam
3635 5530 3686 5584 in

2080 5616 2316 5673 divitiis?
2368 5615 2448 5671 Ne
2498 5615 2679 5681 enim,
2743 5616 2997 5688 quoniam
3028 5632 3219 5688 ptenas
3269 5617 3359 5673 hic
3403 5633 3509 5674 non
3558 5620 3689 5675 dant

2080 5709 2314 5773 divites,
2364 5707 2641 5764 existimes
2671 5722 2765 5764 eos
2810 5724 2915 5764 non
2964 5723 3211 5779 peccare.
3263 5708 3397 5765 Nam
3445 5712 3489 5766 si
3532 5709 3702 5767 facile.

2080 5808 2227 5857 esset
2244 5799 2466 5856 divitem
2498 5798 2629 5855 dare
2660 5815 2848 5871 pinnas
2872 5840 2887 5864 ,
2944 5801 3011 5856 iis
3043 5802 3235 5871 plenos
3266 5804 3536 5857 invenires
3563 5819 3695 5859 care

2080 5907 2275 5961 ceres;
2327 5891 2423 5949 sed
2477 5892 2621 5949 inter
2670 5894 2775 5949 alia
2826 5892 2928 5949 hoc
2974 5909 3190 5966 quoque
3235 5897 3436 5951 attalum
3483 5895 3690 5952 habent
