  <div class='ocr_page' id='page_1' title='image "/cluster/home/n/w/nwhite01/storage/ocr_20150623/63:no.12/coo.31924054869635/033.png"; bbox 0 0 4208 6458; ppageno 0'>
   <div class='ocr_carea' id='block_1_1' title="bbox 587 372 3860 439">
    <p class='ocr_par' dir='ltr' id='par_1_1' title="bbox 587 372 3860 439">
     <span class='ocr_line' id='line_1_1' title="bbox 587 372 3860 439; baseline -0.002 0"><span class='ocrx_word' id='word_1_1' title='bbox 587 383 658 439; x_wconf 62' lang='lat'><strong>‘27</strong></span> <span class='ocrx_word' id='word_1_2' title='bbox 1324 383 1380 438; x_wconf 89' lang='lat' dir='ltr'><strong>S.</strong></span> <span class='ocrx_word' id='word_1_3' title='bbox 1424 382 1704 438; x_wconf 79' lang='lat' dir='ltr'><strong>JOANNIS</strong></span> <span class='ocrx_word' id='word_1_4' title='bbox 1739 372 2219 437; x_wconf 75' lang='lat' dir='ltr'><strong>CHRYSOSTOMI</strong></span> <span class='ocrx_word' id='word_1_5' title='bbox 2259 376 2580 436; x_wconf 79' lang='lat' dir='ltr'><strong>ARCHIEP.</strong></span> <span class='ocrx_word' id='word_1_6' title='bbox 2619 377 3154 437; x_wconf 77' lang='lat' dir='ltr'><strong>CONSTANTINOP.</strong></span> <span class='ocrx_word' id='word_1_7' title='bbox 3785 378 3860 434; x_wconf 67' lang='lat'><strong>23</strong></span> 
     </span>
    </p>
   </div>
   <div class='ocr_carea' id='block_1_2' title="bbox 571 501 2162 576">
    <p class='ocr_par' dir='ltr' id='par_1_2' title="bbox 571 501 2162 576">
     <span class='ocr_line' id='line_1_2' title="bbox 571 501 2162 576; baseline -0.003 -12"><span class='ocrx_word' id='word_1_8' title='bbox 571 509 791 573; x_wconf 72' lang='lat' dir='ltr'><strong>divitiae,</strong></span> <span class='ocrx_word' id='word_1_9' title='bbox 841 505 984 576; x_wconf 91' lang='lat' dir='ltr'><strong>quod</strong></span> <span class='ocrx_word' id='word_1_10' title='bbox 1030 505 1118 575; x_wconf 93' lang='lat' dir='ltr'><strong>qui</strong></span> <span class='ocrx_word' id='word_1_11' title='bbox 1174 517 1266 558; x_wconf 87' lang='lat' dir='ltr'><strong>eas</strong></span> <span class='ocrx_word' id='word_1_12' title='bbox 1299 503 1350 556; x_wconf 93' lang='lat' dir='ltr'><strong>in</strong></span> <span class='ocrx_word' id='word_1_13' title='bbox 1400 501 1528 556; x_wconf 88' lang='lat' dir='ltr'><strong>vitio</strong></span> <span class='ocrx_word' id='word_1_14' title='bbox 1553 501 1842 559; x_wconf 72' lang='lat' dir='ltr'><strong>ctscelere</strong></span> <span class='ocrx_word' id='word_1_15' title='bbox 1887 505 2162 576; x_wconf 74' lang='lat' dir='ltr'><strong>possidet,</strong></span> 
     </span>
    </p>
   </div>
   <div class='ocr_carea' id='block_1_3' title="bbox 571 592 2161 670">
    <p class='ocr_par' dir='ltr' id='par_1_3' title="bbox 571 592 2161 670">
     <span class='ocr_line' id='line_1_3' title="bbox 571 592 2161 670; baseline -0.003 -16"><span class='ocrx_word' id='word_1_16' title='bbox 571 603 791 670; x_wconf 86' lang='lat' dir='ltr'><strong>impune</strong></span> <span class='ocrx_word' id='word_1_17' title='bbox 820 609 1049 666; x_wconf 75' lang='lat' dir='ltr'><strong>peccans</strong></span> <span class='ocrx_word' id='word_1_18' title='bbox 1103 600 1393 664; x_wconf 81' lang='lat' dir='ltr'><strong>numquam</strong></span> <span class='ocrx_word' id='word_1_19' title='bbox 1423 592 1647 647; x_wconf 87' lang='lat' dir='ltr'><strong>desistet</strong></span> <span class='ocrx_word' id='word_1_20' title='bbox 1672 593 1773 648; x_wconf 90' lang='lat' dir='ltr'><strong>hoc</strong></span> <span class='ocrx_word' id='word_1_21' title='bbox 1800 594 2012 662; x_wconf 76' lang='lat' dir='ltr'><strong>facere,</strong></span> <span class='ocrx_word' id='word_1_22' title='bbox 2063 601 2161 650; x_wconf 86' lang='lat' dir='ltr'><strong>sed</strong></span> 
     </span>
    </p>
   </div>
   <div class='ocr_carea' id='block_1_4' title="bbox 571 683 2164 762">
    <p class='ocr_par' dir='ltr' id='par_1_4' title="bbox 571 683 2164 762">
     <span class='ocr_line' id='line_1_4' title="bbox 571 683 2164 762; baseline -0.003 -15"><span class='ocrx_word' id='word_1_23' title='bbox 571 693 799 762; x_wconf 85' lang='lat' dir='ltr'><strong>accipiet</strong></span> <span class='ocrx_word' id='word_1_24' title='bbox 832 690 1054 743; x_wconf 81' lang='lat' dir='ltr'><strong>vulnera</strong></span> <span class='ocrx_word' id='word_1_25' title='bbox 1078 686 1280 754; x_wconf 89' lang='lat' dir='ltr'><strong>absque</strong></span> <span class='ocrx_word' id='word_1_26' title='bbox 1303 683 1731 748; x_wconf 77' lang='lat' dir='ltr'><strong>medicamentis,</strong></span> <span class='ocrx_word' id='word_1_27' title='bbox 1753 703 1927 756; x_wconf 86' lang='lat' dir='ltr'><strong>neque</strong></span> <span class='ocrx_word' id='word_1_28' title='bbox 1947 687 1995 742; x_wconf 92' lang='lat' dir='ltr'><strong>ei</strong></span> <span class='ocrx_word' id='word_1_29' title='bbox 2016 687 2164 758; x_wconf 84' lang='lat' dir='ltr'><strong>quis-</strong></span> 
     </span>
    </p>
   </div>
   <div class='ocr_carea' id='block_1_5' title="bbox 568 778 2163 858">
    <p class='ocr_par' dir='ltr' id='par_1_5' title="bbox 568 778 2163 858">
     <span class='ocr_line' id='line_1_5' title="bbox 568 778 2163 858; baseline -0.003 -17"><span class='ocrx_word' id='word_1_30' title='bbox 568 802 729 858; x_wconf 92' lang='lat' dir='ltr'><strong>quam</strong></span> <span class='ocrx_word' id='word_1_31' title='bbox 757 785 1000 854; x_wconf 91' lang='lat' dir='ltr'><strong>imponet</strong></span> <span class='ocrx_word' id='word_1_32' title='bbox 1025 779 1259 834; x_wconf 67' lang='lat' dir='ltr'><strong>frenum.</strong></span> <span class='ocrx_word' id='word_1_33' title='bbox 1293 778 1349 833; x_wconf 89' lang='lat' dir='ltr'><strong>Si</strong></span> <span class='ocrx_word' id='word_1_34' title='bbox 1374 780 1495 850; x_wconf 74' lang='lat' dir='ltr'><strong>Quis</strong></span> <span class='ocrx_word' id='word_1_35' title='bbox 1522 790 1702 834; x_wconf 87' lang='lat' dir='ltr'><strong>autem</strong></span> <span class='ocrx_word' id='word_1_36' title='bbox 1732 782 1891 847; x_wconf 88' lang='lat' dir='ltr'><strong>velit,</strong></span> <span class='ocrx_word' id='word_1_37' title='bbox 1921 780 2163 837; x_wconf 78' lang='lat' dir='ltr'><strong>inveniet</strong></span> 
     </span>
    </p>
   </div>
   <div class='ocr_carea' id='block_1_6' title="bbox 568 871 2166 946">
    <p class='ocr_par' dir='ltr' id='par_1_6' title="bbox 568 871 2166 946">
     <span class='ocr_line' id='line_1_6' title="bbox 568 871 2166 946; baseline -0.005 -12"><span class='ocrx_word' id='word_1_38' title='bbox 568 879 730 933; x_wconf 80' lang='lat' dir='ltr'><strong>etiam</strong></span> <span class='ocrx_word' id='word_1_39' title='bbox 757 880 1126 946; x_wconf 84' lang='lat' dir='ltr'><strong>paupertatem</strong></span> <span class='ocrx_word' id='word_1_40' title='bbox 1168 871 1326 927; x_wconf 87' lang='lat' dir='ltr'><strong>nobis</strong></span> <span class='ocrx_word' id='word_1_41' title='bbox 1367 871 1435 927; x_wconf 88' lang='lat' dir='ltr'><strong>ad</strong></span> <span class='ocrx_word' id='word_1_42' title='bbox 1465 872 1802 942; x_wconf 84' lang='lat' dir='ltr'><strong>voluptatem</strong></span> <span class='ocrx_word' id='word_1_43' title='bbox 1836 873 1987 942; x_wconf 90' lang='lat' dir='ltr'><strong>plura</strong></span> <span class='ocrx_word' id='word_1_44' title='bbox 2032 873 2166 927; x_wconf 86' lang='lat' dir='ltr'><strong>dare</strong></span> 
     </span>
    </p>
   </div>
   <div class='ocr_carea' id='block_1_7' title="bbox 577 965 2168 1046">
    <p class='ocr_par' dir='ltr' id='par_1_7' title="bbox 577 965 2168 1046">
     <span class='ocr_line' id='line_1_7' title="bbox 577 965 2168 1046; baseline -0.016 -5"><span class='ocrx_word' id='word_1_45' title='bbox 577 979 923 1041; x_wconf 86' lang='lat' dir='ltr'><strong>adminicula.</strong></span> <span class='ocrx_word' id='word_1_46' title='bbox 955 975 1270 1046; x_wconf 81' lang='lat' dir='ltr'><strong>Quomodo?</strong></span> <span class='ocrx_word' id='word_1_47' title='bbox 1297 972 1562 1039; x_wconf 84' lang='lat' dir='ltr'><strong>Quoniam</strong></span> <span class='ocrx_word' id='word_1_48' title='bbox 1595 971 1816 1026; x_wconf 83' lang='lat' dir='ltr'><strong>liberata</strong></span> <span class='ocrx_word' id='word_1_49' title='bbox 1848 976 1924 1022; x_wconf 85' lang='lat' dir='ltr'><strong>est</strong></span> <span class='ocrx_word' id='word_1_50' title='bbox 1951 981 1980 1022; x_wconf 87' lang='lat' dir='ltr'><strong>a</strong></span> <span class='ocrx_word' id='word_1_51' title='bbox 2012 965 2168 1023; x_wconf 87' lang='lat' dir='ltr'><strong>solli-</strong></span> 
     </span>
    </p>
   </div>
   <div class='ocr_carea' id='block_1_8' title="bbox 579 1062 2166 1140">
    <p class='ocr_par' dir='ltr' id='par_1_8' title="bbox 579 1062 2166 1140">
     <span class='ocr_line' id='line_1_8' title="bbox 579 1062 2166 1140; baseline -0.011 -10"><span class='ocrx_word' id='word_1_52' title='bbox 579 1074 906 1132; x_wconf 84' lang='lat' dir='ltr'><strong>citudinibus</strong></span> <span class='ocrx_word' id='word_1_53' title='bbox 929 1114 943 1137; x_wconf 91' lang='lat'><strong>,</strong></span> <span class='ocrx_word' id='word_1_54' title='bbox 976 1070 1119 1136; x_wconf 91' lang='lat' dir='ltr'><strong>odio,</strong></span> <span class='ocrx_word' id='word_1_55' title='bbox 1149 1084 1348 1140; x_wconf 87' lang='lat' dir='ltr'><strong>pugna.</strong></span> <span class='ocrx_word' id='word_1_56' title='bbox 1379 1067 1492 1133; x_wconf 92' lang='lat' dir='ltr'><strong>lite,</strong></span> <span class='ocrx_word' id='word_1_57' title='bbox 1525 1073 1581 1120; x_wconf 89' lang='lat' dir='ltr'><strong>et</strong></span> <span class='ocrx_word' id='word_1_58' title='bbox 1608 1079 1639 1118; x_wconf 91' lang='lat' dir='ltr'><strong>a</strong></span> <span class='ocrx_word' id='word_1_59' title='bbox 1666 1062 1825 1117; x_wconf 90' lang='lat' dir='ltr'><strong>malis</strong></span> <span class='ocrx_word' id='word_1_60' title='bbox 1855 1062 2166 1115; x_wconf 86' lang='lat' dir='ltr'><strong>innumera-</strong></span> 
     </span>
    </p>
   </div>
   <div class='ocr_carea' id='block_1_9' title="bbox 579 1156 2171 1232">
    <p class='ocr_par' dir='ltr' id='par_1_9' title="bbox 579 1156 2171 1232">
     <span class='ocr_line' id='line_1_9' title="bbox 579 1156 2171 1232; baseline -0.014 -9"><span class='ocrx_word' id='word_1_61' title='bbox 579 1167 798 1223; x_wconf 87' lang='lat' dir='ltr'><strong>hilihns.</strong></span> <span class='ocrx_word' id='word_1_62' title='bbox 847 1163 926 1219; x_wconf 89' lang='lat' dir='ltr'><strong>Ne</strong></span> <span class='ocrx_word' id='word_1_63' title='bbox 967 1177 1096 1232; x_wconf 88' lang='lat' dir='ltr'><strong>ergo</strong></span> <span class='ocrx_word' id='word_1_64' title='bbox 1126 1173 1433 1230; x_wconf 64' lang='lat' dir='ltr'><strong>quaeramus</strong></span> <span class='ocrx_word' id='word_1_65' title='bbox 1461 1156 1763 1219; x_wconf 87' lang='lat' dir='ltr'><strong>ditescere,</strong></span> <span class='ocrx_word' id='word_1_66' title='bbox 1817 1167 1918 1206; x_wconf 90' lang='lat' dir='ltr'><strong>nec</strong></span> <span class='ocrx_word' id='word_1_67' title='bbox 1956 1164 2171 1217; x_wconf 88' lang='lat' dir='ltr'><strong>semper</strong></span> 
     </span>
    </p>
   </div>
   <div class='ocr_carea' id='block_1_10' title="bbox 579 1241 2173 1324">
    <p class='ocr_par' dir='ltr' id='par_1_10' title="bbox 579 1241 2173 1324">
     <span class='ocr_line' id='line_1_10' title="bbox 579 1241 2173 1324; baseline -0.014 -9"><span class='ocrx_word' id='word_1_68' title='bbox 579 1259 896 1314; x_wconf 69' lang='lat' dir='ltr'><strong>armulemur</strong></span> <span class='ocrx_word' id='word_1_69' title='bbox 941 1269 1035 1310; x_wconf 90' lang='lat' dir='ltr'><strong>eos</strong></span> <span class='ocrx_word' id='word_1_70' title='bbox 1087 1253 1176 1324; x_wconf 91' lang='lat' dir='ltr'><strong>qui</strong></span> <span class='ocrx_word' id='word_1_71' title='bbox 1210 1251 1374 1306; x_wconf 85' lang='lat' dir='ltr'><strong>multa</strong></span> <span class='ocrx_word' id='word_1_72' title='bbox 1425 1249 1700 1319; x_wconf 81' lang='lat' dir='ltr'><strong>possident</strong></span> <span class='ocrx_word' id='word_1_73' title='bbox 1745 1265 1758 1300; x_wconf 88' lang='lat'><strong>:</strong></span> <span class='ocrx_word' id='word_1_74' title='bbox 1800 1245 1893 1299; x_wconf 86' lang='lat' dir='ltr'><strong>sed</strong></span> <span class='ocrx_word' id='word_1_75' title='bbox 1948 1243 2038 1313; x_wconf 91' lang='lat' dir='ltr'><strong>qui</strong></span> <span class='ocrx_word' id='word_1_76' title='bbox 2076 1241 2173 1295; x_wconf 58' lang='lat' dir='ltr'><strong>hac</strong></span> 
     </span>
    </p>
   </div>
   <div class='ocr_carea' id='block_1_11' title="bbox 580 1334 2170 1419">
    <p class='ocr_par' dir='ltr' id='par_1_11' title="bbox 580 1334 2170 1419">
     <span class='ocr_line' id='line_1_11' title="bbox 580 1334 2170 1419; baseline -0.012 -13"><span class='ocrx_word' id='word_1_77' title='bbox 580 1353 770 1406; x_wconf 94' lang='lat' dir='ltr'><strong>bemus</strong></span> <span class='ocrx_word' id='word_1_78' title='bbox 824 1348 1077 1419; x_wconf 88' lang='lat' dir='ltr'><strong>quidem,</strong></span> <span class='ocrx_word' id='word_1_79' title='bbox 1150 1344 1348 1400; x_wconf 87' lang='lat' dir='ltr'><strong>divitiis</strong></span> <span class='ocrx_word' id='word_1_80' title='bbox 1402 1352 1616 1396; x_wconf 82' lang='lat' dir='ltr'><strong>utamur</strong></span> <span class='ocrx_word' id='word_1_81' title='bbox 1669 1349 1724 1392; x_wconf 94' lang='lat' dir='ltr'><strong>ut</strong></span> <span class='ocrx_word' id='word_1_82' title='bbox 1775 1345 2024 1406; x_wconf 84' lang='lat' dir='ltr'><strong>oportet;</strong></span> <span class='ocrx_word' id='word_1_83' title='bbox 2079 1334 2170 1402; x_wconf 86' lang='lat' dir='ltr'><strong>qui</strong></span> 
     </span>
    </p>
   </div>
   <div class='ocr_carea' id='block_1_12' title="bbox 581 1424 2167 1503">
    <p class='ocr_par' dir='ltr' id='par_1_12' title="bbox 581 1424 2167 1503">
     <span class='ocr_line' id='line_1_12' title="bbox 581 1424 2167 1503; baseline -0.011 -7"><span class='ocrx_word' id='word_1_84' title='bbox 581 1453 760 1496; x_wconf 89' lang='lat' dir='ltr'><strong>autem</strong></span> <span class='ocrx_word' id='word_1_85' title='bbox 799 1456 907 1495; x_wconf 93' lang='lat' dir='ltr'><strong>non</strong></span> <span class='ocrx_word' id='word_1_86' title='bbox 935 1439 1197 1492; x_wconf 82' lang='lat' dir='ltr'><strong>habemus</strong></span> <span class='ocrx_word' id='word_1_87' title='bbox 1223 1477 1238 1501; x_wconf 95' lang='lat'><strong>,</strong></span> <span class='ocrx_word' id='word_1_88' title='bbox 1297 1450 1364 1488; x_wconf 92' lang='lat' dir='ltr'><strong>ne</strong></span> <span class='ocrx_word' id='word_1_89' title='bbox 1404 1439 1690 1503; x_wconf 81' lang='lat' dir='ltr'><strong>propterea</strong></span> <span class='ocrx_word' id='word_1_90' title='bbox 1719 1428 1999 1483; x_wconf 89' lang='lat' dir='ltr'><strong>doleamus</strong></span> <span class='ocrx_word' id='word_1_91' title='bbox 2021 1468 2036 1492; x_wconf 95' lang='lat'><strong>,</strong></span> <span class='ocrx_word' id='word_1_92' title='bbox 2071 1424 2167 1479; x_wconf 88' lang='lat' dir='ltr'><strong>sed</strong></span> 
     </span>
    </p>
   </div>
   <div class='ocr_carea' id='block_1_13' title="bbox 559 1518 2168 1601">
    <p class='ocr_par' dir='ltr' id='par_1_13' title="bbox 559 1518 2168 1601">
     <span class='ocr_line' id='line_1_13' title="bbox 559 1518 2168 1601; baseline -0.012 -13"><span class='ocrx_word' id='word_1_93' title='bbox 559 1535 697 1587; x_wconf 75' lang='lat' dir='ltr'><strong>‘Dco</strong></span> <span class='ocrx_word' id='word_1_94' title='bbox 738 1545 960 1601; x_wconf 79' lang='lat' dir='ltr'><strong>agamus</strong></span> <span class='ocrx_word' id='word_1_95' title='bbox 981 1527 1181 1599; x_wconf 81' lang='lat' dir='ltr'><strong>gratias</strong></span> <span class='ocrx_word' id='word_1_96' title='bbox 1208 1567 1223 1590; x_wconf 91' lang='lat'><strong>,</strong></span> <span class='ocrx_word' id='word_1_97' title='bbox 1272 1523 1416 1596; x_wconf 93' lang='lat' dir='ltr'><strong>quod</strong></span> <span class='ocrx_word' id='word_1_98' title='bbox 1443 1522 1644 1577; x_wconf 83' lang='lat' dir='ltr'><strong>efﬁciat</strong></span> <span class='ocrx_word' id='word_1_99' title='bbox 1690 1529 1746 1574; x_wconf 92' lang='lat' dir='ltr'><strong>ut</strong></span> <span class='ocrx_word' id='word_1_100' title='bbox 1775 1533 1872 1573; x_wconf 91' lang='lat' dir='ltr'><strong>nos</strong></span> <span class='ocrx_word' id='word_1_101' title='bbox 1919 1518 1970 1570; x_wconf 92' lang='lat' dir='ltr'><strong>in</strong></span> <span class='ocrx_word' id='word_1_102' title='bbox 2001 1531 2168 1586; x_wconf 86' lang='lat' dir='ltr'><strong>parvo</strong></span> 
     </span>
    </p>
   </div>
   <div class='ocr_carea' id='block_1_14' title="bbox 562 1607 2168 1689">
    <p class='ocr_par' dir='ltr' id='par_1_14' title="bbox 562 1607 2168 1689">
     <span class='ocr_line' id='line_1_14' title="bbox 562 1607 2168 1689; baseline -0.012 -10"><span class='ocrx_word' id='word_1_103' title='bbox 562 1625 788 1689; x_wconf 65' lang='lat' dir='ltr'><strong>labore,</strong></span> <span class='ocrx_word' id='word_1_104' title='bbox 817 1621 1060 1678; x_wconf 88' lang='lat' dir='ltr'><strong>eamdem</strong></span> <span class='ocrx_word' id='word_1_105' title='bbox 1089 1633 1246 1689; x_wconf 87' lang='lat' dir='ltr'><strong>quam</strong></span> <span class='ocrx_word' id='word_1_106' title='bbox 1277 1615 1471 1671; x_wconf 75' lang='lat' dir='ltr'><strong>divites</strong></span> <span class='ocrx_word' id='word_1_107' title='bbox 1500 1622 1593 1668; x_wconf 92' lang='lat' dir='ltr'><strong>aut</strong></span> <span class='ocrx_word' id='word_1_108' title='bbox 1617 1612 1779 1668; x_wconf 91' lang='lat' dir='ltr'><strong>etiam</strong></span> <span class='ocrx_word' id='word_1_109' title='bbox 1808 1610 2091 1678; x_wconf 87' lang='lat' dir='ltr'><strong>majorem,</strong></span> <span class='ocrx_word' id='word_1_110' title='bbox 2121 1607 2168 1662; x_wconf 91' lang='lat' dir='ltr'><strong>si</strong></span> 
     </span>
    </p>
   </div>
   <div class='ocr_carea' id='block_1_15' title="bbox 561 1707 2168 1782">
    <p class='ocr_par' dir='ltr' id='par_1_15' title="bbox 561 1707 2168 1782">
     <span class='ocr_line' id='line_1_15' title="bbox 561 1707 2168 1782; baseline -0.011 -12"><span class='ocrx_word' id='word_1_111' title='bbox 561 1719 811 1772; x_wconf 86' lang='lat' dir='ltr'><strong>-velimus</strong></span> <span class='ocrx_word' id='word_1_112' title='bbox 832 1759 846 1781; x_wconf 93' lang='lat'><strong>,</strong></span> <span class='ocrx_word' id='word_1_113' title='bbox 876 1714 1208 1782; x_wconf 84' lang='lat' dir='ltr'><strong>accipiamus</strong></span> <span class='ocrx_word' id='word_1_114' title='bbox 1237 1707 1544 1764; x_wconf 90' lang='lat' dir='ltr'><strong>mercedem</strong></span> <span class='ocrx_word' id='word_1_115' title='bbox 1581 1724 1593 1758; x_wconf 95' lang='lat'>:</span> <span class='ocrx_word' id='word_1_116' title='bbox 1635 1714 1692 1761; x_wconf 90' lang='lat' dir='ltr'><strong>et</strong></span> <span class='ocrx_word' id='word_1_117' title='bbox 1721 1717 1909 1774; x_wconf 88' lang='lat' dir='ltr'><strong>magna</strong></span> <span class='ocrx_word' id='word_1_118' title='bbox 1940 1716 2004 1757; x_wconf 87' lang='lat' dir='ltr'><strong>ex</strong></span> <span class='ocrx_word' id='word_1_119' title='bbox 2035 1716 2168 1770; x_wconf 89' lang='lat' dir='ltr'><strong>pau-</strong></span> 
     </span>
    </p>
   </div>
   <div class='ocr_carea' id='block_1_16' title="bbox 585 1793 2168 1871">
    <p class='ocr_par' dir='ltr' id='par_1_16' title="bbox 585 1793 2168 1871">
     <span class='ocr_line' id='line_1_16' title="bbox 585 1793 2168 1871; baseline -0.013 -6"><span class='ocrx_word' id='word_1_120' title='bbox 585 1812 664 1865; x_wconf 85' lang='lat' dir='ltr'><strong>cis</strong></span> <span class='ocrx_word' id='word_1_121' title='bbox 708 1807 1054 1864; x_wconf 88' lang='lat' dir='ltr'><strong>lucrabimur.</strong></span> <span class='ocrx_word' id='word_1_122' title='bbox 1105 1804 1238 1860; x_wconf 84' lang='lat' dir='ltr'><strong>Nam</strong></span> <span class='ocrx_word' id='word_1_123' title='bbox 1279 1810 1333 1858; x_wconf 91' lang='lat' dir='ltr'><strong>et</strong></span> <span class='ocrx_word' id='word_1_124' title='bbox 1377 1801 1466 1871; x_wconf 89' lang='lat' dir='ltr'><strong>qui</strong></span> <span class='ocrx_word' id='word_1_125' title='bbox 1513 1799 1622 1854; x_wconf 93' lang='lat' dir='ltr'><strong>duo</strong></span> <span class='ocrx_word' id='word_1_126' title='bbox 1651 1797 1904 1852; x_wconf 86' lang='lat' dir='ltr'><strong>attulerat</strong></span> <span class='ocrx_word' id='word_1_127' title='bbox 1933 1793 2168 1857; x_wconf 88' lang='lat' dir='ltr'><strong>talenta,</strong></span> 
     </span>
    </p>
   </div>
   <div class='ocr_carea' id='block_1_17' title="bbox 585 1885 2173 1973">
    <p class='ocr_par' dir='ltr' id='par_1_17' title="bbox 585 1885 2173 1973">
     <span class='ocr_line' id='line_1_17' title="bbox 585 1885 2173 1973; baseline -0.012 -16"><span class='ocrx_word' id='word_1_128' title='bbox 585 1916 739 1973; x_wconf 65' lang='lat' dir='ltr'><strong>aeque</strong></span> <span class='ocrx_word' id='word_1_129' title='bbox 765 1901 816 1955; x_wconf 89' lang='lat' dir='ltr'><strong>in</strong></span> <span class='ocrx_word' id='word_1_130' title='bbox 845 1897 1200 1954; x_wconf 87' lang='lat' dir='ltr'><strong>admiratione</strong></span> <span class='ocrx_word' id='word_1_131' title='bbox 1226 1904 1281 1951; x_wconf 92' lang='lat' dir='ltr'><strong>et</strong></span> <span class='ocrx_word' id='word_1_132' title='bbox 1311 1894 1515 1948; x_wconf 88' lang='lat' dir='ltr'><strong>honore</strong></span> <span class='ocrx_word' id='word_1_133' title='bbox 1536 1900 1622 1946; x_wconf 89' lang='lat' dir='ltr'><strong>est</strong></span> <span class='ocrx_word' id='word_1_134' title='bbox 1650 1890 1864 1945; x_wconf 90' lang='lat' dir='ltr'><strong>habitus</strong></span> <span class='ocrx_word' id='word_1_135' title='bbox 1886 1892 2048 1957; x_wconf 88' lang='lat' dir='ltr'><strong>atque</strong></span> <span class='ocrx_word' id='word_1_136' title='bbox 2079 1885 2173 1954; x_wconf 91' lang='lat' dir='ltr'><strong>qui</strong></span> 
     </span>
    </p>
   </div>
   <div class='ocr_carea' id='block_1_18' title="bbox 584 1975 2175 2069">
    <p class='ocr_par' dir='ltr' id='par_1_18' title="bbox 584 1975 2175 2069">
     <span class='ocr_line' id='line_1_18' title="bbox 584 1975 2175 2069; baseline -0.013 -19"><span class='ocrx_word' id='word_1_137' title='bbox 584 1996 819 2069; x_wconf 90' lang='lat' dir='ltr'><strong>quinque</strong></span> <span class='ocrx_word' id='word_1_138' title='bbox 839 1992 1113 2047; x_wconf 87' lang='lat' dir='ltr'><strong>attulerat.</strong></span> <span class='ocrx_word' id='word_1_139' title='bbox 1157 1984 1562 2056; x_wconf 82' lang='lat' dir='ltr'><strong>Quamobrem?</strong></span> <span class='ocrx_word' id='word_1_140' title='bbox 1603 1982 1738 2038; x_wconf 88' lang='lat' dir='ltr'><strong>Nam</strong></span> <span class='ocrx_word' id='word_1_141' title='bbox 1765 1980 1874 2036; x_wconf 92' lang='lat' dir='ltr'><strong>duo</strong></span> <span class='ocrx_word' id='word_1_142' title='bbox 1902 1978 2020 2049; x_wconf 88' lang='lat' dir='ltr'><strong>ejus</strong></span> <span class='ocrx_word' id='word_1_143' title='bbox 2050 1975 2175 2032; x_wconf 80' lang='lat' dir='ltr'><strong>fidei</strong></span> 
     </span>
    </p>
   </div>
   <div class='ocr_carea' id='block_1_19' title="bbox 1345 2105 1950 2118">
    <p class='ocr_par' dir='ltr' id='par_1_19' title="bbox 1345 2105 1950 2118">
     <span class='ocr_line' id='line_1_19' title="bbox 1345 2105 1950 2118; baseline -0.013 1"><span class='ocrx_word' id='word_1_144' title='bbox 1345 2110 1622 2118; x_wconf 34' lang='grc' dir='ltr'><strong>-..ἢ---κε</strong></span> <span class='ocrx_word' id='word_1_145' title='bbox 1635 2109 1712 2113; x_wconf 74' lang='lat'><strong>-——</strong></span> <span class='ocrx_word' id='word_1_146' title='bbox 1731 2108 1750 2112; x_wconf 43' lang='grc' dir='ltr'><em>Α</em></span> <span class='ocrx_word' id='word_1_147' title='bbox 1762 2107 1768 2112; x_wconf 87' lang='grc'><strong>-</strong></span> <span class='ocrx_word' id='word_1_148' title='bbox 1797 2105 1950 2113; x_wconf 49' lang='grc' dir='ltr'><strong>αττ-...-</strong></span> 
     </span>
    </p>
   </div>
   <div class='ocr_carea' id='block_1_20' title="bbox 1115 2114 1340 2122">
    <p class='ocr_par' dir='ltr' id='par_1_20' title="bbox 1115 2114 1340 2122">
     <span class='ocr_line' id='line_1_20' title="bbox 1115 2114 1340 2122; baseline -0.018 0"><span class='ocrx_word' id='word_1_149' title='bbox 1115 2114 1340 2122; x_wconf 71' lang='lat'><strong>-_._.—-——</strong></span> 
     </span>
    </p>
   </div>
   <div class='ocr_carea' id='block_1_21' title="bbox 861 2115 1114 2126">
    <p class='ocr_par' dir='ltr' id='par_1_21' title="bbox 861 2115 1114 2126">
     <span class='ocr_line' id='line_1_21' title="bbox 861 2115 1114 2126; baseline -0.008 -1"><span class='ocrx_word' id='word_1_150' title='bbox 861 2115 1114 2126; x_wconf 60' lang='grc' dir='ltr'><strong>ο-ο--ν--α-</strong></span> 
     </span>
    </p>
   </div>
   <div class='ocr_carea' id='block_1_22' title="bbox 647 2122 854 2130">
    <p class='ocr_par' dir='ltr' id='par_1_22' title="bbox 647 2122 854 2130">
     <span class='ocr_line' id='line_1_22' title="bbox 647 2122 854 2130; baseline -0.01 0"><span class='ocrx_word' id='word_1_151' title='bbox 647 2122 854 2130; x_wconf 61' lang='grc' dir='ltr'><strong>..ν-...νοο-</strong></span> 
     </span>
    </p>
   </div>
   <div class='ocr_carea' id='block_1_23' title="bbox 2291 484 3876 557">
    <p class='ocr_par' dir='ltr' id='par_1_23' title="bbox 2291 484 3876 557">
     <span class='ocr_line' id='line_1_23' title="bbox 2291 484 3876 557; baseline 0.001 -15"><span class='ocrx_word' id='word_1_152' title='bbox 2291 484 2492 543; x_wconf 84' lang='lat' dir='ltr'><strong>credita</strong></span> <span class='ocrx_word' id='word_1_153' title='bbox 2523 495 2649 542; x_wconf 89' lang='lat' dir='ltr'><strong>sunt</strong></span> <span class='ocrx_word' id='word_1_154' title='bbox 2677 487 2876 542; x_wconf 89' lang='lat' dir='ltr'><strong>talenta</strong></span> <span class='ocrx_word' id='word_1_155' title='bbox 2903 528 2918 552; x_wconf 95' lang='lat'><strong>,</strong></span> <span class='ocrx_word' id='word_1_156' title='bbox 2949 487 3046 542; x_wconf 89' lang='lat' dir='ltr'><strong>sed</strong></span> <span class='ocrx_word' id='word_1_157' title='bbox 3074 502 3195 556; x_wconf 79' lang='lat' dir='ltr'><strong>qua:</strong></span> <span class='ocrx_word' id='word_1_158' title='bbox 3225 503 3256 540; x_wconf 90' lang='lat' dir='ltr'><strong>a</strong></span> <span class='ocrx_word' id='word_1_159' title='bbox 3280 503 3340 542; x_wconf 89' lang='lat' dir='ltr'><strong>se</strong></span> <span class='ocrx_word' id='word_1_160' title='bbox 3384 488 3684 557; x_wconf 84' lang='lat' dir='ltr'><strong>praestanda</strong></span> <span class='ocrx_word' id='word_1_161' title='bbox 3715 499 3876 544; x_wconf 88' lang='lat' dir='ltr'><strong>erant</strong></span> 
     </span>
    </p>
   </div>
   <div class='ocr_carea' id='block_1_24' title="bbox 2291 577 3876 650">
    <p class='ocr_par' dir='ltr' id='par_1_24' title="bbox 2291 577 3876 650">
     <span class='ocr_line' id='line_1_24' title="bbox 2291 577 3876 650; baseline 0 -14"><span class='ocrx_word' id='word_1_162' title='bbox 2291 581 2529 650; x_wconf 90' lang='lat' dir='ltr'><strong>implevit</strong></span> <span class='ocrx_word' id='word_1_163' title='bbox 2554 580 2771 646; x_wconf 88' lang='lat' dir='ltr'><strong>omnia,</strong></span> <span class='ocrx_word' id='word_1_164' title='bbox 2806 588 2862 634; x_wconf 93' lang='lat' dir='ltr'><strong>et</strong></span> <span class='ocrx_word' id='word_1_165' title='bbox 2906 578 3029 650; x_wconf 58' lang='lat' dir='ltr'><strong>qua!</strong></span> <span class='ocrx_word' id='word_1_166' title='bbox 3055 579 3154 634; x_wconf 89' lang='lat' dir='ltr'><strong>sibi</strong></span> <span class='ocrx_word' id='word_1_167' title='bbox 3206 577 3418 633; x_wconf 77' lang='lat' dir='ltr'><strong>fuerant</strong></span> <span class='ocrx_word' id='word_1_168' title='bbox 3459 578 3664 634; x_wconf 89' lang='lat' dir='ltr'><strong>credita</strong></span> <span class='ocrx_word' id='word_1_169' title='bbox 3695 579 3876 635; x_wconf 84' lang='lat' dir='ltr'><strong>attulit</strong></span> 
     </span>
    </p>
   </div>
   <div class='ocr_carea' id='block_1_25' title="bbox 2281 671 3865 751">
    <p class='ocr_par' dir='ltr' id='par_1_25' title="bbox 2281 671 3865 751">
     <span class='ocr_line' id='line_1_25' title="bbox 2281 671 3865 751; baseline 0.003 -17"><span class='ocrx_word' id='word_1_170' title='bbox 2281 681 2571 750; x_wconf 83' lang='lat' dir='ltr'><strong>duplicata.</strong></span> <span class='ocrx_word' id='word_1_171' title='bbox 2617 680 2754 747; x_wconf 86' lang='lat' dir='ltr'><strong>Quid</strong></span> <span class='ocrx_word' id='word_1_172' title='bbox 2783 695 2914 751; x_wconf 78' lang='lat' dir='ltr'><strong>ergo</strong></span> <span class='ocrx_word' id='word_1_173' title='bbox 2943 671 3221 734; x_wconf 88' lang='lat' dir='ltr'><strong>studemus</strong></span> <span class='ocrx_word' id='word_1_174' title='bbox 3264 688 3322 733; x_wconf 93' lang='lat' dir='ltr'><strong>ut</strong></span> <span class='ocrx_word' id='word_1_175' title='bbox 3348 680 3516 735; x_wconf 86' lang='lat' dir='ltr'><strong>multa</strong></span> <span class='ocrx_word' id='word_1_176' title='bbox 3557 682 3714 737; x_wconf 86' lang='lat' dir='ltr'><strong>nobis</strong></span> <span class='ocrx_word' id='word_1_177' title='bbox 3740 697 3865 740; x_wconf 88' lang='lat' dir='ltr'><strong>cre-</strong></span> 
     </span>
    </p>
   </div>
   <div class='ocr_carea' id='block_1_26' title="bbox 2281 768 3866 841">
    <p class='ocr_par' dir='ltr' id='par_1_26' title="bbox 2281 768 3866 841">
     <span class='ocr_line' id='line_1_26' title="bbox 2281 768 3866 841; baseline 0.003 -17"><span class='ocrx_word' id='word_1_178' title='bbox 2281 772 2498 836; x_wconf 91' lang='lat' dir='ltr'><strong>dantur,</strong></span> <span class='ocrx_word' id='word_1_179' title='bbox 2551 786 2672 826; x_wconf 93' lang='lat' dir='ltr'><strong>cum</strong></span> <span class='ocrx_word' id='word_1_180' title='bbox 2702 787 2796 841; x_wconf 91' lang='lat' dir='ltr'><strong>per</strong></span> <span class='ocrx_word' id='word_1_181' title='bbox 2827 785 2992 840; x_wconf 85' lang='lat' dir='ltr'><strong>pauca</strong></span> <span class='ocrx_word' id='word_1_182' title='bbox 3023 770 3181 826; x_wconf 89' lang='lat' dir='ltr'><strong>liceat</strong></span> <span class='ocrx_word' id='word_1_183' title='bbox 3221 768 3439 826; x_wconf 85' lang='lat' dir='ltr'><strong>eosdem</strong></span> <span class='ocrx_word' id='word_1_184' title='bbox 3469 771 3676 827; x_wconf 88' lang='lat' dir='ltr'><strong>fructus</strong></span> <span class='ocrx_word' id='word_1_185' title='bbox 3703 773 3866 828; x_wconf 84' lang='lat' dir='ltr'><strong>etiam</strong></span> 
     </span>
    </p>
   </div>
   <div class='ocr_carea' id='block_1_27' title="bbox 2282 862 3867 934">
    <p class='ocr_par' dir='ltr' id='par_1_27' title="bbox 2282 862 3867 934">
     <span class='ocr_line' id='line_1_27' title="bbox 2282 862 3867 934; baseline 0.004 -19"><span class='ocrx_word' id='word_1_186' title='bbox 2282 863 2516 932; x_wconf 89' lang='lat' dir='ltr'><strong>majores</strong></span> <span class='ocrx_word' id='word_1_187' title='bbox 2570 862 2894 932; x_wconf 86' lang='lat' dir='ltr'><strong>percipere?</strong></span> <span class='ocrx_word' id='word_1_188' title='bbox 2942 869 3064 916; x_wconf 84' lang='lat' dir='ltr'><strong>eum</strong></span> <span class='ocrx_word' id='word_1_189' title='bbox 3117 862 3267 917; x_wconf 90' lang='lat' dir='ltr'><strong>labor</strong></span> <span class='ocrx_word' id='word_1_190' title='bbox 3293 863 3508 932; x_wconf 86' lang='lat' dir='ltr'><strong>quidem</strong></span> <span class='ocrx_word' id='word_1_191' title='bbox 3557 865 3867 934; x_wconf 62' lang='lat' dir='ltr'><strong>sit&#39;minor,</strong></span> 
     </span>
    </p>
   </div>
   <div class='ocr_carea' id='block_1_28' title="bbox 2282 953 3874 1022">
    <p class='ocr_par' dir='ltr' id='par_1_28' title="bbox 2282 953 3874 1022">
     <span class='ocr_line' id='line_1_28' title="bbox 2282 953 3874 1022; baseline 0.003 -14"><span class='ocrx_word' id='word_1_192' title='bbox 2282 968 2492 1009; x_wconf 89' lang='lat' dir='ltr'><strong>merces</strong></span> <span class='ocrx_word' id='word_1_193' title='bbox 2521 965 2702 1008; x_wconf 88' lang='lat' dir='ltr'><strong>autem</strong></span> <span class='ocrx_word' id='word_1_194' title='bbox 2748 953 2918 1007; x_wconf 87' lang='lat' dir='ltr'><strong>multo</strong></span> <span class='ocrx_word' id='word_1_195' title='bbox 2944 953 3216 1022; x_wconf 89' lang='lat' dir='ltr'><strong>amplior?</strong></span> <span class='ocrx_word' id='word_1_196' title='bbox 3263 953 3494 1008; x_wconf 88' lang='lat' dir='ltr'><strong>Facilius</strong></span> <span class='ocrx_word' id='word_1_197' title='bbox 3522 957 3664 1009; x_wconf 86' lang='lat' dir='ltr'><strong>enim</strong></span> <span class='ocrx_word' id='word_1_198' title='bbox 3693 971 3725 1010; x_wconf 84' lang='lat' dir='ltr'><strong>a</strong></span> <span class='ocrx_word' id='word_1_199' title='bbox 3754 957 3874 1013; x_wconf 91' lang='lat' dir='ltr'><strong>suis</strong></span> 
     </span>
    </p>
   </div>
   <div class='ocr_carea' id='block_1_29' title="bbox 2284 1042 3868 1118">
    <p class='ocr_par' dir='ltr' id='par_1_29' title="bbox 2284 1042 3868 1118">
     <span class='ocr_line' id='line_1_29' title="bbox 2284 1042 3868 1118; baseline 0.004 -22"><span class='ocrx_word' id='word_1_200' title='bbox 2284 1059 2485 1114; x_wconf 89' lang='lat' dir='ltr'><strong>pauper</strong></span> <span class='ocrx_word' id='word_1_201' title='bbox 2516 1042 2803 1109; x_wconf 90' lang='lat' dir='ltr'><strong>abscedet,</strong></span> <span class='ocrx_word' id='word_1_202' title='bbox 2857 1059 3018 1114; x_wconf 88' lang='lat' dir='ltr'><strong>quam</strong></span> <span class='ocrx_word' id='word_1_203' title='bbox 3067 1044 3215 1099; x_wconf 86' lang='lat' dir='ltr'><strong>dives</strong></span> <span class='ocrx_word' id='word_1_204' title='bbox 3245 1046 3407 1099; x_wconf 87' lang='lat' dir='ltr'><strong>multa</strong></span> <span class='ocrx_word' id='word_1_205' title='bbox 3435 1053 3489 1100; x_wconf 90' lang='lat' dir='ltr'><strong>et</strong></span> <span class='ocrx_word' id='word_1_206' title='bbox 3517 1051 3706 1117; x_wconf 81' lang='lat' dir='ltr'><strong>magna</strong></span> <span class='ocrx_word' id='word_1_207' title='bbox 3741 1063 3868 1118; x_wconf 86' lang='lat' dir='ltr'><strong>pos-</strong></span> 
     </span>
    </p>
   </div>
   <div class='ocr_carea' id='block_1_30' title="bbox 2264 1128 3866 1206">
    <p class='ocr_par' dir='ltr' id='par_1_30' title="bbox 2264 1128 3866 1206">
     <span class='ocr_line' id='line_1_30' title="bbox 2264 1128 3866 1206; baseline 0.004 -18"><span class='ocrx_word' id='word_1_208' title='bbox 2264 1135 2484 1189; x_wconf 80' lang='lat' dir='ltr'><strong>sidens.</strong></span> <span class='ocrx_word' id='word_1_209' title='bbox 2511 1135 2594 1188; x_wconf 84' lang='lat' dir='ltr'><strong>An</strong></span> <span class='ocrx_word' id='word_1_210' title='bbox 2621 1134 2841 1190; x_wconf 89' lang='lat' dir='ltr'><strong>nescitis</strong></span> <span class='ocrx_word' id='word_1_211' title='bbox 2866 1128 3007 1205; x_wconf 87' lang='lat' dir='ltr'><strong>quod</strong></span> <span class='ocrx_word' id='word_1_212' title='bbox 3034 1177 3050 1202; x_wconf 93' lang='lat'><strong>,</strong></span> <span class='ocrx_word' id='word_1_213' title='bbox 3081 1151 3187 1205; x_wconf 89' lang='lat' dir='ltr'><strong>quo</strong></span> <span class='ocrx_word' id='word_1_214' title='bbox 3221 1137 3373 1204; x_wconf 90' lang='lat' dir='ltr'><strong>plura</strong></span> <span class='ocrx_word' id='word_1_215' title='bbox 3418 1137 3682 1206; x_wconf 84' lang='lat' dir='ltr'><strong>quispiam</strong></span> <span class='ocrx_word' id='word_1_216' title='bbox 3712 1138 3866 1195; x_wconf 88' lang='lat' dir='ltr'><strong>fuerit</strong></span> 
     </span>
    </p>
   </div>
   <div class='ocr_carea' id='block_1_31' title="bbox 2284 1225 3870 1297">
    <p class='ocr_par' dir='ltr' id='par_1_31' title="bbox 2284 1225 3870 1297">
     <span class='ocr_line' id='line_1_31' title="bbox 2284 1225 3870 1297; baseline 0.004 -20"><span class='ocrx_word' id='word_1_217' title='bbox 2284 1225 2620 1294; x_wconf 88' lang='lat' dir='ltr'><strong>complexus,</strong></span> <span class='ocrx_word' id='word_1_218' title='bbox 2655 1241 2722 1279; x_wconf 91' lang='lat' dir='ltr'><strong>eo</strong></span> <span class='ocrx_word' id='word_1_219' title='bbox 2771 1227 2922 1295; x_wconf 86' lang='lat' dir='ltr'><strong>plura</strong></span> <span class='ocrx_word' id='word_1_220' title='bbox 2951 1226 3262 1280; x_wconf 87' lang='lat' dir='ltr'><strong>desiderat?</strong></span> <span class='ocrx_word' id='word_1_221' title='bbox 3293 1226 3370 1281; x_wconf 83' lang='lat' dir='ltr'><strong>Ne</strong></span> <span class='ocrx_word' id='word_1_222' title='bbox 3419 1226 3519 1282; x_wconf 88' lang='lat' dir='ltr'><strong>hoc</strong></span> <span class='ocrx_word' id='word_1_223' title='bbox 3545 1243 3674 1297; x_wconf 83' lang='lat' dir='ltr'><strong>ergo</strong></span> <span class='ocrx_word' id='word_1_224' title='bbox 3713 1229 3870 1284; x_wconf 82' lang='lat' dir='ltr'><strong>nobis</strong></span> 
     </span>
    </p>
   </div>
   <div class='ocr_carea' id='block_1_32' title="bbox 2283 1317 3869 1390">
    <p class='ocr_par' dir='ltr' id='par_1_32' title="bbox 2283 1317 3869 1390">
     <span class='ocr_line' id='line_1_32' title="bbox 2283 1317 3869 1390; baseline 0.001 -20"><span class='ocrx_word' id='word_1_225' title='bbox 2283 1318 2524 1384; x_wconf 87' lang='lat' dir='ltr'><strong>accidat,</strong></span> <span class='ocrx_word' id='word_1_226' title='bbox 2559 1333 2626 1372; x_wconf 91' lang='lat' dir='ltr'><strong>ne</strong></span> <span class='ocrx_word' id='word_1_227' title='bbox 2652 1331 2955 1387; x_wconf 65' lang='lat' dir='ltr'><strong>quaeramus</strong></span> <span class='ocrx_word' id='word_1_228' title='bbox 2981 1317 3196 1370; x_wconf 81' lang='lat' dir='ltr'><strong>divitias</strong></span> <span class='ocrx_word' id='word_1_229' title='bbox 3216 1359 3231 1382; x_wconf 95' lang='lat'><strong>,</strong></span> <span class='ocrx_word' id='word_1_230' title='bbox 3262 1333 3437 1386; x_wconf 87' lang='lat' dir='ltr'><strong>neque</strong></span> <span class='ocrx_word' id='word_1_231' title='bbox 3465 1335 3606 1390; x_wconf 78' lang='lat' dir='ltr'><strong>aegre</strong></span> <span class='ocrx_word' id='word_1_232' title='bbox 3632 1319 3869 1374; x_wconf 82' lang='lat' dir='ltr'><strong>feramus</strong></span> 
     </span>
    </p>
   </div>
   <div class='ocr_carea' id='block_1_33' title="bbox 2286 1409 3872 1483">
    <p class='ocr_par' dir='ltr' id='par_1_33' title="bbox 2286 1409 3872 1483">
     <span class='ocr_line' id='line_1_33' title="bbox 2286 1409 3872 1483; baseline 0.003 -21"><span class='ocrx_word' id='word_1_233' title='bbox 2286 1418 2655 1478; x_wconf 84' lang='lat' dir='ltr'><strong>paupertatem</strong></span> <span class='ocrx_word' id='word_1_234' title='bbox 2675 1451 2689 1475; x_wconf 95' lang='lat'><strong>,</strong></span> <span class='ocrx_word' id='word_1_235' title='bbox 2724 1424 2896 1479; x_wconf 91' lang='lat' dir='ltr'><strong>neque</strong></span> <span class='ocrx_word' id='word_1_236' title='bbox 2927 1409 3319 1465; x_wconf 89' lang='lat' dir='ltr'><strong>contendamus</strong></span> <span class='ocrx_word' id='word_1_237' title='bbox 3346 1410 3614 1466; x_wconf 88' lang='lat' dir='ltr'><strong>ditescere</strong></span> <span class='ocrx_word' id='word_1_238' title='bbox 3637 1452 3652 1476; x_wconf 89' lang='lat'><strong>,</strong></span> <span class='ocrx_word' id='word_1_239' title='bbox 3700 1423 3753 1466; x_wconf 85' lang='lat' dir='ltr'><strong>et</strong></span> <span class='ocrx_word' id='word_1_240' title='bbox 3781 1414 3872 1483; x_wconf 91' lang='lat' dir='ltr'><strong>qui</strong></span> 
     </span>
    </p>
   </div>
   <div class='ocr_carea' id='block_1_34' title="bbox 2266 1497 3868 1570">
    <p class='ocr_par' dir='ltr' id='par_1_34' title="bbox 2266 1497 3868 1570">
     <span class='ocr_line' id='line_1_34' title="bbox 2266 1497 3868 1570; baseline 0.001 -15"><span class='ocrx_word' id='word_1_241' title='bbox 2266 1501 2568 1567; x_wconf 86' lang='lat' dir='ltr'><strong>habemus,</strong></span> <span class='ocrx_word' id='word_1_242' title='bbox 2593 1501 2672 1556; x_wconf 91' lang='lat' dir='ltr'><strong>eis</strong></span> <span class='ocrx_word' id='word_1_243' title='bbox 2697 1502 2770 1555; x_wconf 90' lang='lat' dir='ltr'><strong>ita</strong></span> <span class='ocrx_word' id='word_1_244' title='bbox 2795 1510 3006 1554; x_wconf 90' lang='lat' dir='ltr'><strong>utamur</strong></span> <span class='ocrx_word' id='word_1_245' title='bbox 3033 1508 3090 1554; x_wconf 93' lang='lat' dir='ltr'><strong>ut</strong></span> <span class='ocrx_word' id='word_1_246' title='bbox 3103 1500 3264 1570; x_wconf 87' lang='lat' dir='ltr'><strong>jussit</strong></span> <span class='ocrx_word' id='word_1_247' title='bbox 3287 1501 3506 1558; x_wconf 86' lang='lat' dir='ltr'><strong>Paulus.</strong></span> <span class='ocrx_word' id='word_1_248' title='bbox 3542 1502 3644 1567; x_wconf 88' lang='lat' dir='ltr'><strong>Qui</strong></span> <span class='ocrx_word' id='word_1_249' title='bbox 3664 1497 3868 1568; x_wconf 84' lang='lat' dir='ltr'><strong>habent,</strong></span> 
     </span>
    </p>
   </div>
   <div class='ocr_carea' id='block_1_35' title="bbox 2287 1593 3873 1665">
    <p class='ocr_par' dir='ltr' id='par_1_35' title="bbox 2287 1593 3873 1665">
     <span class='ocr_line' id='line_1_35' title="bbox 2287 1593 3873 1665; baseline 0.003 -18"><span class='ocrx_word' id='word_1_250' title='bbox 2287 1593 2479 1664; x_wconf 85' lang='lat' dir='ltr'><strong>inquit,</strong></span> <span class='ocrx_word' id='word_1_251' title='bbox 2508 1595 2608 1646; x_wconf 82' lang='lat' dir='ltr'><strong>sint</strong></span> <span class='ocrx_word' id='word_1_252' title='bbox 2639 1603 2894 1663; x_wconf 82' lang='lat' dir='ltr'><strong>tamquam</strong></span> <span class='ocrx_word' id='word_1_253' title='bbox 2924 1610 3024 1646; x_wconf 88' lang='lat' dir='ltr'><strong>non</strong></span> <span class='ocrx_word' id='word_1_254' title='bbox 3052 1593 3326 1658; x_wconf 74' lang='lat' dir='ltr'><strong>habentes;</strong></span> <span class='ocrx_word' id='word_1_255' title='bbox 3352 1604 3397 1648; x_wconf 84' lang='lat' dir='ltr'><strong>et</strong></span> <span class='ocrx_word' id='word_1_256' title='bbox 3425 1596 3512 1665; x_wconf 90' lang='lat' dir='ltr'><strong>qui</strong></span> <span class='ocrx_word' id='word_1_257' title='bbox 3539 1606 3745 1650; x_wconf 84' lang='lat' dir='ltr'><strong>utuntur</strong></span> <span class='ocrx_word' id='word_1_258' title='bbox 3773 1598 3873 1652; x_wconf 78' lang='lat' dir='ltr'><strong>hoc</strong></span> 
     </span>
    </p>
   </div>
   <div class='ocr_carea' id='block_1_36' title="bbox 2284 1684 3872 1758">
    <p class='ocr_par' dir='ltr' id='par_1_36' title="bbox 2284 1684 3872 1758">
     <span class='ocr_line' id='line_1_36' title="bbox 2284 1684 3872 1758; baseline 0.003 -20"><span class='ocrx_word' id='word_1_259' title='bbox 2284 1685 2476 1738; x_wconf 88' lang='lat' dir='ltr'><strong>mundo</strong></span> <span class='ocrx_word' id='word_1_260' title='bbox 2500 1696 2759 1754; x_wconf 80' lang='lat' dir='ltr'><strong>tamquam</strong></span> <span class='ocrx_word' id='word_1_261' title='bbox 2790 1701 2892 1737; x_wconf 89' lang='lat' dir='ltr'><strong>non</strong></span> <span class='ocrx_word' id='word_1_262' title='bbox 2935 1693 3132 1738; x_wconf 77' lang='lat' dir='ltr'><strong>utentes</strong></span> <span class='ocrx_word' id='word_1_263' title='bbox 3183 1685 3258 1754; x_wconf 78' lang='lat' dir='ltr'><strong>(i.</strong></span> <span class='ocrx_word' id='word_1_264' title='bbox 3301 1684 3422 1740; x_wconf 85' lang='lat' dir='ltr'><strong>Cor.</strong></span> <span class='ocrx_word' id='word_1_265' title='bbox 3452 1687 3504 1739; x_wconf 86' lang='grc'><strong>7.</strong></span> <span class='ocrx_word' id='word_1_266' title='bbox 3531 1686 3622 1744; x_wconf 75' lang='lat'><strong>29.</strong></span> <span class='ocrx_word' id='word_1_267' title='bbox 3647 1687 3776 1758; x_wconf 68' lang='lat' dir='ltr'><strong>Si):</strong></span> <span class='ocrx_word' id='word_1_268' title='bbox 3815 1699 3872 1743; x_wconf 90' lang='lat' dir='ltr'><strong>ut</strong></span> 
     </span>
    </p>
   </div>
   <div class='ocr_carea' id='block_1_37' title="bbox 2285 1772 3874 1849">
    <p class='ocr_par' dir='ltr' id='par_1_37' title="bbox 2285 1772 3874 1849">
     <span class='ocr_line' id='line_1_37' title="bbox 2285 1772 3874 1849; baseline 0.001 -16"><span class='ocrx_word' id='word_1_269' title='bbox 2285 1793 2635 1849; x_wconf 88' lang='lat' dir='ltr'><strong>assequamur</strong></span> <span class='ocrx_word' id='word_1_270' title='bbox 2658 1778 2794 1831; x_wconf 88' lang='lat' dir='ltr'><strong>bona</strong></span> <span class='ocrx_word' id='word_1_271' title='bbox 2814 1777 3075 1847; x_wconf 84' lang='lat' dir='ltr'><strong>promissa</strong></span> <span class='ocrx_word' id='word_1_272' title='bbox 3102 1795 3114 1831; x_wconf 91' lang='lat'><strong>:</strong></span> <span class='ocrx_word' id='word_1_273' title='bbox 3145 1792 3266 1846; x_wconf 75' lang='lat' dir='ltr'><strong>qua:</strong></span> <span class='ocrx_word' id='word_1_274' title='bbox 3285 1777 3441 1834; x_wconf 85' lang='lat' dir='ltr'><strong>detur</strong></span> <span class='ocrx_word' id='word_1_275' title='bbox 3453 1772 3608 1836; x_wconf 84' lang='lat' dir='ltr'><strong>uehis</strong></span> <span class='ocrx_word' id='word_1_276' title='bbox 3627 1781 3874 1836; x_wconf 90' lang='lat' dir='ltr'><strong>omnibus</strong></span> 
     </span>
    </p>
   </div>
   <div class='ocr_carea' id='block_1_38' title="bbox 2286 1869 3234 1942">
    <p class='ocr_par' dir='ltr' id='par_1_38' title="bbox 2286 1869 3234 1942">
     <span class='ocr_line' id='line_1_38' title="bbox 2286 1869 3234 1942; baseline -0.003 -15"><span class='ocrx_word' id='word_1_277' title='bbox 2286 1871 2575 1942; x_wconf 89' lang='lat' dir='ltr'><strong>consequi,</strong></span> <span class='ocrx_word' id='word_1_278' title='bbox 2608 1870 2778 1941; x_wconf 82' lang='lat' dir='ltr'><strong>gratia</strong></span> <span class='ocrx_word' id='word_1_279' title='bbox 2806 1877 2857 1926; x_wconf 90' lang='lat' dir='ltr'><strong>et</strong></span> <span class='ocrx_word' id='word_1_280' title='bbox 2885 1869 3234 1941; x_wconf 77' lang='lat' dir='ltr'><strong>benignitate.</strong></span> 
     </span>
    </p>
   </div>
   <div class='ocr_carea' id='block_1_39' title="bbox 2784 2101 3879 2115">
    <p class='ocr_par' dir='ltr' id='par_1_39' title="bbox 2784 2101 3879 2115">
     <span class='ocr_line' id='line_1_39' title="bbox 2784 2101 3879 2115; baseline 0.003 -7"><span class='ocrx_word' id='word_1_281' title='bbox 2784 2101 3273 2110; x_wconf 50' lang='lat' dir='ltr'><strong>-w—m</strong></span> <span class='ocrx_word' id='word_1_282' title='bbox 3293 2104 3560 2110; x_wconf 45' lang='lat'><strong>_.———_—..</strong></span> <span class='ocrx_word' id='word_1_283' title='bbox 3577 2103 3599 2109; x_wconf 61' lang='grc' dir='ltr'><strong>-α</strong></span> <span class='ocrx_word' id='word_1_284' title='bbox 3609 2103 3879 2115; x_wconf 49' lang='lat'><strong>——-——“</strong></span> 
     </span>
    </p>
   </div>
   <div class='ocr_carea' id='block_1_40' title="bbox 1995 2175 2492 2238">
    <p class='ocr_par' dir='ltr' id='par_1_40' title="bbox 1995 2175 2492 2238">
     <span class='ocr_line' id='line_1_40' title="bbox 1995 2175 2492 2238; baseline -0.006 0"><span class='ocrx_word' id='word_1_285' title='bbox 1995 2176 2336 2238; x_wconf 81' lang='lat' dir='ltr'><strong>HOMILIA</strong></span> <span class='ocrx_word' id='word_1_286' title='bbox 2381 2175 2492 2236; x_wconf 91' lang='lat' dir='ltr'><strong>III.</strong></span> 
     </span>
    </p>
   </div>
   <div class='ocr_carea' id='block_1_41' title="bbox 583 2320 2183 2393">
    <p class='ocr_par' dir='ltr' id='par_1_41' title="bbox 583 2320 2183 2393">
     <span class='ocr_line' id='line_1_41' title="bbox 583 2320 2183 2393; baseline -0.013 0"><span class='ocrx_word' id='word_1_287' title='bbox 583 2339 715 2393; x_wconf 69' lang='lat' dir='ltr'><strong>CAP.</strong></span> <span class='ocrx_word' id='word_1_288' title='bbox 740 2337 793 2391; x_wconf 75' lang='lat' dir='ltr'><strong>I.</strong></span> <span class='ocrx_word' id='word_1_289' title='bbox 823 2351 874 2388; x_wconf 86' lang='lat' dir='ltr'><strong>v.</strong></span> <span class='ocrx_word' id='word_1_290' title='bbox 897 2335 952 2390; x_wconf 82' lang='lat'><strong>6.</strong></span> <span class='ocrx_word' id='word_1_291' title='bbox 986 2331 1053 2387; x_wconf 84' lang='lat' dir='ltr'><strong>Et</strong></span> <span class='ocrx_word' id='word_1_292' title='bbox 1082 2347 1196 2385; x_wconf 80' lang='lat' dir='ltr'><strong>cum</strong></span> <span class='ocrx_word' id='word_1_293' title='bbox 1221 2331 1404 2382; x_wconf 85' lang='lat' dir='ltr'><strong>iterum</strong></span> <span class='ocrx_word' id='word_1_294' title='bbox 1443 2323 1724 2378; x_wconf 78' lang='lat' dir='ltr'><strong>introducit</strong></span> <span class='ocrx_word' id='word_1_295' title='bbox 1767 2320 2183 2391; x_wconf 85' lang='lat' dir='ltr'><strong>Primogenitum</strong></span> 
     </span>
    </p>
   </div>
   <div class='ocr_carea' id='block_1_42' title="bbox 659 2413 2182 2486">
    <p class='ocr_par' dir='ltr' id='par_1_42' title="bbox 659 2413 2182 2486">
     <span class='ocr_line' id='line_1_42' title="bbox 659 2413 2182 2486; baseline -0.014 -2"><span class='ocrx_word' id='word_1_296' title='bbox 659 2432 713 2483; x_wconf 90' lang='lat' dir='ltr'><strong>in</strong></span> <span class='ocrx_word' id='word_1_297' title='bbox 741 2427 910 2483; x_wconf 79' lang='lat' dir='ltr'><strong>orbem</strong></span> <span class='ocrx_word' id='word_1_298' title='bbox 940 2435 1107 2486; x_wconf 72' lang='lat' dir='ltr'><strong>terra,</strong></span> <span class='ocrx_word' id='word_1_299' title='bbox 1150 2421 1272 2476; x_wconf 90' lang='lat' dir='ltr'><strong>dicit</strong></span> <span class='ocrx_word' id='word_1_300' title='bbox 1295 2435 1314 2474; x_wconf 90' lang='lat'><strong><em>:</em></strong></span> <span class='ocrx_word' id='word_1_301' title='bbox 1335 2417 1403 2474; x_wconf 86' lang='lat' dir='ltr'><strong>Et</strong></span> <span class='ocrx_word' id='word_1_302' title='bbox 1428 2417 1641 2470; x_wconf 86' lang='lat' dir='ltr'><strong>adorent</strong></span> <span class='ocrx_word' id='word_1_303' title='bbox 1664 2429 1778 2468; x_wconf 90' lang='lat' dir='ltr'><strong>eum</strong></span> <span class='ocrx_word' id='word_1_304' title='bbox 1803 2429 1976 2467; x_wconf 86' lang='lat' dir='ltr'><strong>omnes</strong></span> <span class='ocrx_word' id='word_1_305' title='bbox 2006 2413 2182 2482; x_wconf 84' lang='lat' dir='ltr'><strong>angeli</strong></span> 
     </span>
    </p>
   </div>
   <div class='ocr_carea' id='block_1_43' title="bbox 661 2505 2180 2585">
    <p class='ocr_par' dir='ltr' id='par_1_43' title="bbox 661 2505 2180 2585">
     <span class='ocr_line' id='line_1_43' title="bbox 661 2505 2180 2585; baseline -0.014 -10"><span class='ocrx_word' id='word_1_306' title='bbox 661 2520 780 2576; x_wconf 96' lang='lat' dir='ltr'><strong>Dei.</strong></span> <span class='ocrx_word' id='word_1_307' title='bbox 812 2521 865 2574; x_wconf 83' lang='lat'><strong>7.</strong></span> <span class='ocrx_word' id='word_1_308' title='bbox 893 2517 960 2572; x_wconf 80' lang='lat' dir='ltr'><strong>Et</strong></span> <span class='ocrx_word' id='word_1_309' title='bbox 989 2517 1057 2570; x_wconf 90' lang='lat' dir='ltr'><strong>ad</strong></span> <span class='ocrx_word' id='word_1_310' title='bbox 1083 2512 1293 2585; x_wconf 76' lang='lat' dir='ltr'><strong>angelos</strong></span> <span class='ocrx_word' id='word_1_311' title='bbox 1317 2509 1522 2579; x_wconf 83' lang='lat' dir='ltr'><strong>quidem</strong></span> <span class='ocrx_word' id='word_1_312' title='bbox 1549 2507 1672 2561; x_wconf 83' lang='lat' dir='ltr'><strong>dicit</strong></span> <span class='ocrx_word' id='word_1_313' title='bbox 1699 2522 1716 2560; x_wconf 92' lang='lat'><em>:</em></span> <span class='ocrx_word' id='word_1_314' title='bbox 1743 2505 1844 2573; x_wconf 88' lang='lat' dir='ltr'><strong>Qui</strong></span> <span class='ocrx_word' id='word_1_315' title='bbox 1871 2505 1994 2574; x_wconf 81' lang='lat' dir='ltr'><strong>facit</strong></span> <span class='ocrx_word' id='word_1_316' title='bbox 2021 2519 2180 2574; x_wconf 83' lang='lat' dir='ltr'><strong>ange-</strong></span> 
     </span>
    </p>
   </div>
   <div class='ocr_carea' id='block_1_44' title="bbox 662 2596 2177 2677">
    <p class='ocr_par' dir='ltr' id='par_1_44' title="bbox 662 2596 2177 2677">
     <span class='ocr_line' id='line_1_44' title="bbox 662 2596 2177 2677; baseline -0.013 -11"><span class='ocrx_word' id='word_1_317' title='bbox 662 2615 739 2666; x_wconf 88' lang='lat' dir='ltr'><strong>los</strong></span> <span class='ocrx_word' id='word_1_318' title='bbox 765 2625 882 2664; x_wconf 88' lang='lat' dir='ltr'><strong>suos</strong></span> <span class='ocrx_word' id='word_1_319' title='bbox 910 2608 1121 2677; x_wconf 80' lang='lat' dir='ltr'><strong>spiritus</strong></span> <span class='ocrx_word' id='word_1_320' title='bbox 1139 2645 1156 2670; x_wconf 91' lang='lat'><strong>,</strong></span> <span class='ocrx_word' id='word_1_321' title='bbox 1196 2613 1242 2657; x_wconf 87' lang='lat' dir='ltr'><strong>et</strong></span> <span class='ocrx_word' id='word_1_322' title='bbox 1267 2602 1525 2657; x_wconf 83' lang='lat' dir='ltr'><strong>ministros</strong></span> <span class='ocrx_word' id='word_1_323' title='bbox 1554 2615 1674 2653; x_wconf 83' lang='lat' dir='ltr'><strong>suos</strong></span> <span class='ocrx_word' id='word_1_324' title='bbox 1702 2599 1966 2669; x_wconf 81' lang='lat' dir='ltr'><strong>ﬂammam</strong></span> <span class='ocrx_word' id='word_1_325' title='bbox 1999 2596 2131 2667; x_wconf 84' lang='lat' dir='ltr'><strong>ignis</strong></span> <span class='ocrx_word' id='word_1_326' title='bbox 2160 2611 2177 2648; x_wconf 92' lang='lat'><strong><em>:</em></strong></span> 
     </span>
    </p>
   </div>
   <div class='ocr_carea' id='block_1_45' title="bbox 663 2687 2177 2758">
    <p class='ocr_par' dir='ltr' id='par_1_45' title="bbox 663 2687 2177 2758">
     <span class='ocr_line' id='line_1_45' title="bbox 663 2687 2177 2758; baseline -0.013 0"><span class='ocrx_word' id='word_1_327' title='bbox 663 2705 719 2758; x_wconf 92' lang='lat'><strong>8.</strong></span> <span class='ocrx_word' id='word_1_328' title='bbox 747 2701 816 2755; x_wconf 90' lang='lat' dir='ltr'><strong>ad</strong></span> <span class='ocrx_word' id='word_1_329' title='bbox 841 2699 1036 2754; x_wconf 83' lang='lat' dir='ltr'><strong>Filium</strong></span> <span class='ocrx_word' id='word_1_330' title='bbox 1060 2707 1228 2751; x_wconf 84' lang='lat' dir='ltr'><strong>autem</strong></span> <span class='ocrx_word' id='word_1_331' title='bbox 1250 2709 1269 2757; x_wconf 85' lang='lat'><strong><em>;</em></strong></span> <span class='ocrx_word' id='word_1_332' title='bbox 1295 2693 1530 2748; x_wconf 87' lang='lat' dir='ltr'><strong>Thronus</strong></span> <span class='ocrx_word' id='word_1_333' title='bbox 1553 2701 1669 2745; x_wconf 88' lang='lat' dir='ltr'><strong>tuus</strong></span> <span class='ocrx_word' id='word_1_334' title='bbox 1693 2688 1831 2743; x_wconf 85' lang='lat' dir='ltr'><strong>Deus</strong></span> <span class='ocrx_word' id='word_1_335' title='bbox 1858 2689 1910 2741; x_wconf 88' lang='lat' dir='ltr'><strong>in</strong></span> <span class='ocrx_word' id='word_1_336' title='bbox 1933 2687 2177 2742; x_wconf 68' lang='lat' dir='ltr'><strong>saeculum</strong></span> 
     </span>
    </p>
   </div>
   <div class='ocr_carea' id='block_1_46' title="bbox 665 2790 862 2848">
    <p class='ocr_par' dir='ltr' id='par_1_46' title="bbox 665 2790 862 2848">
     <span class='ocr_line' id='line_1_46' title="bbox 665 2790 862 2848; baseline -0.01 0"><span class='ocrx_word' id='word_1_337' title='bbox 665 2790 862 2848; x_wconf 79' lang='lat' dir='ltr'><strong>sa‘culi.</strong></span> 
     </span>
    </p>
   </div>
   <div class='ocr_carea' id='block_1_47' title="bbox 674 2871 2175 2950">
    <p class='ocr_par' dir='ltr' id='par_1_47' title="bbox 674 2871 2175 2950">
     <span class='ocr_line' id='line_1_47' title="bbox 674 2871 2175 2950; baseline -0.012 -12"><span class='ocrx_word' id='word_1_338' title='bbox 674 2886 727 2938; x_wconf 77' lang='lat' dir='ltr'><strong>t.</strong></span> <span class='ocrx_word' id='word_1_339' title='bbox 772 2878 1031 2936; x_wconf 83' lang='lat' dir='ltr'><strong>Dominus</strong></span> <span class='ocrx_word' id='word_1_340' title='bbox 1065 2877 1283 2950; x_wconf 85' lang='lat' dir='ltr'><strong>quidem</strong></span> <span class='ocrx_word' id='word_1_341' title='bbox 1327 2882 1511 2931; x_wconf 92' lang='lat' dir='ltr'><strong>noster</strong></span> <span class='ocrx_word' id='word_1_342' title='bbox 1538 2872 1694 2928; x_wconf 80' lang='lat' dir='ltr'><strong>Jesus</strong></span> <span class='ocrx_word' id='word_1_343' title='bbox 1739 2871 1987 2926; x_wconf 88' lang='lat' dir='ltr'><strong>Christus</strong></span> <span class='ocrx_word' id='word_1_344' title='bbox 2022 2883 2175 2923; x_wconf 88' lang='lat' dir='ltr'><strong>suum</strong></span> 
     </span>
    </p>
   </div>
   <div class='ocr_carea' id='block_1_48' title="bbox 605 2976 2192 3045">
    <p class='ocr_par' dir='ltr' id='par_1_48' title="bbox 605 2976 2192 3045">
     <span class='ocr_line' id='line_1_48' title="bbox 605 2976 2192 3045; baseline -0.004 -11"><span class='ocrx_word' id='word_1_345' title='bbox 605 2983 659 3034; x_wconf 91' lang='lat' dir='ltr'><strong>in</strong></span> <span class='ocrx_word' id='word_1_346' title='bbox 689 2992 853 3033; x_wconf 90' lang='lat' dir='ltr'><strong>carne</strong></span> <span class='ocrx_word' id='word_1_347' title='bbox 879 2976 1172 3031; x_wconf 80' lang='lat' dir='ltr'><strong>adventum</strong></span> <span class='ocrx_word' id='word_1_348' title='bbox 1199 2984 1358 3031; x_wconf 89' lang='lat' dir='ltr'><strong>vocat</strong></span> <span class='ocrx_word' id='word_1_349' title='bbox 1399 2989 1676 3045; x_wconf 79' lang='lat' dir='ltr'><strong>egressum</strong></span> <span class='ocrx_word' id='word_1_350' title='bbox 1709 2976 1791 3029; x_wconf 90' lang='lat' dir='ltr'><strong>vel</strong></span> <span class='ocrx_word' id='word_1_351' title='bbox 1837 2977 2042 3030; x_wconf 90' lang='lat' dir='ltr'><strong>exitum</strong></span> <span class='ocrx_word' id='word_1_352' title='bbox 2081 2992 2095 3029; x_wconf 90' lang='lat'><strong>:</strong></span> <span class='ocrx_word' id='word_1_353' title='bbox 2131 2985 2192 3028; x_wconf 89' lang='lat' dir='ltr'><strong>ut</strong></span> 
     </span>
    </p>
   </div>
   <div class='ocr_carea' id='block_1_49' title="bbox 603 3064 2194 3142">
    <p class='ocr_par' dir='ltr' id='par_1_49' title="bbox 603 3064 2194 3142">
     <span class='ocr_line' id='line_1_49' title="bbox 603 3064 2194 3142; baseline -0.006 -16"><span class='ocrx_word' id='word_1_354' title='bbox 603 3070 822 3142; x_wconf 87' lang='lat' dir='ltr'><strong>quando</strong></span> <span class='ocrx_word' id='word_1_355' title='bbox 842 3067 992 3134; x_wconf 88' lang='lat' dir='ltr'><strong>dicit,</strong></span> <span class='ocrx_word' id='word_1_356' title='bbox 1016 3065 1158 3122; x_wconf 76' lang='lat' dir='ltr'><strong>Exiit</strong></span> <span class='ocrx_word' id='word_1_357' title='bbox 1177 3067 1263 3137; x_wconf 85' lang='lat' dir='ltr'><strong>qui</strong></span> <span class='ocrx_word' id='word_1_358' title='bbox 1283 3067 1499 3122; x_wconf 85' lang='lat' dir='ltr'><strong>seminat</strong></span> <span class='ocrx_word' id='word_1_359' title='bbox 1519 3066 1588 3120; x_wconf 91' lang='lat' dir='ltr'><strong>ad</strong></span> <span class='ocrx_word' id='word_1_360' title='bbox 1608 3066 1962 3121; x_wconf 86' lang='lat' dir='ltr'><strong>seminandum</strong></span> <span class='ocrx_word' id='word_1_361' title='bbox 1981 3064 2194 3140; x_wconf 80' lang='lat' dir='ltr'><strong>(Matth.</strong></span> 
     </span>
    </p>
   </div>
   <div class='ocr_carea' id='block_1_50' title="bbox 579 3157 2194 3233">
    <p class='ocr_par' dir='ltr' id='par_1_50' title="bbox 579 3157 2194 3233">
     <span class='ocr_line' id='line_1_50' title="bbox 579 3157 2194 3233; baseline -0.006 -14"><span class='ocrx_word' id='word_1_362' title='bbox 579 3165 700 3220; x_wconf 62' lang='grc'><strong>45.</strong></span> <span class='ocrx_word' id='word_1_363' title='bbox 730 3163 835 3233; x_wconf 80' lang='lat'><strong>&#39;5);</strong></span> <span class='ocrx_word' id='word_1_364' title='bbox 868 3170 923 3218; x_wconf 89' lang='lat' dir='ltr'><strong>et</strong></span> <span class='ocrx_word' id='word_1_365' title='bbox 949 3174 1157 3226; x_wconf 85' lang='lat' dir='ltr'><strong>rursus,</strong></span> <span class='ocrx_word' id='word_1_366' title='bbox 1190 3159 1300 3230; x_wconf 81' lang='lat' dir='ltr'><strong>Ego</strong></span> <span class='ocrx_word' id='word_1_367' title='bbox 1328 3176 1361 3213; x_wconf 89' lang='lat' dir='ltr'><strong>a</strong></span> <span class='ocrx_word' id='word_1_368' title='bbox 1393 3157 1553 3212; x_wconf 84' lang='lat' dir='ltr'><strong>Patre</strong></span> <span class='ocrx_word' id='word_1_369' title='bbox 1581 3159 1734 3226; x_wconf 75' lang='lat' dir='ltr'><strong>exivi,</strong></span> <span class='ocrx_word' id='word_1_370' title='bbox 1768 3167 1814 3212; x_wconf 90' lang='lat' dir='ltr'><strong>et</strong></span> <span class='ocrx_word' id='word_1_371' title='bbox 1838 3158 1987 3213; x_wconf 83' lang='lat' dir='ltr'><strong>venio</strong></span> <span class='ocrx_word' id='word_1_372' title='bbox 2018 3157 2194 3228; x_wconf 79' lang='lat' dir='ltr'><strong>(Joan.</strong></span> 
     </span>
    </p>
   </div>
   <div class='ocr_carea' id='block_1_51' title="bbox 583 3248 2200 3326">
    <p class='ocr_par' dir='ltr' id='par_1_51' title="bbox 583 3248 2200 3326">
     <span class='ocr_line' id='line_1_51' title="bbox 583 3248 2200 3326; baseline -0.007 -16"><span class='ocrx_word' id='word_1_373' title='bbox 583 3255 696 3310; x_wconf 60' lang='lat'><strong>46.</strong></span> <span class='ocrx_word' id='word_1_374' title='bbox 717 3253 812 3326; x_wconf 70' lang='lat'><strong>28)</strong></span> <span class='ocrx_word' id='word_1_375' title='bbox 844 3271 858 3308; x_wconf 92' lang='lat'><strong>:</strong></span> <span class='ocrx_word' id='word_1_376' title='bbox 893 3260 948 3308; x_wconf 86' lang='lat' dir='ltr'><strong>et</strong></span> <span class='ocrx_word' id='word_1_377' title='bbox 970 3251 1155 3307; x_wconf 88' lang='lat' dir='ltr'><strong>multis</strong></span> <span class='ocrx_word' id='word_1_378' title='bbox 1184 3251 1235 3326; x_wconf 84' lang='lat' dir='ltr'><strong>in</strong></span> <span class='ocrx_word' id='word_1_379' title='bbox 1262 3250 1395 3304; x_wconf 84' lang='lat' dir='ltr'><strong>locis</strong></span> <span class='ocrx_word' id='word_1_380' title='bbox 1420 3249 1523 3304; x_wconf 92' lang='lat' dir='ltr'><strong>hoc</strong></span> <span class='ocrx_word' id='word_1_381' title='bbox 1544 3248 1764 3305; x_wconf 92' lang='lat' dir='ltr'><strong>videris.</strong></span> <span class='ocrx_word' id='word_1_382' title='bbox 1793 3249 1993 3304; x_wconf 87' lang='lat' dir='ltr'><strong>Paulus</strong></span> <span class='ocrx_word' id='word_1_383' title='bbox 2019 3255 2200 3300; x_wconf 83' lang='lat' dir='ltr'><strong>autem</strong></span> 
     </span>
    </p>
   </div>
   <div class='ocr_carea' id='block_1_52' title="bbox 581 3321 2202 3413">
    <p class='ocr_par' dir='ltr' id='par_1_52' title="bbox 581 3321 2202 3413">
     <span class='ocr_line' id='line_1_52' title="bbox 581 3321 2202 3413; baseline -0.008 -12"><span class='ocrx_word' id='word_1_384' title='bbox 581 3377 584 3380; x_wconf 83' lang='lat'><strong><em>~</em></strong></span> <span class='ocrx_word' id='word_1_385' title='bbox 608 3346 662 3401; x_wconf 88' lang='lat' dir='ltr'><strong>id</strong></span> <span class='ocrx_word' id='word_1_386' title='bbox 691 3353 855 3400; x_wconf 89' lang='lat' dir='ltr'><strong>vocat</strong></span> <span class='ocrx_word' id='word_1_387' title='bbox 883 3321 1200 3413; x_wconf 52' lang='lat' dir='ltr'><strong>ingressum,</strong></span> <span class='ocrx_word' id='word_1_388' title='bbox 1220 3341 1407 3397; x_wconf 89' lang='lat' dir='ltr'><strong>dicens</strong></span> <span class='ocrx_word' id='word_1_389' title='bbox 1431 3357 1446 3396; x_wconf 88' lang='lat'><strong>:</strong></span> <span class='ocrx_word' id='word_1_390' title='bbox 1472 3341 1543 3395; x_wconf 82' lang='lat' dir='ltr'><strong>Et</strong></span> <span class='ocrx_word' id='word_1_391' title='bbox 1569 3357 1686 3396; x_wconf 90' lang='lat' dir='ltr'><strong>cum</strong></span> <span class='ocrx_word' id='word_1_392' title='bbox 1708 3341 1895 3395; x_wconf 85' lang='lat' dir='ltr'><strong>iterum</strong></span> <span class='ocrx_word' id='word_1_393' title='bbox 1923 3336 2202 3393; x_wconf 88' lang='lat' dir='ltr'><strong>introducit</strong></span> 
     </span>
    </p>
   </div>
   <div class='ocr_carea' id='block_1_53' title="bbox 609 3431 2202 3509">
    <p class='ocr_par' dir='ltr' id='par_1_53' title="bbox 609 3431 2202 3509">
     <span class='ocr_line' id='line_1_53' title="bbox 609 3431 2202 3509; baseline -0.008 -16"><span class='ocrx_word' id='word_1_394' title='bbox 609 3438 1020 3509; x_wconf 82' lang='lat' dir='ltr'><strong>Primogenitum</strong></span> <span class='ocrx_word' id='word_1_395' title='bbox 1047 3437 1102 3490; x_wconf 86' lang='lat' dir='ltr'><strong>in</strong></span> <span class='ocrx_word' id='word_1_396' title='bbox 1125 3437 1296 3490; x_wconf 86' lang='lat' dir='ltr'><strong>orbem</strong></span> <span class='ocrx_word' id='word_1_397' title='bbox 1323 3444 1507 3498; x_wconf 76' lang='lat' dir='ltr'><strong>term;</strong></span> <span class='ocrx_word' id='word_1_398' title='bbox 1539 3433 1727 3489; x_wconf 88' lang='lat' dir='ltr'><strong>dicens</strong></span> <span class='ocrx_word' id='word_1_399' title='bbox 1750 3431 2202 3487; x_wconf 88' lang='lat' dir='ltr'><strong>introductionem</strong></span> 
     </span>
    </p>
   </div>
   <div class='ocr_carea' id='block_1_54' title="bbox 611 3521 2197 3596">
    <p class='ocr_par' dir='ltr' id='par_1_54' title="bbox 611 3521 2197 3596">
     <span class='ocr_line' id='line_1_54' title="bbox 611 3521 2197 3596; baseline -0.007 -14"><span class='ocrx_word' id='word_1_400' title='bbox 611 3530 749 3584; x_wconf 88' lang='lat' dir='ltr'><strong>hanc</strong></span> <span class='ocrx_word' id='word_1_401' title='bbox 774 3529 954 3584; x_wconf 88' lang='lat' dir='ltr'><strong>carnis</strong></span> <span class='ocrx_word' id='word_1_402' title='bbox 981 3525 1406 3596; x_wconf 84' lang='lat' dir='ltr'><strong>susceptionem.</strong></span> <span class='ocrx_word' id='word_1_403' title='bbox 1449 3524 1561 3580; x_wconf 93' lang='lat' dir='ltr'><strong>Cur</strong></span> <span class='ocrx_word' id='word_1_404' title='bbox 1589 3524 1708 3579; x_wconf 68' lang='lat' dir='ltr'><strong>haec</strong></span> <span class='ocrx_word' id='word_1_405' title='bbox 1735 3538 1825 3577; x_wconf 84' lang='lat' dir='ltr'><strong>res</strong></span> <span class='ocrx_word' id='word_1_406' title='bbox 1849 3521 1996 3574; x_wconf 88' lang='lat' dir='ltr'><strong>varie</strong></span> <span class='ocrx_word' id='word_1_407' title='bbox 2020 3534 2197 3574; x_wconf 89' lang='lat' dir='ltr'><strong>enun-</strong></span> 
     </span>
    </p>
   </div>
   <div class='ocr_carea' id='block_1_55' title="bbox 621 3607 2198 3695">
    <p class='ocr_par' dir='ltr' id='par_1_55' title="bbox 621 3607 2198 3695">
     <span class='ocr_line' id='line_1_55' title="bbox 621 3607 2198 3695; baseline -0.017 -11"><span class='ocrx_word' id='word_1_408' title='bbox 621 3630 784 3684; x_wconf 81' lang='lat' dir='ltr'><strong>tiatur</strong></span> <span class='ocrx_word' id='word_1_409' title='bbox 804 3669 820 3695; x_wconf 93' lang='lat'><strong>,</strong></span> <span class='ocrx_word' id='word_1_410' title='bbox 860 3635 914 3680; x_wconf 91' lang='lat' dir='ltr'><strong>et</strong></span> <span class='ocrx_word' id='word_1_411' title='bbox 944 3624 1093 3694; x_wconf 88' lang='lat' dir='ltr'><strong>cujus</strong></span> <span class='ocrx_word' id='word_1_412' title='bbox 1121 3621 1404 3678; x_wconf 88' lang='lat' dir='ltr'><strong>occasione</strong></span> <span class='ocrx_word' id='word_1_413' title='bbox 1427 3618 1542 3672; x_wconf 63' lang='lat' dir='ltr'><strong>haec</strong></span> <span class='ocrx_word' id='word_1_414' title='bbox 1566 3612 1847 3670; x_wconf 86' lang='lat' dir='ltr'><strong>dicuntur?</strong></span> <span class='ocrx_word' id='word_1_415' title='bbox 1871 3611 2004 3678; x_wconf 79' lang='lat' dir='ltr'><strong>Quae</strong></span> <span class='ocrx_word' id='word_1_416' title='bbox 2025 3607 2198 3675; x_wconf 79' lang='lat' dir='ltr'><strong>signi—</strong></span> 
     </span>
    </p>
   </div>
   <div class='ocr_carea' id='block_1_56' title="bbox 620 3697 2194 3776">
    <p class='ocr_par' dir='ltr' id='par_1_56' title="bbox 620 3697 2194 3776">
     <span class='ocr_line' id='line_1_56' title="bbox 620 3697 2194 3776; baseline -0.018 1"><span class='ocrx_word' id='word_1_417' title='bbox 620 3724 851 3776; x_wconf 75' lang='lat' dir='ltr'><strong>ﬁcantur</strong></span> <span class='ocrx_word' id='word_1_418' title='bbox 876 3724 1000 3772; x_wconf 81' lang='lat' dir='ltr'><strong>sunt</strong></span> <span class='ocrx_word' id='word_1_419' title='bbox 1045 3712 1344 3768; x_wconf 88' lang='lat' dir='ltr'><strong>manifesta.</strong></span> <span class='ocrx_word' id='word_1_420' title='bbox 1386 3709 1628 3764; x_wconf 83' lang='lat' dir='ltr'><strong>Christus</strong></span> <span class='ocrx_word' id='word_1_421' title='bbox 1663 3701 1878 3772; x_wconf 89' lang='lat' dir='ltr'><strong>quidem</strong></span> <span class='ocrx_word' id='word_1_422' title='bbox 1907 3697 2194 3753; x_wconf 89' lang='lat' dir='ltr'><strong>adventum</strong></span> 
     </span>
    </p>
   </div>
   <div class='ocr_carea' id='block_1_57' title="bbox 613 3789 2193 3866">
    <p class='ocr_par' dir='ltr' id='par_1_57' title="bbox 613 3789 2193 3866">
     <span class='ocr_line' id='line_1_57' title="bbox 613 3789 2193 3866; baseline -0.018 0"><span class='ocrx_word' id='word_1_423' title='bbox 613 3825 770 3866; x_wconf 87' lang='lat' dir='ltr'><strong>suum</strong></span> <span class='ocrx_word' id='word_1_424' title='bbox 821 3807 1013 3863; x_wconf 88' lang='lat' dir='ltr'><strong>merito</strong></span> <span class='ocrx_word' id='word_1_425' title='bbox 1067 3814 1221 3858; x_wconf 88' lang='lat' dir='ltr'><strong>vocat</strong></span> <span class='ocrx_word' id='word_1_426' title='bbox 1272 3801 1474 3856; x_wconf 80' lang='lat' dir='ltr'><strong>exitum</strong></span> <span class='ocrx_word' id='word_1_427' title='bbox 1523 3814 1535 3848; x_wconf 92' lang='lat'>:</span> <span class='ocrx_word' id='word_1_428' title='bbox 1581 3807 1793 3850; x_wconf 90' lang='lat' dir='ltr'><strong>eramus</strong></span> <span class='ocrx_word' id='word_1_429' title='bbox 1844 3789 1985 3844; x_wconf 89' lang='lat' dir='ltr'><strong>enim</strong></span> <span class='ocrx_word' id='word_1_430' title='bbox 2042 3794 2193 3841; x_wconf 81' lang='lat' dir='ltr'><strong>extra</strong></span> 
     </span>
    </p>
   </div>
   <div class='ocr_carea' id='block_1_58' title="bbox 616 3875 2194 3959">
    <p class='ocr_par' dir='ltr' id='par_1_58' title="bbox 616 3875 2194 3959">
     <span class='ocr_line' id='line_1_58' title="bbox 616 3875 2194 3959; baseline -0.017 -3"><span class='ocrx_word' id='word_1_431' title='bbox 616 3903 803 3956; x_wconf 88' lang='lat' dir='ltr'><strong>Deum.</strong></span> <span class='ocrx_word' id='word_1_432' title='bbox 856 3898 935 3952; x_wconf 86' lang='lat' dir='ltr'><strong>Ac</strong></span> <span class='ocrx_word' id='word_1_433' title='bbox 979 3896 1116 3950; x_wconf 89' lang='lat' dir='ltr'><strong>sicut</strong></span> <span class='ocrx_word' id='word_1_434' title='bbox 1174 3893 1225 3948; x_wconf 91' lang='lat' dir='ltr'><strong>in</strong></span> <span class='ocrx_word' id='word_1_435' title='bbox 1271 3890 1415 3959; x_wconf 86' lang='lat' dir='ltr'><strong>regia</strong></span> <span class='ocrx_word' id='word_1_436' title='bbox 1458 3885 1548 3954; x_wconf 89' lang='lat' dir='ltr'><strong>qui</strong></span> <span class='ocrx_word' id='word_1_437' title='bbox 1592 3892 1718 3937; x_wconf 88' lang='lat' dir='ltr'><strong>sunt</strong></span> <span class='ocrx_word' id='word_1_438' title='bbox 1771 3882 1822 3934; x_wconf 93' lang='lat' dir='ltr'><strong>in</strong></span> <span class='ocrx_word' id='word_1_439' title='bbox 1871 3875 2098 3932; x_wconf 86' lang='lat' dir='ltr'><strong>vinculis</strong></span> <span class='ocrx_word' id='word_1_440' title='bbox 2139 3883 2194 3929; x_wconf 92' lang='lat' dir='ltr'><strong>ct</strong></span> 
     </span>
    </p>
   </div>
   <div class='ocr_carea' id='block_1_59' title="bbox 621 3972 2191 4062">
    <p class='ocr_par' dir='ltr' id='par_1_59' title="bbox 621 3972 2191 4062">
     <span class='ocr_line' id='line_1_59' title="bbox 621 3972 2191 4062; baseline -0.017 -15"><span class='ocrx_word' id='word_1_441' title='bbox 621 4006 802 4062; x_wconf 84' lang='lat' dir='ltr'><strong>regem</strong></span> <span class='ocrx_word' id='word_1_442' title='bbox 847 3987 1222 4050; x_wconf 74' lang='lat' dir='ltr'><strong>offenderunt,</strong></span> <span class='ocrx_word' id='word_1_443' title='bbox 1264 3988 1409 4038; x_wconf 82' lang='lat' dir='ltr'><strong>stant</strong></span> <span class='ocrx_word' id='word_1_444' title='bbox 1435 3976 1597 4040; x_wconf 86' lang='lat' dir='ltr'><strong>foris;</strong></span> <span class='ocrx_word' id='word_1_445' title='bbox 1628 3973 1718 4044; x_wconf 90' lang='lat' dir='ltr'><strong>qui</strong></span> <span class='ocrx_word' id='word_1_446' title='bbox 1748 3972 1862 4027; x_wconf 91' lang='lat' dir='ltr'><strong>vult</strong></span> <span class='ocrx_word' id='word_1_447' title='bbox 1886 3979 2063 4026; x_wconf 89' lang='lat' dir='ltr'><strong>autem</strong></span> <span class='ocrx_word' id='word_1_448' title='bbox 2094 3982 2191 4022; x_wconf 85' lang='lat' dir='ltr'><strong>eos</strong></span> 
     </span>
    </p>
   </div>
   <div class='ocr_carea' id='block_1_60' title="bbox 611 4059 2188 4145">
    <p class='ocr_par' dir='ltr' id='par_1_60' title="bbox 611 4059 2188 4145">
     <span class='ocr_line' id='line_1_60' title="bbox 611 4059 2188 4145; baseline -0.019 -4"><span class='ocrx_word' id='word_1_449' title='bbox 611 4059 995 4145; x_wconf 78' lang='lat' dir='ltr'><strong>reconciliare,</strong></span> <span class='ocrx_word' id='word_1_450' title='bbox 1041 4093 1146 4133; x_wconf 90' lang='lat' dir='ltr'><strong>non</strong></span> <span class='ocrx_word' id='word_1_451' title='bbox 1195 4076 1342 4144; x_wconf 86' lang='lat' dir='ltr'><strong>ipsos</strong></span> <span class='ocrx_word' id='word_1_452' title='bbox 1387 4065 1713 4130; x_wconf 90' lang='lat' dir='ltr'><strong>introducit,</strong></span> <span class='ocrx_word' id='word_1_453' title='bbox 1742 4063 1838 4120; x_wconf 90' lang='lat' dir='ltr'><strong>sed</strong></span> <span class='ocrx_word' id='word_1_454' title='bbox 1881 4063 1995 4132; x_wconf 90' lang='lat' dir='ltr'><strong>ipse</strong></span> <span class='ocrx_word' id='word_1_455' title='bbox 2043 4059 2188 4114; x_wconf 89' lang='lat' dir='ltr'><strong>foras</strong></span> 
     </span>
    </p>
   </div>
   <div class='ocr_carea' id='block_1_61' title="bbox 609 4150 2190 4245">
    <p class='ocr_par' dir='ltr' id='par_1_61' title="bbox 609 4150 2190 4245">
     <span class='ocr_line' id='line_1_61' title="bbox 609 4150 2190 4245; baseline -0.017 -15"><span class='ocrx_word' id='word_1_456' title='bbox 609 4173 896 4245; x_wconf 78' lang='lat' dir='ltr'><strong>egrediens</strong></span> <span class='ocrx_word' id='word_1_457' title='bbox 933 4185 1028 4227; x_wconf 88' lang='lat' dir='ltr'><strong>eos</strong></span> <span class='ocrx_word' id='word_1_458' title='bbox 1071 4163 1382 4236; x_wconf 89' lang='lat' dir='ltr'><strong>alloquitur,</strong></span> <span class='ocrx_word' id='word_1_459' title='bbox 1415 4160 1593 4216; x_wconf 89' lang='lat' dir='ltr'><strong>donec</strong></span> <span class='ocrx_word' id='word_1_460' title='bbox 1621 4158 1754 4228; x_wconf 90' lang='lat' dir='ltr'><strong>ipsis</strong></span> <span class='ocrx_word' id='word_1_461' title='bbox 1779 4155 1956 4226; x_wconf 78' lang='lat' dir='ltr'><strong>dignis</strong></span> <span class='ocrx_word' id='word_1_462' title='bbox 1980 4150 2190 4208; x_wconf 85' lang='lat' dir='ltr'><strong>effectis</strong></span> 
     </span>
    </p>
   </div>
   <div class='ocr_carea' id='block_1_62' title="bbox 584 4243 2188 4336">
    <p class='ocr_par' dir='ltr' id='par_1_62' title="bbox 584 4243 2188 4336">
     <span class='ocr_line' id='line_1_62' title="bbox 584 4243 2188 4336; baseline -0.017 -13"><span class='ocrx_word' id='word_1_463' title='bbox 584 4243 898 4336; x_wconf 75' lang='lat' dir='ltr'><strong>conspectu</strong></span> <span class='ocrx_word' id='word_1_464' title='bbox 921 4262 1083 4334; x_wconf 85' lang='lat' dir='ltr'><strong>regis,</strong></span> <span class='ocrx_word' id='word_1_465' title='bbox 1107 4273 1202 4316; x_wconf 88' lang='lat' dir='ltr'><strong>eos</strong></span> <span class='ocrx_word' id='word_1_466' title='bbox 1223 4254 1528 4311; x_wconf 90' lang='lat' dir='ltr'><strong>iutroducat</strong></span> <span class='ocrx_word' id='word_1_467' title='bbox 1553 4271 1566 4306; x_wconf 89' lang='lat'><strong>:</strong></span> <span class='ocrx_word' id='word_1_468' title='bbox 1593 4251 1666 4307; x_wconf 91' lang='lat' dir='ltr'><strong>ita</strong></span> <span class='ocrx_word' id='word_1_469' title='bbox 1693 4250 1853 4306; x_wconf 91' lang='lat' dir='ltr'><strong>etiam</strong></span> <span class='ocrx_word' id='word_1_470' title='bbox 1882 4246 2008 4302; x_wconf 92' lang='lat' dir='ltr'><strong>fecit</strong></span> <span class='ocrx_word' id='word_1_471' title='bbox 2031 4243 2188 4299; x_wconf 92' lang='lat' dir='ltr'><strong>Chri-</strong></span> 
     </span>
    </p>
   </div>
   <div class='ocr_carea' id='block_1_63' title="bbox 607 4343 2187 4422">
    <p class='ocr_par' dir='ltr' id='par_1_63' title="bbox 607 4343 2187 4422">
     <span class='ocr_line' id='line_1_63' title="bbox 607 4343 2187 4422; baseline -0.016 -10"><span class='ocrx_word' id='word_1_472' title='bbox 607 4367 758 4412; x_wconf 84' lang='lat' dir='ltr'><strong>stus:</strong></span> <span class='ocrx_word' id='word_1_473' title='bbox 787 4354 855 4410; x_wconf 90' lang='lat' dir='ltr'><strong>ad</strong></span> <span class='ocrx_word' id='word_1_474' title='bbox 895 4368 994 4409; x_wconf 90' lang='lat' dir='ltr'><strong>nos</strong></span> <span class='ocrx_word' id='word_1_475' title='bbox 1019 4361 1272 4422; x_wconf 85' lang='lat' dir='ltr'><strong>egressus</strong></span> <span class='ocrx_word' id='word_1_476' title='bbox 1292 4385 1307 4412; x_wconf 91' lang='lat'><strong>,</strong></span> <span class='ocrx_word' id='word_1_477' title='bbox 1336 4343 1439 4400; x_wconf 90' lang='lat' dir='ltr'><strong>hoc</strong></span> <span class='ocrx_word' id='word_1_478' title='bbox 1465 4352 1567 4410; x_wconf 89' lang='lat' dir='ltr'><strong>est,</strong></span> <span class='ocrx_word' id='word_1_479' title='bbox 1597 4356 1719 4397; x_wconf 89' lang='lat' dir='ltr'><strong>cum</strong></span> <span class='ocrx_word' id='word_1_480' title='bbox 1750 4352 1969 4394; x_wconf 88' lang='lat' dir='ltr'><strong>carnem</strong></span> <span class='ocrx_word' id='word_1_481' title='bbox 1997 4349 2187 4389; x_wconf 87' lang='lat' dir='ltr'><strong>susce-</strong></span> 
     </span>
    </p>
   </div>
   <div class='ocr_carea' id='block_1_64' title="bbox 606 4425 2186 4518">
    <p class='ocr_par' dir='ltr' id='par_1_64' title="bbox 606 4425 2186 4518">
     <span class='ocr_line' id='line_1_64' title="bbox 606 4425 2186 4518; baseline -0.015 -17"><span class='ocrx_word' id='word_1_482' title='bbox 606 4447 794 4518; x_wconf 83' lang='lat' dir='ltr'><strong>pisset,</strong></span> <span class='ocrx_word' id='word_1_483' title='bbox 825 4454 881 4502; x_wconf 93' lang='lat' dir='ltr'><strong>et</strong></span> <span class='ocrx_word' id='word_1_484' title='bbox 904 4458 1022 4516; x_wconf 77' lang='lat' dir='ltr'><strong>qua:</strong></span> <span class='ocrx_word' id='word_1_485' title='bbox 1051 4456 1081 4496; x_wconf 88' lang='lat' dir='ltr'><strong>a</strong></span> <span class='ocrx_word' id='word_1_486' title='bbox 1108 4439 1256 4508; x_wconf 82' lang='lat' dir='ltr'><strong>Rege</strong></span> <span class='ocrx_word' id='word_1_487' title='bbox 1284 4433 1533 4490; x_wconf 87' lang='lat' dir='ltr'><strong>mandata</strong></span> <span class='ocrx_word' id='word_1_488' title='bbox 1557 4432 1769 4486; x_wconf 86' lang='lat' dir='ltr'><strong>fuerant</strong></span> <span class='ocrx_word' id='word_1_489' title='bbox 1800 4427 2092 4490; x_wconf 87' lang='lat' dir='ltr'><strong>retulisset,</strong></span> <span class='ocrx_word' id='word_1_490' title='bbox 2115 4425 2186 4477; x_wconf 86' lang='lat' dir='ltr'><strong>ita</strong></span> 
     </span>
    </p>
   </div>
   <div class='ocr_carea' id='block_1_65' title="bbox 608 4516 2184 4602">
    <p class='ocr_par' dir='ltr' id='par_1_65' title="bbox 608 4516 2184 4602">
     <span class='ocr_line' id='line_1_65' title="bbox 608 4516 2184 4602; baseline -0.014 -10"><span class='ocrx_word' id='word_1_491' title='bbox 608 4516 708 4595; x_wconf 73' lang='lat' dir='ltr'><strong>nos</strong></span> <span class='ocrx_word' id='word_1_492' title='bbox 735 4535 1058 4602; x_wconf 91' lang='lat' dir='ltr'><strong>introduxit,</strong></span> <span class='ocrx_word' id='word_1_493' title='bbox 1087 4540 1142 4588; x_wconf 88' lang='lat' dir='ltr'><strong>et</strong></span> <span class='ocrx_word' id='word_1_494' title='bbox 1171 4545 1201 4584; x_wconf 88' lang='lat' dir='ltr'><strong>a</strong></span> <span class='ocrx_word' id='word_1_495' title='bbox 1242 4527 1474 4600; x_wconf 87' lang='lat' dir='ltr'><strong>peccatis</strong></span> <span class='ocrx_word' id='word_1_496' title='bbox 1503 4531 1758 4595; x_wconf 85' lang='lat' dir='ltr'><strong>purgatos</strong></span> <span class='ocrx_word' id='word_1_497' title='bbox 1786 4529 1841 4576; x_wconf 89' lang='lat' dir='ltr'><strong>et</strong></span> <span class='ocrx_word' id='word_1_498' title='bbox 1871 4516 2184 4573; x_wconf 86' lang='lat' dir='ltr'><strong>reconcilia-</strong></span> 
     </span>
    </p>
   </div>
   <div class='ocr_carea' id='block_1_66' title="bbox 607 4609 2184 4699">
    <p class='ocr_par' dir='ltr' id='par_1_66' title="bbox 607 4609 2184 4699">
     <span class='ocr_line' id='line_1_66' title="bbox 607 4609 2184 4699; baseline -0.017 -13"><span class='ocrx_word' id='word_1_499' title='bbox 607 4641 711 4688; x_wconf 90' lang='lat' dir='ltr'><strong>tos.</strong></span> <span class='ocrx_word' id='word_1_500' title='bbox 759 4630 1051 4699; x_wconf 87' lang='lat' dir='ltr'><strong>Propterea</strong></span> <span class='ocrx_word' id='word_1_501' title='bbox 1107 4622 1280 4694; x_wconf 91' lang='lat' dir='ltr'><strong>ipsum</strong></span> <span class='ocrx_word' id='word_1_502' title='bbox 1328 4625 1484 4673; x_wconf 86' lang='lat' dir='ltr'><strong>vocat</strong></span> <span class='ocrx_word' id='word_1_503' title='bbox 1526 4614 1752 4671; x_wconf 91' lang='lat' dir='ltr'><strong>exitum.</strong></span> <span class='ocrx_word' id='word_1_504' title='bbox 1787 4609 1982 4665; x_wconf 85' lang='lat' dir='ltr'><strong>Paulus</strong></span> <span class='ocrx_word' id='word_1_505' title='bbox 2007 4616 2184 4662; x_wconf 91' lang='lat' dir='ltr'><strong>autem</strong></span> 
     </span>
    </p>
   </div>
   <div class='ocr_carea' id='block_1_67' title="bbox 606 4699 2184 4786">
    <p class='ocr_par' dir='ltr' id='par_1_67' title="bbox 606 4699 2184 4786">
     <span class='ocr_line' id='line_1_67' title="bbox 606 4699 2184 4786; baseline -0.016 -8"><span class='ocrx_word' id='word_1_506' title='bbox 606 4739 729 4780; x_wconf 88' lang='lat' dir='ltr'><strong>eum</strong></span> <span class='ocrx_word' id='word_1_507' title='bbox 777 4720 1020 4777; x_wconf 88' lang='lat' dir='ltr'><strong>nominat</strong></span> <span class='ocrx_word' id='word_1_508' title='bbox 1067 4716 1444 4786; x_wconf 89' lang='lat' dir='ltr'><strong>ingressum,a</strong></span> <span class='ocrx_word' id='word_1_509' title='bbox 1494 4705 1807 4777; x_wconf 86' lang='lat' dir='ltr'><strong>metaphora</strong></span> <span class='ocrx_word' id='word_1_510' title='bbox 1856 4716 2042 4757; x_wconf 92' lang='lat' dir='ltr'><strong>eorum</strong></span> <span class='ocrx_word' id='word_1_511' title='bbox 2093 4699 2184 4771; x_wconf 88' lang='lat' dir='ltr'><strong>qui</strong></span> 
     </span>
    </p>
   </div>
   <div class='ocr_carea' id='block_1_68' title="bbox 602 4793 2181 4876">
    <p class='ocr_par' dir='ltr' id='par_1_68' title="bbox 602 4793 2181 4876">
     <span class='ocr_line' id='line_1_68' title="bbox 602 4793 2181 4876; baseline -0.015 -7"><span class='ocrx_word' id='word_1_512' title='bbox 602 4823 730 4869; x_wconf 79' lang='lat' dir='ltr'><strong>sum</strong></span> <span class='ocrx_word' id='word_1_513' title='bbox 774 4810 1040 4876; x_wconf 85' lang='lat' dir='ltr'><strong>heredes,</strong></span> <span class='ocrx_word' id='word_1_514' title='bbox 1075 4815 1130 4861; x_wconf 89' lang='lat' dir='ltr'><strong>et</strong></span> <span class='ocrx_word' id='word_1_515' title='bbox 1169 4806 1401 4874; x_wconf 88' lang='lat' dir='ltr'><strong>aliquam</strong></span> <span class='ocrx_word' id='word_1_516' title='bbox 1433 4797 1706 4868; x_wconf 87' lang='lat' dir='ltr'><strong>accipiunt</strong></span> <span class='ocrx_word' id='word_1_517' title='bbox 1745 4793 2181 4864; x_wconf 88' lang='lat' dir='ltr'><strong>possessionem:</strong></span> 
     </span>
    </p>
   </div>
   <div class='ocr_carea' id='block_1_69' title="bbox 602 4884 2181 4966">
    <p class='ocr_par' dir='ltr' id='par_1_69' title="bbox 602 4884 2181 4966">
     <span class='ocr_line' id='line_1_69' title="bbox 602 4884 2181 4966; baseline -0.018 -3"><span class='ocrx_word' id='word_1_518' title='bbox 602 4906 784 4962; x_wconf 86' lang='lat' dir='ltr'><strong>dicere</strong></span> <span class='ocrx_word' id='word_1_519' title='bbox 825 4902 970 4958; x_wconf 92' lang='lat' dir='ltr'><strong>enim</strong></span> <span class='ocrx_word' id='word_1_520' title='bbox 991 4940 1007 4966; x_wconf 95' lang='lat'><strong>,</strong></span> <span class='ocrx_word' id='word_1_521' title='bbox 1040 4897 1165 4953; x_wconf 81' lang='lat' dir='ltr'><strong>Cum</strong></span> <span class='ocrx_word' id='word_1_522' title='bbox 1197 4904 1367 4948; x_wconf 82' lang='lat' dir='ltr'><strong>autem</strong></span> <span class='ocrx_word' id='word_1_523' title='bbox 1407 4887 1746 4945; x_wconf 78' lang='lat' dir='ltr'><strong>introduxerit</strong></span> <span class='ocrx_word' id='word_1_524' title='bbox 1774 4884 2181 4955; x_wconf 87' lang='lat' dir='ltr'><strong>Primogenitum</strong></span> 
     </span>
    </p>
   </div>
   <div class='ocr_carea' id='block_1_70' title="bbox 607 4974 2182 5058">
    <p class='ocr_par' dir='ltr' id='par_1_70' title="bbox 607 4974 2182 5058">
     <span class='ocr_line' id='line_1_70' title="bbox 607 4974 2182 5058; baseline -0.017 -4"><span class='ocrx_word' id='word_1_525' title='bbox 607 5003 663 5054; x_wconf 87' lang='lat' dir='ltr'><strong>in</strong></span> <span class='ocrx_word' id='word_1_526' title='bbox 693 4999 862 5053; x_wconf 80' lang='lat' dir='ltr'><strong>orbem</strong></span> <span class='ocrx_word' id='word_1_527' title='bbox 889 5006 1067 5058; x_wconf 70' lang='lat' dir='ltr'><strong>terrm;</strong></span> <span class='ocrx_word' id='word_1_528' title='bbox 1097 4990 1202 5045; x_wconf 89' lang='lat' dir='ltr'><strong>hoc</strong></span> <span class='ocrx_word' id='word_1_529' title='bbox 1231 4997 1315 5042; x_wconf 87' lang='lat' dir='ltr'><strong>est</strong></span> <span class='ocrx_word' id='word_1_530' title='bbox 1347 4981 1698 5054; x_wconf 79' lang='lat' dir='ltr'><strong>signiﬁcantis</strong></span> <span class='ocrx_word' id='word_1_531' title='bbox 1721 5020 1736 5046; x_wconf 95' lang='lat'><strong>,</strong></span> <span class='ocrx_word' id='word_1_532' title='bbox 1767 4978 1902 5034; x_wconf 87' lang='lat' dir='ltr'><strong>Cum</strong></span> <span class='ocrx_word' id='word_1_533' title='bbox 1928 4976 1978 5031; x_wconf 86' lang='lat' dir='ltr'><strong>ei</strong></span> <span class='ocrx_word' id='word_1_534' title='bbox 2016 4974 2182 5030; x_wconf 86' lang='lat' dir='ltr'><strong>tradi-</strong></span> 
     </span>
    </p>
   </div>
   <div class='ocr_carea' id='block_1_71' title="bbox 604 5066 2179 5144">
    <p class='ocr_par' dir='ltr' id='par_1_71' title="bbox 604 5066 2179 5144">
     <span class='ocr_line' id='line_1_71' title="bbox 604 5066 2179 5144; baseline -0.015 0"><span class='ocrx_word' id='word_1_535' title='bbox 604 5089 748 5144; x_wconf 88' lang='lat' dir='ltr'><strong>derit</strong></span> <span class='ocrx_word' id='word_1_536' title='bbox 784 5087 972 5142; x_wconf 87' lang='lat' dir='ltr'><strong>orhem</strong></span> <span class='ocrx_word' id='word_1_537' title='bbox 1020 5093 1214 5137; x_wconf 72' lang='lat' dir='ltr'><strong>terras:</strong></span> <span class='ocrx_word' id='word_1_538' title='bbox 1245 5087 1370 5135; x_wconf 88' lang='lat' dir='ltr'><strong>tunc</strong></span> <span class='ocrx_word' id='word_1_539' title='bbox 1399 5075 1542 5131; x_wconf 90' lang='lat' dir='ltr'><strong>enim</strong></span> <span class='ocrx_word' id='word_1_540' title='bbox 1571 5087 1688 5128; x_wconf 85' lang='lat' dir='ltr'><strong>eam</strong></span> <span class='ocrx_word' id='word_1_541' title='bbox 1719 5079 1885 5126; x_wconf 90' lang='lat' dir='ltr'><strong>totam</strong></span> <span class='ocrx_word' id='word_1_542' title='bbox 1917 5066 2179 5138; x_wconf 89' lang='lat' dir='ltr'><strong>possedit,</strong></span> 
     </span>
    </p>
   </div>
   <div class='ocr_carea' id='block_1_72' title="bbox 603 5161 2182 5252">
    <p class='ocr_par' dir='ltr' id='par_1_72' title="bbox 603 5161 2182 5252">
     <span class='ocr_line' id='line_1_72' title="bbox 603 5161 2182 5252; baseline -0.013 -18"><span class='ocrx_word' id='word_1_543' title='bbox 603 5180 822 5252; x_wconf 85' lang='lat' dir='ltr'><strong>quando</strong></span> <span class='ocrx_word' id='word_1_544' title='bbox 860 5179 958 5232; x_wconf 89' lang='lat' dir='ltr'><strong>fuit</strong></span> <span class='ocrx_word' id='word_1_545' title='bbox 999 5173 1264 5245; x_wconf 83' lang='lat' dir='ltr'><strong>cognitus.</strong></span> <span class='ocrx_word' id='word_1_546' title='bbox 1317 5170 1434 5229; x_wconf 84' lang='lat' dir='ltr'><strong>Non</strong></span> <span class='ocrx_word' id='word_1_547' title='bbox 1467 5168 1581 5224; x_wconf 64' lang='lat' dir='ltr'><strong>haec</strong></span> <span class='ocrx_word' id='word_1_548' title='bbox 1610 5174 1787 5222; x_wconf 90' lang='lat' dir='ltr'><strong>autem</strong></span> <span class='ocrx_word' id='word_1_549' title='bbox 1815 5164 1945 5218; x_wconf 90' lang='lat' dir='ltr'><strong>dicit</strong></span> <span class='ocrx_word' id='word_1_550' title='bbox 1973 5161 2040 5217; x_wconf 89' lang='lat' dir='ltr'><strong>de</strong></span> <span class='ocrx_word' id='word_1_551' title='bbox 2072 5161 2182 5214; x_wconf 86' lang='lat' dir='ltr'><strong>Deo</strong></span> 
     </span>
    </p>
   </div>
   <div class='ocr_carea' id='block_1_73' title="bbox 598 5252 2179 5336">
    <p class='ocr_par' dir='ltr' id='par_1_73' title="bbox 598 5252 2179 5336">
     <span class='ocr_line' id='line_1_73' title="bbox 598 5252 2179 5336; baseline -0.013 -9"><span class='ocrx_word' id='word_1_552' title='bbox 598 5271 782 5327; x_wconf 79' lang='lat' dir='ltr'><strong>Verbo</strong></span> <span class='ocrx_word' id='word_1_553' title='bbox 801 5310 817 5336; x_wconf 96' lang='lat'><strong>,</strong></span> <span class='ocrx_word' id='word_1_554' title='bbox 846 5267 942 5324; x_wconf 87' lang='lat' dir='ltr'><strong>sed</strong></span> <span class='ocrx_word' id='word_1_555' title='bbox 967 5268 1034 5321; x_wconf 90' lang='lat' dir='ltr'><strong>de</strong></span> <span class='ocrx_word' id='word_1_556' title='bbox 1062 5263 1277 5320; x_wconf 90' lang='lat' dir='ltr'><strong>Christo</strong></span> <span class='ocrx_word' id='word_1_557' title='bbox 1307 5263 1618 5324; x_wconf 86' lang='lat' dir='ltr'><strong>incarnalo;</strong></span> <span class='ocrx_word' id='word_1_558' title='bbox 1653 5258 1775 5327; x_wconf 88' lang='lat' dir='ltr'><strong>jure</strong></span> <span class='ocrx_word' id='word_1_559' title='bbox 1803 5257 2018 5311; x_wconf 85' lang='lat' dir='ltr'><strong>merito.</strong></span> <span class='ocrx_word' id='word_1_560' title='bbox 2047 5252 2179 5307; x_wconf 85' lang='lat' dir='ltr'><strong>Nam</strong></span> 
     </span>
    </p>
   </div>
   <div class='ocr_carea' id='block_1_74' title="bbox 599 5347 2180 5424">
    <p class='ocr_par' dir='ltr' id='par_1_74' title="bbox 599 5347 2180 5424">
     <span class='ocr_line' id='line_1_74' title="bbox 599 5347 2180 5424; baseline -0.015 -3"><span class='ocrx_word' id='word_1_561' title='bbox 599 5366 643 5422; x_wconf 88' lang='lat' dir='ltr'><strong>si</strong></span> <span class='ocrx_word' id='word_1_562' title='bbox 673 5373 786 5418; x_wconf 86' lang='lat' dir='ltr'><strong>erat</strong></span> <span class='ocrx_word' id='word_1_563' title='bbox 827 5362 880 5416; x_wconf 91' lang='lat' dir='ltr'><strong>in</strong></span> <span class='ocrx_word' id='word_1_564' title='bbox 926 5359 1147 5424; x_wconf 89' lang='lat' dir='ltr'><strong>mundo,</strong></span> <span class='ocrx_word' id='word_1_565' title='bbox 1176 5367 1234 5412; x_wconf 94' lang='lat' dir='ltr'><strong>ut</strong></span> <span class='ocrx_word' id='word_1_566' title='bbox 1279 5357 1354 5411; x_wconf 88' lang='lat' dir='ltr'><strong>ait</strong></span> <span class='ocrx_word' id='word_1_567' title='bbox 1402 5354 1670 5418; x_wconf 80' lang='lat' dir='ltr'><strong>Joannes,</strong></span> <span class='ocrx_word' id='word_1_568' title='bbox 1706 5359 1760 5407; x_wconf 91' lang='lat' dir='ltr'><strong>et</strong></span> <span class='ocrx_word' id='word_1_569' title='bbox 1808 5347 2043 5404; x_wconf 91' lang='lat' dir='ltr'><strong>mundus</strong></span> <span class='ocrx_word' id='word_1_570' title='bbox 2087 5360 2180 5415; x_wconf 90' lang='lat' dir='ltr'><strong>per</strong></span> 
     </span>
    </p>
   </div>
   <div class='ocr_carea' id='block_1_75' title="bbox 600 5437 2181 5527">
    <p class='ocr_par' dir='ltr' id='par_1_75' title="bbox 600 5437 2181 5527">
     <span class='ocr_line' id='line_1_75' title="bbox 600 5437 2181 5527; baseline -0.015 -14"><span class='ocrx_word' id='word_1_571' title='bbox 600 5460 776 5527; x_wconf 90' lang='lat' dir='ltr'><strong>ipsum</strong></span> <span class='ocrx_word' id='word_1_572' title='bbox 802 5455 975 5511; x_wconf 90' lang='lat' dir='ltr'><strong>factus</strong></span> <span class='ocrx_word' id='word_1_573' title='bbox 1000 5461 1083 5509; x_wconf 89' lang='lat' dir='ltr'><strong>est</strong></span> <span class='ocrx_word' id='word_1_574' title='bbox 1112 5450 1291 5522; x_wconf 85' lang='lat' dir='ltr'><strong>(Joan.</strong></span> <span class='ocrx_word' id='word_1_575' title='bbox 1317 5451 1368 5505; x_wconf 82' lang='grc'><strong>1.</strong></span> <span class='ocrx_word' id='word_1_576' title='bbox 1398 5447 1509 5516; x_wconf 77' lang='grc'><strong>10),</strong></span> <span class='ocrx_word' id='word_1_577' title='bbox 1535 5441 1805 5516; x_wconf 88' lang='lat' dir='ltr'><strong>quomodo</strong></span> <span class='ocrx_word' id='word_1_578' title='bbox 1830 5441 1988 5495; x_wconf 90' lang='lat' dir='ltr'><strong>aliter</strong></span> <span class='ocrx_word' id='word_1_579' title='bbox 2013 5437 2181 5494; x_wconf 87' lang='lat' dir='ltr'><strong>intro-</strong></span> 
     </span>
    </p>
   </div>
   <div class='ocr_carea' id='block_1_76' title="bbox 600 5529 2176 5616">
    <p class='ocr_par' dir='ltr' id='par_1_76' title="bbox 600 5529 2176 5616">
     <span class='ocr_line' id='line_1_76' title="bbox 600 5529 2176 5616; baseline -0.015 -12"><span class='ocrx_word' id='word_1_580' title='bbox 600 5552 889 5604; x_wconf 88' lang='lat' dir='ltr'><strong>duceretur</strong></span> <span class='ocrx_word' id='word_1_581' title='bbox 913 5560 1073 5616; x_wconf 92' lang='lat' dir='ltr'><strong>quam</strong></span> <span class='ocrx_word' id='word_1_582' title='bbox 1115 5544 1170 5598; x_wconf 91' lang='lat' dir='ltr'><strong>in</strong></span> <span class='ocrx_word' id='word_1_583' title='bbox 1200 5540 1401 5598; x_wconf 90' lang='lat' dir='ltr'><strong>carne?</strong></span> <span class='ocrx_word' id='word_1_584' title='bbox 1443 5538 1510 5595; x_wconf 86' lang='lat' dir='ltr'><strong>Et</strong></span> <span class='ocrx_word' id='word_1_585' title='bbox 1537 5537 1752 5590; x_wconf 88' lang='lat' dir='ltr'><strong>adorent</strong></span> <span class='ocrx_word' id='word_1_586' title='bbox 1781 5549 1892 5586; x_wconf 89' lang='lat' dir='ltr'><strong>eum</strong></span> <span class='ocrx_word' id='word_1_587' title='bbox 1914 5573 1929 5596; x_wconf 93' lang='lat'><strong>,</strong></span> <span class='ocrx_word' id='word_1_588' title='bbox 1965 5529 2176 5596; x_wconf 91' lang='lat' dir='ltr'><strong>inquit,</strong></span> 
     </span>
    </p>
   </div>
   <div class='ocr_carea' id='block_1_77' title="bbox 603 5619 2179 5710">
    <p class='ocr_par' dir='ltr' id='par_1_77' title="bbox 603 5619 2179 5710">
     <span class='ocr_line' id='line_1_77' title="bbox 603 5619 2179 5710; baseline -0.016 -13"><span class='ocrx_word' id='word_1_589' title='bbox 603 5657 775 5697; x_wconf 86' lang='lat' dir='ltr'><strong>omnes</strong></span> <span class='ocrx_word' id='word_1_590' title='bbox 800 5640 970 5710; x_wconf 79' lang='lat' dir='ltr'><strong>angeli</strong></span> <span class='ocrx_word' id='word_1_591' title='bbox 996 5637 1114 5692; x_wconf 84' lang='lat' dir='ltr'><strong>Dei.</strong></span> <span class='ocrx_word' id='word_1_592' title='bbox 1166 5635 1431 5704; x_wconf 85' lang='lat' dir='ltr'><strong>Quoniam</strong></span> <span class='ocrx_word' id='word_1_593' title='bbox 1459 5631 1600 5685; x_wconf 90' lang='lat' dir='ltr'><strong>enim</strong></span> <span class='ocrx_word' id='word_1_594' title='bbox 1632 5641 1882 5696; x_wconf 85' lang='lat' dir='ltr'><strong>magnum</strong></span> <span class='ocrx_word' id='word_1_595' title='bbox 1914 5635 1968 5677; x_wconf 89' lang='lat' dir='ltr'><strong>et</strong></span> <span class='ocrx_word' id='word_1_596' title='bbox 1995 5619 2179 5675; x_wconf 81' lang='lat' dir='ltr'><strong>excel-</strong></span> 
     </span>
    </p>
   </div>
   <div class='ocr_carea' id='block_1_78' title="bbox 602 5709 2176 5802">
    <p class='ocr_par' dir='ltr' id='par_1_78' title="bbox 602 5709 2176 5802">
     <span class='ocr_line' id='line_1_78' title="bbox 602 5709 2176 5802; baseline -0.017 -12"><span class='ocrx_word' id='word_1_597' title='bbox 602 5747 722 5791; x_wconf 71' lang='lat' dir='ltr'><strong>sum</strong></span> <span class='ocrx_word' id='word_1_598' title='bbox 750 5709 946 5802; x_wconf 86' lang='lat' dir='ltr'><strong>aliquid</strong></span> <span class='ocrx_word' id='word_1_599' title='bbox 975 5738 1060 5786; x_wconf 84' lang='lat' dir='ltr'><strong>est</strong></span> <span class='ocrx_word' id='word_1_600' title='bbox 1085 5729 1352 5792; x_wconf 92' lang='lat' dir='ltr'><strong>dicturus,</strong></span> <span class='ocrx_word' id='word_1_601' title='bbox 1383 5723 1436 5778; x_wconf 90' lang='lat' dir='ltr'><strong>id</strong></span> <span class='ocrx_word' id='word_1_602' title='bbox 1467 5719 1739 5792; x_wconf 71' lang='lat' dir='ltr'><strong>praestruit</strong></span> <span class='ocrx_word' id='word_1_603' title='bbox 1759 5725 1811 5770; x_wconf 89' lang='lat' dir='ltr'><strong>et</strong></span> <span class='ocrx_word' id='word_1_604' title='bbox 1833 5713 1996 5770; x_wconf 85' lang='lat' dir='ltr'><strong>efﬁcit</strong></span> <span class='ocrx_word' id='word_1_605' title='bbox 2020 5721 2074 5766; x_wconf 93' lang='lat' dir='ltr'><strong>ut</strong></span> <span class='ocrx_word' id='word_1_606' title='bbox 2096 5709 2176 5764; x_wconf 88' lang='lat' dir='ltr'><strong>fa-</strong></span> 
     </span>
    </p>
   </div>
   <div class='ocr_carea' id='block_1_79' title="bbox 609 5803 2175 5900">
    <p class='ocr_par' dir='ltr' id='par_1_79' title="bbox 609 5803 2175 5900">
     <span class='ocr_line' id='line_1_79' title="bbox 609 5803 2175 5900; baseline -0.015 -16"><span class='ocrx_word' id='word_1_607' title='bbox 609 5826 714 5886; x_wconf 81' lang='lat' dir='ltr'><strong>cile</strong></span> <span class='ocrx_word' id='word_1_608' title='bbox 737 5824 1053 5900; x_wconf 74' lang='lat' dir='ltr'><strong>excipiatur,</strong></span> <span class='ocrx_word' id='word_1_609' title='bbox 1080 5821 1282 5880; x_wconf 64' lang='lat' dir='ltr'><strong>facit-us</strong></span> <span class='ocrx_word' id='word_1_610' title='bbox 1320 5817 1530 5875; x_wconf 77' lang='lat' dir='ltr'><strong>Patrem</strong></span> <span class='ocrx_word' id='word_1_611' title='bbox 1574 5809 1932 5870; x_wconf 83' lang='lat' dir='ltr'><strong>introduxissc</strong></span> <span class='ocrx_word' id='word_1_612' title='bbox 1960 5803 2175 5863; x_wconf 80' lang='lat' dir='ltr'><strong>Filium.</strong></span> 
     </span>
    </p>
   </div>
   <div class='ocr_carea' id='block_1_80' title="bbox 2318 2309 3892 2384">
    <p class='ocr_par' dir='ltr' id='par_1_80' title="bbox 2318 2309 3892 2384">
     <span class='ocr_line' id='line_1_80' title="bbox 2318 2309 3892 2384; baseline -0.001 -19"><span class='ocrx_word' id='word_1_613' title='bbox 2318 2311 2594 2381; x_wconf 84' lang='lat' dir='ltr'><strong>Perpende</strong></span> <span class='ocrx_word' id='word_1_614' title='bbox 2617 2321 2797 2369; x_wconf 86' lang='lat' dir='ltr'><strong>autem</strong></span> <span class='ocrx_word' id='word_1_615' title='bbox 2823 2330 2836 2366; x_wconf 90' lang='lat'><strong>:</strong></span> <span class='ocrx_word' id='word_1_616' title='bbox 2863 2310 3002 2369; x_wconf 90' lang='lat' dir='ltr'><strong>dixit</strong></span> <span class='ocrx_word' id='word_1_617' title='bbox 3025 2313 3272 2384; x_wconf 87' lang='lat' dir='ltr'><strong>superius</strong></span> <span class='ocrx_word' id='word_1_618' title='bbox 3301 2326 3422 2368; x_wconf 92' lang='lat' dir='ltr'><strong>eum</strong></span> <span class='ocrx_word' id='word_1_619' title='bbox 3453 2324 3559 2366; x_wconf 89' lang='lat' dir='ltr'><strong>non</strong></span> <span class='ocrx_word' id='word_1_620' title='bbox 3586 2323 3708 2366; x_wconf 85' lang='lat' dir='ltr'><strong>esse</strong></span> <span class='ocrx_word' id='word_1_621' title='bbox 3735 2309 3892 2364; x_wconf 84' lang='lat' dir='ltr'><strong>nobis</strong></span> 
     </span>
    </p>
   </div>
   <div class='ocr_carea' id='block_1_81' title="bbox 2315 2399 3891 2477">
    <p class='ocr_par' dir='ltr' id='par_1_81' title="bbox 2315 2399 3891 2477">
     <span class='ocr_line' id='line_1_81' title="bbox 2315 2399 3891 2477; baseline -0.003 -19"><span class='ocrx_word' id='word_1_622' title='bbox 2315 2405 2588 2474; x_wconf 91' lang='lat' dir='ltr'><strong>loquutum</strong></span> <span class='ocrx_word' id='word_1_623' title='bbox 2616 2420 2714 2477; x_wconf 87' lang='lat' dir='ltr'><strong>per</strong></span> <span class='ocrx_word' id='word_1_624' title='bbox 2738 2406 3064 2476; x_wconf 86' lang='lat' dir='ltr'><strong>prophetas,</strong></span> <span class='ocrx_word' id='word_1_625' title='bbox 3098 2403 3196 2460; x_wconf 88' lang='lat' dir='ltr'><strong>sed</strong></span> <span class='ocrx_word' id='word_1_626' title='bbox 3241 2419 3336 2472; x_wconf 89' lang='lat' dir='ltr'><strong>per</strong></span> <span class='ocrx_word' id='word_1_627' title='bbox 3373 2402 3570 2457; x_wconf 90' lang='lat' dir='ltr'><strong>Filium</strong></span> <span class='ocrx_word' id='word_1_628' title='bbox 3603 2417 3616 2454; x_wconf 88' lang='lat'><strong>:</strong></span> <span class='ocrx_word' id='word_1_629' title='bbox 3653 2399 3891 2454; x_wconf 90' lang='lat' dir='ltr'><strong>ostendit</strong></span> 
     </span>
    </p>
   </div>
   <div class='ocr_carea' id='block_1_82' title="bbox 2313 2488 3886 2562">
    <p class='ocr_par' dir='ltr' id='par_1_82' title="bbox 2313 2488 3886 2562">
     <span class='ocr_line' id='line_1_82' title="bbox 2313 2488 3886 2562; baseline -0.004 -13"><span class='ocrx_word' id='word_1_630' title='bbox 2313 2493 2505 2550; x_wconf 90' lang='lat' dir='ltr'><strong>Filium</strong></span> <span class='ocrx_word' id='word_1_631' title='bbox 2531 2511 2650 2551; x_wconf 89' lang='lat' dir='ltr'><strong>esse</strong></span> <span class='ocrx_word' id='word_1_632' title='bbox 2677 2495 2955 2550; x_wconf 91' lang='lat' dir='ltr'><strong>meliorem</strong></span> <span class='ocrx_word' id='word_1_633' title='bbox 2983 2493 3216 2562; x_wconf 80' lang='lat' dir='ltr'><strong>angelis;</strong></span> <span class='ocrx_word' id='word_1_634' title='bbox 3249 2499 3302 2545; x_wconf 91' lang='lat' dir='ltr'><strong>et</strong></span> <span class='ocrx_word' id='word_1_635' title='bbox 3330 2491 3432 2544; x_wconf 89' lang='lat' dir='ltr'><strong>hoc</strong></span> <span class='ocrx_word' id='word_1_636' title='bbox 3455 2505 3483 2542; x_wconf 86' lang='lat' dir='ltr'><strong>a</strong></span> <span class='ocrx_word' id='word_1_637' title='bbox 3511 2488 3730 2543; x_wconf 89' lang='lat' dir='ltr'><strong>nomine</strong></span> <span class='ocrx_word' id='word_1_638' title='bbox 3757 2503 3886 2558; x_wconf 79' lang='lat' dir='ltr'><strong>pro-</strong></span> 
     </span>
    </p>
   </div>
   <div class='ocr_carea' id='block_1_83' title="bbox 2317 2587 3889 2660">
    <p class='ocr_par' dir='ltr' id='par_1_83' title="bbox 2317 2587 3889 2660">
     <span class='ocr_line' id='line_1_83' title="bbox 2317 2587 3889 2660; baseline 0.002 -17"><span class='ocrx_word' id='word_1_639' title='bbox 2317 2590 2494 2656; x_wconf 83' lang='lat' dir='ltr'><strong>bavit;</strong></span> <span class='ocrx_word' id='word_1_640' title='bbox 2525 2600 2578 2645; x_wconf 90' lang='lat' dir='ltr'><strong>et</strong></span> <span class='ocrx_word' id='word_1_641' title='bbox 2619 2605 2685 2646; x_wconf 84' lang='lat' dir='ltr'><strong>ex</strong></span> <span class='ocrx_word' id='word_1_642' title='bbox 2728 2606 2795 2645; x_wconf 91' lang='lat' dir='ltr'><strong>eo</strong></span> <span class='ocrx_word' id='word_1_643' title='bbox 2837 2591 2978 2660; x_wconf 90' lang='lat' dir='ltr'><strong>quod</strong></span> <span class='ocrx_word' id='word_1_644' title='bbox 3023 2589 3181 2644; x_wconf 89' lang='lat' dir='ltr'><strong>Pater</strong></span> <span class='ocrx_word' id='word_1_645' title='bbox 3209 2589 3406 2643; x_wconf 87' lang='lat' dir='ltr'><strong>Filium</strong></span> <span class='ocrx_word' id='word_1_646' title='bbox 3437 2587 3750 2642; x_wconf 89' lang='lat' dir='ltr'><strong>introduxit.</strong></span> <span class='ocrx_word' id='word_1_647' title='bbox 3786 2590 3889 2646; x_wconf 85' lang='lat' dir='ltr'><strong>Hic</strong></span> 
     </span>
    </p>
   </div>
   <div class='ocr_carea' id='block_1_84' title="bbox 2315 2677 3888 2750">
    <p class='ocr_par' dir='ltr' id='par_1_84' title="bbox 2315 2677 3888 2750">
     <span class='ocr_line' id='line_1_84' title="bbox 2315 2677 3888 2750; baseline 0 -16"><span class='ocrx_word' id='word_1_648' title='bbox 2315 2679 2548 2750; x_wconf 87' lang='lat' dir='ltr'><strong>denique</strong></span> <span class='ocrx_word' id='word_1_649' title='bbox 2573 2681 2732 2735; x_wconf 90' lang='lat' dir='ltr'><strong>etiam</strong></span> <span class='ocrx_word' id='word_1_650' title='bbox 2757 2694 2823 2734; x_wconf 86' lang='lat' dir='ltr'><strong>ex</strong></span> <span class='ocrx_word' id='word_1_651' title='bbox 2858 2695 2918 2733; x_wconf 93' lang='lat' dir='ltr'><strong>re</strong></span> <span class='ocrx_word' id='word_1_652' title='bbox 2942 2680 3046 2732; x_wconf 88' lang='lat' dir='ltr'><strong>alia</strong></span> <span class='ocrx_word' id='word_1_653' title='bbox 3073 2679 3284 2748; x_wconf 88' lang='lat' dir='ltr'><strong>probat.</strong></span> <span class='ocrx_word' id='word_1_654' title='bbox 3332 2677 3592 2745; x_wconf 67' lang='lat' dir='ltr'><strong>Quaenam</strong></span> <span class='ocrx_word' id='word_1_655' title='bbox 3621 2686 3799 2732; x_wconf 88' lang='lat' dir='ltr'><strong>autem</strong></span> <span class='ocrx_word' id='word_1_656' title='bbox 3821 2694 3888 2734; x_wconf 87' lang='lat' dir='ltr'><strong>ea</strong></span> 
     </span>
    </p>
   </div>
   <div class='ocr_carea' id='block_1_85' title="bbox 2313 2765 3887 2840">
    <p class='ocr_par' dir='ltr' id='par_1_85' title="bbox 2313 2765 3887 2840">
     <span class='ocr_line' id='line_1_85' title="bbox 2313 2765 3887 2840; baseline -0.003 -13"><span class='ocrx_word' id='word_1_657' title='bbox 2313 2772 2432 2827; x_wconf 86' lang='lat' dir='ltr'><strong>est?</strong></span> <span class='ocrx_word' id='word_1_658' title='bbox 2478 2773 2556 2826; x_wconf 83' lang='lat' dir='ltr'><strong>Ex</strong></span> <span class='ocrx_word' id='word_1_659' title='bbox 2587 2771 2900 2826; x_wconf 88' lang='lat' dir='ltr'><strong>adoratione</strong></span> <span class='ocrx_word' id='word_1_660' title='bbox 2924 2787 2938 2823; x_wconf 90' lang='lat'><strong>:</strong></span> <span class='ocrx_word' id='word_1_661' title='bbox 2963 2779 3018 2826; x_wconf 94' lang='lat' dir='ltr'><strong>et</strong></span> <span class='ocrx_word' id='word_1_662' title='bbox 3039 2770 3274 2826; x_wconf 88' lang='lat' dir='ltr'><strong>ostendit</strong></span> <span class='ocrx_word' id='word_1_663' title='bbox 3297 2779 3554 2840; x_wconf 79' lang='lat' dir='ltr'><strong>quantum</strong></span> <span class='ocrx_word' id='word_1_664' title='bbox 3585 2770 3654 2824; x_wconf 85' lang='lat' dir='ltr'><strong>sit</strong></span> <span class='ocrx_word' id='word_1_665' title='bbox 3676 2765 3887 2830; x_wconf 86' lang='lat' dir='ltr'><strong>melior,</strong></span> 
     </span>
    </p>
   </div>
   <div class='ocr_carea' id='block_1_86' title="bbox 2311 2859 3890 2932">
    <p class='ocr_par' dir='ltr' id='par_1_86' title="bbox 2311 2859 3890 2932">
     <span class='ocr_line' id='line_1_86' title="bbox 2311 2859 3890 2932; baseline -0.001 -15"><span class='ocrx_word' id='word_1_666' title='bbox 2311 2877 2504 2932; x_wconf 89' lang='lat' dir='ltr'><strong>nempe</strong></span> <span class='ocrx_word' id='word_1_667' title='bbox 2529 2870 2788 2932; x_wconf 90' lang='lat' dir='ltr'><strong>quantum</strong></span> <span class='ocrx_word' id='word_1_668' title='bbox 2814 2861 3073 2915; x_wconf 91' lang='lat' dir='ltr'><strong>Dominus</strong></span> <span class='ocrx_word' id='word_1_669' title='bbox 3103 2876 3282 2915; x_wconf 80' lang='lat' dir='ltr'><strong>servo.</strong></span> <span class='ocrx_word' id='word_1_670' title='bbox 3313 2860 3381 2916; x_wconf 92' lang='lat' dir='ltr'><strong>Ut</strong></span> <span class='ocrx_word' id='word_1_671' title='bbox 3407 2861 3451 2914; x_wconf 92' lang='lat' dir='ltr'><strong>si</strong></span> <span class='ocrx_word' id='word_1_672' title='bbox 3479 2860 3598 2930; x_wconf 92' lang='lat' dir='ltr'><strong>quis</strong></span> <span class='ocrx_word' id='word_1_673' title='bbox 3623 2859 3805 2927; x_wconf 85' lang='lat' dir='ltr'><strong>aliquo</strong></span> <span class='ocrx_word' id='word_1_674' title='bbox 3832 2863 3890 2917; x_wconf 92' lang='lat' dir='ltr'><strong>in</strong></span> 
     </span>
    </p>
   </div>
   <div class='ocr_carea' id='block_1_87' title="bbox 2310 2952 3892 3022">
    <p class='ocr_par' dir='ltr' id='par_1_87' title="bbox 2310 2952 3892 3022">
     <span class='ocr_line' id='line_1_87' title="bbox 2310 2952 3892 3022; baseline -0.003 -13"><span class='ocrx_word' id='word_1_675' title='bbox 2310 2953 2525 3009; x_wconf 89' lang='lat' dir='ltr'><strong>domum</strong></span> <span class='ocrx_word' id='word_1_676' title='bbox 2556 2954 2696 3022; x_wconf 87' lang='lat' dir='ltr'><strong>regis</strong></span> <span class='ocrx_word' id='word_1_677' title='bbox 2720 2952 3048 3018; x_wconf 89' lang='lat' dir='ltr'><strong>introducto,</strong></span> <span class='ocrx_word' id='word_1_678' title='bbox 3079 2968 3175 3007; x_wconf 92' lang='lat' dir='ltr'><strong>eos</strong></span> <span class='ocrx_word' id='word_1_679' title='bbox 3199 2953 3290 3022; x_wconf 88' lang='lat' dir='ltr'><strong>qui</strong></span> <span class='ocrx_word' id='word_1_680' title='bbox 3320 2953 3429 3007; x_wconf 90' lang='lat' dir='ltr'><strong>illic</strong></span> <span class='ocrx_word' id='word_1_681' title='bbox 3453 2961 3690 3021; x_wconf 71' lang='lat' dir='ltr'><strong>praesunt</strong></span> <span class='ocrx_word' id='word_1_682' title='bbox 3710 2954 3892 3007; x_wconf 85' lang='lat' dir='ltr'><strong>statim</strong></span> 
     </span>
    </p>
   </div>
   <div class='ocr_carea' id='block_1_88' title="bbox 2308 3045 3894 3118">
    <p class='ocr_par' dir='ltr' id='par_1_88' title="bbox 2308 3045 3894 3118">
     <span class='ocr_line' id='line_1_88' title="bbox 2308 3045 3894 3118; baseline -0.005 -15"><span class='ocrx_word' id='word_1_683' title='bbox 2308 3050 2482 3117; x_wconf 89' lang='lat' dir='ltr'><strong>ipsum</strong></span> <span class='ocrx_word' id='word_1_684' title='bbox 2503 3047 2688 3118; x_wconf 90' lang='lat' dir='ltr'><strong>jubeat</strong></span> <span class='ocrx_word' id='word_1_685' title='bbox 2717 3047 2945 3102; x_wconf 83' lang='lat' dir='ltr'><strong>adorare</strong></span> <span class='ocrx_word' id='word_1_686' title='bbox 2970 3065 2983 3100; x_wconf 93' lang='lat'><strong>:</strong></span> <span class='ocrx_word' id='word_1_687' title='bbox 3015 3049 3094 3103; x_wconf 90' lang='lat' dir='ltr'><strong>sic</strong></span> <span class='ocrx_word' id='word_1_688' title='bbox 3123 3048 3214 3102; x_wconf 92' lang='lat' dir='ltr'><strong>ille</strong></span> <span class='ocrx_word' id='word_1_689' title='bbox 3241 3046 3386 3114; x_wconf 81' lang='lat' dir='ltr'><strong>facit,</strong></span> <span class='ocrx_word' id='word_1_690' title='bbox 3416 3047 3485 3100; x_wconf 92' lang='lat' dir='ltr'><strong>de</strong></span> <span class='ocrx_word' id='word_1_691' title='bbox 3515 3045 3677 3100; x_wconf 84' lang='lat' dir='ltr'><strong>Verbi</strong></span> <span class='ocrx_word' id='word_1_692' title='bbox 3707 3059 3894 3098; x_wconf 87' lang='lat' dir='ltr'><strong>secun-</strong></span> 
     </span>
    </p>
   </div>
   <div class='ocr_carea' id='block_1_89' title="bbox 2307 3137 3892 3205">
    <p class='ocr_par' dir='ltr' id='par_1_89' title="bbox 2307 3137 3892 3205">
     <span class='ocr_line' id='line_1_89' title="bbox 2307 3137 3892 3205; baseline -0.001 -13"><span class='ocrx_word' id='word_1_693' title='bbox 2307 3138 2432 3192; x_wconf 91' lang='lat' dir='ltr'><strong>dum</strong></span> <span class='ocrx_word' id='word_1_694' title='bbox 2465 3153 2680 3194; x_wconf 87' lang='lat' dir='ltr'><strong>carnem</strong></span> <span class='ocrx_word' id='word_1_695' title='bbox 2711 3138 2762 3192; x_wconf 93' lang='lat' dir='ltr'><strong>in</strong></span> <span class='ocrx_word' id='word_1_696' title='bbox 2791 3138 3049 3192; x_wconf 92' lang='lat' dir='ltr'><strong>mundum</strong></span> <span class='ocrx_word' id='word_1_697' title='bbox 3080 3137 3474 3193; x_wconf 87' lang='lat' dir='ltr'><strong>introductione</strong></span> <span class='ocrx_word' id='word_1_698' title='bbox 3515 3138 3742 3205; x_wconf 90' lang='lat' dir='ltr'><strong>loquens</strong></span> <span class='ocrx_word' id='word_1_699' title='bbox 3775 3154 3788 3190; x_wconf 91' lang='lat'><strong>:</strong></span> <span class='ocrx_word' id='word_1_700' title='bbox 3818 3137 3892 3192; x_wconf 86' lang='lat' dir='ltr'><strong>Et</strong></span> 
     </span>
    </p>
   </div>
   <div class='ocr_carea' id='block_1_90' title="bbox 2306 3227 3892 3298">
    <p class='ocr_par' dir='ltr' id='par_1_90' title="bbox 2306 3227 3892 3298">
     <span class='ocr_line' id='line_1_90' title="bbox 2306 3227 3892 3298; baseline -0.002 -16"><span class='ocrx_word' id='word_1_701' title='bbox 2306 3228 2516 3282; x_wconf 86' lang='lat' dir='ltr'><strong>adorent</strong></span> <span class='ocrx_word' id='word_1_702' title='bbox 2541 3245 2656 3282; x_wconf 86' lang='lat' dir='ltr'><strong>eum</strong></span> <span class='ocrx_word' id='word_1_703' title='bbox 2687 3244 2860 3282; x_wconf 89' lang='lat' dir='ltr'><strong>omnes</strong></span> <span class='ocrx_word' id='word_1_704' title='bbox 2881 3230 3048 3298; x_wconf 87' lang='lat' dir='ltr'><strong>angeli</strong></span> <span class='ocrx_word' id='word_1_705' title='bbox 3080 3229 3194 3282; x_wconf 87' lang='lat' dir='ltr'><strong>Dei.</strong></span> <span class='ocrx_word' id='word_1_706' title='bbox 3218 3228 3354 3282; x_wconf 88' lang='lat' dir='ltr'><strong>Num</strong></span> <span class='ocrx_word' id='word_1_707' title='bbox 3377 3228 3555 3298; x_wconf 85' lang='lat' dir='ltr'><strong>angeli</strong></span> <span class='ocrx_word' id='word_1_708' title='bbox 3584 3228 3782 3291; x_wconf 88' lang='lat' dir='ltr'><strong>solum,</strong></span> <span class='ocrx_word' id='word_1_709' title='bbox 3807 3227 3892 3279; x_wconf 85' lang='lat' dir='ltr'><strong>iii-</strong></span> 
     </span>
    </p>
   </div>
   <div class='ocr_carea' id='block_1_91' title="bbox 2305 3317 3887 3389">
    <p class='ocr_par' dir='ltr' id='par_1_91' title="bbox 2305 3317 3887 3389">
     <span class='ocr_line' id='line_1_91' title="bbox 2305 3317 3887 3389; baseline 0.001 -17"><span class='ocrx_word' id='word_1_710' title='bbox 2305 3320 2454 3388; x_wconf 91' lang='lat' dir='ltr'><strong>quit,</strong></span> <span class='ocrx_word' id='word_1_711' title='bbox 2484 3329 2539 3372; x_wconf 89' lang='lat' dir='ltr'><strong>et</strong></span> <span class='ocrx_word' id='word_1_712' title='bbox 2566 3334 2670 3372; x_wconf 90' lang='lat' dir='ltr'><strong>non</strong></span> <span class='ocrx_word' id='word_1_713' title='bbox 2698 3318 2819 3372; x_wconf 66' lang='lat' dir='ltr'><strong>alia:</strong></span> <span class='ocrx_word' id='word_1_714' title='bbox 2846 3317 3124 3374; x_wconf 83' lang='lat' dir='ltr'><strong>Virtutes?</strong></span> <span class='ocrx_word' id='word_1_715' title='bbox 3161 3318 3506 3389; x_wconf 86' lang='lat' dir='ltr'><strong>Nequaquam</strong></span> <span class='ocrx_word' id='word_1_716' title='bbox 3540 3337 3554 3374; x_wconf 93' lang='lat'>:</span> <span class='ocrx_word' id='word_1_717' title='bbox 3584 3318 3708 3372; x_wconf 88' lang='lat' dir='ltr'><strong>audi</strong></span> <span class='ocrx_word' id='word_1_718' title='bbox 3741 3319 3887 3374; x_wconf 87' lang='lat' dir='ltr'><strong>enim</strong></span> 
     </span>
    </p>
   </div>
   <div class='ocr_carea' id='block_1_92' title="bbox 2305 3409 3887 3482">
    <p class='ocr_par' dir='ltr' id='par_1_92' title="bbox 2305 3409 3887 3482">
     <span class='ocr_line' id='line_1_92' title="bbox 2305 3409 3887 3482; baseline -0.001 -17"><span class='ocrx_word' id='word_1_719' title='bbox 2305 3426 2424 3481; x_wconf 71' lang='lat' dir='ltr'><strong>qua:</strong></span> <span class='ocrx_word' id='word_1_720' title='bbox 2448 3419 2761 3482; x_wconf 88' lang='lat' dir='ltr'><strong>sequuntur.</strong></span> <span class='ocrx_word' id='word_1_721' title='bbox 2792 3409 2865 3464; x_wconf 88' lang='lat' dir='ltr'><strong>Et</strong></span> <span class='ocrx_word' id='word_1_722' title='bbox 2901 3411 2970 3464; x_wconf 89' lang='lat' dir='ltr'><strong>ad</strong></span> <span class='ocrx_word' id='word_1_723' title='bbox 2999 3412 3208 3482; x_wconf 83' lang='lat' dir='ltr'><strong>angelos</strong></span> <span class='ocrx_word' id='word_1_724' title='bbox 3229 3412 3430 3482; x_wconf 86' lang='lat' dir='ltr'><strong>quidem</strong></span> <span class='ocrx_word' id='word_1_725' title='bbox 3457 3412 3579 3464; x_wconf 86' lang='lat' dir='ltr'><strong>dicit</strong></span> <span class='ocrx_word' id='word_1_726' title='bbox 3602 3429 3620 3465; x_wconf 89' lang='lat'><strong><em>:</em></strong></span> <span class='ocrx_word' id='word_1_727' title='bbox 3644 3411 3744 3476; x_wconf 88' lang='lat' dir='ltr'><strong>Qui</strong></span> <span class='ocrx_word' id='word_1_728' title='bbox 3764 3411 3887 3481; x_wconf 88' lang='lat' dir='ltr'><strong>facit</strong></span> 
     </span>
    </p>
   </div>
   <div class='ocr_carea' id='block_1_93' title="bbox 2303 3501 3885 3574">
    <p class='ocr_par' dir='ltr' id='par_1_93' title="bbox 2303 3501 3885 3574">
     <span class='ocr_line' id='line_1_93' title="bbox 2303 3501 3885 3574; baseline 0.002 -19"><span class='ocrx_word' id='word_1_729' title='bbox 2303 3504 2511 3574; x_wconf 87' lang='lat' dir='ltr'><strong>angelos</strong></span> <span class='ocrx_word' id='word_1_730' title='bbox 2535 3519 2654 3558; x_wconf 87' lang='lat' dir='ltr'><strong>suos</strong></span> <span class='ocrx_word' id='word_1_731' title='bbox 2676 3503 2906 3572; x_wconf 86' lang='lat' dir='ltr'><strong>spiritus,</strong></span> <span class='ocrx_word' id='word_1_732' title='bbox 2932 3512 2980 3557; x_wconf 91' lang='lat' dir='ltr'><strong>et</strong></span> <span class='ocrx_word' id='word_1_733' title='bbox 3002 3505 3259 3558; x_wconf 74' lang='lat' dir='ltr'><strong>ministros</strong></span> <span class='ocrx_word' id='word_1_734' title='bbox 3285 3519 3405 3557; x_wconf 88' lang='lat' dir='ltr'><strong>suos</strong></span> <span class='ocrx_word' id='word_1_735' title='bbox 3431 3505 3693 3572; x_wconf 82' lang='lat' dir='ltr'><strong>ﬂammam</strong></span> <span class='ocrx_word' id='word_1_736' title='bbox 3715 3501 3848 3571; x_wconf 86' lang='lat' dir='ltr'><strong>ignis</strong></span> <span class='ocrx_word' id='word_1_737' title='bbox 3864 3517 3885 3558; x_wconf 90' lang='lat'><strong><em>:</em></strong></span> 
     </span>
    </p>
   </div>
   <div class='ocr_carea' id='block_1_94' title="bbox 2302 3592 3884 3648">
    <p class='ocr_par' dir='ltr' id='par_1_94' title="bbox 2302 3592 3884 3648">
     <span class='ocr_line' id='line_1_94' title="bbox 2302 3592 3884 3648; baseline -0.001 -2"><span class='ocrx_word' id='word_1_738' title='bbox 2302 3594 2369 3647; x_wconf 91' lang='lat' dir='ltr'><strong>ad</strong></span> <span class='ocrx_word' id='word_1_739' title='bbox 2399 3593 2591 3647; x_wconf 88' lang='lat' dir='ltr'><strong>Filium</strong></span> <span class='ocrx_word' id='word_1_740' title='bbox 2619 3602 2783 3648; x_wconf 86' lang='lat' dir='ltr'><strong>autem</strong></span> <span class='ocrx_word' id='word_1_741' title='bbox 2809 3608 2828 3647; x_wconf 90' lang='lat'><strong><em>:</em></strong></span> <span class='ocrx_word' id='word_1_742' title='bbox 2854 3592 3090 3648; x_wconf 82' lang='lat' dir='ltr'><strong>Thronus</strong></span> <span class='ocrx_word' id='word_1_743' title='bbox 3119 3604 3234 3647; x_wconf 78' lang='lat' dir='ltr'><strong>tuus</strong></span> <span class='ocrx_word' id='word_1_744' title='bbox 3263 3592 3404 3647; x_wconf 86' lang='lat' dir='ltr'><strong>Deus</strong></span> <span class='ocrx_word' id='word_1_745' title='bbox 3433 3593 3486 3646; x_wconf 86' lang='lat' dir='ltr'><strong>in</strong></span> <span class='ocrx_word' id='word_1_746' title='bbox 3513 3593 3758 3647; x_wconf 77' lang='lat' dir='ltr'><strong>steculum</strong></span> <span class='ocrx_word' id='word_1_747' title='bbox 3788 3606 3884 3644; x_wconf 75' lang='lat' dir='ltr'><strong>ste-</strong></span> 
     </span>
    </p>
   </div>
   <div class='ocr_carea' id='block_1_95' title="bbox 2301 3681 3886 3753">
    <p class='ocr_par' dir='ltr' id='par_1_95' title="bbox 2301 3681 3886 3753">
     <span class='ocr_line' id='line_1_95' title="bbox 2301 3681 3886 3753; baseline -0.003 -16"><span class='ocrx_word' id='word_1_748' title='bbox 2301 3686 2422 3740; x_wconf 85' lang='lat' dir='ltr'><strong>culi.</strong></span> <span class='ocrx_word' id='word_1_749' title='bbox 2455 3685 2592 3739; x_wconf 86' lang='lat' dir='ltr'><strong>Ecce</strong></span> <span class='ocrx_word' id='word_1_750' title='bbox 2617 3684 2850 3738; x_wconf 87' lang='lat' dir='ltr'><strong>maxima</strong></span> <span class='ocrx_word' id='word_1_751' title='bbox 2882 3682 3208 3750; x_wconf 88' lang='lat' dir='ltr'><strong>differentia,</strong></span> <span class='ocrx_word' id='word_1_752' title='bbox 3239 3683 3380 3753; x_wconf 90' lang='lat' dir='ltr'><strong>quod</strong></span> <span class='ocrx_word' id='word_1_753' title='bbox 3413 3682 3486 3736; x_wconf 94' lang='lat' dir='ltr'><strong>illi</strong></span> <span class='ocrx_word' id='word_1_754' title='bbox 3515 3681 3728 3752; x_wconf 86' lang='lat' dir='ltr'><strong>quidem</strong></span> <span class='ocrx_word' id='word_1_755' title='bbox 3757 3690 3886 3734; x_wconf 86' lang='lat' dir='ltr'><strong>sunt</strong></span> 
     </span>
    </p>
   </div>
   <div class='ocr_carea' id='block_1_96' title="bbox 2301 3771 3879 3842">
    <p class='ocr_par' dir='ltr' id='par_1_96' title="bbox 2301 3771 3879 3842">
     <span class='ocr_line' id='line_1_96' title="bbox 2301 3771 3879 3842; baseline -0.003 -14"><span class='ocrx_word' id='word_1_756' title='bbox 2301 3774 2502 3841; x_wconf 89' lang='lat' dir='ltr'><strong>creati,</strong></span> <span class='ocrx_word' id='word_1_757' title='bbox 2533 3771 2622 3829; x_wconf 90' lang='lat' dir='ltr'><strong>hic</strong></span> <span class='ocrx_word' id='word_1_758' title='bbox 2650 3782 2830 3828; x_wconf 90' lang='lat' dir='ltr'><strong>autem</strong></span> <span class='ocrx_word' id='word_1_759' title='bbox 2859 3773 3148 3829; x_wconf 88' lang='lat' dir='ltr'><strong>increatus.</strong></span> <span class='ocrx_word' id='word_1_760' title='bbox 3181 3774 3245 3827; x_wconf 88' lang='lat' dir='ltr'><strong>Et</strong></span> <span class='ocrx_word' id='word_1_761' title='bbox 3268 3787 3365 3827; x_wconf 93' lang='lat' dir='ltr'><strong>cur</strong></span> <span class='ocrx_word' id='word_1_762' title='bbox 3390 3771 3456 3827; x_wconf 90' lang='lat' dir='ltr'><strong>ad</strong></span> <span class='ocrx_word' id='word_1_763' title='bbox 3483 3771 3707 3842; x_wconf 83' lang='lat' dir='ltr'><strong>angelos</strong></span> <span class='ocrx_word' id='word_1_764' title='bbox 3732 3785 3879 3835; x_wconf 89' lang='lat' dir='ltr'><strong>suos,</strong></span> 
     </span>
    </p>
   </div>
   <div class='ocr_carea' id='block_1_97' title="bbox 2301 3863 3884 3936">
    <p class='ocr_par' dir='ltr' id='par_1_97' title="bbox 2301 3863 3884 3936">
     <span class='ocr_line' id='line_1_97' title="bbox 2301 3863 3884 3936; baseline -0.003 -18"><span class='ocrx_word' id='word_1_765' title='bbox 2301 3865 2504 3936; x_wconf 92' lang='lat' dir='ltr'><strong>inquit,</strong></span> <span class='ocrx_word' id='word_1_766' title='bbox 2537 3864 2707 3932; x_wconf 89' lang='lat' dir='ltr'><strong>dicit,</strong></span> <span class='ocrx_word' id='word_1_767' title='bbox 2738 3865 2842 3931; x_wconf 89' lang='lat' dir='ltr'><strong>Qui</strong></span> <span class='ocrx_word' id='word_1_768' title='bbox 2882 3865 3042 3934; x_wconf 88' lang='lat' dir='ltr'><strong>facit;</strong></span> <span class='ocrx_word' id='word_1_769' title='bbox 3071 3863 3138 3918; x_wconf 88' lang='lat' dir='ltr'><strong>ad</strong></span> <span class='ocrx_word' id='word_1_770' title='bbox 3168 3863 3360 3930; x_wconf 79' lang='lat' dir='ltr'><strong>Filium</strong></span> <span class='ocrx_word' id='word_1_771' title='bbox 3391 3873 3568 3915; x_wconf 89' lang='lat' dir='ltr'><strong>autem</strong></span> <span class='ocrx_word' id='word_1_772' title='bbox 3597 3877 3753 3914; x_wconf 90' lang='lat' dir='ltr'><strong>suum</strong></span> <span class='ocrx_word' id='word_1_773' title='bbox 3785 3875 3884 3914; x_wconf 91' lang='lat' dir='ltr'><strong>cur</strong></span> 
     </span>
    </p>
   </div>
   <div class='ocr_carea' id='block_1_98' title="bbox 2300 3951 3882 4025">
    <p class='ocr_par' dir='ltr' id='par_1_98' title="bbox 2300 3951 3882 4025">
     <span class='ocr_line' id='line_1_98' title="bbox 2300 3951 3882 4025; baseline -0.005 -14"><span class='ocrx_word' id='word_1_774' title='bbox 2300 3972 2406 4012; x_wconf 91' lang='lat' dir='ltr'><strong>non</strong></span> <span class='ocrx_word' id='word_1_775' title='bbox 2429 3956 2585 4023; x_wconf 84' lang='lat' dir='ltr'><strong>dixit,</strong></span> <span class='ocrx_word' id='word_1_776' title='bbox 2605 3955 2707 4021; x_wconf 89' lang='lat' dir='ltr'><strong>Qui</strong></span> <span class='ocrx_word' id='word_1_777' title='bbox 2735 3954 2896 4010; x_wconf 84' lang='lat' dir='ltr'><strong>facit?</strong></span> <span class='ocrx_word' id='word_1_778' title='bbox 2922 3956 3082 4025; x_wconf 86' lang='lat' dir='ltr'><strong>Atqui</strong></span> <span class='ocrx_word' id='word_1_779' title='bbox 3106 3955 3302 4010; x_wconf 88' lang='lat' dir='ltr'><strong>licebat</strong></span> <span class='ocrx_word' id='word_1_780' title='bbox 3319 3954 3397 4008; x_wconf 91' lang='lat' dir='ltr'><strong>sic</strong></span> <span class='ocrx_word' id='word_1_781' title='bbox 3423 3954 3600 4007; x_wconf 85' lang='lat' dir='ltr'><strong>dicere</strong></span> <span class='ocrx_word' id='word_1_782' title='bbox 3631 3951 3882 4006; x_wconf 82' lang='lat' dir='ltr'><strong>differen-</strong></span> 
     </span>
    </p>
   </div>
   <div class='ocr_carea' id='block_1_99' title="bbox 2304 4043 3881 4116">
    <p class='ocr_par' dir='ltr' id='par_1_99' title="bbox 2304 4043 3881 4116">
     <span class='ocr_line' id='line_1_99' title="bbox 2304 4043 3881 4116; baseline -0.004 -16"><span class='ocrx_word' id='word_1_783' title='bbox 2304 4047 2428 4101; x_wconf 88' lang='lat' dir='ltr'><strong>tiam</strong></span> <span class='ocrx_word' id='word_1_784' title='bbox 2456 4064 2469 4099; x_wconf 86' lang='lat'>:</span> <span class='ocrx_word' id='word_1_785' title='bbox 2498 4046 2578 4101; x_wconf 80' lang='lat' dir='ltr'><strong>Ad</strong></span> <span class='ocrx_word' id='word_1_786' title='bbox 2607 4046 2830 4116; x_wconf 86' lang='lat' dir='ltr'><strong>angelus</strong></span> <span class='ocrx_word' id='word_1_787' title='bbox 2856 4045 3071 4115; x_wconf 91' lang='lat' dir='ltr'><strong>quidem</strong></span> <span class='ocrx_word' id='word_1_788' title='bbox 3103 4060 3229 4100; x_wconf 88' lang='lat' dir='ltr'><strong>suos</strong></span> <span class='ocrx_word' id='word_1_789' title='bbox 3255 4044 3406 4106; x_wconf 89' lang='lat' dir='ltr'><strong>dicit,</strong></span> <span class='ocrx_word' id='word_1_790' title='bbox 3441 4043 3540 4109; x_wconf 86' lang='lat' dir='ltr'><strong>Qui</strong></span> <span class='ocrx_word' id='word_1_791' title='bbox 3569 4044 3691 4114; x_wconf 80' lang='lat' dir='ltr'><strong>facit</strong></span> <span class='ocrx_word' id='word_1_792' title='bbox 3719 4057 3881 4111; x_wconf 82' lang='lat' dir='ltr'><strong>auge-</strong></span> 
     </span>
    </p>
   </div>
   <div class='ocr_carea' id='block_1_100' title="bbox 2299 4134 3877 4209">
    <p class='ocr_par' dir='ltr' id='par_1_100' title="bbox 2299 4134 3877 4209">
     <span class='ocr_line' id='line_1_100' title="bbox 2299 4134 3877 4209; baseline -0.006 -15"><span class='ocrx_word' id='word_1_793' title='bbox 2299 4141 2375 4195; x_wconf 86' lang='lat' dir='ltr'><strong>las</strong></span> <span class='ocrx_word' id='word_1_794' title='bbox 2399 4156 2516 4194; x_wconf 86' lang='lat' dir='ltr'><strong>suos</strong></span> <span class='ocrx_word' id='word_1_795' title='bbox 2543 4139 2791 4209; x_wconf 80' lang='lat' dir='ltr'><strong>spiritus;</strong></span> <span class='ocrx_word' id='word_1_796' title='bbox 2821 4139 2889 4191; x_wconf 89' lang='lat' dir='ltr'><strong>ad</strong></span> <span class='ocrx_word' id='word_1_797' title='bbox 2935 4136 3128 4192; x_wconf 85' lang='lat' dir='ltr'><strong>Filium</strong></span> <span class='ocrx_word' id='word_1_798' title='bbox 3168 4146 3372 4201; x_wconf 87' lang='lat' dir='ltr'><strong>autem,</strong></span> <span class='ocrx_word' id='word_1_799' title='bbox 3401 4134 3651 4188; x_wconf 86' lang='lat' dir='ltr'><strong>Dominus</strong></span> <span class='ocrx_word' id='word_1_800' title='bbox 3690 4135 3877 4186; x_wconf 77' lang='lat' dir='ltr'><strong>creavit</strong></span> 
     </span>
    </p>
   </div>
   <div class='ocr_carea' id='block_1_101' title="bbox 2298 4223 3876 4298">
    <p class='ocr_par' dir='ltr' id='par_1_101' title="bbox 2298 4223 3876 4298">
     <span class='ocr_line' id='line_1_101' title="bbox 2298 4223 3876 4298; baseline -0.003 -15"><span class='ocrx_word' id='word_1_801' title='bbox 2298 4245 2410 4294; x_wconf 86' lang='lat' dir='ltr'><strong>me;</strong></span> <span class='ocrx_word' id='word_1_802' title='bbox 2440 4240 2494 4284; x_wconf 89' lang='lat' dir='ltr'><strong>et</strong></span> <span class='ocrx_word' id='word_1_803' title='bbox 2515 4243 2722 4293; x_wconf 91' lang='lat' dir='ltr'><strong>rursus,</strong></span> <span class='ocrx_word' id='word_1_804' title='bbox 2751 4227 3026 4281; x_wconf 90' lang='lat' dir='ltr'><strong>Dominum</strong></span> <span class='ocrx_word' id='word_1_805' title='bbox 3046 4228 3213 4298; x_wconf 86' lang='lat' dir='ltr'><strong>ipsum</strong></span> <span class='ocrx_word' id='word_1_806' title='bbox 3237 4237 3283 4280; x_wconf 90' lang='lat' dir='ltr'><strong>et</strong></span> <span class='ocrx_word' id='word_1_807' title='bbox 3306 4225 3560 4280; x_wconf 79' lang='lat' dir='ltr'><strong>Christum</strong></span> <span class='ocrx_word' id='word_1_808' title='bbox 3588 4223 3722 4278; x_wconf 87' lang='lat' dir='ltr'><strong>Deus</strong></span> <span class='ocrx_word' id='word_1_809' title='bbox 3739 4224 3876 4294; x_wconf 85' lang='lat' dir='ltr'><strong>fecit.</strong></span> 
     </span>
    </p>
   </div>
   <div class='ocr_carea' id='block_1_102' title="bbox 2299 4313 3869 4389">
    <p class='ocr_par' dir='ltr' id='par_1_102' title="bbox 2299 4313 3869 4389">
     <span class='ocr_line' id='line_1_102' title="bbox 2299 4313 3869 4389; baseline -0.007 -13"><span class='ocrx_word' id='word_1_810' title='bbox 2299 4321 2402 4376; x_wconf 90' lang='lat' dir='ltr'><strong>Sed</strong></span> <span class='ocrx_word' id='word_1_811' title='bbox 2434 4335 2605 4389; x_wconf 88' lang='lat' dir='ltr'><strong>neque</strong></span> <span class='ocrx_word' id='word_1_812' title='bbox 2635 4317 2762 4374; x_wconf 90' lang='lat' dir='ltr'><strong>illud</strong></span> <span class='ocrx_word' id='word_1_813' title='bbox 2791 4317 2990 4373; x_wconf 88' lang='lat' dir='ltr'><strong>dictum</strong></span> <span class='ocrx_word' id='word_1_814' title='bbox 3014 4316 3182 4371; x_wconf 89' lang='lat' dir='ltr'><strong>estde</strong></span> <span class='ocrx_word' id='word_1_815' title='bbox 3204 4316 3420 4370; x_wconf 89' lang='lat' dir='ltr'><strong>Christo</strong></span> <span class='ocrx_word' id='word_1_816' title='bbox 3449 4315 3676 4369; x_wconf 91' lang='lat' dir='ltr'><strong>Domino</strong></span> <span class='ocrx_word' id='word_1_817' title='bbox 3702 4313 3869 4374; x_wconf 87' lang='lat' dir='ltr'><strong>Filio;</strong></span> 
     </span>
    </p>
   </div>
   <div class='ocr_carea' id='block_1_103' title="bbox 2299 4405 3875 4484">
    <p class='ocr_par' dir='ltr' id='par_1_103' title="bbox 2299 4405 3875 4484">
     <span class='ocr_line' id='line_1_103' title="bbox 2299 4405 3875 4484; baseline -0.004 -18"><span class='ocrx_word' id='word_1_818' title='bbox 2299 4428 2470 4484; x_wconf 90' lang='lat' dir='ltr'><strong>neque</strong></span> <span class='ocrx_word' id='word_1_819' title='bbox 2512 4412 2613 4466; x_wconf 89' lang='lat' dir='ltr'><strong>hoc</strong></span> <span class='ocrx_word' id='word_1_820' title='bbox 2651 4411 2719 4466; x_wconf 92' lang='lat' dir='ltr'><strong>de</strong></span> <span class='ocrx_word' id='word_1_821' title='bbox 2759 4412 2867 4466; x_wconf 87' lang='lat' dir='ltr'><strong>Deo</strong></span> <span class='ocrx_word' id='word_1_822' title='bbox 2890 4410 3101 4474; x_wconf 80' lang='lat' dir='ltr'><strong>Verbo,</strong></span> <span class='ocrx_word' id='word_1_823' title='bbox 3134 4409 3228 4462; x_wconf 91' lang='lat' dir='ltr'><strong>sed</strong></span> <span class='ocrx_word' id='word_1_824' title='bbox 3271 4407 3338 4462; x_wconf 90' lang='lat' dir='ltr'><strong>de</strong></span> <span class='ocrx_word' id='word_1_825' title='bbox 3381 4422 3446 4461; x_wconf 90' lang='lat' dir='ltr'><strong>eo</strong></span> <span class='ocrx_word' id='word_1_826' title='bbox 3483 4405 3623 4476; x_wconf 91' lang='lat' dir='ltr'><strong>quod</strong></span> <span class='ocrx_word' id='word_1_827' title='bbox 3653 4420 3875 4460; x_wconf 88' lang='lat' dir='ltr'><strong>carnem</strong></span> 
     </span>
    </p>
   </div>
   <div class='ocr_carea' id='block_1_104' title="bbox 2299 4496 3877 4574">
    <p class='ocr_par' dir='ltr' id='par_1_104' title="bbox 2299 4496 3877 4574">
     <span class='ocr_line' id='line_1_104' title="bbox 2299 4496 3877 4574; baseline -0.007 -15"><span class='ocrx_word' id='word_1_828' title='bbox 2299 4503 2553 4574; x_wconf 87' lang='lat' dir='ltr'><strong>suscepit.</strong></span> <span class='ocrx_word' id='word_1_829' title='bbox 2586 4503 2686 4558; x_wconf 91' lang='lat' dir='ltr'><strong>Ubi</strong></span> <span class='ocrx_word' id='word_1_830' title='bbox 2717 4503 2862 4558; x_wconf 90' lang='lat' dir='ltr'><strong>enim</strong></span> <span class='ocrx_word' id='word_1_831' title='bbox 2885 4502 3051 4557; x_wconf 89' lang='lat' dir='ltr'><strong>voluit</strong></span> <span class='ocrx_word' id='word_1_832' title='bbox 3071 4514 3252 4555; x_wconf 86' lang='lat' dir='ltr'><strong>veram</strong></span> <span class='ocrx_word' id='word_1_833' title='bbox 3281 4499 3583 4568; x_wconf 80' lang='lat' dir='ltr'><strong>significare</strong></span> <span class='ocrx_word' id='word_1_834' title='bbox 3613 4496 3877 4551; x_wconf 80' lang='lat' dir='ltr'><strong>differen-</strong></span> 
     </span>
    </p>
   </div>
   <div class='ocr_carea' id='block_1_105' title="bbox 2300 4586 3874 4665">
    <p class='ocr_par' dir='ltr' id='par_1_105' title="bbox 2300 4586 3874 4665">
     <span class='ocr_line' id='line_1_105' title="bbox 2300 4586 3874 4665; baseline -0.006 -15"><span class='ocrx_word' id='word_1_835' title='bbox 2300 4597 2448 4662; x_wconf 91' lang='lat' dir='ltr'><strong>tiam,</strong></span> <span class='ocrx_word' id='word_1_836' title='bbox 2481 4609 2584 4649; x_wconf 93' lang='lat' dir='ltr'><strong>non</strong></span> <span class='ocrx_word' id='word_1_837' title='bbox 2611 4593 2842 4665; x_wconf 90' lang='lat' dir='ltr'><strong>amplius</strong></span> <span class='ocrx_word' id='word_1_838' title='bbox 2870 4589 3281 4660; x_wconf 88' lang='lat' dir='ltr'><strong>comprehendit</strong></span> <span class='ocrx_word' id='word_1_839' title='bbox 3307 4589 3480 4642; x_wconf 83' lang='lat' dir='ltr'><strong>solum</strong></span> <span class='ocrx_word' id='word_1_840' title='bbox 3506 4588 3748 4658; x_wconf 85' lang='lat' dir='ltr'><strong>angelos,</strong></span> <span class='ocrx_word' id='word_1_841' title='bbox 3779 4586 3874 4640; x_wconf 85' lang='lat' dir='ltr'><strong>sed</strong></span> 
     </span>
    </p>
   </div>
   <div class='ocr_carea' id='block_1_106' title="bbox 2297 4678 3879 4755">
    <p class='ocr_par' dir='ltr' id='par_1_106' title="bbox 2297 4678 3879 4755">
     <span class='ocr_line' id='line_1_106' title="bbox 2297 4678 3879 4755; baseline -0.007 -12"><span class='ocrx_word' id='word_1_842' title='bbox 2297 4702 2511 4743; x_wconf 91' lang='lat' dir='ltr'><strong>omnem</strong></span> <span class='ocrx_word' id='word_1_843' title='bbox 2528 4701 2816 4755; x_wconf 88' lang='lat' dir='ltr'><strong>supernam</strong></span> <span class='ocrx_word' id='word_1_844' title='bbox 2839 4691 3158 4752; x_wconf 89' lang='lat' dir='ltr'><strong>potestatem</strong></span> <span class='ocrx_word' id='word_1_845' title='bbox 3175 4680 3708 4735; x_wconf 85' lang='lat' dir='ltr'><strong>administratoriam.</strong></span> <span class='ocrx_word' id='word_1_846' title='bbox 3721 4678 3879 4732; x_wconf 75' lang='lat' dir='ltr'><strong>Vides</strong></span> 
     </span>
    </p>
   </div>
   <div class='ocr_carea' id='block_1_107' title="bbox 2296 4769 3878 4854">
    <p class='ocr_par' dir='ltr' id='par_1_107' title="bbox 2296 4769 3878 4854">
     <span class='ocr_line' id='line_1_107' title="bbox 2296 4769 3878 4854; baseline -0.01 -16"><span class='ocrx_word' id='word_1_847' title='bbox 2296 4780 2564 4854; x_wconf 90' lang='lat' dir='ltr'><strong>quomodo</strong></span> <span class='ocrx_word' id='word_1_848' title='bbox 2585 4788 2642 4835; x_wconf 92' lang='lat' dir='ltr'><strong>et</strong></span> <span class='ocrx_word' id='word_1_849' title='bbox 2661 4793 2818 4848; x_wconf 89' lang='lat' dir='ltr'><strong>quam</strong></span> <span class='ocrx_word' id='word_1_850' title='bbox 2843 4775 3078 4830; x_wconf 91' lang='lat' dir='ltr'><strong>dilucide</strong></span> <span class='ocrx_word' id='word_1_851' title='bbox 3104 4773 3309 4829; x_wconf 90' lang='lat' dir='ltr'><strong>dividat</strong></span> <span class='ocrx_word' id='word_1_852' title='bbox 3338 4781 3613 4828; x_wconf 86' lang='lat' dir='ltr'><strong>creaturas</strong></span> <span class='ocrx_word' id='word_1_853' title='bbox 3641 4782 3694 4825; x_wconf 90' lang='lat' dir='ltr'><strong>ct</strong></span> <span class='ocrx_word' id='word_1_854' title='bbox 3715 4769 3878 4824; x_wconf 79' lang='lat' dir='ltr'><strong>Crea-</strong></span> 
     </span>
    </p>
   </div>
   <div class='ocr_carea' id='block_1_108' title="bbox 2297 4865 3878 4937">
    <p class='ocr_par' dir='ltr' id='par_1_108' title="bbox 2297 4865 3878 4937">
     <span class='ocr_line' id='line_1_108' title="bbox 2297 4865 3878 4937; baseline -0.011 -7"><span class='ocrx_word' id='word_1_855' title='bbox 2297 4885 2491 4937; x_wconf 88' lang='lat' dir='ltr'><strong>torem,</strong></span> <span class='ocrx_word' id='word_1_856' title='bbox 2511 4871 2787 4926; x_wconf 89' lang='lat' dir='ltr'><strong>ministros</strong></span> <span class='ocrx_word' id='word_1_857' title='bbox 2804 4875 2860 4922; x_wconf 92' lang='lat' dir='ltr'><strong>et</strong></span> <span class='ocrx_word' id='word_1_858' title='bbox 2878 4865 3183 4931; x_wconf 88' lang='lat' dir='ltr'><strong>Dominum,</strong></span> <span class='ocrx_word' id='word_1_859' title='bbox 3206 4877 3498 4932; x_wconf 88' lang='lat' dir='ltr'><strong>verumque</strong></span> <span class='ocrx_word' id='word_1_860' title='bbox 3518 4876 3580 4915; x_wconf 92' lang='lat' dir='ltr'><strong>ac</strong></span> <span class='ocrx_word' id='word_1_861' title='bbox 3604 4875 3878 4930; x_wconf 87' lang='lat' dir='ltr'><strong>preprium</strong></span> 
     </span>
    </p>
   </div>
   <div class='ocr_carea' id='block_1_109' title="bbox 2295 4951 3872 5024">
    <p class='ocr_par' dir='ltr' id='par_1_109' title="bbox 2295 4951 3872 5024">
     <span class='ocr_line' id='line_1_109' title="bbox 2295 4951 3872 5024; baseline -0.012 -1"><span class='ocrx_word' id='word_1_862' title='bbox 2295 4965 2549 5023; x_wconf 89' lang='lat' dir='ltr'><strong>heredem</strong></span> <span class='ocrx_word' id='word_1_863' title='bbox 2579 4973 2635 5017; x_wconf 88' lang='lat' dir='ltr'><strong>et</strong></span> <span class='ocrx_word' id='word_1_864' title='bbox 2661 4960 2878 5024; x_wconf 88' lang='lat' dir='ltr'><strong>Filium,</strong></span> <span class='ocrx_word' id='word_1_865' title='bbox 2909 4968 2962 5013; x_wconf 91' lang='lat' dir='ltr'><strong>ct</strong></span> <span class='ocrx_word' id='word_1_866' title='bbox 2987 4957 3212 5012; x_wconf 81' lang='lat' dir='ltr'><strong>servos?</strong></span> <span class='ocrx_word' id='word_1_867' title='bbox 3245 4956 3324 5010; x_wconf 86' lang='lat' dir='ltr'><strong>Ad</strong></span> <span class='ocrx_word' id='word_1_868' title='bbox 3351 4955 3544 5010; x_wconf 90' lang='lat' dir='ltr'><strong>Filium</strong></span> <span class='ocrx_word' id='word_1_869' title='bbox 3575 4961 3754 5007; x_wconf 89' lang='lat' dir='ltr'><strong>autem</strong></span> <span class='ocrx_word' id='word_1_870' title='bbox 3787 4951 3872 5005; x_wconf 87' lang='lat' dir='ltr'><strong>di-</strong></span> 
     </span>
    </p>
   </div>
   <div class='ocr_carea' id='block_1_110' title="bbox 2295 5043 3874 5123">
    <p class='ocr_par' dir='ltr' id='par_1_110' title="bbox 2295 5043 3874 5123">
     <span class='ocr_line' id='line_1_110' title="bbox 2295 5043 3874 5123; baseline -0.011 -10"><span class='ocrx_word' id='word_1_871' title='bbox 2295 5058 2388 5123; x_wconf 90' lang='lat' dir='ltr'><strong>cit,</strong></span> <span class='ocrx_word' id='word_1_872' title='bbox 2415 5053 2652 5110; x_wconf 88' lang='lat' dir='ltr'><strong>Thronus</strong></span> <span class='ocrx_word' id='word_1_873' title='bbox 2682 5061 2798 5104; x_wconf 84' lang='lat' dir='ltr'><strong>tuus</strong></span> <span class='ocrx_word' id='word_1_874' title='bbox 2825 5048 2966 5102; x_wconf 88' lang='lat' dir='ltr'><strong>Deus</strong></span> <span class='ocrx_word' id='word_1_875' title='bbox 2991 5049 3044 5102; x_wconf 90' lang='lat' dir='ltr'><strong>in</strong></span> <span class='ocrx_word' id='word_1_876' title='bbox 3069 5046 3312 5102; x_wconf 70' lang='lat' dir='ltr'><strong>saeculum</strong></span> <span class='ocrx_word' id='word_1_877' title='bbox 3331 5046 3523 5100; x_wconf 68' lang='lat' dir='ltr'><strong>siccati.</strong></span> <span class='ocrx_word' id='word_1_878' title='bbox 3561 5045 3700 5099; x_wconf 88' lang='lat' dir='ltr'><strong>Ecce</strong></span> <span class='ocrx_word' id='word_1_879' title='bbox 3721 5043 3874 5111; x_wconf 84' lang='lat' dir='ltr'><strong>regni</strong></span> 
     </span>
    </p>
   </div>
   <div class='ocr_carea' id='block_1_111' title="bbox 2295 5148 3881 5221">
    <p class='ocr_par' dir='ltr' id='par_1_111' title="bbox 2295 5148 3881 5221">
     <span class='ocr_line' id='line_1_111' title="bbox 2295 5148 3881 5221; baseline -0.004 -16"><span class='ocrx_word' id='word_1_880' title='bbox 2295 5152 2529 5220; x_wconf 88' lang='lat' dir='ltr'><strong>signum.</strong></span> <span class='ocrx_word' id='word_1_881' title='bbox 2562 5150 2719 5221; x_wconf 80' lang='lat' dir='ltr'><strong>Virga</strong></span> <span class='ocrx_word' id='word_1_882' title='bbox 2745 5149 3017 5218; x_wconf 62' lang='lat' dir='ltr'><strong>aequitatis,</strong></span> <span class='ocrx_word' id='word_1_883' title='bbox 3045 5151 3189 5220; x_wconf 80' lang='lat' dir='ltr'><strong>virga</strong></span> <span class='ocrx_word' id='word_1_884' title='bbox 3215 5148 3362 5220; x_wconf 82' lang='lat' dir='ltr'><strong>regni</strong></span> <span class='ocrx_word' id='word_1_885' title='bbox 3393 5149 3486 5204; x_wconf 91' lang='lat' dir='ltr'><strong>tui.</strong></span> <span class='ocrx_word' id='word_1_886' title='bbox 3519 5149 3662 5203; x_wconf 86' lang='lat' dir='ltr'><strong>Ecce</strong></span> <span class='ocrx_word' id='word_1_887' title='bbox 3690 5160 3881 5200; x_wconf 91' lang='lat' dir='ltr'><strong>rursus</strong></span> 
     </span>
    </p>
   </div>
   <div class='ocr_carea' id='block_1_112' title="bbox 2296 5237 3882 5311">
    <p class='ocr_par' dir='ltr' id='par_1_112' title="bbox 2296 5237 3882 5311">
     <span class='ocr_line' id='line_1_112' title="bbox 2296 5237 3882 5311; baseline -0.003 -17"><span class='ocrx_word' id='word_1_888' title='bbox 2296 5240 2438 5296; x_wconf 88' lang='lat' dir='ltr'><strong>aliud</strong></span> <span class='ocrx_word' id='word_1_889' title='bbox 2458 5256 2670 5311; x_wconf 89' lang='lat' dir='ltr'><strong>quoque</strong></span> <span class='ocrx_word' id='word_1_890' title='bbox 2695 5241 2905 5310; x_wconf 86' lang='lat' dir='ltr'><strong>signum</strong></span> <span class='ocrx_word' id='word_1_891' title='bbox 2932 5241 3104 5311; x_wconf 84' lang='lat' dir='ltr'><strong>regni.</strong></span> <span class='ocrx_word' id='word_1_892' title='bbox 3129 5239 3336 5295; x_wconf 87' lang='lat' dir='ltr'><strong>Deinde</strong></span> <span class='ocrx_word' id='word_1_893' title='bbox 3357 5253 3544 5294; x_wconf 90' lang='lat' dir='ltr'><strong>rursus</strong></span> <span class='ocrx_word' id='word_1_894' title='bbox 3567 5237 3636 5292; x_wconf 91' lang='lat' dir='ltr'><strong>de</strong></span> <span class='ocrx_word' id='word_1_895' title='bbox 3655 5253 3720 5293; x_wconf 88' lang='lat' dir='ltr'><strong>eo</strong></span> <span class='ocrx_word' id='word_1_896' title='bbox 3739 5237 3882 5307; x_wconf 90' lang='lat' dir='ltr'><strong>quod</strong></span> 
     </span>
    </p>
   </div>
   <div class='ocr_carea' id='block_1_113' title="bbox 2296 5330 3889 5402">
    <p class='ocr_par' dir='ltr' id='par_1_113' title="bbox 2296 5330 3889 5402">
     <span class='ocr_line' id='line_1_113' title="bbox 2296 5330 3889 5402; baseline -0.004 -13"><span class='ocrx_word' id='word_1_897' title='bbox 2296 5342 2382 5389; x_wconf 90' lang='lat' dir='ltr'><strong>est</strong></span> <span class='ocrx_word' id='word_1_898' title='bbox 2400 5348 2563 5388; x_wconf 90' lang='lat' dir='ltr'><strong>carne</strong></span> <span class='ocrx_word' id='word_1_899' title='bbox 2589 5332 2830 5388; x_wconf 89' lang='lat' dir='ltr'><strong>indutum</strong></span> <span class='ocrx_word' id='word_1_900' title='bbox 2859 5350 2872 5387; x_wconf 88' lang='lat'>:</span> <span class='ocrx_word' id='word_1_901' title='bbox 2900 5332 2955 5388; x_wconf 90' lang='lat'><strong>9.</strong></span> <span class='ocrx_word' id='word_1_902' title='bbox 2987 5332 3224 5388; x_wconf 74' lang='lat' dir='ltr'><strong>Dilexisti</strong></span> <span class='ocrx_word' id='word_1_903' title='bbox 3239 5333 3501 5402; x_wconf 86' lang='lat' dir='ltr'><strong>justitiam</strong></span> <span class='ocrx_word' id='word_1_904' title='bbox 3529 5341 3573 5385; x_wconf 82' lang='lat' dir='ltr'><strong>et</strong></span> <span class='ocrx_word' id='word_1_905' title='bbox 3599 5330 3752 5385; x_wconf 83' lang='lat' dir='ltr'><strong>odisti</strong></span> <span class='ocrx_word' id='word_1_906' title='bbox 3782 5330 3889 5384; x_wconf 65' lang='lat' dir='ltr'><strong>ini-</strong></span> 
     </span>
    </p>
   </div>
   <div class='ocr_carea' id='block_1_114' title="bbox 2295 5424 3884 5496">
    <p class='ocr_par' dir='ltr' id='par_1_114' title="bbox 2295 5424 3884 5496">
     <span class='ocr_line' id='line_1_114' title="bbox 2295 5424 3884 5496; baseline 0 -18"><span class='ocrx_word' id='word_1_907' title='bbox 2295 5426 2575 5495; x_wconf 88' lang='lat' dir='ltr'><strong>quitatem:</strong></span> <span class='ocrx_word' id='word_1_908' title='bbox 2603 5435 2867 5496; x_wconf 77' lang='lat' dir='ltr'><strong>propterea</strong></span> <span class='ocrx_word' id='word_1_909' title='bbox 2912 5427 3057 5480; x_wconf 73' lang='lat' dir='ltr'><strong>unxit</strong></span> <span class='ocrx_word' id='word_1_910' title='bbox 3097 5436 3145 5480; x_wconf 88' lang='lat' dir='ltr'><strong>te</strong></span> <span class='ocrx_word' id='word_1_911' title='bbox 3185 5425 3344 5491; x_wconf 84' lang='lat' dir='ltr'><strong>Deus,</strong></span> <span class='ocrx_word' id='word_1_912' title='bbox 3390 5424 3528 5478; x_wconf 88' lang='lat' dir='ltr'><strong>Deus</strong></span> <span class='ocrx_word' id='word_1_913' title='bbox 3576 5433 3711 5478; x_wconf 83' lang='lat' dir='ltr'><strong>tuus.</strong></span> <span class='ocrx_word' id='word_1_914' title='bbox 3743 5424 3884 5491; x_wconf 87' lang='lat' dir='ltr'><strong>Quid</strong></span> 
     </span>
    </p>
   </div>
   <div class='ocr_carea' id='block_1_115' title="bbox 2296 5515 3880 5588">
    <p class='ocr_par' dir='ltr' id='par_1_115' title="bbox 2296 5515 3880 5588">
     <span class='ocr_line' id='line_1_115' title="bbox 2296 5515 3880 5588; baseline -0.003 -14"><span class='ocrx_word' id='word_1_915' title='bbox 2296 5527 2398 5582; x_wconf 87' lang='lat' dir='ltr'><strong>est,</strong></span> <span class='ocrx_word' id='word_1_916' title='bbox 2426 5515 2566 5572; x_wconf 91' lang='lat' dir='ltr'><strong>Deus</strong></span> <span class='ocrx_word' id='word_1_917' title='bbox 2596 5520 2747 5572; x_wconf 85' lang='lat' dir='ltr'><strong>tuus?</strong></span> <span class='ocrx_word' id='word_1_918' title='bbox 2769 5519 2902 5574; x_wconf 89' lang='lat' dir='ltr'><strong>Nam</strong></span> <span class='ocrx_word' id='word_1_919' title='bbox 2934 5519 3187 5588; x_wconf 87' lang='lat' dir='ltr'><strong>quoniam</strong></span> <span class='ocrx_word' id='word_1_920' title='bbox 3217 5532 3469 5588; x_wconf 83' lang='lat' dir='ltr'><strong>magnum</strong></span> <span class='ocrx_word' id='word_1_921' title='bbox 3497 5525 3582 5571; x_wconf 87' lang='lat' dir='ltr'><strong>est</strong></span> <span class='ocrx_word' id='word_1_922' title='bbox 3605 5515 3880 5586; x_wconf 88' lang='lat' dir='ltr'><strong>loquutus,</strong></span> 
     </span>
    </p>
   </div>
   <div class='ocr_carea' id='block_1_116' title="bbox 2297 5607 3071 5680">
    <p class='ocr_par' dir='ltr' id='par_1_116' title="bbox 2297 5607 3071 5680">
     <span class='ocr_line' id='line_1_116' title="bbox 2297 5607 3071 5680; baseline 0.003 -19"><span class='ocrx_word' id='word_1_923' title='bbox 2297 5607 2347 5663; x_wconf 90' lang='lat' dir='ltr'><strong>id</strong></span> <span class='ocrx_word' id='word_1_924' title='bbox 2380 5621 2564 5662; x_wconf 87' lang='lat' dir='ltr'><strong>rursus</strong></span> <span class='ocrx_word' id='word_1_925' title='bbox 2593 5608 2725 5663; x_wconf 86' lang='lat' dir='ltr'><strong>lenit</strong></span> <span class='ocrx_word' id='word_1_926' title='bbox 2751 5625 2814 5665; x_wconf 88' lang='lat' dir='ltr'><strong>ac</strong></span> <span class='ocrx_word' id='word_1_927' title='bbox 2844 5610 3071 5680; x_wconf 87' lang='lat' dir='ltr'><strong>mitigat.</strong></span> 
     </span>
    </p>
   </div>
   <div class='ocr_carea' id='block_1_117' title="bbox 2369 5689 3882 5769">
    <p class='ocr_par' dir='ltr' id='par_1_117' title="bbox 2369 5689 3882 5769">
     <span class='ocr_line' id='line_1_117' title="bbox 2369 5689 3882 5769; baseline -0.001 -16"><span class='ocrx_word' id='word_1_928' title='bbox 2369 5699 2620 5755; x_wconf 80' lang='lat' dir='ltr'><strong>Adversus</strong></span> <span class='ocrx_word' id='word_1_929' title='bbox 2647 5699 2859 5757; x_wconf 79' lang='lat' dir='ltr'><strong>Judteos</strong></span> <span class='ocrx_word' id='word_1_930' title='bbox 2880 5745 2895 5769; x_wconf 89' lang='lat'><strong>,</strong></span> <span class='ocrx_word' id='word_1_931' title='bbox 2927 5701 3153 5756; x_wconf 84' lang='lat' dir='ltr'><strong>Paulum</strong></span> <span class='ocrx_word' id='word_1_932' title='bbox 3184 5701 3602 5766; x_wconf 80' lang='lat' dir='ltr'><strong>Samosatenum,</strong></span> <span class='ocrx_word' id='word_1_933' title='bbox 3637 5689 3882 5766; x_wconf 78' lang='lat' dir='ltr'><strong>Arianos,</strong></span> 
     </span>
    </p>
   </div>
   <div class='ocr_carea' id='block_1_118' title="bbox 2304 5791 3884 5862">
    <p class='ocr_par' dir='ltr' id='par_1_118' title="bbox 2304 5791 3884 5862">
     <span class='ocr_line' id='line_1_118' title="bbox 2304 5791 3884 5862; baseline 0.004 -16"><span class='ocrx_word' id='word_1_934' title='bbox 2304 5791 2630 5862; x_wconf 70' lang='lat' dir='ltr'><strong>Marcellum,</strong></span> <span class='ocrx_word' id='word_1_935' title='bbox 2656 5792 2937 5852; x_wconf 86' lang='lat' dir='ltr'><strong>Sabellium</strong></span> <span class='ocrx_word' id='word_1_936' title='bbox 2957 5804 3004 5851; x_wconf 85' lang='lat' dir='ltr'><strong>et</strong></span> <span class='ocrx_word' id='word_1_937' title='bbox 3034 5793 3545 5850; x_wconf 76' lang='lat' dir='ltr'><strong>.llarcioncm.--llic</strong></span> <span class='ocrx_word' id='word_1_938' title='bbox 3569 5802 3620 5849; x_wconf 88' lang='lat' dir='ltr'><strong>et</strong></span> <span class='ocrx_word' id='word_1_939' title='bbox 3643 5792 3884 5852; x_wconf 66' lang='lat' dir='ltr'><strong>Judtcos.</strong></span> 
     </span>
    </p>
   </div>
  </div>
