4208 6464
552 349 625 404 29
1253 345 1312 402 S.
1353 344 1640 402 JOANNIS
1677 344 2170 402 CHRYSOSTOMI
2211 341 2530 400 ARCHIEP.
2573 341 3125 400 CONSTANTINOP.
3743 334 3812 391 5'1

551 463 676 529 μὲν,
704 459 800 514 δύο
829 461 922 514 τὸν
967 461 1128 516 αὑτὸν
1175 459 1410 525 δεικνὶις,
1458 462 1554 516 καὶ
1596 461 1750 526 Θεὸν,
1795 463 1893 516 καὶ
1919 461 2133 532 ἀνθρω-

551 562 684 598 πον·
713 546 844 609 τοὺς
871 546 929 599 δὲ
952 547 1169 610 ἄλλους,
1195 546 1324 609 τοὺς
1345 546 1562 600 ΠαιΞλου
1589 547 1733 615 λέγω
1759 547 1853 601 τοῦ
1885 548 2135 617 Σαμοσα-

550 628 712 694 τέως,
743 629 821 701 τῷ
851 631 983 703 περὶ
1029 632 1127 702 τῆς
1164 629 1385 684 αἰωνίου
1431 631 1722 702 ὑπάρξεως
1755 631 1932 686 ταῦτα
1962 632 2140 687 διαλέ-

558 715 776 780 γεσθαι,
819 718 918 772 καὶ
956 717 1058 786 τῆς
1094 717 1355 770 ἀκτίστου
1391 718 1613 782 οὐσίας·
1650 716 1788 790 πρὸς
1829 718 1939 790 γὰρ
1988 719 2138 772 ἀντι-

550 799 833 870 διαστολὴν
853 801 970 863 τοῦ,
1013 801 1315 869 Ἐποίησε,
1337 803 1417 866 τὸ,
1452 803 1513 856 Ὀ
1535 806 1747 872 θρόνος
1784 821 1902 858 σου
1930 808 1963 858 ό
1996 805 2141 870 Θεὸς

549 886 636 950 εἰς
694 885 800 937 τὸν
877 883 1064 937 αἰῶνα
1123 885 1231 939 τοῦ
1285 886 1522 953 αιῶνος,
1577 887 1812 942 τέθεικε.
1870 887 2017 957 Πρός
2079 904 2139 940 τε

564 966 880 1036 Ἀρειανοὺς
909 968 1070 1020 τοῦτό
1095 986 1154 1021 τε
1179 969 1310 1022 αὐτὸ
1339 971 1525 1035 πάλιν,
1558 971 1656 1048 κα)ἶ
1698 971 1782 1024 ὅτι
1810 972 1871 1024 οὺ
1919 969 2104 1030 δοῦλος
2123 983 2136 997 ’

550 1050 676 1103 εἰδὲ
717 1051 949 1121 κτίσμα,
982 1053 1188 1116 δοῦλος.
1227 1054 1374 1124 Πρὸς
1419 1055 1476 1109 δὲ
1526 1055 1850 1126 Μάρκελλον
1897 1054 2141 1122 καὶτοὺς

550 1134 770 1198 ἄλλους,
793 1136 876 1189 ὅτι
899 1135 994 1189 δύο
1021 1137 1140 1190 ἐστὶ
1174 1137 1349 1192 ταῦτα
1376 1138 1643 1209 πρόσωπα
1672 1139 1976 1211 διῃρημένα
1997 1137 2140 1191 κατά

547 1218 646 1288 τὴν
669 1219 974 1273 ὑπόστασιν
997 1237 1010 1250 ·
1043 1221 1182 1291 πρὸς
1216 1221 1272 1274 δὲ
1295 1222 1743 1293 Μαρκιωνιστάς,
1771 1223 1850 1276 ὅτι
1883 1224 1917 1292 ή
1948 1221 2140 1290 θεότης

546 1302 609 1354 οὐ
640 1302 879 1372 χρίεται,
917 1303 1033 1356 ἀλλ’
1083 1306 1115 1373 ή
1163 1305 1543 1374 ἀνθρωπότης.
1596 1301 1750 1370 Εἶτα,
1781 1304 1949 1372 Παρὰ
1996 1302 2139 1368 τοὺς

545 1386 843 1453 μετόχους
867 1401 1006 1452 σου,
1038 1388 1196 1458 φησί.
1221 1389 1381 1450 Τίνες
1401 1387 1458 1440 δέ
1489 1388 1630 1440 εἰσιν
1661 1390 1710 1440 οἱ
1748 1388 1989 1458 μέτοχοι,
2023 1387 2138 1440 ἀλλ’

546 1469 581 1540 ἦ
614 1471 664 1522 οἱ
694 1469 1005 1540 ἀνθρωποι;
1043 1473 1322 1533 Τουτέστι,
1351 1470 1413 1523 τὸ
1440 1470 1664 1538 Πνεῦμα
1693 1471 1794 1524 οὐκ
1836 1473 1902 1524 ὲκ
1935 1469 2136 1542 μέτρου

546 1553 744 1608 ἔλαϐεν
773 1557 800 1608 ὁ
833 1555 1088 1625 Χριστός.

623 1638 688 1708 β’·
741 1639 907 1711 Ὁρᾷς
930 1640 1048 1703 πῶς
1068 1641 1328 1696 συνάπτει
1369 1646 1456 1699 ἀεὶ
1479 1646 1556 1717 τῷ
1583 1643 1712 1714 περὶ
1747 1639 1848 1710 τῆς
1878 1635 2138 1691 ἀκτίστου

549 1724 768 1791 φύσεως
792 1726 887 1777 καὶ
915 1724 1010 1777 τὸν
1032 1726 1162 1796 περὶ
1174 1726 1277 1797 τῆς
1303 1729 1622 1800 οἰκονομίας
1650 1726 1828 1794 λόγον;
1852 1721 1918 1775 Τί
1945 1719 2138 1775 τούτου

551 1807 924 1879 σαφέστερον;
957 1805 1108 1871 Εἶδες
1123 1808 1242 1872 πῶς
1258 1811 1358 1864 οὐκ
1387 1811 1503 1864 ἔστι
1534 1812 1595 1864 τὸ
1628 1809 1780 1873 αὐτὸ,
1807 1807 2016 1876 κτίσμα
2045 1803 2141 1856 καὶ

547 1889 827 1961 γέννημας
861 1892 922 1945 οὐ
947 1892 1057 1963 γάρ
1087 1893 1154 1947 ἂν
1181 1893 1370 1956 διεῖλε,
1416 1895 1511 1949 καὶ
1545 1894 1682 1966 πρὸς
1727 1887 2141 1957 ἀντιδιαστολὴν

547 1972 668 2037 τοῦ,
686 1974 1029 2042 Ἐποίησεν,
1049 1978 1297 2047 ἐπήγαγε
1313 1977 1394 2042 τὺ,
1415 1978 1566 2046 Πρὸς
1580 1977 1647 2030 δὲ
1663 1976 1770 2030 τόν
1794 1975 1932 2029 Υἱὸν
1949 1967 2140 2025 εἶπεν·

564 2057 627 2110 'l)
661 2059 877 2125 θρόνος
904 2073 1022 2112 σου
1059 2061 1092 2112 ὀ
1116 2061 1262 2127 Θεὸς
1287 2062 1376 2129 εἰς
1405 2064 1514 2116 τὸν
1543 2060 1729 2115 αὶῶνα
1758 2058 1864 2112 τοῦ
1889 2055 2105 2119 αἰῶνος
2124 2069 2138 2084 °

547 2141 656 2194 οὐδ’
685 2140 751 2194 ἂν
779 2141 1184 2213 διαφορώτερον
1223 2145 1398 2214 ὄνομα
1429 2145 1617 2200 ἐκάλει
1639 2144 1698 2198 τὸ
1726 2143 1854 2206 Υἱὸς
1875 2141 2069 2212 ὄνομα,
2094 2135 2142 2189 εἰ

547 2224 642 2278 τοῦ
660 2225 824 2278 αὐτοῦ
850 2222 920 2296 ἦν
949 2231 1198 2298 σημεῖον.
1219 2230 1380 2282 Ποῖον
1408 2229 1516 2300 γὰρ
1541 2229 1602 2282 τὸ
1627 2229 1916 2298 διάφορονς
1950 2225 2000 2277 εἰ
2035 2223 2144 2294 γὰρ

548 2311 610 2362 τὸ
636 2308 844 2379 κτίσμα
882 2311 978 2363 καὶ
1021 2312 1276 2382 γέννημα
1311 2311 1528 2377 ταύτὸν,
1558 2315 1758 2365 ἐκεῖνοι
1790 2311 1845 2363 δὲ
1886 2308 2145 2378 ἐποιήθη-

553 2413 676 2462 σαν,
703 2396 756 2450 τί
785 2397 846 2449 τὸ
867 2397 1270 2471 διαφορώτερον
1290 2417 1304 2465 ;
1349 2401 1478 2454 Ἰδοὺ
1503 2400 1668 2454 πάλιν
1683 2401 1762 2461 τὸ,
1781 2400 1808 2450 ὁ
1824 2399 1976 2460 Θεὸς,
2005 2397 2145 2467 μετά

548 2479 646 2534 τοῦ
677 2480 903 2552 ἄρθρου.
927 2482 1037 2534 Καὶ
1069 2481 1234 2534 πάλιν
1267 2482 1437 2554 φησί·
1473 2483 1616 2536 Κατ’
1662 2483 1854 2551 ἀρχὰς
1892 2479 1996 2542 σὺ,
2027 2479 2147 2532 Κύ-

546 2580 669 2630 ριε,
703 2565 820 2631 τὴν
863 2563 981 2634 γῆν
1022 2566 1448 2635 ἐθεμελίωσας,
1484 2567 1583 2620 καὶ
1607 2567 1752 2634 ἔργα
1777 2565 1896 2618 τῶν
1929 2561 2146 2634 χειρῶν

551 2648 668 2700 σού
697 2650 857 2702 εἰσιν
889 2651 942 2702 οἱ
971 2649 1240 2715 οὐρανοί.
1298 2649 1482 2703 Αὐτοὶ
1522 2646 1917 2712 ἀπολοῦνται,
1957 2644 2040 2700 σὺ
2078 2643 2147 2697 δὲ

552 2729 850 2798 διαμένεις
871 2747 884 2762 ·
919 2731 1019 2784 καὶ
1047 2730 1272 2796 πάντες
1297 2734 1378 2798 ὠς
1407 2732 1644 2801 ἱμάτιον
1683 2730 2144 2796 παλαιωθήσον-

551 2830 670 2876 ται,
723 2814 820 2866 καὶ
873 2813 1018 2868 ὡσεί
1063 2817 1444 2882 περιϐόλαιον
1499 2813 1720 2880 ἑλίξεις
1751 2813 1993 2879 αὐτοὺς,
2047 2811 2144 2865 καὶ

553 2897 1010 2966 ἀλλαγήσονται
1039 2915 1051 2926 ·
1106 2899 1188 2952 σὺ
1219 2897 1287 2950 δὲ
1317 2901 1350 2952 ό
1394 2898 1580 2964 αὐτὸς
1623 2895 1711 2961 εἷ,
1769 2896 1868 2952 καὶ
1913 2901 1986 2951 τὰ
2038 2897 2143 2961 ἐτη

553 2997 673 3036 σου
704 2985 816 3037 οὐκ
839 2984 1263 3053 ἐκλείψουσιν.
1297 2984 1412 3038 Ἰνα
1442 2985 1518 3055 μὴ
1561 2983 1822 3048 ἀκούσας·
1853 2983 2042 3037 Ὅταν
2075 2980 2145 3035 δὲ

553 3065 849 3137 εἰσαγάγῃ
888 3068 1000 3121 τὸν
1040 3070 1430 3138 Πρωτότοκον
1471 3072 1559 3135 εὶς
1587 3068 1704 3136 τὴν
1759 3066 2141 3137 οἰκουμένην,

553 3150 630 3212 ὡς
661 3150 838 3221 δῶρον
878 3151 1107 3225 νομίσῃς
1151 3152 1291 3208 εἶναι
1335 3152 1563 3223 ὕστερον
1609 3151 1758 3222 αὐτῷ
1814 3149 2142 3222 προσδοθὲν,

554 3234 716 3288 τοῦτο
747 3235 844 3289 καὶ
885 3237 998 3290 ἀνω
1051 3236 1533 3308 προδιωρθώσατο,
1579 3237 1674 3291 καὶ
1710 3235 1874 3289 πάλιν
1909 3234 2147 3304 ἐπιδιορ-

557 3316 746 3372 θοῦται
801 3318 998 3387 λέγων’
1073 3321 1214 3373 Κατ’
1247 3319 1470 3390 ἀρχάς-ο
1513 3320 1637 3391 οὐχὶ
1683 3318 1800 3386 νῦν,
1843 3317 1960 3372 ἀλλ’
2010 3316 2147 3370 ἀνω-

557 3401 670 3457 θεν.
717 3401 847 3456 Ἰδοὺ
891 3402 1053 3456 πάλιν
1088 3403 1184 3456 καὶ
1219 3403 1312 3457 τὸν
1343 3403 1670 3474 Σαμοσατέα
1711 3401 1925 3457 Παῦλον
1955 3400 2148 3472 καιρίᾳ

557 3484 791 3553 πλήττει
821 3485 1005 3557 πληγῇ
1033 3487 1127 3538 καὶ
1161 3486 1403 3557 Ἀρειον,
1433 3486 1470 3540 ἀ
1493 3487 1623 3556 περὶ
1650 3485 1746 3539 τοῦ
1777 3485 1993 3556 Πατρός
2008 3486 2144 3548 ἐστι,

556 3567 733 3620 ταῦτα
781 3569 1030 3640 ἁρμόσας
1078 3568 1156 3641 τῷ
1205 3569 1341 3641 Υίῷ.
1391 3570 1547 3623 Μετὰ
1603 3570 1662 3623 δὲ
1710 3568 1902 3622 τούτου
1955 3566 2051 3621 καί
2094 3581 2146 3618 τι

555 3649 687 3705 ἄλλο
719 3653 997 3723 πάρεργον
1022 3653 1266 3724 ᾐνίξατο,
1299 3653 1395 3706 καὶ
1430 3651 1616 3723 μεῖζον
1647 3652 1838 3706 τούτου
1864 3667 1876 3679 °
1912 3651 2006 3703 καὶ
2037 3649 2147 3718 γὰρ

558 3736 660 3806 τὴν
691 3737 1168 3808 μετασχημάτισιν
1189 3736 1285 3792 τοῦ
1316 3738 1522 3806 κόσμου
1556 3737 1910 3808 παρεδήλωσε
1936 3733 2144 3800 λέγων·

569 3823 665 3889 Ὦς
723 3823 955 3892 ἱμάτιον
992 3824 1544 3893 παλαιωθήσονται,
1603 3821 1703 3876 καί
1735 3819 1879 3874 ὡσεί
1918 3817 2151 3886 περιϐό-

559 3909 738 3961 λαιον
771 3905 887 3978 [27]
931 3907 1154 3975 ἑλίξεις
1206 3907 1455 3974 αὐτοὺς,
1508 3906 1608 3959 καί
1664 3900 2145 3969 ἀλλαγήσονται.

567 3991 634 4043 '0
662 3989 758 4043 καὶ
796 3991 853 4042 ὲν
891 3993 956 4061 τῇ
1001 3990 1137 4062 πρὸς
1192 3990 1503 4060 Ῥωμαίους
1534 3987 1721 4057 φησὶν,
1761 3984 1845 4036 ὅτι
1874 3995 2151 4051 μετασχη-

563 4073 784 4144 ματίσει
823 4075 916 4128 τὸν
977 4075 1206 4145 κόσμον.
1252 4074 1364 4128 Καὶ
1403 4073 1466 4126 τὸ
1511 4069 1736 4124 εὔκολον
1792 4064 1971 4136 δηλῶν
1999 4105 2014 4130 ,
2049 4065 2152 4116 ἐπ-

561 4162 793 4230 ήγαγενο
841 4161 1117 4228 Ἐλίεεις.
1151 4163 1367 4233 ’Ὠσπερ
1397 4162 1505 4232 γὰρ
1525 4159 1591 4212 ἂν
1620 4158 1672 4208 εῐ
1691 4171 1778 4217 τις
1804 4151 2152 4222 περιϐόλαιον

563 4245 735 4316 ἑλίξῃ,
753 4245 926 4309 οὕτως
943 4247 1107 4310 αὐτὸς
1127 4247 1220 4300 τὸν
1242 4247 1445 4317 κόσμον
1476 4243 1572 4297 καὶ
1598 4237 1764 4303 ὲλίξει
1789 4237 1885 4289 καὶ
1902 4234 2148 4302 ἀλλάξει.

564 4330 628 4382 Εἰ
658 4330 714 4382 δὲ
739 4329 840 4400 τὴν
861 4331 954 4382 ἐπὶ
1003 4330 1064 4383 τὸ
1099 4331 1312 4401 βέλτιον
1365 4327 1464 4382 καὶ
1489 4325 1552 4377 τὸ
1586 4323 1834 4392 κρεῖττον
1871 4335 2152 4391 μετασχη-

567 4414 791 4484 μάτισιν
812 4415 904 4467 καὶ
936 4414 1303 4487 δημιουργίαν
1323 4411 1496 4473 οὕτως
1535 4405 1773 4468 εὐκόλως
1829 4405 2150 4476 ἐργάζεται,

565 4499 660 4552 ἐπὶ
683 4498 785 4568 τῆς
815 4499 1096 4562 ἐλάττονος
1121 4495 1482 4569 δημιουργίας
1507 4491 1696 4560 ἐτέρου
1720 4489 1927 4554 ἐδεῖτος
1971 4487 2153 4558 Μέχρι

563 4581 712 4646 τίνος
741 4583 842 4636 οὐκ
881 4582 1242 4654 αἰσχύνεσθε;
1286 4581 1442 4647 ’Ἀμα
1464 4576 1522 4629 δὲ
1551 4575 1648 4628 καὶ
1687 4571 2020 4643 παραμυθία
2055 4588 2153 4641 με-

565 4667 730 4736 γίστη
765 4666 928 4720 τοῦτό
957 4653 1097 4731 ἔστι,
1140 4664 1202 4717 τὸ
1229 4662 1435 4732 γνῶναι
1473 4660 1555 4712 ὅτι
1594 4657 1696 4710 οὑκ
1747 4653 2063 4710 ἔσταιοῦτω
2086 4655 2155 4708 τὰ

569 4751 897 4822 πράγματα,
918 4749 1058 4803 ἀλλὰ
1091 4750 1161 4801 τὰ
1195 4747 1374 4800 πάντα
1410 4741 1717 4814 μεταϐολὴν
1759 4741 2016 4813 λήψεται,
2059 4741 2155 4792 καὶ

569 4835 752 4890 πάντα
804 4835 1256 4905 ὲναλλαγήσεται,
1313 4829 1478 4892 αὐτὸς
1527 4828 1586 4881 δὲ
1642 4828 1794 4898 μένει
1860 4826 2157 4887 διαπαντὸς

569 4917 680 4982 ζῶν
701 4931 751 4986 ι,
778 4921 872 4972 καὶ
897 4917 1141 4986 ἀπείρως
1176 4915 1284 4979 ζῶν
1306 4929 1320 4943 ⁸
1380 4912 1492 4966 Καὶ
1538 4911 1612 4965 τὰ
1655 4910 1763 4977 ἐτη
1791 4927 1930 4970 σου,
1967 4909 2155 4977 φησὶν,

570 5004 684 5057 οὐκ
731 5001 1110 5070 ἐκλείψουσι.
1179 4999 1301 5051 Τίνι
1358 4997 1429 5049 δὲ
1481 4994 1601 5048 τῶν
1653 4994 1926 5064 ἀγγέλων
1957 4993 2161 5060 εἴρηκέ

571 5099 739 5140 ποτεο
786 5084 986 5139 Κάθου
1033 5083 1103 5136 ἐκ
1151 5079 1368 5142 δεξιῶν
1398 5097 1540 5148 μου,
1581 5077 1692 5141 ἕως
1753 5076 1832 5130 ἂν
1879 5075 1960 5130 θῶ
2016 5074 2160 5140 τοὺς

572 5168 831 5238 ἐχθρούς
867 5180 984 5220 σου
1015 5163 1353 5220 ὑποπόδιον
1409 5161 1530 5216 τῶν
1579 5160 1784 5215 ποδῶν
1821 5175 1976 5222 σου;
2028 5158 2158 5212 Ἰδοὺ

574 5253 742 5306 πάλιν
764 5251 962 5312 αὐτοὺς
995 5245 1432 5319 παραθαῤῥύνει,
1455 5244 1510 5299 εἴ
1528 5262 1594 5313 γε
1625 5243 1869 5316 μέλλοιεν
1886 5245 1936 5296 οἱ
1964 5241 2158 5313 ἐχθροὶ

577 5335 760 5391 αὐτῶν
793 5333 1222 5406 ἡττηθήσεσθαι,
1250 5333 1344 5386 καὶ
1371 5332 1560 5403 ἐχθροὶ
1603 5328 1785 5384 αὐτῶν
1817 5329 1868 5382 οἱ
1899 5328 2054 5382 αὐτοί
2086 5329 2162 5381 εἰ-

580 5437 688 5488 σιν,
737 5419 787 5472 οἳ
827 5419 922 5472 καὶ
949 5415 1044 5470 τοῦ
1099 5414 1363 5487 Χριστοῦ.
1419 5415 1591 5470 Τοῦτο
1645 5413 1808 5468 πάλιν
1859 5412 2160 5483 βασιλείας,

577 5507 738 5558 τοῦτο
781 5501 1093 5573 ὁμοτιμίας,
1144 5500 1303 5556 τοῦτο
1330 5501 1516 5573 τιμῆς,
1548 5499 1652 5555 οὐκ
1697 5498 1971 5568 ἀδυναμία

579 5588 677 5640 τὸν
712 5587 932 5657 Πατέρα
953 5584 1274 5656 ὀργίζεσθαι
1297 5585 1436 5657 ὑπὲρ
1469 5583 1577 5637 τῶν
1601 5583 1682 5644 εἰς
1702 5581 1796 5633 τὸν
1827 5581 1956 5634 Υίὸν
2004 5597 2164 5649 γεγε-

581 5670 831 5741 νημένων
857 5686 870 5700 ·
910 5668 1071 5722 τοῦτο
1094 5669 1297 5740 πολλῆς
1350 5668 1572 5738 ἀγάπης
1596 5665 1796 5733 δεῖγμα
1827 5665 1921 5718 καὶ
1943 5663 2164 5734 γνησιό-

649 5936 673 5964 ι
701 5926 882 5989 “033.,
908 5924 1159 5981 διαπαντὸς
1184 5924 1267 5973 ὤν.

2240 478 2402 531 τητος
2428 460 2528 532 τῆς
2547 460 2624 523 ὡς
2650 459 2760 513 ἀπὸ
2787 459 2995 530 πατρὸς
3026 455 3164 527 πρὸς
3188 453 3306 507 υἱόν
3333 451 3384 505 δ.
3431 449 3492 503 Ὀ
3524 448 3638 520 γὰρ
3663 446 3824 518 ὀργι-

2244 552 2474 623 ζόμενος
2524 550 2664 621 ὑπὲρ
2703 549 2894 612 αὐτοῦ,
2927 548 3045 610 πῶς
3082 544 3364 614 ἀλλότριος
3403 537 3582 623 ἀὐτοῦ
3630 539 3823 623 εστινς

2243 619 2399 700 Ἕνως
2423 634 2502 689 ἂν
2528 634 2608 689 θῶ
2635 619 2778 699 τοὺς
2808 633 3062 703 ἐχθρούς
3095 644 3235 684 σου.
3268 627 3448 694 Ὅπερ
3500 621 3596 674 καὶ
3645 621 3706 673 ὲν
3748 619 3829 703 ’τγῷ

2241 720 2479 790 δευτέρῳ
2501 715 2700 787 ψαλμῷ
2732 702 2899 784 φησιν
2923 732 2938 747 ο
2983 713 3046 766 ’0
3103 707 3402 766 κατοικῶν
3432 707 3503 760 ἐν
3540 702 3827 790 οίιοανοῖς

2240 788 2632 873 ἑκγελάσεται
2677 797 2936 864 αὐτοὺς,
2970 795 3071 850 καὶ
3123 797 3156 849 ό
3201 793 3416 860 Κύριος
3445 788 3835 858 ἐκμυκτηριεῖ

2240 887 2480 950 αὐτούς.
2532 886 2667 938 Τότε
2691 881 2952 950 λαλήσει
2981 879 3132 948 πρὸς
3159 875 3384 942 αὐτοὺς
3412 875 3484 929 ἐν
3527 875 3676 947 ὁρτῇ
3723 877 3829 930 αὐ-

2241 970 2374 1035 τοῦ,
2407 968 2506 1022 καί
2543 967 2610 1022 ἐν
2637 967 2718 1034 τῷ
2748 965 2911 1034 θυμῷ
2933 962 3122 1018 αὑτοῦ
3166 960 3411 1028 ταράξει
3447 962 3691 1028 αὐτούς.
3714 961 3828 1015 Καὶ

2241 1055 2404 1108 πάλιν
2427 1051 2590 1114 αὑτός
2613 1067 2745 1120 φησι
2774 1067 2786 1081 ·
2831 1047 2977 1113 Τοὺς
2995 1045 3082 1116 μὴ
3107 1043 3493 1114 θελήσαντάς
3521 1061 3599 1114 με
3640 1045 3828 1108 ,βασι-

2240 1139 2459 1193 λεῦσαι
2482 1137 2574 1189 ἐπ’
2600 1132 2842 1199 αὐτοὺς,
2874 1129 3124 1201 ἀγάγετε
3144 1125 3262 1183 ὧδε
3282 1126 3544 1181 ἐνώπιόν
3559 1144 3702 1196 μου,
3731 1125 3829 1180 καί

2242 1217 2665 1286 κατασφάξατε
2707 1215 2952 1277 αὐτούς.
2985 1213 3112 1266 Ὀτι
3151 1211 3259 1283 γάρ
3285 1210 3451 1262 αὐτοῦ
3485 1211 3600 1262 ὲστι
3629 1209 3696 1263 τά
3728 1210 3828 1280 ῥή-

2245 1319 2409 1373 ματα,
2441 1301 2673 1353 ἄκουσον
2708 1297 2760 1351 τί
2802 1313 2938 1366 φησι
2967 1296 3061 1348 καὶ
3096 1293 3362 1363 ἑτέρωθιο
3393 1292 3661 1358 Ποσὰκις
3689 1291 3828 1359 ἠθέ-

2241 1389 2406 1453 λησα
2423 1379 2894 1450 ἐπισυναγαγεῖν
2914 1377 2988 1432 τὰ
3016 1377 3201 1431 τέκνα
3225 1392 3366 1442 σου,
3406 1375 3504 1428 καί
3536 1378 3648 1429 οὐκ
3692 1376 3828 1442 ἠθε-

2240 1469 2469 1534 λήσατε
2492 1483 2510 1531 ;
2550 1464 2705 1520 Ἰδοὺ
2726 1463 2960 1531 ἀφίεται
2983 1460 3127 1529 ὑμῖν
3154 1463 3187 1514 ὁ
3211 1455 3378 1524 οἶκος
3404 1456 3570 1526 ὑμῶν
3585 1459 3824 1526 ἕρημος.

2242 1552 2352 1604 Καὶ
2384 1550 2566 1613 πάλιν,
2596 1544 2945 1614 Ἀρθήσεται
2989 1541 3091 1611 ἀφ’
3115 1539 3283 1610 ὑμῶν
3328 1541 3363 1608 ή
3389 1540 3700 1603 βασιλεία,
3728 1537 3828 1592 καὶ

2243 1633 2564 1702 δοθήσεται
2608 1632 2767 1684 ἔθνει
2809 1627 3079 1680 ποιοῦντι
3111 1623 3254 1688 τοὺς
3283 1621 3554 1691 καρποὺς
3602 1620 3823 1689 αὐτῆςο

2244 1715 2340 1769 καὶ
2362 1714 2546 1779 πάλιν,
2598 1709 2658 1766 '0
2683 1709 2889 1764 πεσὼν
2903 1707 3004 1760 ἐπὶ
3030 1707 3140 1760 τὸν
3159 1705 3336 1760 λίθον
3384 1705 3622 1768 τοῦτον,
3671 1718 3825 1758 συν-

2245 1797 2653 1862 θλασθήσεται
2675 1809 2691 1825 ο
2707 1794 2799 1862 ἐφ’
2831 1793 2901 1845 ὃν
2923 1791 2974 1843 δ’
2998 1791 3074 1844 ἂν
3089 1787 3272 1855 πέσῃ,
3302 1787 3587 1855 λικμήσει
3616 1787 3824 1840 αὐτόν.

2248 1879 2457 1943 ’Ἄλλως
2485 1879 2563 1946 δὲ,
2593 1880 2620 1932 ό
2659 1877 2867 1949 μέλλων
2935 1876 3052 1927 ἐκεῖ
3097 1875 3305 1942 κρίνειν
3365 1871 3583 1934 αὐτοὺς,
3643 1869 3828 1940 πολλῷ

2247 1964 2448 2036 μᾶλλον
2475 1963 2674 2024 αὐτοὺς
2721 1961 2878 2028 δίκην
2926 1955 3163 2010 ἐνταῦθα
3198 1955 3300 2024 τῆς
3327 1956 3407 2017 εἰς
3431 1953 3596 2007 αὐτὸν
3625 1969 3826 2024 παροι-

2243 2035 2360 2111 νίας
2388 2044 2872 2118 άπῄτησεν.”ίὶστε
2899 2041 3066 2110 τιμῆς
3104 2039 3271 2107 μόνης
3320 2036 3439 2089 ἐστὶ
3478 2039 3581 2105 τῆς
3617 2035 3828 2118 είςτὸν

2245 2132 2396 2197 Υίὺν,
2423 2117 2504 2194 τδ,
2539 2130 2690 2192 ’Ἕως
2719 2127 2794 2181 ἂν
2823 2123 2904 2180 θῶ
2922 2123 3064 2188 τοὺς
3090 2121 3344 2191 ἐχθρούς
3363 2136 3481 2174 σου
3495 2117 3830 2173 ὑποπόδιον

2245 2214 2364 2269 τῶν
2386 2211 2589 2267 ποδῶν
2622 2227 2762 2265 σου.

2311 2295 2456 2366 Οὐχὶ
2502 2294 2726 2359 πάντες
2779 2290 2899 2345 εἰσὶ
2954 2284 3336 2356 λειτουργικὰ
3379 2284 3710 2366 πνεύματα,
3743 2283 3831 2347 εις

2245 2364 2555 2434 διακονίαν
2576 2373 3078 2443 ἀποστελλόμενα
3135 2368 3251 2442 128]
3278 2369 3376 2422 διὰ
3397 2367 3542 2432 τοὺς
3566 2364 3827 2435 μέλλον-

2245 2480 2352 2529 τας
2368 2459 2774 2530 κληρονομεῖν
2796 2459 3135 2524 σωτηρίαν;
3169 2453 3234 2505 Τί
3269 2448 3603 2521 θαυμαστὸν,
3639 2449 3828 2518 φησὶν,

2246 2550 2294 2600 εἰ
2322 2545 2399 2616 τῷ
2425 2543 2540 2614 Υἱῷ
2569 2538 3003 2610 λειτουργοῦσιν,
3031 2539 3160 2588 ὅταν
3198 2535 3293 2588 καὶ
3329 2532 3466 2603 πρὸς
3509 2531 3609 2602 τὴν
3635 2531 3831 2601 ἡμετέ-

2248 2647 2349 2702 ραν
2372 2613 2648 2698 σωτηρίαν
2668 2619 3058 2692 λειτουργῶσιν
3085 2633 3098 2683 ;
3120 2619 3298 2702 Α’ᾭραᾼ
3329 2615 3450 2702 πῶς
3481 2613 3829 2702 ὲπαίρειᾉαὺζ

2245 2695 2356 2764 τῶν
2405 2708 2474 2763 τὰ
2506 2695 2853 2778 ᾦρονήματα,
2903 2703 2998 2755 καὶ
3047 2700 3250 2770 πολλὴν
3280 2700 3523 2753 δείκνυσι
3554 2696 3650 2750 τοῦ
3689 2695 3828 2750 Θεοῦ

2246 2794 2345 2865 τὴν
2383 2795 2461 2856 εἰς
2489 2791 2637 2861 ἡμᾶς
2669 2787 2855 2858 τιμὴν,
2886 2784 3046 2855 εἴπερ
3073 2783 3343 2865 ἀγγέλους
3362 2783 3489 2865 τοὺς
3513 2780 3653 2865 ὑπερ
3678 2780 3829 2865 ήμάς

2244 2862 2449 2944 ταύτην
2478 2873 2666 2940 ἔταξεν
2698 2871 2841 2940 ἔχειν
2867 2867 3163 2932 διακονίαν,
3199 2864 3298 2937 τὴν
3335 2863 3478 2935 ὑπὲρ
3508 2862 3691 2934 ήμῶν.
3735 2863 3823 2944 Ὡς

2249 2960 2316 3015 ἂν
2339 2943 2482 3013 εῐποι
2513 2973 2620 3020 τις,
2656 2955 2752 3017 El;
2779 2952 2939 3006 τοῦτο
2965 2949 3454 3023 κέχρηταιαύτοῖξ,
3491 2947 3648 3017 φησὶ,
3669 2943 3832 2998 τοῦτο

2247 3043 2497 3113 ἀγγέλων
2522 3037 2857 3109 λειτουργία,
2885 3035 2945 3089 τὸ
2965 3035 3238 3090 διακονεῖν
3265 3031 3345 3102 τῷ
3380 3031 3498 3100 Θεῷ
3531 3031 3614 3094 είς
3647 3045 3822 3098 σωτηο

2249 3128 2370 3198 ρίαν
2394 3125 2691 3195 ἡμετέραν.
2733 3122 2896 3174 Ὥστε
2945 3117 3239 3186 ἀγγελικὴν
3274 3116 3434 3186 ἔργον
3485 3113 3648 3198 τοῦτό
3688 3113 3827 3198 ἐστι,

2246 3194 2308 3262 τὸ
2338 3194 2516 3262 πάντα
2556 3208 2731 3260 ποιεῖν
2759 3204 2839 3266 εἰς
2874 3200 3150 3271 σωτηρίαν
3193 3198 3301 3250 τῶν
3339 3197 3589 3265 ἀδελφῶν
3624 3212 3638 3226 °
3694 3194 3832 3266 μᾶλ-

2248 3293 2338 3348 λον
2363 3293 2420 3346 δὲ
2449 3290 2614 3345 αὐτοῦ
2642 3289 2737 3342 τοῦ
2771 3285 3013 3357 Χριστοῦ
3046 3285 3108 3336 τὸ
3135 3282 3294 3354 ἔργον
3320 3281 3496 3334 ἐστίν’
3533 3279 3697 3342 αὐτὸς
3731 3279 3832 3350 μὲν

2249 3377 2359 3447 γὰρ
2388 3375 2464 3438 ὡς
2506 3372 2784 3440 Δεσπότης
2846 3367 3030 3432 σώζει.
3063 3359 3209 3420 οῦτοι
3255 3366 3312 3418 δὲ
3350 3363 3426 3426 ὡς
3472 3363 3674 3418 δοῦλοι.
3722 3365 3834 3417 Καὶ

2248 3445 2409 3530 ἡμεῖς
2447 3458 2495 3509 εἰ
2543 3456 2638 3508 καὶ
2689 3452 2887 3511 δοῦλοι,
2945 3449 3085 3502 ἀλλὰ
3134 3447 3412 3530 σύνδουλοι
3451 3447 3723 3530 ἀγγέλων.
3757 3445 3824 3498 Τί

2249 3527 2515 3612 κεχήνατε
2550 3537 2685 3608 πρὸς
2711 3536 2838 3597 τοὺς
2859 3533 3147 3602 ἀγγέλους,
3183 3529 3351 3601 φησί;
3383 3529 3573 3582 Δοῦλοί
3597 3530 3704 3581 εισι
3734 3527 3831 3580 τοῦ

2253 3623 2382 3679 Υἰοῦ
2434 3620 2529 3674 τοῦ
2585 3616 2746 3681 Θεοῦ,
2811 3617 2908 3670 καὶ
2938 3614 3210 3683 πολλαχοῦ
3253 3612 3320 3667 δι’
3376 3612 3528 3682 ἡμᾶς
3583 3612 3832 3682 πέμπον-

2248 3725 2361 3768 ται,
2397 3704 2491 3758 καὶ
2519 3701 2653 3773 πρὸς
2680 3699 2955 3772 σωτηρίαν
2982 3699 3081 3769 τὴν
3109 3697 3384 3768 ἡμετέραν
3402 3695 3833 3766 λειτουργοῦσινο

2250 3789 2394 3842 ὥστε
2422 3785 2700 3857 ὁμόδουλοι
2727 3783 2885 3856 ήμῶν
2909 3783 3068 3836 εἰσιν.
3115 3781 3440 3850 Ἐννοήσατε
3467 3777 3584 3840 πῶς
3615 3777 3676 3830 οὐ
3703 3777 3836 3830 πολ-

2251 3870 2348 3942 λὴν
2372 3870 2557 3924 δίδωσι
2586 3870 2698 3930 τοῖς
2738 3865 3006 3936 κτίσμασι
3034 3862 3302 3934 διαφοράν
3329 3877 3343 3889 ·
3393 3859 3571 3914 καίτοι
3605 3860 3742 3912 πολὺ
3777 3859 3839 3912 τὸ

2255 3956 2420 4027 μέσον
2464 3952 2714 4022 ἀγγέλων
2742 3953 2840 4006 καὶ
2881 3950 3213 4020 ἀνθρώπων⁹
3244 3946 3362 4001 ἀλλ’
3413 3947 3570 4015 ὅμως
3605 3944 3838 4027 πλησίον

2250 4026 2410 4110 ήμῶν
2450 4036 2650 4098 αὐτοὺς
2703 4034 2937 4102 κατάγει
2985 4044 3033 4097 ο,
3091 4031 3377 4103 μονονουχὶ
3420 4028 3617 4098 λέγων’
3673 4026 3840 4098 Ἡμῖν

2252 4123 2544 4192 κάμνουσι,
2562 4119 2627 4171 δι’
2651 4119 2801 4188 ἡμᾶς
2833 4134 2900 4170 πε
2912 4115 3280 4187 ριτρέχουσιν,
3319 4115 3474 4184 ἡμῖν,
3499 4112 3573 4175 ὡς
3603 4111 3668 4164 ἂν
3692 4111 3841 4164 εἴποι

2251 4221 2352 4266 τις,
2395 4201 2780 4273 ὑπηρετοῦσιν.
2818 4199 2964 4272 Αῦτη
2999 4200 3149 4252 ἐστὶν
3180 4198 3213 4266 ἡ
3244 4195 3497 4250 διακονία
3546 4193 3750 4258 αὐτῶν,
3780 4193 3842 4246 τὸ

2252 4287 2320 4339 δι’
2350 4286 2496 4356 ἡμᾶς
2530 4284 2808 4354 πανταχοῦ
2841 4281 3182 4352 πέμπεσθαι.

2325 4375 2392 4436 γ’.
2424 4367 2532 4420 Καὶ
2546 4366 2749 4420 τούτων
2762 4368 2870 4420 τῶν
2899 4365 3316 4433 ὑποδειγμάτων
3342 4362 3515 4433 μεστὴ
3547 4361 3645 4432 μὲν
3671 4361 3704 4430 ή
3734 4359 3844 4411 Πα-

2254 4450 2404 4514 λαιὰ,
2452 4451 2623 4520 μεστὴ
2672 4449 2730 4500 δὲ
2771 4451 2864 4502 καὶ
2915 4449 2950 4517 ἡ
3002 4449 3202 4517 Καινή.
3257 4445 3428 4498 Ὅταν
3465 4443 3575 4514 γὰρ
3618 4442 3846 4511 ἄγγελοι

2256 4534 2522 4604 ποιμένας
2540 4532 3024 4601 εὐαγγελίζωνται,
3053 4531 3182 4584 ὅταν
3211 4528 3311 4602 τὴν
3327 4529 3585 4599 Μαριὰμ,
3602 4528 3732 4580 ὅταν
3753 4526 3846 4579 τὸν

2271 4616 2490 4688 Ἰωσὴφ,
2536 4616 2663 4669 ὅταν
2697 4615 2792 4667 ἐπὶ
2842 4613 2936 4667 τοῦ
2973 4614 3260 4684 μνήματος
3305 4610 3669 4675 καθέζωνται,
3715 4610 3848 4662 ὅταν

2259 4701 2584 4772 πέμπωνται
2610 4700 2783 4753 εἰπεῖν
2804 4702 2915 4761 τοῖς
2938 4697 3224 4768 μαθηταῖς·
3253 4697 3494 4765 Ἄνδρες
3510 4694 3848 4757 Γαλιλαῖοι,

2259 4789 2316 4840 τί
2345 4784 2644 4854 ἑστήκατε
2658 4783 3005 4860 ,βλέποντες
3024 4784 3106 4848 εὶς
3138 4780 3248 4834 τὸν
3261 4780 3559 4849 οὐρανόν;
3580 4778 3710 4832 ὅταν
3741 4776 3853 4830 Πέ-

2259 4889 2386 4944 τρον
2405 4869 2686 4924 ἀπολύωσι
2704 4868 2798 4921 τοῦ
2819 4866 3220 4938 δεσμωτηρίου,
3243 4865 3374 4918 ὅταν
3389 4863 3642 4935 Φιλίππῳ
3667 4863 3850 4916 διαλέ-

2261 4981 2486 5033 γωνται,
2506 4961 2623 5026 πῶς
2641 4962 2771 5030 ἡμῖν
2792 4961 2891 5029 οὐχ
2925 4959 3294 5028 ὑπουργοῦσιν
3317 4973 3332 5023 ;
3370 4956 3653 5028 Ἐννόησον
3667 4954 3851 5010 τοίνυν

2259 5049 2360 5121 τὴν
2384 5047 2571 5118 τιμὴν,
2601 5046 2704 5114 ὅση
2731 5045 3013 5114 τυγχάνει,
3037 5042 3167 5095 ὅταν
3181 5041 3258 5105 ὡς
3273 5039 3410 5111 πρὸς
3433 5041 3620 5109 φίλους
3652 5041 3848 5111 πέμπῃ

2261 5133 2547 5194 διακόνους
2573 5131 2700 5192 τοὺς
2746 5127 3014 5195 ἀγγέλους
3043 5127 3072 5179 ὁ
3103 5125 3258 5188 Θεὸς,
3283 5125 3412 5179 ὅταν
3439 5123 3728 5195 Κορνηλίῳ
3753 5124 3854 5191 ἀγ-

2264 5219 2418 5288 γελος
2457 5213 2740 5284 φαίνηται,
2793 5213 2922 5264 ὅταν
2972 5210 3184 5272 πάντας
3212 5209 3339 5273 τοὺς
3362 5207 3696 5271 ἀποστόλους
3740 5206 3853 5260 ἀπὸ

2263 5303 2358 5357 τοῦ
2384 5296 2762 5369 δεσμωτηρίου
2792 5293 3023 5363 ἄγγελος
3077 5292 3336 5364 ἐκϐάλλῃ,
3373 5293 3468 5346 καὶ
3515 5291 3649 5363 λέγῃ
3681 5308 3694 5321 ·
3731 5295 3851 5345 Πο-

2257 5385 2582 5457 ρευθέντες
2602 5381 2810 5447 στῆτε,
2841 5377 3195 5434 καὶλαλεῖτε
3225 5378 3295 5432 ἐν
3319 5378 3398 5444 τῷ
3438 5375 3572 5445 ἱερῷ
3612 5375 3693 5442 τῷ
3725 5374 3855 5442 λαῷ

3281 5462 3346 5515 τί

2270 5556 2364 5610 καὶ
2410 5551 2560 5622 αὐτῷ
2592 5548 2793 5617 Παύλῳ
2837 5547 3067 5614 ἄγγελος
3117 5547 3389 5614 φαίνεται.
3451 5545 3615 5617 Ὁρᾷς
3653 5545 3851 5606 αὐτοὺς

2331 5765 2665 5835 b_C0m71_1_0l.,_
2682 5763 2831 5835 ἓανὶι.
2855 5762 2906 5835 i_n
2931 5775 3084 5835 marg.
3109 5769 3164 5812 et
3195 5763 3380 5835 ‘Reggq
3403 5761 3546 5813 τοῦτο
3572 5767 3654 5821 τῆς
3679 5761 3858 5820 πολλῆς

2275 5832 2380 5893 περὶ
2401 5826 2828 5893 ξὺν-Υίὸῑ-ἀγᾲπης
2851 5829 2916 5882 ὡς
2933 5827 3110 5890 πατρὸς
3123 5826 3240 5888 πρὸς
3259 5827 3380 5874 υἱόν.

2341 5887 2365 5925 δ
2394 5890 2568 5952 Savi|.,
2589 5888 2758 5944 αὐτοὺς
2781 5887 2963 5946 ἵστησι.
