4208 6456
365 370 440 427 29
1284 356 1350 413 ΙΝ
1390 354 1608 411 EPIS‘I'.
1651 353 1745 407 AD
1782 348 2147 407 HEBREOS.
2187 349 2343 405 CAP.
2382 349 2425 405 l.
2467 348 2701 406 lIOMlL.
2744 347 2828 405 Ill.
3623 346 3694 403 30

360 486 417 528 et
445 470 603 528 Pauli
630 471 978 527 Samosateni
1006 470 1269 538 asseclas,
1298 479 1354 526 et
1372 470 1623 538 Arianos,
1646 469 1989 526 Marcellum-

361 579 471 635 que
504 572 563 621 et
590 562 895 620 Sabellium
929 563 1077 617 feriit
1097 572 1154 617 et
1177 561 1529 617 Marciouem.
1560 561 1880 629 Quomodo?
1901 561 1993 616 Ju-

363 658 517 713 daeos
542 655 797 727 quidem,
824 654 1124 710 ostendens
1159 669 1327 709 unum
1354 668 1474 708 esse
1500 653 1629 717 duo,
1657 660 1713 707 et
1740 654 1908 708 Deum
1935 664 1991 707 et

368 748 650 802 hominem
684 766 698 802 :
731 748 877 801 alios
906 755 1108 808 autem.
1146 745 1321 807 Pauli.
1357 745 1579 815 inquam
1602 786 1617 809 ,
1648 744 1989 800 Samosateni

377 839 632 902 asseclas,
668 839 818 909 quod
852 838 971 893 haec
1000 838 1145 892 dicat
1171 836 1239 892 de
1268 845 1468 892 interna
1497 837 1799 892 substantia
1828 846 1882 893 et
1907 839 1991 892 in-

376 941 553 986 creata
582 932 832 987 essentia
862 949 876 984 :
909 946 1036 985 nam
1066 930 1135 984 ad
1161 928 1602 1000 distinguendum
1636 929 1789 996 illud,
1819 928 1985 995 Fecit,

376 1026 475 1077 hoc
525 1024 754 1093 posuit:
784 1021 1027 1077 Thronus
1072 1030 1188 1076 tuus
1228 1020 1367 1074 Deus
1409 1022 1464 1074 in
1502 1021 1751 1076 saeculum
1789 1024 1985 1078 surculi.

370 1112 661 1169 Adversus
692 1114 931 1169 Arianos
960 1121 1164 1180 autem,
1195 1128 1386 1168 rursus
1413 1111 1521 1169 hoc
1548 1114 1747 1185 ipsum,
1771 1124 1829 1170 et
1847 1116 1988 1186 quod

372 1220 484 1259 non
514 1204 589 1259 sit
619 1219 813 1259 servus
842 1220 857 1259 :
893 1205 937 1259 si
970 1215 1152 1259 autem
1184 1213 1269 1260 est
1309 1214 1558 1260 creatura
1582 1247 1598 1273 ,
1640 1220 1831 1262 servus
1882 1216 1987 1264 est.

376 1297 663 1352 Adversus
694 1296 1007 1352 Marceilum
1036 1307 1217 1352 autem
1262 1307 1315 1352 et
1353 1298 1495 1354 alios
1515 1339 1530 1364 ,
1560 1298 1702 1369 quod
1731 1299 1838 1354 sint
1869 1299 1989 1356 dua:

375 1403 627 1458 persona:
655 1387 847 1443 divisa:
876 1404 974 1458 per
1002 1387 1340 1459 bypostasim
1368 1408 1382 1444 :
1413 1389 1677 1447 adversus
1707 1391 1991 1447 Marcioni-

374 1491 488 1534 stas
518 1488 703 1533 autem
727 1520 743 1544 ,
773 1479 919 1548 quod
962 1479 1218 1534 divinitas
1247 1497 1356 1535 non
1387 1490 1637 1553 ungatur,
1670 1483 1765 1539 sed
1796 1483 1990 1537 huma-

374 1574 544 1627 nitas.
575 1570 809 1640 Deinde,
844 1570 970 1625 Prte
1000 1573 1344 1642 participibus
1373 1574 1498 1639 tuis,
1536 1574 1727 1645 inquit.
1759 1574 1989 1641 Quinam

375 1673 562 1716 autem
590 1670 724 1716 sunt
756 1663 1070 1732 participes,
1102 1664 1206 1716 nisi
1238 1662 1529 1718 homines?
1561 1665 1672 1719 l'loc
1699 1676 1802 1730 est,
1831 1665 1993 1720 Chri-

375 1763 497 1808 stus
514 1752 1008 1823 accepitSpiritum
1033 1768 1141 1808 non
1165 1754 1231 1809 ad
1258 1770 1566 1810 mensuram
1598 1755 1776 1828 (Joan.
1797 1759 1850 1813 5.
1875 1759 1990 1829 54).

450 1845 505 1898 2.
557 1844 720 1899 Vides
740 1844 1015 1914 quomodo
1032 1846 1270 1899 sermoni
1295 1845 1363 1900 de
1392 1855 1577 1901 natura
1607 1848 1843 1903 increata
1862 1865 1993 1904 con-

372 1938 1132 2007 jungatsemperscrmonem
1168 1937 1237 1992 de
1275 1938 1701 2008 dispensatione.
1735 1942 1872 2008 Quid
1914 1951 1999 1997 est

380 2030 487 2084 hoc
517 2029 816 2083 dilucidius
840 2031 863 2081 ἲ
898 2028 1056 2084 Vides
1079 2038 1386 2085 creaturam
1409 2041 1459 2087 et
1481 2033 1724 2102 genitum
1747 2050 1851 2089 non
1878 2049 1997 2091 esse

378 2119 565 2173 idem?
595 2134 705 2173 non
732 2119 877 2174 enim
909 2117 1205 2188 divisisset,
1228 2131 1283 2176 et
1310 2137 1375 2177 ex
1402 2122 1631 2179 adverso
1662 2125 1803 2180 illius
1826 2125 1994 2193 Fecit,

370 2218 787 2286 subjunsisset:
816 2217 899 2270 Ad
946 2216 1144 2271 Filium
1193 2230 1361 2273 autem
1404 2221 1556 2283 dixit,
1604 2220 1841 2275 Tltronus
1882 2234 1999 2280 tuus

369 2309 520 2363 Deus
547 2311 604 2362 in
634 2310 881 2363 arculum
907 2309 1125 2375 screnti;
1153 2326 1328 2381 neque
1358 2326 1576 2378 nomen,
1626 2313 1817 2379 Filius,
1850 2332 1991 2385 prte-

369 2402 687 2457 cellentiori
710 2401 873 2457 modo
903 2402 1196 2471 posuisset,
1232 2404 1277 2457 si
1307 2413 1451 2459 esset
1478 2404 1720 2475 ejusdem
1762 2408 1994 2478 signum.

371 2494 645 2561 Quaenam
667 2495 811 2549 enim
838 2494 1185 2551 diﬂ‘erentia?
1213 2512 1338 2551 nam
1367 2498 1411 2551 si
1438 2497 1582 2553 idem
1610 2508 1692 2553 est
1722 2510 1993 2569 creatura,

371 2597 431 2644 et
463 2587 519 2642 id
542 2587 693 2657 quod
737 2596 820 2643 est
845 2589 1109 2658 genitum,
1138 2591 1409 2646 illiautem
1432 2601 1558 2647 sunt
1579 2592 1727 2663 iacti,
1753 2612 2000 2667 quaenam

372 2689 465 2736 est
492 2682 856 2752 praestantia?
898 2684 1041 2739 Ecce
1088 2700 1280 2740 rursus
1318 2685 1474 2752 illud,
1507 2687 1672 2754 Deus,
1702 2688 1891 2747 Graece
1919 2704 2001 2748 est

374 2779 401 2828 ὁ
428 2780 548 2835 ea;
592 2789 722 2827 cum
768 2775 999 2830 articulo
1024 2776 1128 2843 (α).
1164 2775 1235 2831 Et
1274 2776 1469 2832 iterum
1517 2778 1679 2835 dicit:
1706 2782 1794 2837 10.
1822 2780 1894 2836 Et
1924 2793 1999 2849 tu,

376 2863 633 2928 Domine,
659 2865 715 2917 in
743 2866 1003 2936 principio
1026 2876 1219 2920 terram
1238 2867 1493 2938 fundasti,
1516 2877 1565 2923 et
1585 2886 1740 2940 opera
1760 2888 2003 2927 manuum

379 2967 594 3009 tuarum
620 2966 743 3010 sunt
769 2957 903 3011 cwli.
952 2958 1043 3012 11.
1080 2956 1197 3028 Ipsi
1226 2960 1483 3029 peribunt,
1515 2970 1570 3015 tu
1596 2972 1765 3018 autem
1792 2982 1999 3036 perma-

378 3053 559 3116 nebis;
592 3060 643 3104 et
673 3068 851 3106 omnes
880 3062 937 3105 ut
966 3054 1320 3108 vestimentum
1348 3064 1681 3121 veterascent,
1712 3058 1801 3113 12.
1836 3069 1882 3113 ει
1922 3076 2005 3116 ve-

381 3147 461 3199 lut
483 3146 737 3199 amictum
765 3147 987 3200 mutabis
1010 3163 1117 3209 eos,
1142 3156 1189 3200 et
1206 3150 1535 3203 mutabuntur
1557 3167 1576 3204 :
1604 3160 1658 3204 tu
1685 3162 1855 3208 autem
1872 3154 2005 3209 idem

380 3240 498 3309 ipse
528 3256 603 3303 es,
635 3250 681 3292 et
703 3240 831 3292 anni
853 3240 927 3292 tui
950 3255 1053 3293 non
1080 3240 1335 3309 deﬁcient.
1366 3240 1443 3297 Ne
1463 3257 1584 3297 cum
1601 3244 1857 3309 audieris,
1877 3245 2005 3303 Cum

381 3342 561 3384 autem
590 3331 876 3384 introducit
911 3330 1323 3402 Primogenitum
1348 3333 1401 3386 in
1428 3335 1597 3389 urbem
1620 3346 1790 3403 teme,
1814 3338 2007 3393 existi-

383 3437 509 3478 mes
534 3437 662 3478 esse
692 3432 971 3493 tamquam
1013 3423 1215 3478 donum
1259 3435 1446 3495 postea
1486 3429 1534 3483 ei
1566 3427 1776 3496 datum,
1808 3430 1911 3486 hoc
1952 3441 2009 3488 et

382 3514 649 3583 superius
686 3514 949 3581 correxit,
974 3524 1027 3570 et
1053 3531 1239 3571 rursus
1263 3518 1487 3589 corrigit
1527 3519 1733 3584 dicens,
1767 3522 1836 3577 in
1865 3524 2007 3594 prin-

381 3607 526 3675 cipio
542 3623 563 3670 ;
591 3621 701 3661 non
734 3622 902 3672 nunc,
928 3607 1023 3662 sed
1041 3608 1152 3676 jam
1174 3609 1324 3664 olim.
1356 3612 1495 3667 Ecce
1518 3629 1708 3671 rursus
1731 3616 1874 3673 letali
1894 3633 2008 3689 pet:-

382 3701 526 3755 cutit
551 3699 783 3757 vulnere
807 3709 865 3755 et
892 3700 1115 3756 Paulum
1148 3702 1564 3760 Samosatenum
1597 3717 1653 3762 et
1681 3708 1902 3780 Arium,
1940 3712 2009 3768 iis

378 3809 513 3864 qua:
547 3793 806 3848 dicuntur
860 3793 928 3850 de
977 3794 1137 3850 Patre
1189 3796 1458 3868 adaptatis
1504 3799 1663 3855 Filio.
1708 3801 1779 3857 Et
1821 3815 2008 3873 pOSIea

379 3885 537 3939 aliud
570 3885 679 3940 hoc
708 3902 927 3957 quoque
956 3887 1154 3957 majus,
1177 3889 1331 3958 quasi
1359 3890 1503 3945 aliud
1530 3893 1741 3963 agendo
1766 3895 2012 3951 subindi-

379 3976 570 4029 cavit:
600 3977 794 4031 mundi
822 3978 969 4032 enim
999 3978 1527 4049 transﬁgurationem
1546 3995 1806 4053 prteterea
1828 3998 2012 4045 osten—

382 4067 492 4131 dit,
526 4068 757 4123 diccns:
791 4068 1079 4139 Tamquam
1104 4073 1456 4127 vestimentum
1479 4085 1811 4145 ueterascent,
1842 4090 1888 4135 et
1918 4097 2002 4137 ve-

383 4158 483 4212 luti
530 4160 781 4212 amictum
813 4162 1028 4215 mutabis
1054 4178 1159 4225 eos,
1192 4173 1239 4218 et
1265 4165 1615 4221 mutabuntur.
1653 4168 1811 4236 Quod
1840 4172 2002 4227 etiam

384 4251 525 4306 dicit
553 4252 606 4305 in
639 4250 885 4321 Epistola
913 4253 982 4308 ad
1009 4254 1307 4321 Romanos,
1334 4273 1528 4327 nempe
1555 4262 1697 4329 quod
1727 4263 2012 4335 transﬁgu-

382 4354 533 4408 rabit
566 4354 856 4411 mundum.
888 4355 957 4411 Et
997 4356 1312 4414 facilitatem
1359 4359 1654 4414 ostendens
1701 4358 2002 4431 subjunxit.

383 4447 627 4503 Hutabis
651 4464 673 4503 :
701 4458 978 4521 tamquam
1004 4452 1050 4507 si
1076 4453 1199 4522 quis
1225 4452 1514 4508 convolvat
1553 4454 1836 4515 amictum.
1869 4469 2007 4511 con-

382 4540 574 4595 volvet
602 4548 661 4597 et
687 4542 939 4598 mutabit.
968 4542 1026 4599 Si
1051 4552 1232 4598 autem
1254 4561 1374 4615 qua:
1402 4544 1461 4599 tit
1483 4544 1538 4599 in
1571 4546 1765 4602 melius
1785 4555 1839 4602 et
1866 4563 2006 4616 pra:-

378 4632 627 4687 stantius
682 4634 1215 4705 transﬁgurationem
1263 4646 1320 4691 et
1363 4637 1640 4707 opiﬁcium
1690 4647 1797 4693 tam
1849 4640 2006 4698 facile

380 4734 679 4792 cperatur,
712 4725 769 4779 in
800 4727 998 4782 minori
1024 4728 1242 4798 opiticio
1259 4729 1439 4784 alioue
1461 4728 1769 4801 indigebat?
1796 4729 2008 4797 Quous-

375 4831 491 4885 que
528 4832 639 4870 non
685 4832 784 4872 vos
816 4817 1018 4887 pudet?
1055 4818 1230 4874 Simul
1280 4820 1445 4875 etiam
1489 4820 1595 4876 hoc
1643 4830 1728 4876 est
1772 4823 2005 4877 maxima

375 4907 724 4971 consolatio,
757 4924 919 4965 nosse
946 4910 1088 4980 quod
1118 4927 1208 4967 res
1238 4928 1344 4968 non
1371 4913 1452 4968 sic
1474 4922 1659 4979 erunt,
1685 4913 1783 4969 sed
1821 4913 2003 4969 omnia

2110 480 2229 520 rum
2256 463 2459 520 inimici
2481 482 2494 517 :
2520 473 2576 520 et
2603 463 2810 519 inimici
2836 478 3024 519 eorum
3048 462 3212 519 iidem
3233 470 3362 519 sunt
3382 463 3474 534 qui
3504 463 3709 519 inimici

2108 555 2330 612 Christi.
2366 556 2481 613 lloc
2509 572 2700 613 rursus
2725 565 2810 613 est
2837 557 3009 627 regni,
3052 556 3157 613 hoc
3186 556 3430 627 ejusdem
3460 557 3706 623 honoris,

2109 647 2234 718 hoc,
2263 650 2504 721 inquam,
2531 658 2617 705 est
2643 650 2885 714 honoris,
2915 666 3022 704 non
3063 649 3467 713 imbecillitatis.
3492 651 3708 706 Patrem

2110 740 2266 796 irasci
2298 741 2366 797 de
2396 742 2463 796 iis
2492 757 2612 811 qua:
2633 742 2772 798 facta
2804 750 2931 797 sunt
2957 744 3008 795 in
3039 741 3270 797 Filium:
3299 741 3402 795 hoc
3422 752 3506 797 est
3529 743 3707 811 magni

2108 836 2333 903 amoris,
2372 844 2427 891 et
2454 836 2675 891 honoris
2706 845 2979 905 tamquam
3013 836 3177 905 patris
3203 850 3330 904 erga
3363 836 3553 891 lilium.
3605 834 3709 903 Qui

2108 926 2252 981 enim
2300 941 2399 996 pro
2449 927 2568 997 ipso
2602 926 2871 990 irascitur,
2903 926 3176 997 quomodo
3206 936 3289 981 est
3318 926 3385 981 ab
3430 926 3548 997 ipso
3575 927 3711 982 alie—

2110 1018 2253 1073 nus?
2282 1018 2459 1073 Donec
2489 1036 2676 1088 ponam
2704 1020 2935 1073 inimicos
2962 1028 3093 1073 tuos.
3125 1018 3278 1086 Quod
3307 1018 3439 1073 dicit
3463 1018 3625 1073 etiam
3655 1018 3708 1073 in

2109 1110 2348 1165 secundo
2378 1112 2596 1166 Psalmo
2625 1129 2637 1165 :
2671 1110 2768 1177 Qui
2795 1111 2991 1163 habitat
3017 1111 3070 1163 in
3101 1112 3237 1164 caelis
3268 1110 3502 1165 irridebit
3528 1126 3635 1173 eos,
3661 1120 3709 1164 et

2109 1205 2359 1260 Dominus
2388 1206 2717 1260 subsannabit
2743 1222 2845 1259 eos.
2886 1204 3028 1258 Tunc
3058 1204 3287 1271 loyuetur
3323 1204 3392 1256 ad
3435 1221 3520 1258 eos
3548 1204 3601 1257 in
3631 1205 3711 1258 ira

2108 1314 2223 1366 sua,
2256 1308 2302 1353 et
2329 1298 2381 1352 in
2414 1297 2590 1368 furore
2615 1314 2707 1352 suo
2735 1296 3056 1351 conturbabit
3097 1312 3180 1349 eos
3234 1294 3407 1368 (Psal.
3443 1297 3498 1349 ‘2.
3540 1296 3594 1351 ι.
3626 1297 3708 1367 5).

2110 1388 2179 1445 Et
2219 1406 2405 1446 rursus
2434 1391 2550 1460 ipse
2580 1391 2744 1447 dicit:
2778 1389 2885 1444 Eos
2928 1391 3015 1461 qui
3054 1390 3325 1443 noluerunt
3374 1406 3453 1443 me
3494 1406 3713 1461 regnare

2108 1498 2263 1552 super
2287 1483 2445 1552 ipsos,
2471 1482 2715 1536 adducite
2741 1499 2912 1536 coram
2940 1498 3037 1547 me,
3066 1491 3111 1535 ct
3136 1481 3403 1549 interﬁcite
3431 1480 3585 1549 (Luc.
3615 1481 3707 1539 19.

2108 1576 2224 1646 27).
2259 1576 2391 1631 Nam
2417 1578 2559 1647 quod
2590 1577 2699 1631 sint
2723 1577 2841 1647 ejus
2874 1576 3059 1641 verba,
3093 1576 3219 1630 audi
3242 1575 3371 1646 quid
3402 1575 3565 1629 etiam
3584 1576 3710 1631 alibi

2109 1670 2287 1727 dicat:
2322 1670 2532 1737 Quoties
2558 1669 2697 1724 volui
2712 1685 3023 1741 congregare
3044 1670 3181 1737 ﬁlios
3208 1678 3343 1735 tuos,
3374 1677 3419 1723 et
3444 1670 3713 1724 noluistis?

2114 1761 2247 1817 Ecce
2272 1762 2588 1831 relinquetur
2616 1762 2754 1817 vobis
2781 1763 2965 1817 domus
3008 1772 3173 1825 vestra
3206 1763 3406 1817 deserta
3458 1760 3569 1832 (Id.
3615 1763 3703 1818 15.

2100 1858 2212 1931 54).
2236 1859 2304 1913 Ει
2331 1874 2540 1926 rursus,
2573 1860 2853 1931 Auferetur
2890 1875 2923 1912 a
2968 1859 3107 1912 vobis
3151 1875 3385 1927 regnum,
3419 1868 3467 1912 et
3500 1858 3707 1912 dabitur

2101 1952 2240 2020 genti
2269 1951 2477 2021 facienti
2524 1954 2725 2021 fructus
2770 1952 2915 2023 ejus;
2959 1958 3014 2005 et
3062 1965 3270 2015 rursus,
3328 1950 3429 2016 Qui
3468 1950 3708 2006 ceciderit

2101 2059 2255 2115 super
2284 2042 2504 2109 lapidem
2531 2043 2707 2107 istum,
2739 2043 3087 2113 confringetur
3106 2057 3125 2096 :
3156 2058 3311 2111 super
3337 2057 3489 2111 quem
3536 2052 3708 2095 autem

2100 2135 2359 2201 ceciderit,
2390 2135 2647 2190 ventilabit
2676 2152 2790 2189 eum
2823 2134 3039 2207 (Matth.
3066 2135 3159 2189 2|.
3189 2135 3280 2190 45.
3324 2132 3439 2205 id).
3485 2135 3705 2204 Alioqui

2100 2239 2281 2283 autem
2309 2228 2398 2298 qui
2425 2237 2509 2284 est
2534 2243 2631 2283 eos
2675 2228 2784 2283 illic
2819 2226 3183 2296 judicaturus,
3213 2225 3385 2280 multo
3416 2225 3587 2296 magis
3619 2224 3709 2281 hic

2102 2318 2316 2375 illorum
2348 2320 2706 2375 immanitatis
2738 2333 2928 2389 poenas
2960 2319 3200 2387 repetiit.
3224 2317 3591 2386 Quamobrem
3625 2327 3711 2373 cst

2101 2415 2272 2470 solius
2299 2413 2524 2469 honoris
2547 2415 2599 2468 in
2630 2413 2824 2468 Filium
2852 2411 3008 2479 illud,
3037 2410 3215 2466 Donec
3247 2427 3439 2481 ponam
3473 2410 3710 2465 inimicos

2103 2516 2215 2562 tuos
2234 2506 2515 2563 scabellum
2540 2504 2731 2574 pedum
2760 2516 2985 2560 tuorum.

2175 2599 2490 2671 Angelorum
2525 2599 2975 2653 ministerium.—-
3003 2598 3095 2652 14.
3142 2595 3332 2650 Nonne
3372 2612 3549 2651 omnes
3590 2605 3712 2651 sunt

2102 2693 2523 2748 administratorii
2543 2692 2775 2764 spiritus,
2798 2691 2852 2745 in
2880 2691 3212 2746 ministerium
3230 2690 3371 2745 missi
3398 2700 3604 2761 prapter
3622 2707 3711 2745 eos

2100 2789 2191 2860 qui
2215 2786 2548 2843 hereditatem
2578 2786 2781 2858 capient
2817 2785 3040 2840 salutis?
3069 2783 3208 2850 Quid
3247 2783 3467 2849 mirum,
3514 2783 3708 2853 inquit,

2101 2880 2148 2935 si
2170 2880 2481 2934 ministrant
2511 2877 2671 2944 Filio,
2703 2892 2826 2932 eum
2855 2876 3019 2932 etiam
3051 2874 3357 2930 ministrent
3376 2873 3443 2928 ad
3469 2883 3707 2928 nostram

2102 2971 2369 3026 salutem?
2401 2969 2537 3024 Vide
2579 2968 2853 3040 quomodo
2882 2982 3070 3024 eorum
3112 2968 3317 3022 excitet
3362 2965 3606 3035 spiritus,
3656 2977 3710 3020 et

2103 3063 2334 3118 multum
2366 3062 2462 3117 Dei
2493 3061 2543 3115 in
2571 3075 2670 3115 nos
2697 3059 2959 3115 honorem
2984 3059 3254 3125 ostendat,
3279 3059 3323 3113 si
3341 3057 3558 3129 quidem
3582 3073 3711 3112 con-

2102 3154 2298 3218 stituit,
2334 3163 2392 3207 ut
2420 3152 2623 3224 angeli,
2656 3152 2746 3221 qui
2777 3160 2904 3205 sunt
2936 3151 3092 3205 nobis
3123 3150 3456 3221 superiores,
3492 3149 3594 3203 hoc
3617 3148 3713 3202 lia-

2103 3251 2268 3307 beant
2291 3265 2388 3321 pro
2415 3250 2571 3305 nobis
2599 3247 2983 3303 ministerium.
3015 3245 3087 3301 Ut
3113 3244 3159 3300 si
3190 3244 3391 3299 dixerit
3417 3242 3709 3312 quispiam:

2105 3342 2220 3408 Eis,
2242 3341 2436 3412 inquit,
2463 3340 2530 3395 ad
2558 3339 2661 3394 hoc
2690 3339 2887 3393 utitur:
2922 3338 3024 3392 hoc
3045 3346 3129 3393 est
3150 3352 3347 3391 munus
3369 3336 3707 3406 angelorum,

2105 3435 2417 3491 ministrare
2442 3434 2553 3489 Deo
2578 3432 2645 3489 ad
2676 3441 2919 3488 nostram
2945 3430 3198 3486 salutem.
3221 3428 3587 3497 Quamobrem
3611 3428 3713 3484 hoc

2104 3534 2191 3582 est
2225 3524 2400 3595 angeli
2434 3538 2573 3595 opus
2615 3523 2797 3579 omnia
2838 3521 3022 3577 facere
3072 3519 3139 3575 ad
3186 3519 3413 3575 fratrum
3443 3519 3712 3582 salutem;

2107 3616 2217 3673 imo
2240 3631 2375 3673 vero
2404 3624 2489 3671 est
2514 3630 2652 3686 opus
2694 3615 2868 3685 ipsius
2891 3613 3132 3670 Christi:
3167 3628 3292 3668 nam
3326 3612 3444 3682 ipse
3491 3610 3711 3681 quidem

2107 3709 2199 3764 dat
2220 3710 2452 3766 salutem
2484 3718 2544 3764 ut
2576 3709 2857 3770 Dominus.
2887 3709 2989 3779 ipsi
3013 3716 3196 3763 autem
3240 3715 3513 3776 tamquam
3542 3705 3711 3760 servi.

2108 3802 2180 3859 Et
2204 3818 2306 3859 nos
2334 3803 2548 3859 etiamsi
2580 3802 2747 3866 servi,
2780 3800 2875 3855 sed
2904 3799 3155 3855 conservi
3182 3798 3520 3869 angelorum.
3552 3796 3712 3864 Quid.

2109 3894 2302 3964 inquit,
2328 3894 2550 3965 angelos
2564 3893 2776 3948 hiantes
2795 3891 3110 3962 suSpicitis?
3131 3891 3268 3946 Sunt
3288 3890 3431 3944 servi
3452 3888 3571 3943 Filii
3597 3887 3714 3951 Dei,

2109 4003 2164 4045 et
2186 3992 2237 4045 in
2260 3991 2423 4044 multa
2446 3990 2562 4045 loca
2591 3998 2815 4060 propter
2841 4002 2941 4043 nos
2969 3988 3276 4051 mittuntur,
3295 3995 3353 4042 et
3378 3985 3445 4041 ad
3473 3994 3718 4041 nostram

2109 4082 2417 4136 ministrant
2435 4080 2663 4135 salutem
2690 4097 2703 4133 :
2723 4079 3075 4148 quamobrem
3096 4086 3223 4132 sunt
3248 4077 3417 4131 nostri
3441 4076 3715 4131 conservi.

2110 4175 2357 4245 Cogitate
2399 4171 2673 4243 quomodo
2704 4186 2812 4224 non
2838 4170 2933 4225 dat
2960 4170 3225 4225 creaturis
3270 4181 3519 4239 magnam
3552 4166 3712 4222 dific.-

2112 4265 2364 4321 rcntiam.
2392 4265 2729 4333 Quamquam
2752 4263 2979 4317 multum
3011 4263 3234 4316 interest
3259 4261 3401 4315 inter
3424 4259 3645 4330 angelos
3663 4272 3720 4315 et

2116 4358 2388 4425 homines,
2414 4370 2510 4412 cos
2531 4364 2712 4411 tamen
2742 4369 2908 4425 prope
2929 4370 3028 4409 nos
3044 4353 3295 4410 deducit:
3324 4351 3715 4424 propemodum

2122 4463 2281 4520 nobis
2304 4460 2513 4524 dicens,
2544 4457 2775 4526 Propter
2804 4468 2905 4507 nos
2935 4452 3198 4516 laborant,
3222 4461 3443 4522 propter
3470 4464 3571 4505 nos
3594 4463 3722 4504 cur-

2123 4557 2309 4619 sitant,
2340 4561 2415 4617 et,
2462 4560 2520 4607 ut
2546 4550 2748 4606 dixerit
2793 4546 3084 4618 quispiam,
3112 4545 3271 4600 nobis
3299 4543 3563 4598 serviunt.
3606 4540 3723 4596 Hoc

2121 4659 2206 4703 est
2231 4660 2417 4701 eorum
2449 4640 2833 4705 ministerium,
2861 4647 3085 4709 propter
3110 4649 3211 4690 nos
3248 4634 3300 4689 in
3342 4649 3534 4689 omnes
3578 4634 3718 4688 mitti

2162 4746 2326 4793 artes.

2162 4755 2326 4793 artes.

2126 4755 2160 4810 Ρ
2195 4832 2250 4886 5.
2280 4829 2377 4883 liis
2404 4825 2669 4896 exemplis
2692 4823 2909 4894 plenum
2932 4830 3019 4877 est
3045 4818 3233 4885 Vetus,
3260 4818 3480 4888 plenum
3510 4825 3594 4872 est
3613 4814 3725 4870 No-

2125 4941 2252 4981 vum
2282 4923 2710 4979 Testamentum.
2752 4916 2886 4973 Nam
2934 4914 3152 4986 quando
3192 4911 3371 4982 angeli
3417 4908 3722 4980 pastoribus

373 4998 663 5068 accipient
704 5002 1085 5068 mutationem,
1132 5012 1188 5058 et
1236 5004 1417 5058 omnia
1464 5003 1845 5071 mutabuntur;
1888 5004 2004 5074 ipsc

370 5098 573 5145 autem
597 5100 789 5146 manet
810 5104 1072 5163 perpetuo
1098 5093 1307 5160 vivens,
1340 5103 1397 5150 et
1427 5094 1637 5150 inﬁnite
1667 5095 1855 5151 vivens
1886 5113 1899 5150 :
1935 5095 2001 5149 Et

369 5183 508 5235 anni
536 5183 636 5249 tui,
663 5183 856 5254 inquit,
891 5202 995 5239 non
1025 5186 1279 5257 deﬁcient.
1315 5188 1406 5242 15.
1441 5186 1521 5240 Ad
1546 5204 1694 5256 quem
1716 5198 1888 5242 autem
1907 5206 2002 5243 an-

368 5274 622 5343 gelorum
650 5273 786 5329 dixit
806 5276 1090 5346 aliquando
1105 5294 1124 5332 :
1154 5278 1292 5335 Sede
1312 5297 1343 5332 a
1362 5280 1555 5335 dextris
1577 5281 1721 5349 meis,
1740 5282 1997 5350 quoadus-

366 5380 479 5434 que
512 5380 713 5432 ponam
762 5367 997 5423 inimicos
1042 5381 1155 5425 tuos
1196 5371 1474 5426 scabellum
1524 5372 1711 5442 pedum
1756 5376 2002 5429 tuorum?

368 5457 527 5512 Ecce
560 5472 758 5514 rursus
784 5460 865 5516 eis
892 5461 1047 5516 addit
1075 5463 1341 5529 animum,
1366 5465 1411 5519 si
1445 5465 1555 5519 sint
1580 5467 1870 5537 superandi
1899 5483 1986 5523 eo-

2126 5018 2328 5074 bonum
2348 5013 2700 5075 annuntiant,
2728 5008 2944 5080 quando
2973 5006 3153 5061 Mariae
3171 5046 3185 5068 ,
3230 5002 3447 5072 quando
3482 4999 3683 5070 Josepb
3703 5041 3720 5066 ,

2125 5107 2341 5179 quando
2367 5106 2557 5163 sedent
2583 5104 2637 5157 in
2659 5107 3007 5158 monumento
3032 5138 3046 5161 ,
3073 5094 3288 5167 quando
3332 5094 3615 5147 mittuntur
3653 5091 3721 5146 ad

2125 5201 2413 5257 dicendum
2443 5195 2757 5265 discipulis,
2798 5191 2908 5245 Viri
2937 5187 3143 5243 Galilwi
3167 5185 3293 5256 quid
3336 5185 3485 5239 statis
3512 5224 3528 5248 ,
3573 5183 3721 5254 aspi-

2123 5295 2310 5349 cientes
2335 5292 2388 5345 in
2414 5289 2598 5345 cretum
2627 5286 2782 5358 (Act.
2813 5284 2865 5338 1.
2899 5283 2959 5337 11
2982 5281 3049 5354 )?
3094 5278 3310 5349 quando
3357 5278 3572 5334 Petrum
3617 5277 3726 5332 sol-

2124 5393 2347 5441 vuntex
2397 5396 2658 5446 carcere,
2704 5374 2920 5448 quando
2967 5374 3319 5443 alloquuntur
3368 5370 3719 5439 Philippum:

2124 5475 2399 5549 quomodo
2442 5473 2598 5528 nobis
2643 5486 2750 5525 non
2800 5466 3079 5523 serviunt?
3128 5463 3315 5536 Cogita
3362 5470 3595 5533 quantus
3654 5461 3727 5517 sit

2126 5571 2320 5635 honor,
2356 5566 2573 5639 quando
2600 5564 2743 5620 Deus
2772 5561 2994 5634 angelos
3037 5558 3204 5613 mittit
3249 5556 3527 5612 ministros
3582 5562 3723 5608 tam—

2127 5678 2286 5734 quam
2317 5659 2383 5715 ad
2409 5659 2632 5723 amicos,
2660 5654 2874 5726 quando
2902 5651 3123 5722 angelus
3165 5656 3388 5720 apparet
3428 5645 3682 5703 Cornelio
3706 5685 3722 5711 ,

2129 5753 2344 5825 quando
2365 5765 2556 5809 omnes
2585 5748 2864 5820 apostolos
2891 5744 3039 5817 ejicit
3063 5760 3094 5799 e
3133 5758 3355 5799 carcere
3379 5783 3395 5807 ,
3442 5749 3498 5796 et
3541 5739 3673 5795 dicit
3704 5757 3717 5793 :

2134 5846 2324 5903 lfuntes
2349 5854 2477 5903 state
2496 5887 2509 5909 ,
2538 5850 2585 5900 et
2607 5840 2872 5915 loquimini
2898 5840 2951 5894 in
2978 5836 3169 5909 templo
3196 5836 3386 5909 populo
3418 5834 3564 5890 verba
3610 5834 3722 5887 vita:

419 5616 498 5687 (ρ)
766 5617 1006 5689 Eusebius
1028 5616 1344 5689 Cesaris-usis
1367 5620 1482 5689 illud
1508 5634 1629 5689 tota,
1665 5627 1981 5688 praecedente

346 5678 576 5744 articulo
598 5679 667 5727 de
694 5678 845 5729 Patre
867 5680 963 5744 dici
990 5686 1196 5741 tantum,
1221 5686 1336 5744 quia
1357 5683 1494 5733 solus
1514 5678 1831 5738 Pater-verus
1848 5690 1985 5740 Deus

349 5750 483 5815 erat.
513 5740 700 5791 Contra
719 5756 847 5815 vero
872 5740 1254 5815 Cbrﬁostomus'
1270 5746 1351 5795 hic
1366 5747 1559 5815 _et_aliis
1583 5750 1632 5798 in
1657 5750 1777 5815 locis
1801 5758 1987 5815 pugnat

351 5804 868 5916 ::i;tiwlo
888 5805 957 5854 de
974 5803 1108 5854 Filio
1130 5818 1328 5869 quoque
1349 5808 1464 5872 dici,
1493 5803 1822 5879 exemplaque
1845 5803 1991 5867 {ﬁert

348 5879 414 5915 ex
431 5879 731 5930 Scriptum.
