4208 6514
543 373 608 430 st
1287 380 1340 434 s.
1379 363 1658 430 JOANNIS
1695 369 2169 428 CHRYSOSTOMI
2208 370 2522 426 ARCIIIEP.
2568 361 3104 430 CONSTAN'I‘INOP.
3745 386 3817 444 δε

544 495 720 567 hujus.
751 490 889 562 Quid
917 491 1020 546 alia
1045 481 1260 546 dicam?
1288 489 1455 544 Paulo
1501 502 1712 558 quoque
1753 488 1853 558 ipsi
1901 499 2123 558 apparet

537 586 780 656 angelus.
809 583 970 640 Vides
998 584 1143 652 ipsos
1167 589 1389 650 propter
1417 580 1580 632 Deum
1607 577 1762 633 nobis
1792 577 2117 648 ministrare,

537 689 593 733 et
623 677 928 732 ministrare
955 677 1006 728 in
1035 674 1194 727 rebus
1222 670 1468 725 maximis
1487 670 1511 722 ?
1532 669 1819 738 Propterea
1841 671 1970 725 dicit
1993 671 2121 725 Pau-

539 769 644 834 lus,
677 770 862 824 Omnia
891 776 1006 819 sunt
1035 773 1221 828 vestra,
1246 764 1348 816 sive
1376 761 1498 826 vita,
1525 762 1628 814 sive
1653 777 1810 826 mors,
1844 763 1946 816 sive
1973 780 2120 816 mun-

537 861 660 921 dus,
692 859 795 912 sive
824 855 1113 925 prasentia,
1145 856 1246 906 sive
1295 853 1488 920 futura.
1537 851 1731 906 Missus
1779 867 1993 922 quoque
2037 861 2120 906 est

537 949 723 1011 Filius,
754 947 844 1001 sed
877 961 982 999 non
1006 946 1145 998 sicut
1184 943 1428 1000 minister
1451 981 1467 1007 ,
1496 957 1671 1012 neque
1716 948 1993 1011 tamquam”
2029 946 2116 1014 qui

533 1041 712 1108 aliquo
763 1039 1072 1107 fungeretur
1114 1049 1338 1090 munere
1363 1075 1378 1100 ,
1428 1034 1523 1089 sed
1574 1044 1842 1104 tamquam
1868 1035 2035 1090 Filius
2063 1046 2118 1091 et

534 1129 840 1198 unigenitus
861 1169 875 1191 ,
908 1136 964 1183 et
990 1127 1079 1197 qui
1110 1126 1298 1181 eadem
1330 1126 1448 1179 vult
1474 1140 1593 1195 quae
1621 1125 1798 1180 Pater.
1835 1125 1946 1181 lmo
1985 1143 2116 1182 vero

534 1235 600 1274 ne
626 1219 724 1274 fuit
751 1219 965 1290 quidem
1008 1219 1243 1272 missus:
1277 1232 1382 1272 non
1413 1217 1554 1272 enim
1599 1232 1630 1271 a
1677 1217 1795 1274 loco
1840 1220 1892 1272 in
1939 1220 2114 1275 locum

535 1311 764 1375 transiit,
794 1310 888 1366 sed
921 1324 1136 1365 carnem
1165 1309 1441 1378 suscepit;
1471 1307 1644 1378 angeli
1676 1324 1804 1364 vero
1831 1310 1946 1365 loca
1992 1328 2114 1367 mu-

532 1411 667 1467 tant,
697 1410 752 1456 et
781 1401 1046 1471 prioribus
1071 1400 1126 1453 in
1150 1399 1342 1468 quibus
1393 1407 1518 1454 sunt
1567 1398 1839 1466 dimissis,
1895 1401 1962 1456 ad
2009 1403 2112 1458 alia

530 1493 784 1560 veniunt,
815 1491 868 1546 in
898 1491 1089 1562 quibus
1117 1505 1223 1544 non
1249 1497 1420 1544 erant.
1453 1487 1572 1544 Jam
1601 1503 1730 1545 vero
1759 1489 1862 1545 hoc
1901 1506 2114 1562 quoque

527 1593 609 1647 eis
635 1591 784 1646 addit
807 1593 1041 1646 animum
1064 1591 1247 1646 dicens
1279 1608 1292 1644 :
1317 1591 1454 1656 Quid
1487 1590 1730 1644 timetis?
1757 1589 1931 1658 angeli
1959 1591 2112 1644 nobis

530 1685 858 1740 ministrant.
890 1679 958 1738 Εἰ
986 1700 1108 1738 cum
1138 1683 1360 1739 dixisset
1383 1681 1450 1736 de
1473 1682 1642 1747 Filio,
1691 1690 1746 1737 et
1794 1696 1912 1751 qua:
1944 1681 2110 1750 perti-

530 1784 662 1830 nent
688 1775 754 1829 ad
784 1775 1233 1845 dispensationem
1255 1815 1271 1841 ,
1304 1790 1423 1845 qua:
1448 1773 1516 1829 ad
1544 1773 1870 1828 creationem
1901 1781 1956 1828 et
1993 1789 2113 1842 quae

530 1866 600 1921 ad
629 1881 850 1938 regnum
877 1875 928 1922 et
959 1868 1283 1923 ostendisset
1307 1882 1429 1922 eum
1458 1881 1579 1922 esse
1603 1866 1656 1921 in
1679 1867 1868 1921 eodem
1887 1865 2112 1935 honore,

531 1967 586 2014 et
612 1960 754 2030 quod
783 1970 1049 2029 tamquam
1077 1959 1333 2014 Dominus
1361 1958 1691 2014 dominatum
1720 1958 1957 2022 obtinet,
2007 1973 2113 2012 non

530 2051 584 2104 in
615 2049 761 2105 solos
790 2049 1058 2115 homines,
1090 2049 1183 2104 sed
1209 2050 1369 2104 etiam
1401 2049 1454 2103 in
1481 2063 1742 2118 supernas
1783 2056 2073 2117 potestates
2096 2089 2112 2116 ,

533 2157 628 2195 eos
649 2142 758 2210 jam
791 2143 1124 2205 exhortantur,
1159 2142 1228 2196 ita
1259 2142 1500 2196 instituta
1533 2141 1778 2196 oratione
1800 2182 1817 2206 ,
1845 2138 1988 2210 quod
2020 2155 2116 2194 nos

531 2239 780 2300 oporteat
799 2232 1033 2286 animum
1061 2232 1316 2287 adhibere
1345 2231 1409 2286 iis
1437 2247 1557 2301 qute
1586 2240 1709 2285 sunt
1735 2230 1934 2283 audita.
1961 2228 2113 2298 (Cap.

531 2323 591 2392 2)
631 2320 684 2376 1.
738 2321 1016 2391 Propterea
1045 2321 1388 2374 abundantius
1417 2330 1613 2384 Oportet
1639 2320 1900 2374 observare
1929 2336 2020 2373 nos
2060 2337 2117 2372 ea

533 2426 648 2481 qua:
675 2412 980 2465 audivimus.
1015 2411 1111 2465 llic
1136 2411 1316 2466 dicere
1337 2411 1551 2465 volebat
1578 2410 1937 2465 abundantius
1957 2425 2115 2479 quam

535 2503 640 2574 legi
667 2503 1051 2559 attendendum
1084 2519 1224 2566 esse,
1249 2503 1341 2557 sed
1375 2503 1475 2557 hoc
1503 2501 1686 2566 siluit;
1722 2502 1880 2571 idque
1919 2501 2122 2556 indicat

535 2598 590 2651 in
621 2596 964 2667 probatione,
999 2611 1106 2650 non
1136 2596 1185 2648 in
1212 2594 1467 2655 consilio,
1499 2607 1600 2647 nec
1628 2592 1682 2646 in
1704 2592 2075 2648 exlinrtatione
2104 2609 2116 2645 :

534 2689 625 2743 Sic
653 2688 796 2743 enim
826 2697 944 2742 erat
969 2688 1180 2740 melius.
1221 2686 1278 2739 9..
1325 2685 1386 2739 Si
1425 2685 1557 2738 enim
1605 2685 1690 2754 qui
1741 2701 1829 2752 per
1876 2684 2117 2754 angelos,

538 2778 742 2846 inquit,
771 2778 934 2830 dictus
965 2786 1036 2830 est
1083 2792 1266 2837 sermo,
1302 2775 1466 2842 [actus
1493 2782 1566 2827 est
1611 2775 1813 2842 ﬁrmus,
1866 2782 1914 2827 et
1957 2774 2120 2826 omnis

539 2869 888 2938 prcevaricatio
917 2877 963 2920 et
991 2866 1324 2919 inobedientia
1353 2867 1540 2934 accepit
1559 2865 1754 2933 justam
1775 2865 2016 2918 mercedis
2038 2881 2120 2918 re-

542 2959 902 3012 tributionem:
933 2958 988 3012 5.
1021 2956 1272 3025 quomodo
1315 2973 1406 3009 nos
1445 2954 1747 3025 e/Tugiemus
1772 2995 1786 3017 ,
1833 2956 1876 3008 si
1929 2965 2122 3008 tentant

539 3051 908 3123 neglexerimus
947 3049 1229 3103 salutem?
1283 3061 1396 3117 qua:
1437 3063 1552 3100 cum
1602 3046 1803 3099 initium
1851 3047 2122 3116 accepisset

539 3141 816 3198 enarrandi
847 3157 936 3210 per
963 3139 1263 3204 Dominum,
1294 3137 1355 3190 ab
1380 3138 1449 3190 eis
1478 3137 1565 3206 qui
1611 3135 1884 3190 audierunt
1929 3137 1980 3188 in
2032 3153 2123 3190 nos

540 3235 847 3304 confirmata
902 3242 994 3285 est.
1053 3231 1163 3284 Cur
1221 3237 1426 3298 oportet
1481 3228 1836 3282 abundantius
1886 3229 2122 3282 animum

539 3325 799 3380 adhibere
826 3323 889 3377 iis
920 3339 1040 3392 qua:
1067 3320 1244 3374 audita
1273 3318 1438 3374 sunt?
1463 3329 1640 3373 annon
1682 3329 1736 3373 et
1782 3319 1867 3373 illa
1917 3330 1971 3373 et
2011 3322 2124 3374 hinc

539 3427 668 3473 sunt
698 3416 790 3471 Dei
812 3415 835 3468 ?
860 3417 965 3468 Aut
987 3429 1113 3482 ergo
1132 3411 1262 3467 dicit
1281 3409 1424 3481 quod
1445 3411 1802 3464 abundantius
1823 3426 1980 3479 quam
1998 3410 2120 3480 legi,

541 3507 797 3577 autquod
828 3518 1152 3575 magnopere
1178 3504 1248 3557 sit
1293 3503 1709 3568 attendendum;
1757 3518 1862 3558 non
1908 3519 2126 3570 compa-

542 3615 690 3665 rans,
719 3599 878 3654 absit.
909 3599 1038 3651 Nam
1065 3595 1316 3664 quoniam
1345 3595 1414 3648 ob
1441 3595 1658 3664 longum
1701 3605 1910 3664 tempus
1957 3595 2123 3648 habe-

541 3693 672 3747 bant
701 3704 944 3760 magnatn
975 3687 1041 3742 de
1067 3687 1244 3742 Veteri
1273 3686 1614 3742 TeSIamento
1640 3687 1980 3756 opinionem:
2011 3685 2126 3739 hac

541 3792 718 3839 autem
743 3790 1010 3849 tamquam
1041 3793 1175 3833 nova
1208 3777 1543 3833 habebantur
1571 3776 1918 3844 contemptui,
1945 3786 2124 3830 osten-

540 3875 618 3929 dit
641 3889 708 3928 εχ
734 3870 1058 3926 abundantia
1089 3869 1231 3939 quod
1263 3869 1346 3922 his
1388 3870 1558 3938 magis
1604 3867 1837 3920 animum
1869 3865 2125 3919 adhibere

540 3971 805 4033 Oportcat.
834 3959 1144 4028 Quomodo?
1181 3959 1572 4029 Propemodum
1601 3956 1784 4010 dicens
1811 3971 1828 4010 :
1857 3955 1948 4010 Dei
2003 3956 2123 4024 qni-

541 4056 667 4113 dem
691 4061 814 4106 sunt
840 4051 953 4106 hare
979 4061 1032 4105 et
1058 4051 1167 4113 illa,
1187 4051 1281 4106 sed
1306 4066 1408 4104 non
1430 4047 1700 4101 similiter.
1728 4045 1794 4099 Et
1816 4045 1917 4100 hoc
1939 4061 2122 4114 postea

542 4156 696 4211 nobis
726 4156 996 4220 ostendit;
1028 4153 1242 4210 interim
1279 4162 1456 4207 autem
1501 4151 1606 4203 hoc
1646 4149 1821 4203 minus
1866 4145 2128 4218 profunde

543 4247 794 4308 adstruit,
835 4258 1022 4317 postea
1049 4257 1226 4301 autem
1261 4243 1614 4305 manifestius,
1646 4242 1829 4296 dicens
1859 4259 1872 4296 :
1905 4239 2042 4294 Nam
2087 4238 2131 4292 si

541 4337 673 4390 illud
700 4338 840 4404 prius
865 4339 1017 4405 culpa
1046 4346 1304 4397 vacasset;
1331 4343 1386 4390 et
1417 4349 1629 4388 rursum
1658 4375 1671 4397 ,
1707 4332 1846 4385 Nam
1872 4331 2006 4397 quod
2032 4347 2130 4382 an-

544 4429 768 4498 tiquetur
792 4439 840 4482 et
868 4430 1114 4493 senescit,
1151 4437 1222 4481 est
1253 4443 1411 4498 prope
1439 4426 1699 4479 interitum
1742 4421 1934 4493 (Infra
1986 4423 2039 4476 8.
2075 4421 2128 4472 7.

544 4517 671 4588 15).
706 4519 812 4576 Sed
842 4521 1078 4576 nondum
1107 4519 1268 4575 audet
1289 4518 1580 4587 quidquam
1618 4514 1926 4586 lmjusmodi
1951 4513 2132 4569 dicere

545 4609 598 4663 in
628 4611 904 4679 prommiis
928 4654 942 4677 ,
973 4611 1146 4665 donec
1174 4610 1471 4663 auditorem
1505 4607 1745 4676 pluribus
1787 4619 2132 4674 praeoccupa-

545 4703 613 4756 rit
632 4712 686 4757 et
705 4705 952 4760 tenuerit.
981 4704 1088 4759 Cur
1107 4719 1236 4773 ergo
1265 4719 1360 4756 nos
1382 4707 1596 4770 oportet
1624 4700 1791 4769 magis
1817 4696 2134 4752 attendere?

547 4791 633 4846 Ne
661 4798 810 4864 forte,
840 4796 1027 4865 inquit,
1068 4794 1439 4863 pereﬂluamus.
1469 4791 1579 4845 Hoc
1607 4799 1707 4853 est,
1738 4805 1911 4859 neque
1941 4803 2132 4858 perea-

546 4901 701 4950 mus,
738 4902 913 4956 neque
963 4885 1297 4941 excidemus.
1343 4885 1407 4938 Et
1454 4883 1536 4938 hic
1585 4883 1820 4937 ostendit
1858 4897 2015 4951 quam
2064 4880 2133 4934 sit

545 4980 724 5048 gravis
753 4995 931 5046 casus,
965 4977 1217 5047 quoniam
1243 4985 1326 5030 est
1355 4975 1572 5030 difﬁcile
1599 4983 1655 5028 ut
1681 4973 1730 5029 id
1758 4973 1897 5044 quod
1925 4971 2134 5027 efﬂuxit

549 5081 870 5137 revertatur,
902 5068 1330 5141 quandoquidem
1361 5068 1462 5122 hoc
1483 5067 1677 5122 accidit
1701 5082 1764 5122 ex
1787 5065 2029 5121 socordia
2070 5081 2134 5121 ac

548 5162 890 5232 negligentia.
934 5161 1142 5214 Dictum
1188 5169 1362 5213 autem
1413 5159 1618 5228 accepit
1665 5172 1733 5212 ex
1777 5157 2130 5212 Proverbiis:

551 5251 659 5306 Fili
679 5292 692 5314 ,
737 5251 930 5321 inquit,
963 5267 1024 5304 ne
1048 5250 1311 5321 pereﬁluas
1345 5250 1363 5320 (
1394 5248 1546 5303 Prov.
1581 5251 1633 5304 5.
1660 5249 1722 5302 21
1752 5247 1770 5319 )
1797 5265 1812 5311 ;
1841 5247 2133 5302 ostendens

543 5354 597 5396 et
622 5357 782 5413 quam
813 5341 982 5396 facilis
1010 5341 1080 5395 sit
1105 5341 1304 5410 lapsus,
1328 5351 1382 5396 et
1421 5357 1581 5410 quam
1629 5340 1809 5410 gravis
1858 5339 2132 5394 interitus.

547 5433 661 5489 Hoc
685 5441 775 5486 est
797 5432 1064 5498 videlicet,
1100 5433 1243 5502 quod
1272 5449 1378 5488 non
1407 5434 1525 5487 sine
1557 5433 1798 5503 periculo
1840 5440 1926 5487 est
1951 5471 1968 5497 ,
2023 5446 2130 5484 non

548 5523 788 5578 obedire.
841 5524 907 5578 Et
953 5541 1050 5596 per
1079 5541 1139 5579 ea
1189 5526 1403 5597 quidem
1451 5542 1571 5596 qua:
1618 5524 1848 5580 adstruit
1895 5523 2133 5579 ostendit

551 5613 728 5681 majus
753 5627 874 5670 esse
902 5615 1244 5685 supplicium.
1273 5615 1449 5686 lpsum
1475 5624 1651 5669 autem
1695 5629 1881 5669 rursus
1913 5613 2134 5668 dimittit

552 5706 961 5775 inquirendum,
993 5726 1091 5765 nec
1134 5710 1424 5766 concludit.
1477 5710 1588 5764 lloc
1631 5715 1773 5764 cnim
1818 5718 1903 5762 est
1957 5709 2135 5763 minus

553 5798 831 5855 molestam
862 5799 1090 5873 reddere
1111 5801 1450 5868 orationem,
1489 5817 1594 5857 non
1624 5817 1686 5856 ex
1719 5815 1776 5856 se
1808 5799 2006 5871 ubique
2049 5801 2133 5854 in-

2225 487 2447 541 ferendo
2470 487 2753 557 judicium,
2782 490 2876 544 sed
2904 489 3256 560 relinquendo
3282 490 3335 545 in
3359 500 3621 563 potestate
3655 498 3808 552 audi-

2225 577 2379 642 toris,
2409 589 2467 632 ut
2491 577 2607 648 ipse
2632 579 2771 634 ferat
2796 581 3120 635 sententiam
3154 597 3168 634 :
3199 582 3344 652 quod
3373 585 3588 654 quidem
3631 587 3808 645 reddit

2229 670 2400 738 magis
2429 668 2776 724 benevolum.
2808 670 2920 726 Hoc
2952 671 3125 740 ipsum
3157 682 3334 728 autem
3365 674 3490 730 facit
3542 680 3703 732 etiam
3751 680 3806 734 in

2228 758 2411 814 Veteri
2438 759 2644 814 Nathan
2669 759 2950 830 propheta,
2981 771 3035 816 et
3057 761 3109 815 in
3134 761 3384 820 Matthaeo
3429 765 3672 822 Christus
3721 769 3805 823 di-

2223 867 2392 906 cens:
2427 852 2561 918 Quid
2585 853 2733 923 faciet
2778 854 3015 924 agricolis
3057 853 3199 908 illius
3241 856 3398 910 vinem
3439 857 3666 928 (Matth.
3715 860 3807 915 2|.

2225 943 2375 1014 ιον
2403 953 2457 999 ει
2490 945 2635 1014 ipsos
2681 960 2878 1016 cogens
2927 945 3068 1002 ferre
3117 949 3436 1002 sententiam
3468 967 3481 1004 :
3515 949 3616 1006 hoc
3661 952 3807 1006 enim

2219 1052 2300 1095 est
2323 1042 2556 1094 maxima
2583 1040 2820 1094 victoria.
2854 1040 3057 1096 Deinde
3086 1057 3208 1096 cum
3253 1041 3510 1108 dixisset,
3563 1042 3625 1098 Si
3665 1043 3803 1098 enim

2218 1133 2303 1201 qui
2331 1148 2420 1200 per
2446 1131 2652 1202 angelos
2682 1131 2848 1184 dictus
2873 1140 2947 1185 est
2971 1147 3157 1197 sermo,
3191 1135 3356 1202 factus
3377 1141 3449 1186 est
3474 1132 3674 1199 firmus,
3700 1148 3805 1186 non

2221 1224 2522 1292 subiunxit,
2547 1221 2712 1276 Multo
2739 1222 2907 1291 magis
2936 1232 3115 1277 autem
3146 1223 3192 1276 is
3217 1223 3304 1290 qui
3353 1237 3450 1292 per
3495 1221 3804 1288 Christum;

2221 1314 2316 1369 sed
2344 1315 2445 1369 hoc
2471 1313 2686 1384 quidem
2713 1312 2879 1379 misit,
2912 1311 3049 1367 dixit
3075 1321 3252 1368 autem
3285 1313 3426 1379 quod
3453 1324 3537 1368 est
3581 1315 3758 1368 minus
3789 1332 3806 1370 :

2225 1404 2495 1470 Quomodo
2524 1421 2615 1458 nos
2642 1402 2965 1474 eﬂ'ugiamus,
2991 1403 3036 1456 si
3077 1412 3271 1457 tantam
3316 1403 3688 1472 neglexerimus
3733 1419 3811 1457 sa-

2225 1497 2380 1550 lutem
2401 1497 2426 1549 1'
2454 1495 2588 1550 Vide
2615 1503 2795 1550 autem
2819 1495 3089 1563 quomodo
3125 1494 3287 1548 faciat
3324 1495 3804 1564 comparationem.

2227 1587 2288 1640 Si
2313 1587 2446 1640 enim
2467 1586 2554 1656 qui
2586 1601 2677 1653 per
2695 1583 2922 1654 angelos,
2947 1583 3140 1652 inquit,
3164 1582 3330 1638 dictus
3353 1593 3427 1638 est
3455 1599 3638 1639 sermo.
3673 1584 3807 1649 Illic,

2228 1675 2330 1730 Per
2351 1676 2593 1747 angelos;
2625 1676 2710 1728 hic
2737 1685 2938 1736 autem,
2972 1673 3072 1727 Per
3104 1673 3378 1728 Dominum
3410 1691 3430 1728 :
3453 1683 3510 1730 et
3550 1675 3656 1730 illic
3693 1676 3812 1744 qui-

2225 1767 2348 1823 dem
2377 1781 2590 1833 sermo;
2625 1765 2711 1820 hic
2739 1774 2915 1820 autem
2948 1765 3112 1819 salus.
3145 1764 3344 1820 Deinde
3375 1780 3442 1819 ne
3481 1764 3626 1819 dicat
3662 1763 3811 1834 quis-

2228 1859 2367 1929 piam
2401 1875 2414 1910 :
2443 1857 2621 1926 Quid?
2647 1871 2765 1926 qua:
2788 1865 2842 1910 ttt
2872 1855 3024 1922 dicis,
3056 1870 3087 1907 0
3110 1855 3273 1909 Paule
3291 1897 3306 1921 ,
3336 1871 3398 1910 ea
3425 1865 3548 1910 sunt
3573 1855 3810 1911 Christi?

2230 1959 2570 2020 praeoccupat
2596 1959 2649 2004 et
2679 1949 2783 2003 ﬁde
2809 1948 3024 2018 dignum
3060 1947 3109 2001 id
3137 1945 3406 2012 ostendit,
3458 1959 3514 2004 et
3561 1949 3704 2020 quod
3750 1965 3813 2004 ea

2228 2043 2296 2096 ab
2329 2042 2420 2096 illo
2448 2041 2745 2108 audiverit,
2777 2048 2834 2096 et
2862 2041 3005 2111 quod
3039 2056 3101 2096 ea
3133 2057 3273 2096 nunc
3301 2057 3332 2096 a
3366 2042 3482 2098 Deo
3524 2043 3772 2098 dicantur
3796 2085 3812 2109 ,

2230 2150 2337 2188 non
2386 2133 2560 2188 solum
2600 2147 2731 2188 voce
2783 2147 2878 2202 per
2920 2147 3101 2187 acrem
3150 2133 3380 2200 emissa,
3431 2135 3571 2188 sicut
3616 2135 3815 2190 factum

2229 2233 2313 2279 est
2355 2224 2405 2278 in
2445 2224 2620 2289 Mose,
2671 2222 2766 2278 sed
2817 2221 2984 2293 signis
3026 2237 3144 2293 qua:
3199 2223 3397 2278 ﬁebant
3440 2234 3492 2279 et
3523 2225 3684 2280 rebus
3734 2234 3817 2280 te-

2231 2318 2516 2372 stantibus.

2303 2410 2358 2464 4.
2389 2407 2526 2476 Quid
2551 2416 2726 2461 autem
2751 2415 2856 2472 est,
2888 2407 2948 2461 Si
2966 2407 3098 2460 enim
3120 2408 3206 2478 qui
3227 2425 3317 2478 per
3335 2409 3541 2479 angelos
3563 2410 3726 2463 dictus
3747 2419 3820 2463 est

2231 2517 2418 2564 sermo,
2445 2499 2613 2569 factus
2641 2508 2712 2552 est
2741 2497 2958 2565 ﬁrmus?
2989 2497 3044 2551 In
3076 2498 3308 2569 Epistula
3341 2517 3555 2571 quoque
3598 2502 3666 2557 ad
3708 2502 3819 2558 Ga-

2234 2593 2369 2647 latas
2397 2591 2476 2646 sic
2499 2589 2632 2644 dicit
2663 2607 2676 2644 :
2710 2587 2970 2658 Disposita
2997 2605 3086 2660 per
3112 2591 3320 2660 angelos
3360 2592 3414 2644 in
3445 2609 3599 2646 manu
3628 2594 3822 2647 media-

2234 2685 2396 2748 toris;
2422 2692 2477 2737 et
2500 2697 2708 2747 rursus,
2742 2682 3018 2751 Accepistis
3045 2683 3204 2753 legem
3229 2685 3283 2737 in
3309 2683 3644 2754 dispositione
3667 2703 3826 2758 ange-

2236 2777 2402 2830 lorum
2425 2815 2441 2841 ,
2467 2783 2514 2829 et
2535 2789 2637 2829 non
2663 2772 2970 2827 custodiistis
3002 2771 3146 2842 (Gal.
3177 2775 3232 2829 '5.
3262 2775 3347 2830 l9.
3401 2776 3512 2827 Act.
3543 2776 3594 2828 7.
3623 2775 3713 2846 55)
3735 2793 3748 2840 ;
3772 2785 3824 2831 et

2240 2868 2436 2938 ubique
2466 2880 2584 2920 eam
2618 2864 2749 2919 dicit
2792 2863 2906 2919 dari
2936 2879 3033 2935 per
3058 2866 3295 2935 angelos.
3331 2865 3581 2920 Nonnulli
3609 2867 3826 2936 quidem

2240 2960 2426 3015 dicunt
2450 2957 2688 3029 Moysen:
2722 2957 2884 3012 tacite
2923 2956 3251 3027 signiﬁcari;
3291 2959 3384 3012 sed
3415 2974 3522 3013 non
3571 2967 3656 3013 est
3697 2974 3831 3014 con-

2241 3064 2557 3109 sentaneum
2586 3067 2601 3106 :
2627 3052 2828 3106 multos
2855 3050 2997 3106 enim
3029 3051 3115 3104 hic
3141 3051 3274 3105 dicit
3303 3052 3546 3120 angelos.
3578 3051 3674 3108 llic
3697 3069 3831 3123 quo-

2243 3159 2348 3215 que
2396 3142 2617 3213 angelos
2657 3156 2752 3196 eos
2781 3141 2911 3194 dicit
2940 3141 3031 3210 qui
3073 3151 3197 3195 sunt
3240 3140 3295 3195 in
3348 3143 3500 3196 caelo.
3531 3140 3667 3209 Quid
3705 3161 3832 3214 ergo

2245 3236 2371 3291 est?
2399 3237 2506 3289 Aut
2529 3233 2846 3303 decalogum
2891 3231 3024 3286 dicit
3050 3233 3223 3287 solum
3259 3251 3272 3286 :
3307 3232 3419 3289 illic
3447 3236 3590 3290 enim
3624 3237 3833 3309 Moyses

2241 3337 2582 3408 loquebatur,
2614 3343 2669 3388 et
2711 3333 2851 3386 Deus
2893 3328 3256 3399 reSpondebat
3296 3337 3434 3382 :aut
3464 3331 3605 3396 quod
3646 3327 3826 3395 angeli

2243 3429 2494 3483 adessent
2521 3425 2634 3479 Deo
2658 3422 2880 3492 jubente
2909 3438 2921 3474 :
2952 3429 3045 3474 aut
3067 3420 3180 3474 haec
3195 3418 3327 3473 dicit
3346 3418 3414 3474 de
3437 3419 3686 3472 omnibus
3711 3433 3831 3487 qua:

2243 3517 2382 3572 dicta
2437 3524 2491 3570 et
2544 3513 2680 3568 facta
2728 3521 2850 3566 sunt
2902 3511 2952 3566 in
2980 3511 3185 3576 Veteri,
3233 3511 3376 3581 quod
3429 3510 3741 3564 societatem
3777 3510 3829 3563 in

2247 3608 2328 3660 his
2375 3604 2664 3659 habuerint
2713 3602 2910 3672 angeli.
2951 3602 3233 3669 Quomodo
3278 3611 3454 3656 autem
3499 3601 3632 3656 dicit
3679 3600 3824 3665 alibi,

2248 3699 2400 3768 Quod
2431 3699 2510 3751 lea:
2534 3697 2654 3749 data
2683 3697 2780 3765 fuit
2809 3711 2898 3765 per
2923 3694 3119 3750 Mosem
3148 3693 3326 3766 (Joan.
3364 3695 3416 3748 l.
3449 3694 3538 3757 l7)
3565 3735 3578 3758 ,
3613 3692 3698 3747 hic
3730 3709 3830 3746 au-

2245 3800 2348 3845 tem
2384 3802 2479 3858 per
2520 3787 2778 3857 angelos?
2813 3786 2941 3840 dicit
2977 3786 3162 3851 enim,
3199 3783 3265 3838 Et
3310 3783 3564 3838 descendit
3610 3782 3744 3836 Deus
3775 3784 3828 3836 in

2241 3880 2458 3950 caligine
2486 3876 2679 3949 (Exod.
2711 3877 2798 3931 l9.
2827 3877 2942 3947 20).
2975 3876 3033 3931 Si
3064 3877 3195 3928 enim
3217 3877 3301 3946 qui
3328 3891 3414 3940 per
3435 3875 3640 3945 angelos
3665 3875 3828 3926 dictus

2240 3979 2314 4024 est
2339 3985 2524 4033 sermo,
2555 3973 2719 4040 factus
2748 3978 2820 4021 est
2843 3969 3041 4034 ﬁrmus.
3067 3967 3206 4035 Quid
3236 3974 3338 4028 est,
3363 3963 3572 4019 Firmus
3589 3966 3614 4018 Ξ)
3632 3964 3823 4028 Verus,

2242 4071 2300 4116 ut
2323 4062 2395 4116 ita
2424 4061 2621 4128 dicam,
2653 4069 2708 4116 et
2735 4059 2904 4114 ﬁdelis
2936 4075 2951 4114 :
2986 4059 3038 4112 in
3063 4069 3306 4127 tempore
3331 4056 3674 4111 convenienti
3702 4071 3825 4110 eve-

2243 4164 2432 4209 nerunt
2473 4154 2649 4206 onmia
2686 4168 2804 4222 qure
2833 4151 2975 4206 dicta
3027 4159 3171 4204 sunt.
3226 4150 3334 4203 Aut
3378 4147 3479 4202 hoc
3521 4148 3680 4212 dicit;
3735 4155 3828 4200 aut

2239 4243 2379 4316 quod
2408 4245 2513 4298 vim
2543 4252 2597 4298 et
2628 4243 2959 4297 dominatum
2991 4241 3250 4305 obtinuit,
3293 4249 3342 4294 et
3385 4239 3542 4293 minre
3571 4238 3638 4292 ad
3683 4236 3828 4292 elle-

2239 4349 2384 4393 ctum
2409 4349 2534 4393 sunt
2564 4338 2839 4403 deductae;
2873 4346 2962 4392 aut
2991 4349 3297 4391 sermonem
3323 4333 3454 4388 dicit
3476 4333 3642 4400 jussa.
3664 4331 3825 4387 Multa

2238 4431 2379 4484 enim
2412 4429 2529 4484 sine
2551 4429 2667 4499 lege
2692 4429 2968 4498 jusserunt
2996 4427 3168 4496 angeli
3195 4439 3225 4478 a
3255 4424 3365 4478 Deo
3390 4424 3537 4478 missi
3567 4441 3580 4475 :
3610 4423 3747 4477 sicut
3769 4423 3826 4476 in

2239 4521 2357 4576 loco
2387 4522 2583 4588 luctus,
2614 4530 2855 4589 tempore
2877 4518 3126 4574 Judicum
3156 4517 3206 4570 in
3236 4515 3515 4571 SamSOne.
3543 4514 3673 4568 Nam
3705 4530 3826 4583 pro-

2239 4624 2418 4682 pterea
2451 4627 2556 4668 non
2588 4612 2756 4676 dixit,
2786 4610 2896 4665 Lex
2920 4653 2934 4675 ,
2969 4609 3062 4663 sed
3088 4649 3104 4674 ,
3135 4607 3336 4663 Sermo.
3368 4606 3493 4660 Mihi
3525 4616 3705 4659 autem
3738 4605 3824 4659 hic

2239 4705 2405 4773 magis
2436 4702 2574 4758 forte
2600 4704 2812 4759 videtur
2839 4701 3021 4756 dicere
3063 4715 3123 4754 ea
3150 4739 3166 4764 ,
3195 4715 3315 4768 qua:
3361 4709 3485 4754 sunt
3514 4697 3821 4767 dispensata

2239 4811 2333 4865 per
2361 4796 2597 4865 angelos.
2633 4794 2772 4862 Quid
2813 4807 2942 4863 ergo
2977 4791 3258 4846 dicemus?
3288 4789 3528 4846 Aderant
3561 4799 3687 4844 tunc
3723 4805 3820 4843 an-

2235 4889 2338 4960 geli
2369 4890 2564 4959 quibus
2595 4896 2721 4942 tunc
2748 4901 2882 4956 gens
2931 4886 3102 4939 fuerat
3147 4883 3350 4938 credita
3376 4925 3391 4950 ,
3429 4893 3482 4938 et
3529 4883 3627 4952 ipsi
3683 4882 3824 4937 tubis

2236 4982 2536 5046 canebant;
2567 4988 2622 5035 et
2651 4979 2755 5033 alia
2795 4977 3032 5044 edebant
3051 5019 3064 5038 ,
3095 4991 3290 5044 nempe
3317 4976 3492 5046 ignem
3517 5015 3530 5038 ,
3559 4983 3614 5029 et
3638 4973 3821 5043 Caligi-

2235 5089 2378 5130 nem.
2419 5072 2488 5126 Et
2515 5071 2679 5126 onmis
2705 5113 2719 5137 ,
2761 5070 2972 5140 inquit,
3021 5069 3371 5140 praevaricatio
3414 5078 3460 5120 et
3487 5067 3826 5121 inobedientia

2235 5166 2425 5236 accepit
2463 5167 2658 5235 justam
2686 5163 2929 5217 mercedis
2957 5161 3362 5217 retributionem.
3408 5160 3523 5215 Non
3561 5163 3674 5215 ha-c
3704 5159 3823 5229 qui—

2235 5257 2380 5322 dem,
2416 5257 2502 5310 illa
2527 5264 2706 5309 autem
2727 5269 3085 5324 nequaquam,
3114 5251 3210 5307 sed
3237 5253 3431 5307 omnis.
3463 5251 3604 5305 Nihil
3629 5250 3826 5305 mansit

2235 5349 2460 5402 inultum
2488 5389 2504 5415 ,
2549 5347 2642 5402 sed
2671 5347 2878 5417 Accepit
2895 5347 3093 5416 justam
3120 5345 3365 5399 mercedis
3404 5343 3780 5398 retributionem
3805 5385 3826 5411 ,

2233 5441 2286 5495 id
2315 5451 2418 5502 est.
2444 5439 2848 5510 castigationem
2878 5450 2930 5493 et
2959 5454 3194 5509 pinnam.
3221 5439 3328 5493 Cur
3349 5448 3532 5492 autem
3558 5437 3636 5492 sic
3659 5437 3819 5492 dixit!

2236 5532 2308 5586 Ita
2350 5533 2487 5586 solet
2526 5531 2720 5585 Paulus
2747 5529 3044 5585 dictionum
3077 5545 3183 5584 non
3211 5543 3460 5599 magnam
3489 5527 3690 5584 habere
3733 5542 3820 5582 ra-

2236 5626 2433 5678 tionem
2461 5667 2476 5690 ,
2509 5624 2603 5679 sed
2636 5624 3100 5679 indiscriminatim
3146 5623 3307 5678 etiam
3355 5623 3406 5675 in
3455 5621 3616 5677 rebus
3666 5621 3820 5676 bonis

2237 5732 2435 5789 ponere
2464 5732 2526 5771 ea
2556 5734 2675 5789 qua:
2706 5717 2902 5772 malam
2928 5717 3127 5773 habent
3155 5716 3606 5785 signiﬁcationem
3636 5733 3649 5769 :
3681 5715 3824 5770 sicut

2232 5811 2393 5868 etiam
2423 5811 2551 5868 dicit
2578 5811 2729 5878 alibi,
2763 5809 2826 5868 In
2849 5813 3189 5884 captivitatem
3213 5811 3494 5884 redigentes
3525 5827 3724 5866 omnem
3743 5812 3822 5864 in-
