4208 6454
408 389 484 446 53
1308 370 1375 427 IN
1412 367 1629 428 EPIST.
1674 367 1767 424 AD
1807 365 2173 422 uenumos.
2215 365 2368 422 CAP.
2416 364 2479 419 ιι.
2524 363 2754 420 nomn
2799 365 2889 421 Ill.
3678 365 3749 426 δι

413 488 761 560 iungentium
790 486 859 540 ad
885 485 1228 540 obediendum
1267 484 1470 539 Christo
1500 483 1576 554 (2.
1610 483 1731 538 Cor.
1752 484 1840 540 10.
1864 485 1940 556 5).
1972 485 2040 542 Et

408 596 613 638 rursus
642 580 776 636 alibi
803 577 1083 635 mercedis
1108 575 1524 633 retributionem
1553 576 1731 647 posuit
1756 591 1854 647 pro
1881 578 2038 645 puni-

408 676 599 742 tione;
628 684 689 731 et
719 673 812 731 hic
841 672 1172 744 supplicium
1200 678 1364 727 vocat
1392 669 1724 726 mercedem.
1757 668 1819 724 Si
1838 669 2038 741 justum

419 786 525 838 est,
554 773 755 840 inquit,
792 772 937 840 apud
972 770 1141 827 Deum
1171 772 1446 827 retribuere
1472 774 1537 826 iis
1561 774 1646 842 qui
1673 772 2031 829 uos‘tribulant

422 867 829 933 tribulationem,
845 875 893 922 et
910 865 1054 920 vobis
1074 865 1166 935 qui
1181 865 1497 919 tribulamiui
1511 866 1731 935 requiem
1747 863 1825 937 (2.
1845 865 2026 921 Thess.

418 960 468 1015 1.
495 959 576 1031 ἃ).
606 957 859 1025 Hocest,
891 972 999 1012 non
1043 966 1299 1028 corrupta
1340 966 1424 1012 est
1465 956 1695 1027 iustitia,
1742 956 1838 1012 sed
1887 956 2029 1013 Deus

406 1065 531 1104 eam
560 1057 651 1107 est
678 1058 1014 1119 exsequutus
1038 1089 1055 1115 ,
1085 1057 1139 1103 et
1178 1061 1371 1119 poenas
1398 1048 1672 1104 convertit
1716 1048 1768 1101 in
1814 1063 1909 1104 eos
1939 1048 2030 1118 qui

406 1148 821 1210 peccaverunt:
853 1140 1069 1195 etiamsi
1094 1153 1205 1195 non
1230 1140 1412 1193 omnia
1445 1147 1663 1209 peccata
1694 1139 1750 1221 in
1780 1150 2027 1211 apertum

408 1231 787 1302 proferantur,
817 1233 921 1287 nisi
952 1232 1063 1287 sint
1090 1231 1289 1287 violata
1319 1247 1382 1287 ea
1408 1247 1531 1302 qua:
1555 1240 1682 1287 sunt
1711 1231 2027 1288 constituta.

412 1325 694 1390 Quomodo
723 1340 846 1396 ergo
870 1366 887 1391 ,
913 1323 1106 1394 inquit,
1138 1340 1233 1379 nos
1252 1322 1557 1395 eﬁ'ugiemus
1579 1364 1593 1389 ,
1631 1324 1677 1379 si
1701 1333 1899 1378 tantam
1936 1341 2029 1378 ne-

405 1417 724 1487 glexerimus
763 1417 1033 1472 salutem?
1059 1416 1166 1472 Per
1196 1416 1311 1472 hate
1360 1416 1686 1488 signiﬁcavit
1725 1416 1871 1472 illam
1920 1432 2029 1471 non

408 1525 668 1581 magnam
700 1508 870 1564 fuisse
895 1510 1149 1566 salutem.
1176 1508 1409 1565 Pulchre
1439 1510 1605 1566 etiam
1627 1508 1856 1575 addidit,
1891 1508 2030 1563 Tan-

406 1614 535 1657 tam.
566 1601 687 1658 Non
717 1601 866 1658 enim
894 1642 911 1667 ,
952 1602 1164 1673 inquit,
1198 1616 1297 1657 nos
1337 1617 1483 1657 nunc
1521 1602 1760 1661 servabit
1787 1616 1816 1655 a
1849 1601 2027 1662 bellis,

405 1710 592 1767 neque
633 1694 903 1764 praebebit
943 1703 1144 1749 terram
1182 1704 1234 1748 et
1265 1694 1405 1749 bona
1435 1709 1554 1763 quae
1600 1693 1806 1748 suntin
1842 1703 2025 1761 terra;

403 1786 505 1842 sed
536 1785 735 1841 mortis
764 1786 871 1841 erit
894 1785 1125 1851 deletio,
1160 1785 1256 1841 sed
1284 1785 1488 1841 diaboli
1518 1785 1795 1853 interitus,
1825 1784 1921 1842 sed
1946 1802 2029 1841 re-

402 1894 578 1949 gnum
606 1878 905 1944 ctelorum,
936 1876 1032 1932 sed
1078 1878 1189 1931 vita
1234 1886 1458 1932 aeterna.
1497 1875 1627 1931 Haec
1661 1876 1805 1932 enim
1845 1876 2028 1931 omnia

401 1971 741 2043 compendio
776 1972 1036 2035 ostendit,
1062 1971 1256 2026 dicens
1280 2012 1295 2033 ,
1328 1971 1390 2026 Si
1416 1979 1613 2024 tantam
1658 1970 2028 2039 uegiexerimus

401 2066 653 2119 salutem.
684 2062 891 2118 Deinde
933 2062 1214 2132 subjunxit
1245 2062 1296 2117 id
1340 2063 1484 2133 quod
1528 2078 1640 2117 rem
1673 2062 1779 2118 fide
1809 2062 2026 2133 dignam

398 2155 577 2212 efficit
608 2174 622 2210 :
658 2154 786 2223 Quae
808 2172 929 2209 eum
960 2156 1163 2210 initium
1194 2155 1469 2225 accepisset
1498 2157 1777 2209 enarrandi
1807 2173 1898 2227 per
1919 2154 2030 2211 Do-

398 2250 632 2303 minum.
660 2248 777 2305 Hoc
802 2258 911 2315 est,
942 2249 1012 2303 ab
1050 2248 1168 2319 ipso
1196 2250 1344 2305 fonte
1385 2250 1596 2320 accepit
1644 2249 1854 2305 initium
1879 2265 1895 2304 :
1919 2266 2027 2306 non

398 2343 579 2398 homo
607 2358 729 2397 eam
756 2341 995 2398 traduxit
1025 2344 1078 2397 in
1111 2353 1311 2398 terram
1338 2385 1353 2408 ,
1400 2359 1508 2397 non
1540 2353 1720 2399 creata
1764 2351 2022 2414 potestas,

398 2436 502 2491 sed
538 2436 660 2505 ipse
685 2434 1027 2506 Unigenitus.
1069 2435 1146 2489 Ab
1172 2435 1249 2490 eis
1275 2436 1363 2505 qui
1386 2435 1680 2503 audierunt,
1712 2437 1766 2489 in
1790 2452 1881 2491 nos
1900 2452 2026 2490 cou-

403 2534 621 2600 ﬁrtnata
648 2539 743 2585 est.
774 2529 914 2596 Quid
949 2530 1053 2585 sibi
1079 2529 1195 2585 vult
1232 2529 1383 2594 illud,
1414 2529 1729 2599 Confirmata
1753 2529 1868 2583 est?
1892 2527 2029 2584 Cre-

397 2622 519 2678 dita
551 2622 676 2689 fuit,
702 2622 1035 2677 antevenit:
1062 2636 1186 2676 nam
1218 2620 1512 2686 Habemus,
1536 2621 1737 2692 inquit,
1760 2620 1976 2676 arrham
2009 2638 2025 2677 :

398 2723 514 2777 hoc
540 2732 650 2787 est,
680 2735 791 2775 non
833 2727 919 2775 est
946 2718 1237 2787 exstincta,
1280 2733 1388 2774 non
1416 2717 1581 2773 desiit
1606 2759 1621 2786 ,
1655 2716 1751 2773 sed
1777 2716 2027 2772 domina-

402 2823 524 2868 tum
554 2812 770 2867 obtinet
795 2819 851 2866 et
879 2818 1123 2881 superat.
1151 2808 1325 2866 Causa
1342 2817 1523 2865 autem
1544 2812 1632 2865 est
1654 2808 1835 2864 divina
1859 2807 2029 2864 virtus

401 2920 529 2975 quae
556 2912 843 2973 operatur.
873 2902 1016 2971 Quid
1046 2902 1316 2973 signiﬁcat
1342 2901 1474 2956 illud
1496 2942 1512 2969 ,
1543 2900 1619 2955 Ab
1645 2900 1710 2956 iis
1736 2900 1823 2972 qui
1850 2899 2030 2955 audie-

399 2996 707 3053 runtﬂloc
733 3004 854 3063 est,
899 2995 935 3049 ii
972 2995 1063 3065 qui
1096 3010 1126 3048 a
1156 2995 1384 3049 Domino
1426 2994 1755 3062 audierunt,
1799 2992 1900 3064 ipsi
1931 3007 2030 3047 nos

399 3091 830 3148 confirmarunt.
852 3089 1108 3160 Magnum
1142 3097 1228 3144 est
1254 3087 1358 3143 hoc
1386 3097 1443 3143 et
1468 3087 1573 3143 fide
1603 3086 1845 3159 dignum.
1874 3086 2029 3155 Quod

400 3184 629 3257 quidem
658 3183 835 3239 Lucas
854 3196 1069 3254 quoque
1095 3182 1230 3238 dicit
1258 3181 1313 3236 in
1342 3181 1497 3236 initio
1525 3180 1802 3252 Evangelii
1834 3199 1846 3236 :
1876 3181 2031 3238 Sicut

402 3276 737 3330 tradiderunt
767 3274 910 3329 nobis
931 3273 1023 3345 qui
1057 3272 1118 3326 ab
1146 3273 1293 3327 initio
1322 3272 1422 3343 ipsi
1450 3272 1704 3339 uiderunt,
1737 3282 1783 3327 et
1812 3273 2031 3329 ministri

404 3374 621 3443 fuerunt
648 3368 900 3423 sermonis
932 3366 1087 3441 (Luc.
1118 3368 1172 3422 1.
1201 3366 1279 3437 2).
1305 3367 1592 3434 Quomodo
1620 3382 1750 3438 ergo
1773 3367 1871 3423 fuit
1894 3384 2030 3424 con-

404 3466 624 3519 firmata
646 3463 671 3515 ?
696 3463 835 3531 Quid
867 3464 910 3515 si
944 3461 980 3516 ii
1011 3462 1102 3531 qui
1132 3459 1461 3528 audierunt,
1496 3461 1691 3532 inquit,
1721 3460 2031 3518 ﬁnxerunt?

405 3556 527 3611 Hoc
555 3571 690 3625 ergo
718 3553 941 3614 refellit.
967 3563 1023 3608 ct
1050 3552 1285 3608 ostendit
1315 3568 1419 3606 non
1452 3567 1574 3608 esse
1598 3552 1886 3607 humanam
1914 3568 2030 3624 gra-

404 3661 563 3724 tiam,
600 3666 659 3713 et
685 3656 966 3728 subiunxit
999 3672 1016 3711 :
1046 3656 1103 3712 4.
1132 3655 1458 3710 Conteslante
1478 3652 1609 3708 Deo.
1652 3650 1839 3722 Neque
1882 3649 2026 3706 enim

405 3753 453 3807 si
483 3751 780 3806 finxissent
803 3792 818 3816 ,
849 3750 995 3805 Deus
1035 3748 1149 3804 illis
1176 3747 1552 3804 testimonium
1592 3745 1826 3801 tulisset.
1850 3742 2031 3798 Testi-

404 3846 666 3900 monium
695 3843 915 3915 quidem
945 3843 1023 3898 illi
1057 3841 1258 3909 ferunt,
1291 3840 1396 3896 fert
1434 3848 1615 3895 autem
1650 3839 1793 3893 Deus
1820 3849 2034 3907 quoque

408 3942 817 3998 testimonium.
852 3938 1142 4008 Quomodo
1180 3938 1286 3993 fert
1323 3934 1731 3993 testimonium?
1768 3932 1886 3988 Non
1915 3945 2033 3986 ser-

408 4050 605 4099 mone,
641 4048 823 4104 neque
852 4048 985 4088 voce
1015 4049 1032 4094 ;
1067 4046 1190 4087 nam
1235 4040 1382 4086 esset
1420 4029 1636 4101 quidem
1682 4027 1787 4082 hoc
1821 4039 2037 4096 quoque

409 4127 720 4192 credibile;
756 4126 851 4180 sed
895 4123 1210 4196 quomodo?
1239 4123 1417 4195 Signis
1461 4130 1506 4175 et
1538 4120 1783 4192 portentis
1809 4127 1853 4173 et
1886 4116 2039 4171 variis

406 4221 719 4277 uirtutibus.
746 4220 982 4277 Pulchre
1010 4219 1189 4291 posuit
1212 4217 1369 4284 illud,
1412 4216 1578 4271 Variis
1599 4215 1888 4276 virtutibus,
1914 4226 2042 4283 gra-

413 4317 690 4372 tuitorum
758 4313 1031 4369 donorum
1107 4326 1204 4368 seu
1272 4310 1659 4366 charismatum
1733 4304 2042 4376 significans

414 4409 818 4465 abundantiam
854 4424 870 4467 :
902 4406 1046 4479 quod
1074 4405 1293 4476 quidem
1337 4419 1442 4459 non
1490 4401 1686 4457 factum
1720 4408 1803 4455 est
1842 4398 1893 4452 in
1935 4397 2044 4467 pri-

413 4503 614 4557 oribus
642 4544 658 4568 ,
704 4515 882 4571 neque
904 4510 985 4555 tot
1025 4500 1177 4570 signa
1206 4508 1262 4553 et
1294 4507 1401 4551 tam
1433 4493 1759 4550 diﬂerentia.
1797 4492 1907 4547 Hoc
1937 4500 2041 4557 est,

415 4596 544 4652 Non
579 4605 791 4651 temere
819 4609 882 4649 ac
905 4593 1102 4649 leviter
1128 4592 1235 4648 illis
1264 4590 1619 4652 credidimus,
1653 4586 1749 4642 sed
1778 4601 1871 4654 per
1893 4583 2043 4653 signa

417 4702 477 4748 et
506 4698 791 4762 portenta.
820 4687 1186 4758 Quamobrem
1209 4701 1315 4741 non
1345 4685 1451 4741 illis
1471 4683 1764 4749 credimus,
1788 4679 1884 4735 sed
1912 4679 2043 4734 Deo.

422 4784 495 4840 Et
530 4784 770 4852 Spiritus
799 4782 965 4837 sancti
1004 4780 1451 4835 distributionibus
1477 4776 1758 4832 secundant
1788 4791 1933 4830 suam
1962 4790 2049 4827 vo-

423 4879 711 4932 luntatem.
741 4873 881 4942 Quid
912 4872 1057 4944 quod
1083 4882 1137 4927 et
1164 4870 1591 4942 prmstigiatores
1621 4867 1772 4939 signa
1807 4865 2011 4921 faciunt
2032 4906 2046 4928 ,

420 4978 481 5025 et
507 4966 689 5023 .ludzci
714 4982 836 5021 eum
863 4966 914 5019 in
943 4963 1249 5019 Beelzebub
1282 4961 1536 5018 dicebant
1556 4960 1755 5030 ejicere
1785 4956 2051 5013 daemonia

423 5059 591 5129 (Luc.
624 5057 679 5110 11
698 5099 711 5111 ,
741 5056 872 5127 15)?
893 5055 1001 5111 Sed
1030 5069 1138 5109 non
1172 5053 1379 5109 faciunt
1401 5050 1666 5122 ejusmodi
1706 5049 1858 5120 signa
1889 5065 1905 5103 :
1930 5063 2053 5116 pro-

424 5165 627 5226 pterea
660 5150 836 5214 dixit,
879 5149 1052 5205 Variis
1103 5147 1394 5203 virtutibus.
1449 5145 1542 5200 Illa
1583 5144 1726 5199 enim
1778 5158 1883 5197 non
1929 5150 2056 5197 sunt

424 5249 611 5298 virtus
661 5251 715 5297 et
768 5243 1053 5313 potentia,
1104 5241 1197 5297 sed
1248 5239 1633 5304 imbecillitas,
1688 5236 1783 5292 sed
1825 5236 1963 5290 visio
1994 5250 2057 5289 ac

429 5337 727 5408 phantasia
773 5345 831 5391 et
876 5351 963 5390 res
1008 5335 1219 5391 inanes.
1271 5320 1567 5404 Propterea
1614 5330 1782 5397 dixit,
1833 5329 2058 5398 Spiritus

427 5429 610 5485 sancti
639 5428 1084 5481 distributionibus
1113 5425 1395 5481 secundum
1422 5441 1569 5478 suam
1598 5422 1933 5477 voluntatem.

510 5521 570 5577 5.
597 5518 695 5573 the
718 5518 849 5572 mihi
872 5517 1090 5573 videtur
1109 5516 1271 5572 etiam
1292 5514 1493 5585 aliquid
1512 5513 1655 5569 aliud
1673 5510 2019 5569 subindicare
2043 5526 2057 5564 :

429 5622 524 5669 est
552 5610 705 5666 enim
728 5608 1032 5665 verisimile
1059 5624 1166 5664 non
1199 5623 1320 5663 esse
1351 5608 1463 5663 illic
1485 5607 1684 5662 multos
1710 5605 1800 5677 qui
1824 5603 2064 5659 habeant

430 5703 816 5767 charismata;
867 5717 934 5758 ea
974 5713 1155 5757 autem
1185 5700 1487 5765 defecisse,
1536 5708 1723 5771 utpote
1760 5697 1903 5770 quod
1937 5696 2063 5752 iacti

430 5806 637 5854 essent
666 5794 772 5867 ipsi
801 5795 1141 5851 hebetiores.
1181 5793 1251 5849 Ut
1280 5808 1409 5864 ergo
1435 5808 1532 5849 eos
1560 5802 1615 5847 et
1646 5792 1697 5847 in
1742 5791 1843 5846 hoc
1864 5804 2064 5847 conso-

433 5894 615 5963 letur,
647 5899 705 5948 ct
736 5904 853 5947 non
892 5886 1043 5945 sinat
1080 5886 1241 5959 dejici
1270 5886 1478 5957 animo,
1523 5902 1692 5950 totum
1743 5881 2066 5961 tribuitbei

2134 473 2365 529 consilio
2397 493 2410 529 :
2445 475 2563 546 Ipse
2586 477 2729 531 enim
2760 478 2929 542 novit,
2958 477 3150 550 inquit,
3176 481 3301 551 quid
3330 483 3524 554 cuique
3547 485 3734 541 confc-

2136 577 2241 634 rat,
2270 576 2326 622 et
2347 567 2416 621 ita
2439 568 2665 637 gratiam
2693 569 2985 624 distribuit.
3012 571 3165 640 Quod
3189 574 3404 641 quidem
3429 573 3553 630 facit
3574 577 3736 633 etiam

2137 657 2191 712 in
2221 657 2447 726 epistola
2474 658 2539 713 ad
2567 659 2879 715 Corinthios
2909 662 3097 717 dicens
3128 681 3142 718 :
3180 663 3319 719 Deus
3350 667 3517 733 posuit
3548 684 3739 721 unum-

2135 766 2381 820 quemque
2396 760 2623 806 nostrum
2643 752 2771 807 sicut
2794 752 2990 821 voluit;
3017 764 3073 809 et
3090 772 3297 822 rursus,
3333 757 3620 831 Unicuique
3649 778 3742 814 au-

2136 849 2236 895 tem
2277 842 2622 913 manifestatio
2647 844 2877 913 Spiritus
2898 847 3051 900 datur
3069 848 3138 900 ad
3156 850 3443 915 utilitatem,
3464 852 3742 905 secundum

2135 932 2249 1003 ejus
2285 932 2596 989 voluntatem
2626 934 2722 1008 (1.
2768 934 2889 991 Cor.
2922 937 3012 993 12.
3060 940 3148 995 18.
3180 938 3267 1012 7).
3313 941 3565 1000 Ostendit
3589 944 3730 1014 quod

2131 1032 2399 1088 charisma
2431 1042 2516 1088 est
2548 1048 2615 1088 ex
2643 1034 2922 1092 voluntate
2948 1036 3146 1090 Patris.
3175 1036 3331 1106 Smpe
3358 1048 3538 1094 autem
3568 1042 3733 1095 etiam

2137 1132 2360 1199 prppter
2389 1123 2555 1179 vitam
2599 1126 2930 1181 immundam
2970 1137 3024 1182 et
3068 1130 3347 1184 socordem
3388 1146 3453 1187 ac
3484 1133 3731 1202 ignavam

2133 1202 2287 1272 multi
2335 1233 2442 1271 non
2488 1228 2817 1289 acceperunt
2856 1220 3126 1276 charisma
3167 1240 3183 1277 :
3231 1239 3631 1297 nonnumquam
3678 1236 3735 1283 et

2131 1310 2223 1381 qui
2251 1310 2449 1365 bonam
2478 1310 2681 1367 habent
2710 1314 2873 1368 vitam
2902 1324 2957 1369 et
2996 1330 3208 1385 puram,
3243 1332 3351 1372 non
3382 1327 3730 1388 acceperunt.

2132 1400 2313 1470 Quare
2339 1401 2362 1456 ?
2402 1401 2481 1457 Ne
2507 1404 2843 1474 superbiant,
2877 1421 2946 1461 ne
2975 1406 3357 1476 intumescant,
3400 1425 3467 1464 ne
3493 1410 3621 1465 ﬁant
3646 1426 3737 1466 se-

2132 1496 2372 1566 gniores,
2415 1510 2485 1551 ne
2523 1498 2641 1566 plus
2681 1514 2840 1569 quam
2888 1515 2985 1571 par
3024 1502 3096 1556 sit
3137 1505 3487 1561 extollantur.
3528 1505 3661 1560 Nam
3691 1506 3739 1562 si

2135 1589 2297 1643 etiam
2339 1588 2544 1660 absque
2566 1589 2898 1652 charismate
2937 1594 3051 1662 ipsa
3081 1610 3229 1665 pura:
3250 1597 3373 1651 vitae
3402 1600 3735 1654 conscientia

2135 1680 2335 1737 sufﬁcit
2362 1683 2429 1737 ad
2457 1684 2826 1741 extollendum
2862 1702 2877 1742 :
2908 1688 3079 1741 multo
3104 1690 3291 1760 magis,
3326 1692 3544 1762 quando
3576 1693 3739 1748 etiam

2135 1773 2293 1830 adest
2316 1775 2505 1846 gratia.
2532 1775 2895 1844 Quamobrem
2923 1781 3095 1851 magis
3124 1782 3391 1838 dabantur
3413 1784 3740 1841 charismata

2138 1864 2435 1922 humilibus
2480 1877 2536 1923 et
2579 1868 2961 1939 simplicibus;
2992 1882 3048 1929 et
3090 1876 3323 1930 maxime
3362 1878 3740 1948 simplicibus:

2140 1973 2265 2013 nam
2314 1957 2380 2012 In
2428 1960 2788 2031 simplicitate,
2840 1964 3052 2035 inquit,
3098 1975 3146 2021 et
3197 1969 3532 2024 exsultatione
3577 1972 3746 2026 cordis

2138 2049 2278 2123 (Act.
2301 2050 2355 2104 2.
2384 2050 2505 2123 46).
2535 2052 2649 2108 Hac
2668 2054 2813 2109 enim
2843 2057 3054 2113 ratione
3077 2059 3224 2129 ipsos
3245 2062 3415 2132 magis
3440 2072 3523 2118 est
3546 2064 3746 2121 exhor-

2142 2151 2307 2208 tatus,
2328 2152 2384 2199 et
2410 2144 2455 2199 si
2477 2154 2632 2200 erant
2653 2148 2929 2217 segniores
2947 2161 3002 2204 et
3027 2151 3473 2223 negligentiores,
3502 2157 3742 2226 pupugit.

2144 2235 2372 2291 llumilis
2398 2239 2565 2301 enim,
2593 2248 2648 2293 et
2673 2242 2763 2309 qui
2809 2256 2874 2297 ex
2899 2243 3205 2311 phantasia,
3237 2262 3429 2318 magna
3459 2249 3528 2304 de
3552 2264 3612 2305 se
3638 2268 3747 2307 non

2143 2330 2521 2400 apprehendit,
2538 2330 2592 2385 lit
2609 2332 2916 2403 diligentior
2927 2345 2983 2391 et
3002 2338 3215 2404 melior,
3234 2342 3450 2411 quando
3481 2343 3751 2400 charisma

2145 2424 2716 2494 acceperit,tamquam
2742 2427 2831 2498 qui
2856 2437 3049 2497 praeter
3064 2428 3380 2501 dignitatem
3402 2436 3628 2505 accepit,
3649 2452 3753 2491 nec

2147 2528 2208 2569 se
2227 2515 2500 2570 existimat
2516 2530 2641 2572 esse
2660 2517 3005 2590 dignumzqui
3026 2538 3157 2577 vero
3175 2524 3448 2581 existimat
3473 2542 3531 2582 se
3549 2528 3751 2598 aliquid

2148 2608 2394 2679 praeclari
2435 2608 2651 2678 fecisse,
2699 2611 2753 2667 id
2793 2612 2895 2668 sibi
2941 2614 3184 2671 debitum
3223 2627 3391 2687 putat,
3418 2629 3477 2675 et
3515 2620 3750 2676 inflatur.

2148 2701 2511 2770 Quamobrem
2540 2703 2682 2759 Deus
2698 2704 2804 2761 hoc
2823 2706 3029 2763 utiliter
3042 2708 3336 2779 dispensat.
3358 2712 3515 2781 Quod
3536 2715 3752 2786 quidem

2149 2793 2351 2849 videris
2378 2797 2540 2850 etiam
2566 2796 2807 2853 invenire
2828 2798 2880 2853 in
2913 2798 3156 2856 Ecclesia
3189 2819 3203 2859 :
3228 2818 3353 2859 nam
3377 2805 3514 2859 alius
3536 2805 3753 2875 quidem

2150 2887 2314 2945 habet
2341 2903 2651 2947 sermonem
2686 2894 3149 2950 accommodatum
3179 2896 3247 2953 ad
3269 2897 3595 2963 docendum,
3618 2901 3758 2957 alius

2151 2990 2330 3038 autem
2362 2997 2463 3037 nec
2491 2992 2671 3054 potest
2694 2999 2756 3040 os
2791 2987 3025 3056 aperire.
3061 2988 3232 3045 Nemo
3264 2992 3426 3062 igitur
3472 3003 3757 3065 propterea

2151 3075 2339 3130 dolore
2351 3073 2616 3131 afficiatur
2635 3095 2648 3133 :
2672 3074 2953 3149 Unicuique
2963 3081 3095 3135 enim
3108 3081 3262 3136 datur
3274 3085 3620 3155 manifestatio
3632 3086 3761 3152 Spi-

2153 3168 2281 3223 ritus
2294 3167 2363 3221 ad
2384 3169 2653 3225 utilitatem
2680 3170 2755 3241 (1.
2775 3172 2893 3225 Cor.
2917 3171 3003 3226 12.
3021 3173 3097 3243 7).
3121 3172 3253 3229 Nam
3272 3177 3315 3230 si
3338 3176 3499 3232 homo
3524 3178 3759 3247 paterfa-

2156 3261 2335 3315 milias
2362 3261 2512 3315 novit
2552 3261 2679 3332 quid
2709 3263 2905 3334 cuique
2942 3264 3136 3330 tradat,
3172 3268 3344 3323 multo
3375 3271 3545 3340 magis
3584 3271 3757 3336 Dens,

2156 3354 2246 3424 qui
2278 3355 2381 3408 scit
2418 3364 2654 3410 mentem
2702 3357 2979 3411 hominum
3000 3400 3017 3425 ,
3066 3360 3157 3429 qui
3209 3364 3358 3416 novit
3388 3365 3568 3419 omnia
3595 3364 3764 3436 prius-

2155 3462 2318 3516 quam
2345 3456 2461 3501 orta
2478 3447 2606 3502 sint.
2632 3447 2807 3504 Unum
2829 3460 2915 3505 est
2931 3451 3109 3507 solum
3132 3452 3201 3509 de
3220 3469 3328 3525 quo
3355 3458 3549 3513 merito
3566 3468 3648 3513 est
3675 3458 3765 3513 do-

2162 3537 2415 3605 lendum,
2449 3554 2644 3609 nempe
2667 3551 2985 3610 peccatum;
3018 3544 3154 3600 nihil
3184 3556 3363 3603 autem
3389 3550 3553 3606 aliud.
3582 3551 3663 3606 Ne
3688 3552 3765 3606 di-

2162 3646 2253 3686 cas
2276 3649 2289 3687 :
2309 3631 2417 3687 Cur
2437 3647 2544 3687 non
2566 3631 2741 3689 habeo
2764 3635 3051 3704 pecunias?
3073 3648 3182 3703 aut,
3208 3639 3265 3695 Si
3288 3639 3564 3708 haberem,
3579 3642 3763 3699 darem

2165 3724 2509 3795 pauperibus.
2537 3724 2727 3780 Nescis
2765 3741 2857 3793 an,
2884 3728 2930 3783 si
2961 3726 3191 3786 haberes
3210 3773 3225 3797 ,
3258 3733 3429 3803 magis
3460 3748 3612 3789 esses
3637 3750 3765 3789 ava-

2169 3831 2258 3871 rus
2283 3831 2298 3881 ;
2332 3831 2473 3871 nunc
2500 3817 2645 3871 enim
2676 3817 2791 3872 htec
2816 3817 2971 3886 dicis,
3002 3820 3097 3875 sed
3128 3822 3173 3875 si
3201 3822 3278 3877 rei
3306 3824 3526 3880 fecisses
3558 3827 3767 3894 pericu-

2170 3913 2303 3974 lum.
2328 3928 2478 3969 esses
2504 3913 2664 3969 alius.
2691 3915 2822 3971 Nam
2850 3921 3013 3973 etiam
3037 3921 3256 3991 quando
3282 3923 3542 3983 fuerimus
3566 3930 3768 3995 satiati,

2165 4006 2536 4061 (existimamus
2561 4022 2661 4063 nos
2687 4024 2851 4079 posse
2872 4010 3120 4080 jejuuare
3152 4034 3164 4068 :
3198 4015 3415 4084 quando
3437 4028 3617 4073 autem
3647 4036 3773 4091 par-

2166 4114 2292 4152 vum
2324 4098 2695 4155 intercesserit
2730 4102 2962 4170 spatium
2984 4144 2999 4168 ,
3031 4103 3134 4157 alia
3177 4119 3279 4158 nos
3308 4106 3452 4162 subit
3489 4110 3768 4178 cogitatio.

2166 4189 2400 4252 Rursus,
2421 4189 2637 4260 quando
2666 4190 2932 4246 fuerimus
2953 4202 3105 4249 extra
3124 4194 3464 4265 ebrietatem,
3493 4200 3772 4256 existinm-

2168 4298 2289 4337 mus
2320 4299 2417 4338 nos
2447 4299 2605 4353 posse
2648 4286 2750 4339 hoc
2782 4287 2971 4342 vitium
3004 4305 3262 4359 superare
3300 4310 3314 4346 :
3345 4296 3562 4363 quando
3586 4311 3767 4354 autem

2165 4389 2226 4429 ea
2256 4390 2356 4431 nos
2388 4377 2615 4447 ceperit,
2654 4395 2759 4432 non
2788 4380 2993 4449 utique.
3026 4380 3103 4436 Ne
3143 4382 3321 4449 dieas,
3343 4387 3447 4442 Cur
3468 4403 3573 4443 non
3609 4390 3769 4447 habui

2163 4468 2432 4523 charisma
2460 4485 2555 4525 seu
2586 4472 2815 4541 gratiam
2843 4472 3073 4528 docendi
3104 4475 3125 4527 ?
3156 4476 3199 4530 si
3225 4475 3503 4545 haberem,
3532 4482 3771 4537 mdiﬁca—

2168 4576 2281 4617 rem
2307 4562 2749 4620 innumerabiles.
2781 4564 2997 4632 Nescis,
3027 4568 3071 4621 si
3100 4567 3358 4637 haberes,
3384 4587 3511 4627 num
3538 4574 3591 4628 id
3623 4586 3771 4632 esset

2166 4655 2263 4710 tibi
2293 4656 2344 4709 in
2377 4656 2663 4724 judicium,
2708 4675 2833 4713 num
2864 4659 3084 4723 invidia,
3129 4679 3256 4718 num
3290 4666 3500 4736 pigritia
3524 4667 3772 4725 efficeret

2166 4755 2224 4803 ut
2252 4747 2513 4802 talentum
2536 4749 2921 4807 abseouderes.
2942 4752 3118 4824 Atque
3144 4770 3287 4810 nunc
3307 4757 3521 4827 quidem
3546 4774 3606 4815 es
3634 4760 3772 4817 liber

2166 4841 2234 4895 ab
2258 4840 2343 4895 his
2372 4842 2643 4907 omnibus,
2676 4861 2774 4899 nec
2803 4845 2847 4899 si
2880 4844 3136 4903 frumenti
3169 4864 3275 4904 non
3305 4850 3522 4907 dederis
3553 4869 3772 4909 mensu-

2167 4949 2281 4988 ram
2307 4974 2323 5000 ,
2374 4933 2468 4988 tibi
2511 4934 2669 4989 datur
2706 4936 2836 4991 vitio
2876 4956 2887 4991 :
2931 4949 3057 4994 tunc
3101 4950 3279 4997 autem
3310 4958 3460 4999 esses
3497 4944 3770 5004 obnoxius

2167 5026 2668 5080 innumerabilibus.
2697 5027 2954 5099 Alioquin
2982 5039 3159 5085 autem
3186 5047 3286 5086 nec
3313 5049 3455 5089 nunc
3473 5049 3533 5089 es
3557 5035 3770 5092 alienus

2166 5133 2194 5170 a
2225 5117 2575 5175 charismate.
2609 5120 2848 5176 Ostende
2877 5124 2933 5176 in
2963 5139 3131 5193 parvo
3155 5125 3331 5195 qualis
3360 5142 3531 5196 esses,
3560 5132 3604 5184 si
3634 5132 3766 5189 illud

2168 5209 2398 5267 haberes
2425 5229 2437 5265 :
2469 5211 2529 5267 Si
2551 5214 2719 5280 enim,
2754 5215 2946 5286 inquit,
2973 5217 3028 5271 in
3058 5234 3215 5285 parvo
3244 5220 3420 5289 ﬁdeles
3441 5240 3542 5277 non
3571 5226 3766 5296 fuistis,

2165 5303 2421 5371 quomodo
2450 5303 2588 5373 quod
2616 5322 2858 5376 maguum
2898 5317 2972 5361 est
3010 5308 3150 5364 vobis
3200 5310 3339 5366 dabit
3376 5314 3564 5387 aiiquis
3590 5316 3766 5389 (Luc.

2168 5394 2256 5448 16.
2300 5394 2451 5466 ll)?
2492 5394 2731 5455 Ostende
2780 5396 2921 5453 sicut
2961 5399 3122 5457 vidua
3167 5419 3182 5457 :
3224 5403 3313 5459 illa
3359 5405 3590 5464 habebat
3628 5411 3769 5468 duos

2167 5487 2378 5551 obolos,
2408 5497 2461 5543 et
2490 5498 2661 5543 totum
2691 5490 2835 5559 quod
2868 5491 3054 5550 habuit
3085 5496 3327 5552 immisit.
3357 5500 3568 5567 Quatris
3595 5518 3763 5574 pecu-

2168 5580 2339 5635 nias?
2377 5580 2605 5637 ostende
2648 5582 2790 5653 quod
2830 5600 3029 5656 paucas
3067 5587 3367 5659 deSpicias,
3404 5602 3461 5648 ut
3496 5596 3659 5651 etiam
3703 5597 3772 5655 de

2168 5671 2353 5727 multis
2371 5672 2466 5729 tibi
2489 5674 2707 5730 credam
2738 5693 2750 5730 :
2775 5677 2819 5732 si
2842 5688 3022 5735 autem
3052 5697 3120 5737 ne
3144 5681 3242 5740 has
3268 5685 3486 5756 quidem
3509 5688 3770 5761 despicis,

2169 5763 2340 5820 multo
2369 5765 2541 5837 magis
2580 5781 2684 5824 nec
2723 5768 2864 5825 illas.
2900 5771 3109 5829 Rursus
3153 5776 3207 5830 in
3256 5792 3511 5837 sermone
3538 5786 3773 5841 ostende

2171 5865 2222 5915 te
2252 5868 2399 5916 recte
2428 5874 2584 5917 usum
2617 5874 2740 5918 esse
2768 5858 3140 5923 admonitione
3166 5878 3216 5924 et
3249 5872 3496 5929 Consilio.
3530 5874 3642 5929 Non
3675 5876 3771 5930 ha-
