4208 6468
537 386 610 442 55
1307 389 1366 444 S.
1406 381 1682 442 JOANNIS
1720 367 2188 434 CilRYSOSTOMI
2229 363 2544 424 ARCIIIEP.
2585 364 3118 422 CONSTANTINOP.
3749 356 3822 414 δίς

523 502 622 554 lies
646 504 927 549 externam
960 489 1260 546 facundiam
1289 493 1312 542 Υ
1340 504 1444 541 non
1477 487 1572 540 tibi
1595 487 1795 540 affattm
1823 497 2112 556 suppetunt

519 601 718 641 sensus
745 595 804 640 et.
832 584 1112 640 sententiae
1136 583 1159 635 ?
1186 579 1278 635 sed
1310 581 1415 634 scis
1443 590 1619 634 tamen
1647 578 1763 633 bare
1783 580 2109 634 communia.

525 678 720 732 Filium
750 676 940 740 habes,
972 675 1202 727 vicinum
1233 671 1420 738 habes,
1451 671 1670 724 fratrem
1705 670 1892 734 habes,
1921 669 2110 724 dome-

526 770 692 823 sticos
724 767 890 822 habes
937 775 990 818 et
1031 762 1366 818 necessarios
1406 779 1420 815 :
1466 761 1676 815 etiamsi
1719 776 1824 815 non
1859 762 2032 830 possis
2061 759 2115 814 in

530 861 757 914 ecclesia
796 857 1001 926 prolixa
1031 855 1104 908 uti
1137 854 1405 920 oratione,
1437 869 1531 908 eos
1561 864 1714 924 potes
1743 853 1990 924 privatim
2025 851 2122 906 ad-

527 966 750 1007 monere
781 958 834 1002 et
880 947 1108 1002 hortari.
1150 945 1250 1000 llic
1278 954 1395 1000 arte
1435 945 1650 1000 dicendi
1696 960 1800 998 nou
1833 953 1916 999 est
1941 959 2076 1012 opus
2102 984 2118 1008 ,

531 1060 705 1114 neque
737 1042 850 1096 fusa
883 1042 1125 1095 oratione
1155 1057 1168 1092 :
1203 1040 1255 1094 in
1282 1040 1365 1093 his
1391 1039 1634 1096 ostende.
1666 1037 1806 1107 quod
1837 1037 1881 1092 si
1909 1036 2121 1091 dicendi

505 1135 763 1198 lhaheres
810 1132 1157 1197 facultatem,
1205 1147 1310 1185 non
1351 1130 1701 1200 neglexisses.
1750 1129 1809 1185 Si
1847 1139 2026 1185 autem
2069 1130 2123 1184 in

504 1206 513 1294 ξ
538 1241 701 1294 parvo
739 1239 843 1278 non
870 1222 1358 1278 adhibes'studinm
1390 1230 1445 1276 et
1474 1221 1827 1292 diligentiam,
1857 1220 2126 1290 quomodo

534 1318 587 1370 in
632 1331 824 1385 magno
855 1315 946 1368 tibi
980 1313 1196 1368 credam
1225 1314 1248 1367 ?
1278 1313 1410 1367 Nam
1441 1313 1581 1382 quod
1626 1313 1993 1383 unusquisque
2026 1313 2127 1367 hoc

536 1408 726 1478 possit,
772 1405 895 1459 audi
927 1405 1198 1475 quomodo
1230 1405 1427 1459 Paulus
1458 1404 1559 1458 hoc
1593 1405 1902 1474 permiserit
1931 1405 2082 1460 laicis
2112 1422 2125 1457 :

541 1496 828 1566 didi/irate
850 1538 865 1560 ,
899 1497 1103 1565 inquit,
1138 1496 1265 1549 alter
1294 1496 1509 1548 alterum
1550 1496 1680 1548 sicut
1719 1505 1765 1548 et
1803 1497 2007 1566 facitis;
2046 1504 2129 1561 et,

541 1589 894 1644 Consolamini
938 1588 1149 1640 invicem
1189 1588 1242 1640 in
1284 1588 1361 1642 his
1407 1588 1720 1641 sermonibus
1753 1587 1829 1657 (1.
1868 1586 2046 1642 Thess.
2077 1589 2130 1642 5.

544 1683 633 1746 11,
667 1691 710 1733 et
736 1681 790 1734 4.
823 1679 932 1749 17).
963 1679 1120 1733 Novit
1169 1679 1309 1733 Deus
1339 1679 1611 1748 quomodo
1635 1680 1922 1749 unicuique
1949 1679 2134 1733 distri-

546 1772 697 1825 buat.
745 1770 878 1825 Num
926 1781 978 1823 tu
1026 1785 1084 1824 es
1127 1771 1307 1841 Moyse
1349 1769 1586 1825 melior?
1627 1769 1765 1823 Audi
1806 1785 1962 1838 quam
1995 1785 2136 1838 a‘gre

547 1876 602 1920 et
629 1865 852 1919 moleste
877 1866 1032 1918 ferat.
1067 1864 1205 1917 Nam
1227 1881 1339 1933 ego,
1374 1864 1566 1932 inquit,
1594 1879 1794 1932 possum
1812 1879 1894 1916 eos
1914 1871 2134 1930 portare,

547 1955 686 2025 quod
734 1955 907 2009 dixisti
953 1955 1097 2020 mihi,
1155 1953 1299 2007 Tolle
1341 1970 1426 2007 eos
1476 1954 1604 2008 sicut
1652 1956 1826 2007 nutrix
1873 1953 2139 2007 lactantem

551 2047 757 2116 (Num.
790 2047 876 2101 H.
917 2046 984 2100 12
1006 2046 1062 2117 )?
1107 2047 1244 2114 Quid
1284 2062 1410 2102 vero
1443 2047 1632 2103 Deus?
1676 2048 1890 2102 Exomit
1920 2047 1988 2102 de
2025 2046 2142 2117 ejus

551 2140 764 2209 spiritu,
798 2146 853 2193 et
879 2138 1027 2193 dedit
1053 2139 1194 2201 aliis,
1229 2141 1522 2196 ostendens
1550 2141 1690 2210 quod
1733 2157 1909 2211 neque
1932 2141 2143 2209 quando

555 2246 652 2286 eos
680 2231 964 2301 portabat,
1013 2231 1130 2299 ejus
1159 2240 1281 2286 erat
1320 2233 1588 2286 charisma
1618 2274 1632 2299 ,
1667 2233 1761 2287 sed
1804 2232 2054 2302 Spiritus.
2087 2233 2143 2287 Si

557 2319 786 2374 haberes
826 2321 1095 2374 charisma
1117 2363 1132 2386 ,
1163 2337 1308 2391 sarpe
1340 2322 1532 2376 fuisses
1563 2325 1763 2387 elatus,
1790 2340 1931 2394 επρρο
1957 2325 2147 2379 fuisses

558 2423 782 2463 eversus
816 2425 829 2460 :
864 2418 917 2462 tu
953 2409 1183 2478 teipsum
1209 2427 1312 2463 non
1343 2413 1510 2476 nosti,
1544 2421 1601 2465 ιιι
1634 2421 1683 2465 te
1717 2413 1855 2466 Deus
1883 2415 2048 2467 novit.
2074 2414 2150 2467 Ne

573 2511 835 2574 dicamus,
871 2508 950 2562 Ad
981 2507 1104 2576 quid
1135 2507 1237 2561 hoc
1263 2517 1316 2561 et
1345 2523 1441 2562 cur
1463 2507 1489 2560 3
1513 2509 1724 2578 quando
1754 2511 1892 2564 Deus
1921 2510 2147 2582 dispen-

571 2609 672 2665 sat,
703 2616 770 2654 ne
795 2600 1055 2653 rationem
1087 2599 1154 2652 ab
1178 2613 1245 2654 eo
1271 2600 1545 2670 exigamus
1579 2618 1592 2652 :
1623 2600 1722 2654 hoc
1751 2603 1894 2656 enim
1930 2612 2012 2656 est
2054 2605 2154 2657 im-

574 2692 783 2760 pietatis
825 2700 1078 2745 extremae
1127 2699 1182 2745 et
1230 2692 1566 2759 arrogantire.
1621 2691 1770 2746 Servi
1822 2709 2044 2760 sumus,
2098 2705 2153 2749 et

571 2783 708 2833 servi
757 2781 978 2834 multum
1027 2780 1287 2834 distantes
1337 2797 1364 2833 ιι
1418 2781 1664 2847 Domino,
1715 2799 1782 2838 ne
1829 2799 1889 2838 ea
1933 2785 2147 2854 quidem

571 2871 804 2925 scientes
851 2887 969 2940 qua:
1014 2881 1132 2924 sunt
1176 2887 1286 2941 prze
1326 2873 1572 2943 pedibus.
1616 2873 1692 2928 Ne
1735 2875 1896 2945 igitur
1935 2878 2147 2932 curiose

569 2973 873 3017 scrutemur
907 2965 998 3016 Dei
1031 2965 1335 3030 consilium,
1366 2967 1457 3019 sed
1488 2965 1628 3034 quod
1657 2967 1804 3021 dedit
1837 2969 1936 3022 hoc
1965 2983 2150 3024 serve-

571 3071 713 3120 mus,
748 3056 955 3109 etiamsi
999 3058 1065 3109 sit
1096 3071 1337 3125 parvum,
1369 3058 1578 3112 etiamsi
1607 3059 1874 3125 ultimmu,
1903 3069 1957 3114 et
1986 3061 2146 3129 plane

569 3148 772 3200 erimus
802 3148 950 3216 probi
977 3157 1030 3201 et
1059 3148 1108 3200 in
1143 3148 1278 3201 bona
1303 3151 1700 3210 existimatione
1737 3169 1750 3203 :
1785 3154 1892 3206 itno
1923 3169 2050 3207 vero
2077 3169 2144 3208 ex

566 3235 659 3290 Dei
684 3237 838 3291 donis
860 3238 1061 3291 nullum
1092 3247 1175 3292 est
1196 3255 1434 3308 parvum.
1461 3241 1616 3295 Doles
1645 3242 1785 3312 quod
1819 3259 1922 3298 non
1948 3244 2145 3299 habeas

563 3331 763 3384 donum
807 3331 1108 3386 doctrina}?
1145 3332 1230 3387 dic
1271 3335 1396 3386 mihi
1423 3375 1438 3399 ,
1481 3335 1607 3403 quid
1650 3337 1740 3389 tibi
1785 3337 1994 3390 videtur
2023 3353 2143 3392 esse

565 3421 759 3488 majus,
791 3422 988 3474 donum
1021 3422 1296 3488 doctrinae,
1324 3439 1390 3477 an
1431 3423 1628 3478 donum
1659 3427 1961 3494 expellendi
2001 3444 2139 3482 mor-

562 3509 658 3564 bos
689 3511 712 3562 ?
751 3511 862 3566 lloc
897 3513 1097 3581 utique.
1132 3513 1266 3580 Quid
1297 3517 1470 3568 vero?
1509 3532 1614 3569 non
1645 3517 1738 3570 tibi
1777 3517 1985 3572 videtur
2021 3535 2142 3574 esse

563 3602 757 3671 majus,
790 3605 946 3657 czceis
974 3605 1100 3660 dare
1126 3606 1294 3659 visum
1319 3607 1341 3659 ?
1368 3623 1472 3661 non
1515 3609 1605 3663 tibi
1647 3610 1857 3664 videtur
1880 3628 1999 3668 esse
2028 3630 2140 3668 ma-

557 3692 664 3762 jus,
712 3703 947 3748 mortuos
974 3698 1243 3762 excitare,
1274 3715 1432 3769 qualn
1476 3702 1692 3756 morbos
1719 3704 1949 3756 cut-are?
1999 3705 2137 3771 Quid

561 3798 709 3848 vero,
739 3785 824 3839 dic
865 3802 1046 3856 qumso
1073 3788 1095 3840 ?
1124 3789 1323 3843 umbris
1353 3801 1408 3844 et
1437 3792 1664 3845 sudariis
1695 3793 1795 3846 hoc
1824 3793 2002 3848 facere
2030 3811 2134 3849 non

491 3933 498 3941 ε
560 3873 652 3926 tibi
681 3875 887 3929 videtur
915 3893 1034 3931 esse
1061 3880 1251 3948 majus,
1282 3897 1440 3948 quam
1471 3883 1677 3935 verbo?
1702 3883 1837 3949 Quid
1867 3899 1995 3953 ergo
2033 3887 2133 3950 vis,

558 3963 644 4018 die
671 3981 870 4034 quaeso,
901 3969 1101 4023 umbris
1140 3980 1194 4025 et
1233 3971 1466 4026 sudariis
1505 3973 1738 4027 excitare
1781 3985 2038 4041 mortuos,
2068 3991 2134 4029 an

558 4057 759 4113 habere
789 4059 987 4114 donum
1030 4061 1287 4117 doctrina:
1315 4064 1337 4117 ?
1368 4064 1520 4119 Dices
1565 4069 1801 4133 omnino,
1851 4067 2052 4123 umbris
2083 4078 2137 4122 ct

555 4149 783 4203 sudariis
814 4163 1051 4208 mortuos
1079 4157 1330 4210 excitare.

627 4238 679 4291 6.
715 4241 910 4294 Caritas
937 4255 1007 4297 cst
1030 4245 1280 4299 charisma
1311 4250 1534 4301 omnium
1551 4251 1814 4316 optimum.
1837 4278 1908 4290 —-
1927 4250 1980 4306 Si
2005 4266 2132 4320 ergo

555 4328 647 4381 tibi
688 4332 994 4400 ostendero,
1020 4336 1160 4403 quod
1206 4339 1429 4391 alterum
1475 4339 1674 4394 donum
1707 4343 1922 4396 esthoc
1975 4343 2131 4412 longe

554 4421 748 4490 majus,
781 4434 833 4478 ct
863 4441 982 4480 cum
1033 4428 1124 4481 tibi
1170 4429 1327 4484 liceat
1368 4432 1631 4500 accipere,
1664 4434 1706 4486 si
1756 4449 1860 4488 non
1906 4436 2124 4504 accipis,

546 4509 692 4578 juste
719 4529 778 4568 es
800 4516 879 4570 eis
908 4519 1145 4586 privatus
1178 4539 1189 4574 :
1223 4522 1345 4588 quid
1376 4522 1560 4576 dices?
1585 4523 1648 4576 Et
1676 4524 1776 4577 hoc
1797 4523 1996 4579 donum
2023 4541 2126 4580 non

554 4604 641 4657 uni
685 4617 741 4660 et
769 4608 957 4675 alteri,
1003 4612 1094 4665 sed
1140 4614 1391 4666 omnibus
1437 4614 1637 4670 habere
1680 4617 1820 4670 licet.
1866 4617 1988 4672 Scio
2036 4635 2128 4673 vos

553 4703 772 4764 stupere
796 4709 848 4752 et
874 4700 1149 4767 admirari,
1177 4704 1222 4757 si
1253 4704 1382 4757 estis
1409 4704 1643 4758 audituri
1671 4708 1810 4774 quod
1844 4708 1999 4763 liceat
2029 4725 2124 4764 vo-

551 4796 636 4851 bis
664 4796 860 4853 habere
901 4803 1075 4866 majus
1104 4798 1305 4853 donum
1349 4815 1507 4869 quam
1556 4804 1816 4858 suscitare
1861 4820 2121 4879 mortuos,

549 4901 605 4946 et
625 4890 794 4945 visum
816 4891 945 4945 dare
982 4891 1162 4955 czccis,
1194 4903 1246 4946 et
1274 4892 1360 4944 illa
1403 4892 1575 4946 facere
1603 4910 1721 4963 quae
1753 4894 1951 4953 fiebant
1993 4911 2130 4956 tem-

552 4997 681 5051 pore
707 4983 1070 5051 apostolorum
1100 5001 1113 5035 :
1142 4993 1193 5036 et
1237 4981 1465 5036 fortasse
1499 4985 1601 5037 hoc
1633 4986 1844 5041 videtur
1867 4991 2017 5045 vobis
2047 4993 2130 5046 in-

548 5074 829 5128 credibile.
874 5073 1026 5140 Quod
1066 5081 1148 5127 est
1187 5088 1316 5141 ergo
1365 5073 1465 5128 hoc
1493 5074 1731 5130 donum?
1760 5077 1988 5135 Caritas.
2021 5082 2127 5138 Sed

550 5167 682 5220 mihi
713 5166 936 5231 credite,
983 5181 1089 5218 non
1119 5173 1202 5218 cst
1244 5181 1395 5220 meus
1439 5182 1640 5236 sermo,
1669 5171 1762 5225 sed
1790 5172 1989 5229 Christi
2035 5176 2125 5230 lo—

549 5272 765 5327 quentts
809 5273 903 5326 per
931 5257 1177 5312 Paulum.
1219 5258 1356 5326 Quid
1400 5261 1542 5315 enim
1571 5263 1738 5317 dicit?
1783 5265 2129 5323 Aimulamini

549 5350 856 5402 charismata
903 5347 1148 5414 meliora,
1209 5360 1253 5402 et
1301 5352 1467 5404 adhuc
1513 5369 1764 5407 summam
1814 5360 1945 5409 viain
1989 5359 2128 5410 vobis

549 5441 756 5492 ostendo
784 5437 859 5508 (Ι.
885 5438 1000 5491 Cor.
1036 5438 1126 5492 12.
1159 5439 1271 5510 51).
1303 5441 1439 5508 Quid
1488 5451 1592 5508 est,
1623 5443 1805 5497 Adhuc
1837 5449 2123 5502 summam?

548 5529 701 5595 Quod
744 5528 872 5583 dicit
906 5541 990 5584 est
1029 5531 1289 5599 ejusmodi
1323 5551 1334 5586 :
1365 5533 1628 5588 Corinthii
1672 5551 1731 5590 se
1763 5537 1916 5591 valde
1942 5538 2116 5606 jacta‘

549 5620 698 5686 bant,
731 5631 786 5677 et
815 5624 913 5678 sibi
961 5623 1243 5693 placebant
1293 5639 1518 5696 propter
1565 5625 1909 5699 charismata,
1954 5641 2007 5688 et
2035 5633 2126 5702 qui

549 5711 756 5784 linguas
798 5717 1084 5784 habebant,
1108 5719 1249 5788 quod
1275 5729 1358 5775 est
1397 5721 1676 5776 minimum
1718 5723 1938 5789 donum,
1969 5725 2124 5780 inﬂa-

550 5801 743 5862 bantur
771 5807 1029 5865 adversus
1071 5820 1319 5869 caeteros.
1356 5810 1492 5868 Dicit
1520 5827 1668 5885 ergo,
1695 5813 1867 5870 Vultis
1905 5817 2126 5874 omnino

2242 477 2602 533 charismata?
2657 490 2757 545 ego
2792 475 3021 529 ostendo
3075 474 3214 529 viam
3254 472 3672 539 charismatum,
3715 490 3820 530 non

2244 569 2418 624 solum
2439 568 2811 631 excellentem,
2829 566 2923 621 sed
2945 567 3107 621 etiam
3130 580 3415 621 summam.
3443 566 3648 623 Deinde
3666 567 3820 636 dicit,

2247 661 2309 715 Si
2336 659 2521 729 linguis
2551 660 2732 726 loquar
2758 658 3080 728 angelorum,
3103 657 3365 710 caritatem
3394 669 3565 712 autem
3593 675 3695 714 non
3724 661 3821 714 ha-

2246 754 2410 816 beam,
2441 753 2571 806 nihil
2594 768 2706 806 sum
2735 767 2754 803 :
2784 761 2831 804 et
2859 752 2905 804 si
2933 751 3146 804 habeam
3178 750 3330 819 ﬁdem
3359 759 3414 803 ut
3434 762 3626 806 montes
3653 763 3823 808 trans-

2247 848 2429 915 feram,
2451 845 2710 896 caritatem
2730 850 2898 894 autem
2943 857 3044 894 non
3091 840 3321 904 habeam,
3347 840 3476 894 nihil
3513 858 3626 896 sum
3660 842 3824 911 (Ibid.

2249 938 2339 992 l5.
2364 937 2415 990 1.
2435 935 2516 1004 ‘2).
2537 935 2727 990 Vidisti
2754 933 3061 989 charisma?
3091 932 3368 988 [Emulare
3391 933 3492 989 hoc
3520 936 3786 990 charisma
3808 953 3824 1000 ;

2251 1031 2354 1083 hoe
2380 1028 2554 1096 majus
2583 1037 2666 1082 est
2695 1041 2855 1096 quam
2883 1036 3124 1080 mortuos
3149 1025 3407 1093 excitare,
3437 1025 3542 1081 hoc
3565 1027 3685 1082 aliis
3711 1044 3829 1081 om-

2251 1122 2410 1176 nibus
2438 1130 2521 1175 est
2548 1121 2706 1189 longe
2736 1118 2950 1172 melius.
2978 1118 3044 1172 Et
3069 1118 3210 1187 quod
3245 1115 3348 1171 hoc
3369 1112 3438 1171 ita
3463 1117 3676 1184 habeat,
3704 1118 3826 1174 audi

2252 1214 2375 1284 quid
2399 1213 2542 1268 dicat
2565 1212 2811 1267 Christus
2839 1211 3066 1281 loquens
3092 1210 3368 1279 discipulis
3393 1227 3407 1266 :
3438 1209 3506 1264 In
3536 1211 3630 1265 hoc
3650 1212 3828 1277 scient,

2251 1305 2387 1373 quod
2414 1304 2655 1372 discipuli
2677 1304 2774 1356 mei
2802 1302 2945 1365 estis,
2969 1302 3012 1354 si
3038 1317 3124 1355 vos
3153 1302 3365 1358 inuicem
3393 1301 3618 1372 diligatis
3649 1303 3828 1374 (Joan.

2255 1396 2341 1448 15.
2381 1394 2493 1464 55).
2525 1394 2726 1448 Deinde
2755 1393 3045 1447 ostendens
3076 1393 3126 1445 in
3169 1408 3300 1462 quo,
3343 1408 3449 1448 non
3496 1392 3628 1446 dixit
3666 1394 3832 1448 mira-

2256 1487 2398 1552 cula,
2441 1485 2535 1540 sed
2565 1485 2730 1554 quid?
2762 1485 2824 1539 Si
2852 1485 3171 1538 dilectionem
3199 1483 3410 1537 invicem
3441 1484 3739 1538 habueritis.
3765 1484 3836 1540 Et

2256 1591 2442 1632 rursus
2467 1577 2596 1630 dicit
2625 1575 2770 1631 Patri
2801 1593 2814 1628 :
2854 1575 2922 1629 In
2952 1575 3046 1629 hoc
3073 1574 3230 1628 scient
3271 1573 3407 1643 quod
3435 1583 3488 1626 tu
3518 1591 3596 1627 me
3635 1574 3833 1638 misisti,

2250 1697 2293 1734 st
2317 1681 2419 1733 sint
2445 1694 2604 1732 unum
2634 1677 2813 1745 (Joan.
2851 1675 2941 1728 17.
2967 1673 3083 1743 21).
3111 1671 3231 1741 Ipse
3255 1685 3468 1741 quoque
3510 1669 3722 1724 dicebat
3750 1669 3836 1724 di-

2251 1771 2470 1838 scipulis
2501 1788 2516 1820 :
2550 1768 2853 1822 Mandatum
2884 1781 3067 1819 novum
3106 1766 3172 1817 do
3211 1762 3369 1826 vobis,
3398 1771 3452 1816 ut
3482 1761 3709 1832 diligatis
3749 1762 3838 1815 in-

2253 1862 2409 1913 vicem
2437 1861 2619 1931 (Joan.
2653 1861 2737 1913 15.
2766 1859 2877 1927 54).
2915 1857 2982 1911 lis
3011 1872 3140 1925 ergo
3167 1855 3256 1924 qui
3284 1864 3528 1908 mortuos
3555 1854 3838 1921 suscitant,

2255 1953 2340 2003 hie
2368 1961 2450 2006 est
2476 1951 2756 2004 honestior
2782 1961 2834 2004 et
2861 1948 3202 2019 praeclarior:
3229 1955 3284 2000 et
3313 1945 3528 2000 merito.
3553 1943 3684 1999 Nam
3709 1943 3838 1999 illud

2249 2040 2465 2110 quidem
2494 2049 2576 2094 est
2609 2049 2776 2093 totum
2810 2038 2905 2093 Dei
2949 2038 3171 2107 gratim;
3222 2034 3327 2089 hoc
3357 2043 3536 2088 autem
3568 2045 3650 2088 est
3676 2035 3840 2089 etiam

2249 2130 2410 2183 studii
2460 2139 2515 2184 et
2539 2130 2853 2200 diligentia.
2891 2127 3004 2182 Hoc
3030 2135 3112 2181 est
3143 2140 3332 2180 revera
3357 2124 3650 2179 Christiani
3681 2141 3693 2176 :
3739 2123 3843 2180 hoc

2251 2223 2492 2276 ostendit
2534 2223 2733 2276 Christi
2783 2220 3126 2290 discipulmn,
3160 2218 3251 2288 qui
3281 2226 3364 2272 cst
3411 2216 3718 2282 crucifixus,
3751 2216 3842 2285 qui

2250 2315 2383 2368 nihil
2420 2314 2581 2368 habet
2605 2328 2891 2368 commune
2920 2314 2970 2366 in
3003 2322 3145 2365 terra
3180 2328 3193 2364 :
3243 2309 3448 2378 absque
3474 2309 3577 2363 hoc
3607 2324 3674 2363 ne
3701 2323 3842 2364 mar-

2251 2406 2450 2475 tyrium
2481 2406 2695 2475 quidem
2727 2413 2908 2475 potest
2932 2402 3220 2472 quidquam
3270 2401 3546 2470 prodesse.
3580 2399 3650 2453 Et
3676 2408 3732 2452 ut
3755 2397 3841 2452 di-

2249 2510 2396 2562 scas,
2431 2495 2534 2550 hoc
2569 2495 2688 2548 vide
2719 2494 2974 2548 dilucide.
3002 2493 3116 2548 Duo
3143 2492 3226 2546 vel
3252 2491 3429 2560 p0tius
3459 2491 3556 2544 tria
3583 2489 3840 2544 virtutum

2249 2590 2530 2644 cacumina
2559 2588 2792 2657 sumpsit
2823 2587 3017 2641 beatus
3045 2584 3266 2648 Paulus,
3287 2599 3408 2652 quae
3427 2593 3552 2638 sunt
3579 2583 3632 2636 in
3653 2581 3840 2650 signis,

2247 2695 2366 2750 qua:
2393 2681 2444 2734 in
2473 2679 2809 2749 cognitione,
2838 2693 2960 2747 quae
2991 2685 3118 2730 sunt
3159 2676 3212 2729 in
3246 2675 3350 2728 vita
3383 2691 3396 2726 :
3426 2685 3480 2729 et
3511 2674 3713 2742 absque
3741 2671 3844 2726 hoc

2253 2773 2365 2827 haec
2396 2772 2526 2825 nihil
2556 2787 2680 2826 esse
2701 2770 2856 2824 dixit.
2886 2767 3168 2835 Quomodo
3189 2774 3369 2821 autem
3401 2766 3516 2820 haec
3542 2765 3676 2820 nihil
3704 2765 3832 2829 sint,

2247 2881 2348 2934 ego
2377 2864 2521 2919 dico.
2575 2862 2688 2916 Etsi
2719 2862 3026 2916 distribuero
3073 2862 3126 2914 in
3157 2859 3291 2914 cibos
3339 2875 3622 2930 pauperum
3665 2874 3838 2912 omnes

2251 2958 2518 3028 facultates
2548 2972 2706 3018 meas,
2736 2956 3002 3007 caritatem
3032 2962 3203 3006 autem
3231 2969 3332 3006 non
3354 2951 3586 3016 habeant,
3617 2951 3745 3004 nihil
3765 2960 3840 3004 est

2249 3050 2327 3118 (1.
2355 3049 2473 3102 Cor.
2504 3049 2591 3102 l5.
2628 3047 2703 3117 ὅ).
2751 3045 2894 3101 Fieri
2946 3046 3090 3099 enim
3137 3051 3315 3114 potest
3354 3043 3527 3113 utqui
3561 3041 3838 3096 facultates

2249 3145 2300 3196 in
2349 3143 2499 3197 cibos
2549 3141 2851 3205 distribuat,
2913 3153 3020 3193 nou
3072 3139 3143 3192 sit
3190 3136 3417 3191 caritate
3460 3134 3736 3206 pratditus,
3783 3143 3839 3188 et

2250 3233 2533 3303 profundat
2565 3234 2841 3302 pecunias.
2876 3229 2943 3284 Et
2976 3229 3048 3285 de
3093 3228 3176 3283 bis
3203 3227 3420 3298 quidem
3454 3228 3584 3280 satis
3613 3242 3642 3278 a
3683 3223 3836 3280 nobis

2247 3331 2450 3385 dictum
2477 3338 2562 3383 est
2586 3327 2640 3383 in
2672 3328 2792 3382 loco
2821 3325 2890 3380 de
2913 3323 3158 3387 caritate,
3189 3332 3244 3377 et
3266 3323 3392 3375 illuc
3424 3319 3837 3374 trausmittimus

2249 3422 2520 3477 lectores:
2554 3417 2770 3474 interim
2815 3425 3018 3480 autem,
3044 3415 3183 3469 sicut
3213 3412 3344 3476 dixi,
3377 3411 3692 3466 :cmulemur
3709 3409 3838 3465 cha-

2248 3516 2434 3576 risma,
2463 3513 2602 3567 alter
2627 3512 2857 3565 alterum
2880 3509 3204 3578 diligamus;
3237 3515 3292 3561 et
3323 3506 3470 3560 nullo
3497 3505 3669 3559 altero
3700 3503 3836 3559 indi-

2246 3608 2492 3677 gebimus
2523 3605 2588 3658 ad
2623 3619 2720 3657 nos
2747 3612 2894 3657 recte
2929 3599 3195 3670 gerendos
3223 3599 3274 3652 in
3305 3599 3517 3662 virtute,
3558 3596 3653 3651 sed
3679 3605 3838 3651 erunt

2249 3701 2401 3754 nobis
2427 3698 2606 3753 omnia
2641 3696 2816 3750 facilia
2844 3695 3048 3764 abSqne
3089 3691 3403 3758 sudoribus,
3437 3697 3490 3745 et
3525 3691 3693 3744 multo
3720 3698 3836 3743 stu-

2249 3795 2337 3846 dio
2375 3801 2430 3846 et
2472 3790 2744 3861 diligentia
2793 3797 2939 3842 recte
2982 3801 3231 3856 geremus
3276 3783 3480 3837 omnia.
3529 3782 3636 3838 Sed
3681 3797 3834 3849 ecce,

2250 3885 2436 3954 inquit,
2480 3885 2775 3937 etiamnum
2807 3879 3079 3950 diligimus
3123 3892 3221 3931 nos
3255 3877 3486 3929 invicem
3524 3892 3538 3928 :
3582 3889 3703 3928 nam
3742 3873 3836 3928 ille

2249 3977 2462 4045 quidem
2512 3976 2673 4029 habet
2705 3975 2838 4029 duos
2882 3973 2966 4026 vel
3021 3979 3130 4026 tres
3159 3971 3380 4035 amicos,
3414 3967 3500 4022 hic
3544 3982 3674 4022 vero
3701 3981 3836 4038 qua-

2254 4078 2392 4122 tuor.
2429 4067 2534 4121 Sed
2583 4067 2686 4120 hoc
2717 4082 2821 4118 non
2852 4073 2935 4120 est
2963 4063 3188 4130 diligere
3241 4071 3462 4131 propter
3511 4059 3704 4123 Deum,
3737 4058 3835 4114 sed

2249 4153 2391 4217 quod
2425 4152 2534 4218 ipse
2561 4152 2856 4206 redameris
2883 4171 2896 4205 :
2931 4163 3149 4221 propter
3175 4153 3344 4208 Deum
3371 4167 3548 4214 autem
3577 4158 3825 4232 diligere,

2247 4255 2354 4292 non
2385 4240 2485 4296 hoc
2509 4241 2830 4313 principium
2857 4243 3017 4299 habet
3037 4246 3310 4312 caritatis;
3341 4247 3437 4302 sed
3463 4260 3658 4318 qmest
3683 4251 3831 4323 ejus-

2247 4332 2409 4396 modi,
2440 4334 2704 4389 aftieietur
2751 4337 2803 4390 in
2849 4351 3037 4392 omnes
3083 4349 3349 4411 tamquam
3401 4341 3452 4396 in
3485 4341 3700 4410 fratres,
3734 4361 3829 4402 eos

2245 4421 2460 4490 quidem
2493 4422 2584 4492 qui
2634 4433 2760 4479 sunt
2790 4427 3052 4495 ejusmodi
3109 4429 3231 4484 fidei
3277 4429 3508 4501 diligens
3554 4443 3829 4504 tamquam

2243 4529 2530 4583 germanos
2578 4516 2804 4583 fratres;
2855 4518 3140 4575 hazreticos
3183 4529 3387 4588 autem,
3428 4532 3484 4579 et
3509 4525 3727 4582 Graecos
3777 4537 3832 4582 et

2244 4607 2480 4675 .ludaeos,
2507 4610 2597 4678 qui
2619 4610 2913 4666 secundum
2943 4619 3186 4667 naturam
3211 4615 3429 4682 quidem
3459 4625 3585 4671 sunt
3612 4617 3827 4686 fratres,

2243 4699 2372 4753 mali
2402 4709 2580 4755 autem
2612 4711 2740 4754 sunt
2767 4711 2821 4756 et
2847 4701 3090 4767 inutiles,
3116 4705 3402 4772 miserans,
3431 4717 3483 4762 ct
3524 4724 3619 4778 pro
3647 4710 3727 4766 eis
3753 4719 3834 4766 ta-

2245 4792 2470 4847 bescens
2499 4803 2552 4847 ct
2583 4793 2905 4864 lacrymans.
2942 4795 2998 4849 ln
3034 4796 3136 4849 hoc
3163 4797 3366 4853 erimus
3397 4799 3507 4854 Deo
3535 4801 3760 4865 similes.
3785 4804 3830 4860 si

2241 4901 2432 4939 omnes
2461 4885 2748 4954 diligamus
2791 4887 2955 4941 etiam
2999 4887 3272 4955 inimicos,
3324 4906 3429 4945 non
3479 4893 3523 4946 si
3565 4893 3716 4963 signa
3748 4893 3829 4948 fa-

2242 4976 2469 5033 ciamus.
2509 4977 2641 5032 Nam
2681 4979 2849 5034 Deum
2893 4981 3222 5037 admiramur
3248 4984 3462 5053 quidem
3509 4987 3670 5040 etiam
3705 5003 3829 5044 cum

2243 5070 2365 5124 facit
2399 5071 2656 5126 miracula
2686 5089 2700 5138 ;
2745 5074 2914 5128 multo
2943 5083 3122 5130 autem
3156 5079 3346 5146 magis,
3380 5079 3595 5148 quando
3622 5090 3705 5136 est
3734 5082 3829 5137 be-

2241 5163 2454 5232 nignus,
2487 5163 2729 5218 clemens
2755 5175 2810 5220 et
2859 5167 3086 5235 patiens.
3138 5167 3192 5222 Si
3244 5183 3375 5239 ergo
3420 5170 3582 5224 etiam
3632 5172 3684 5227 in
3716 5173 3826 5229 Deo

2245 5255 2374 5309 illud
2398 5264 2481 5309 est
2508 5255 2660 5310 valde
2683 5257 3008 5325 mirandum,
3042 5261 3212 5314 multo
3241 5262 3412 5332 magis
3442 5262 3495 5316 in
3522 5263 3830 5320 hominibus

2239 5347 2341 5401 hoc
2367 5357 2448 5402 est
2491 5350 2854 5418 perspicuum,
2893 5351 3033 5421 quod
3064 5351 3166 5406 hoc
3210 5368 3307 5406 nos
3347 5354 3526 5409 reddit
3552 5357 3827 5413 admiran-

2237 5437 2354 5492 dos.
2401 5437 2513 5493 lloc
2541 5456 2669 5509 ergo
2712 5441 3048 5511 aemulemur,
3081 5451 3134 5498 et
3181 5445 3347 5498 Paulo
3387 5456 3442 5501 et
3471 5446 3629 5503 Petro
3663 5459 3719 5505 et
3762 5449 3828 5504 iis

2238 5529 2326 5598 qui
2356 5529 2773 5588 innumerabiles
2796 5545 3038 5589 mortuos
3077 5535 3406 5601 excitarunt,
3431 5539 3600 5594 nihilo
3624 5541 3827 5598 erimus

2239 5620 2543 5688 inferiores,
2572 5625 2780 5680 etiamsi
2809 5625 3011 5682 febrem
3044 5643 3151 5683 non
3196 5629 3463 5696 possimus
3510 5633 3818 5703 expellere;

2234 5713 2438 5784 absque
2489 5714 2581 5770 illa
2613 5726 2813 5783 autem,
2846 5719 3059 5774 etiamsi
3109 5719 3316 5789 majora
3362 5720 3622 5781 faciamus
3673 5726 3823 5798 signa

2235 5823 2394 5879 quam
2425 5811 2678 5881 apostoli,
2711 5811 2921 5869 etiamsi
2972 5812 3119 5888 mille
3169 5815 3424 5886 periculis
3469 5834 3570 5876 nos
3598 5819 3819 5893 objicia-
