4208 6460
304 362 363 418 35
864 332 867 337 ’
1136 353 1203 411 IN
1246 351 1465 408 EPIST.
1500 350 1593 407 AD
1631 349 1887 407 unum:

2037 352 2192 406 ιλιι.
2237 354 2300 412 ιι.
2342 353 2579 410 ιιοΜιι..
2626 356 2715 411 ιιι.
3218 425 3236 443 ,
3545 376 3617 434 δο

300 483 397 548 νὸς
439 477 547 533 τὸν
582 474 929 543 θηλὰζοντα
950 491 968 539 ;
1016 473 1084 527 Τί
1126 469 1221 527 οὖν
1249 475 1278 527 ὁ
1308 472 1476 537 Θεός;
1517 470 1753 535 Ἐξεῖλεν
1782 467 1895 523 ἀπὸ

300 583 385 634 τοῦ
407 578 711 645 πνεύματος
738 572 937 638 αὑτοῦ,
976 572 1077 626 καὶ
1111 571 1282 625 ἔδωκε
1308 572 1423 633 τοῖς
1448 568 1654 634 ἄλλοις,
1680 568 1897 630 δεικνὺς

301 677 375 729 ὅτι
410 674 520 728 οὐδὲ
542 673 629 724 ὅτε
663 669 979 733 ἐϐάσταζεν
1007 668 1230 732 αὐτοὺς,
1257 666 1426 719 αὐτοῦ
1454 665 1617 718 τοῦτο
1646 664 1708 717 τὸ
1735 663 1897 734 χάρι-

310 791 412 844 σμα
434 768 513 843 ἦν,
541 768 681 822 ἀλλὰ
730 767 827 821 τοῦ
878 767 1226 837 Πνεύματος.
1251 768 1316 820 Εἰ
1346 766 1410 819 τὸ
1448 764 1699 836 χάρισμα
1727 758 1895 832 εἶχες,

315 869 541 930 πολλάκις
569 866 635 920 άν
672 865 957 937 ἐπήρθης,
1001 863 1270 927 πολλάκις
1310 863 1379 916 ἂν
1422 862 1768 935 ἐξετράπηςο
1798 863 1900 915 οὐκ

310 963 435 1026 οἶδας
466 965 527 1016 σὺ
561 961 789 1028 σαυτὸν,
810 962 887 1026 ώς
915 961 945 1013 6
971 961 1107 1024 Θεός
1138 978 1198 1013 σε
1219 957 1352 1013 οἶδε.
1378 958 1471 1029 Μὴ
1504 958 1777 1029 λέγωμεν
1802 959 1899 1021 Εἰς

308 1065 351 1116 τί
378 1061 544 1125 τοῦτο,
588 1062 688 1115 καὶ
732 1060 823 1113 διά
872 1060 927 1112 τι
976 1060 1177 1127 τοῦτο;
1212 1060 1346 1112 ὅταν
1384 1059 1648 1127 οίκονομῇ
1681 1058 1708 1109 6
1741 1056 1895 1121 Θεὸς,

305 1162 369 1232 μὴ
396 1160 714 1229 ἀπαιτῶμεν
762 1158 929 1210 αὐτὸν
977 1156 1250 1221 εὐθύνας·
1283 1154 1445 1209 τοῦτο
1494 1155 1606 1225 γάρ
1659 1152 1898 1222 ἐσχάτης

299 1258 535 1321 ἀσεϐείας
581 1257 681 1311 καὶ
709 1256 976 1321 ἀπονοίας
1007 1257 1149 1308 ἐστί.
1184 1253 1376 1307 Δοῦλοι
1408 1253 1604 1323 ἐσμεν,
1636 1253 1733 1305 καὶ
1776 1251 1899 1305 δοῦ-

298 1359 368 1411 λοι
397 1355 523 1410 πολὺ
550 1356 650 1409 τοῦ
678 1354 959 1408 Δεσπότου
992 1351 1371 1419 διεστηκότες,
1400 1351 1523 1403 οὐδὲ
1551 1349 1620 1401 τὰ
1648 1349 1705 1401 ἐν
1738 1349 1897 1400 ποσὶν

296 1456 655 1525 ἐπιστάμενοι.
689 1453 784 1522 Μὴ
823 1451 890 1522 δὴ
932 1451 1035 1521 τὴν
1066 1450 1263 1521 βουλὴν
1288 1448 1384 1502 τοῦ
1414 1447 1553 1501 Θεοῦ
1594 1462 1896 1519 περιεργα-

294 1552 522 1623 ζὼμεθα,
551 1550 675 1604 ἀλλ’
709 1550 848 1621 ὅπερ
888 1549 1117 1614 δέδωκε,
1152 1546 1315 1601 τοῦτο
1366 1547 1753 1616 φυλάττωμεν,
1792 1542 1896 1597 κᾶν

294 1650 475 1720 μικρὸν
500 1645 559 1721 ᾖ,
590 1648 704 1701 κᾶν
748 1646 1002 1717 ἔσχατον,
1036 1648 1132 1700 καὶ
1158 1646 1383 1708 πάντως
1414 1643 1858 1714 εύδοκιμήσομεν
1878 1656 1893 1671 ⁶

296 1746 482 1817 μᾶλλον
516 1745 593 1809 δὲ,
625 1744 786 1799 οὐδὲν
819 1743 1021 1816 μικρὸν
1045 1742 1155 1797 τῶν
1176 1740 1272 1795 τοῦ
1301 1740 1442 1794 Θεοῦ
1473 1739 1700 1809 δωρεῶν
1724 1741 1892 1791 ἐστιν·

291 1844 463 1912 ἀλγεῖς
490 1845 571 1897 ὃτι
604 1843 713 1896 οὐκ
744 1841 892 1912 ἔχεις
920 1842 1173 1913 χάρισμα
1215 1838 1607 1904 διδασκαλίας;
1658 1837 1782 1891 εἰπὲ
1830 1836 1894 1908 δή

294 1958 395 2011 μοι,
424 1939 475 1991 τί
508 1955 591 1991 σοι
622 1939 783 1991 δοκεῖ
817 1938 1009 2009 μεῖζον
1038 1933 1198 2002 εἶναι,
1236 1937 1485 2008 χάρισμα
1519 1932 1890 1997 διδασκαλίας,

291 2040 320 2106 ἦ
344 2039 584 2110 χάρισμα
614 2038 906 2107 ίαμάτων;
930 2035 1159 2098 Πάντως
1187 2033 1365 2088 τοῦτο.
1394 2026 1454 2084 Τί
1477 2031 1557 2097 δέ,
1581 2030 1676 2085 τοῦ
1702 2031 1894 2093 νόσους

289 2138 601 2192 ἀπελαύνειν
625 2137 697 2190 οὐ
726 2138 880 2190 δοκεῖ
910 2152 995 2188 σοι
1027 2135 1214 2206 μεῖζον
1245 2130 1386 2187 εἶναι
1415 2133 1479 2185 τὸ
1509 2131 1747 2200 τυφλοὺς
1791 2131 1894 2200 ὀμ-

291 2234 504 2303 ματοῦνς
527 2234 589 2286 οὐ
615 2233 776 2285 δοκεῖ
806 2248 891 2284 σοι
924 2232 1114 2309 μεῖζοις
1142 2227 1363 2284 εἶναιτὸ
1385 2228 1618 2299 νεκροὺς
1640 2228 1889 2297 ἀνιστᾷν;

288 2331 343 2383 Τί
368 2332 440 2393 δέ,
468 2330 592 2384 εἰπέ
640 2347 775 2400 μοι;
822 2327 921 2382 τοῦ
949 2328 1096 2399 λόγῳ
1127 2327 1291 2381 τοῦτο
1325 2328 1498 2380 ποιεῖν
1530 2325 1593 2378 οὐ
1621 2324 1771 2377 δοκεῖ
1808 2339 1892 2376 σοι

294 2429 457 2497 μεῖζον
472 2424 615 2481 εἶναι
634 2428 703 2479 τὸ
720 2426 908 2489 σκιαῖς
924 2424 1021 2478 καὶ
1042 2424 1348 2495 σουδαρίοις
1361 2422 1522 2476 τοῦτο
1535 2420 1887 2493 ἐργάζεσθαι;

290 2526 345 2579 Τί
364 2522 450 2580 οὖν
475 2526 683 2589 θέλεις,
708 2523 833 2577 είπέ
862 2540 976 2593 μοι,
1011 2525 1191 2585 σκιαῖς
1209 2525 1303 2575 καὶ
1330 2520 1636 2591 σουδαρίοις
1661 2518 1891 2589 νεκροὺς

288 2625 512 2693 ἀνιστᾷν,
551 2623 584 2694 ἢ
618 2622 690 2673 τὸ
723 2621 981 2691 χάρισμα
1011 2619 1114 2690 τῆς
1138 2618 1491 2681 διδασκαλίας
1530 2617 1712 2688 ἐχεινς
1747 2615 1890 2669 Πάν-

286 2739 381 2785 τως
414 2724 619 2786 ἐκεῖνο,
666 2719 845 2791 ἐρεῖς,
868 2717 931 2772 τὸ
961 2719 1145 2783 σκιαῖς
1180 2718 1276 2772 καὶ
1306 2716 1618 2789 σουδαρίοις
1659 2716 1891 2788 νεκροὺς

287 2819 515 2873 ἀνιστᾶν.

349 3124 419 3190 ς’.
447 3126 544 3178 Ἂν
573 3120 674 3178 οὖν
701 3141 786 3176 σοι
805 3122 989 3189 δείξω,
1017 3124 1102 3177 ὅτι
1121 3121 1304 3193 πολλῶ
1322 3121 1512 3176 τούτου
1536 3120 1718 3191 μεῖζόν
1740 3123 1888 3175 ἐστιν

285 3229 458 3301 ἕτερον
491 3230 779 3301 χάρισμα,
814 3228 912 3283 καὶ
935 3227 1059 3292 ἐξόν
1092 3244 1178 3281 σοι
1211 3226 1424 3292 λαϐεῖν,
1453 3228 1516 3281 οὐ
1563 3226 1884 3298 λαμϐάνων,

285 3328 493 3391 δικαίως
537 3328 636 3381 καὶ
698 3325 915 3379 τούτων
967 3324 1369 3395 άπεστέρησαι,
1419 3323 1470 3377 τί
1511 3324 1689 3393 ἐρεῖς;
1739 3324 1887 3395 Πλὴν

287 3426 429 3480 τοῦτο
456 3428 516 3481 τὸ
542 3424 814 3497 χάρισμα
843 3424 945 3495 οὐχ
969 3425 1071 3489 ἐνὶ,
1111 3423 1231 3477 ούδέ
1259 3421 1522 3494 δευτέρῳ,
1549 3421 1688 3475 ἀλλὰ
1717 3422 1886 3476 πᾶσιν

285 3524 479 3591 ἔξεστιν
514 3524 691 3596 ἔχειν.
725 3518 860 3576 υἷδα
895 3522 979 3576 ὃτι
1011 3526 1285 3593 κεχήνατε
1316 3523 1409 3575 καὶ
1435 3521 1804 3589 ἐξεπλάγητε,
1840 3520 1893 3572 εἴ

283 3643 340 3696 γε
370 3624 619 3695 μέλλοιτε
651 3621 1027 3689 ἀκούσεσθαι,
1053 3621 1136 3675 ὅτι
1168 3621 1378 3689 ἔξεστιν
1416 3621 1549 3691 ὑμῖν
1579 3618 1765 3690 μεῖζον
1790 3620 1887 3689 χά-

283 3741 441 3794 ρισμα
470 3722 615 3793 ἔχειν
649 3718 760 3775 τοῦ
791 3719 1025 3791 νεκροὺς
1051 3718 1300 3789 ἀνιστᾷν,
1325 3718 1419 3772 καὶ
1444 3716 1682 3787 τυφλοὺς
1708 3717 1886 3787 ὀμμα-

280 3819 415 3885 τοῦν,
444 3821 536 3874 καὶ
556 3822 759 3873 ἐκεῖνα
791 3819 968 3870 ποιεῖν
992 3815 1029 3869 ά
1056 3816 1149 3869 καὶ
1177 3815 1273 3868 ἐπὶ
1292 3814 1403 3869 τῶν
1430 3813 1769 3867 ἀποστόλων·
1794 3814 1888 3866 καὶ

277 3918 409 3988 τάχα
436 3917 530 3971 καὶ
560 3917 811 3970 ἄπιστον
835 3916 970 3985 ὑμῖν
1005 3908 1145 3967 εῖναι
1182 3913 1350 3966 δοκεῖ.
1379 3912 1444 3964 Τί
1472 3906 1565 3964 οὖν
1587 3909 1744 3963 τοῦτό
1769 3911 1886 3961 ἐστι

276 4016 329 4069 τὸ
355 4016 638 4087 χάρισμα;
681 4014 761 4066 Ἠ
807 4012 1023 4082 ἀγάπη.
1072 4009 1602 4079 Ἀλλάλπιστεύσατέ
1640 4025 1751 4079 μοι·
1783 4009 1886 4062 οὐκ

278 4116 398 4185 ἐμὸς
426 4117 538 4186 γὰρ
569 4111 746 4176 οὗτος
767 4115 795 4166 ὁ
826 4113 1007 4180 λόγος,
1044 4111 1182 4164 ἀλλὰ
1212 4108 1308 4162 τοῦ
1340 4108 1580 4181 Χριστοῦ
1605 4108 1697 4161 διὰ
1732 4106 1885 4161 Παύ-

278 4216 362 4269 λου
385 4215 809 4286 φθεγγομένου.
847 4213 917 4265 Τί
960 4212 1067 4281 γάρ
1100 4228 1235 4281 φησι
1262 4227 1276 4277 ;
1307 4209 1575 4278 Ζηλοῦτε
1610 4208 1684 4262 τὰ
1720 4209 1885 4277 χαρί-

279 4330 463 4380 σματα
487 4315 561 4368 τὰ
594 4312 948 4380 κρείττονα,
978 4309 1074 4361 καὶ
1100 4307 1189 4362 ἔτι
1213 4306 1346 4363 καθ’
1369 4305 1718 4375 ὑπερϐολὴν
1738 4305 1885 4360 ὁδὸν

277 4410 406 4477 ὑμῖν
430 4408 747 4481 δείκνυμι.
781 4406 846 4458 Τί
875 4407 1049 4469 ἐστιν,
1089 4407 1218 4459 Ἔτι
1243 4407 1373 4458 καθ’
1397 4401 1779 4471 ὺπερϐολήν;
1816 4404 1881 4454 Ὃ

278 4504 383 4576 [56]
408 4508 562 4573 λέγει
602 4503 870 4558 τοιοῦτόν
907 4504 1063 4556 ἐστι’
1101 4502 1381 4574 Κορίνθιοι
1435 4501 1581 4571 μέγα
1614 4500 1881 4571 ἐφρόνουν

274 4602 361 4654 ἐπὶ
390 4606 503 4666 τοῖς
532 4602 715 4673 χαρίσ
726 4617 867 4671 μασι
884 4601 1033 4665 τότε,
1068 4598 1162 4652 καὶ
1190 4599 1241 4650 οἱ
1272 4598 1493 4668 ἔχοντες
1524 4597 1801 4665 γλώσσας,
1820 4595 1880 4648 τὸ

275 4702 548 4773 ἐλάχιστον
609 4701 899 4772 χάρισμα.
930 4697 1262 4767 ἐφυσιοῦντο
1312 4697 1456 4751 κατά
1503 4695 1613 4749 τῶν
1650 4695 1876 4751 λοιπῶν.

274 4800 425 4867 Λέγει
459 4796 577 4852 οὖν’
607 4799 807 4861 Ὅλως
847 4796 1034 4849 θέλετε
1070 4795 1425 4866 χαρίσματα;
1484 4792 1596 4862 ἐγὼ
1629 4792 1882 4864 δείκνυμι

276 4896 392 4964 ὑμῖν
438 4898 561 4949 663v
606 4893 1008 4966 χαρισμάτων,
1064 4894 1162 4962 οὔχ
1225 4890 1417 4953 ἁπλῶς
1476 4889 1877 4961 ὑπερέχουσαν,

273 4992 395 5045 ἀλλὰ
427 4996 554 5048 καθ’
581 4995 692 5046 ύπε
704 4990 928 5063 ρ6ολήν.
958 4986 1094 5044 Εἶτά
1124 5006 1313 5060 φησιν,
1350 4986 1487 5041 Ἐὰν
1516 4986 1646 5052 ταῖς
1679 4984 1879 5055 γλώσ-

274 5106 403 5159 σαις
430 5090 552 5144 τῶν
578 5088 871 5161 ἀγγέλων
897 5086 1092 5147 λαλῶ.
1126 5086 1377 5156 ἀγάπην
1403 5084 1472 5159 δὲ
1495 5083 1579 5152 μὴ
1614 5082 1755 5152 ἔχω,
1778 5084 1881 5137 οὐ·

273 5186 371 5241 δέι·
393 5192 507 5259 εἰμι
538 5207 555 5222 ·
599 5188 712 5242 καὶ
740 5188 850 5241 ἐὰν
869 5186 987 5255 ἔχω
1016 5185 1249 5248 πίστιν,
1285 5182 1443 5236 ὣστε
1462 5184 1570 5249 ὅρη
1597 5180 1883 5250 μεθιστὰ-

272 5304 412 5354 retr,
445 5289 712 5360 ἀγάπην
759 5285 827 5340 δὲ
872 5285 959 5356 μὴ
1001 5285 1143 5353 ἔχω,
1194 5281 1379 5337 οὐδέν
1425 5282 1562 5349 εἰμι.
1596 5277 1751 5343 Εἶδες
1780 5279 1881 5351 χά-

275 5404 434 5457 ρισμα
456 5406 470 5454 ;
502 5385 735 5440 Οὐκοῦν
766 5383 1013 5455 ζήλωσον
1036 5381 1193 5435 τοῦτο
1213 5382 1274 5433 τὸ
1300 5380 1569 5450 χάρισμα.
1592 5378 1764 5432 Τοῦτο
1784 5378 1879 5433 τοῦ

272 5484 493 5554 νεκροὺς
516 5483 779 5554 ἐγείρειν
808 5478 995 5550 μεῖζον
1018 5496 1033 5510 ο
1063 5478 1225 5531 τοῦτο
1259 5475 1369 5529 τῶν
1397 5476 1575 5530 ἄλλων
1623 5477 1881 5531 ἁπάντων

272 5581 443 5652 πολλῷ
480 5581 734 5652 βέλτιον.
765 5579 873 5632 Καὶ
901 5579 986 5632 ὅτι
1042 5576 1205 5631 τοῦτο
1254 5574 1431 5639 οὕτως
1463 5573 1601 5646 ἔχει,
1648 5575 1882 5629 ἄκουσον

272 5677 319 5729 τί
354 5696 523 5751 φησιν
560 5679 594 5731 6
652 5676 899 5749 Χριστὸς
953 5678 1070 5739 τοῖς
1119 5674 1392 5747 μαθηταῖς
1439 5672 1829 5744 διαλεγόμενος
1861 5689 1876 5704 ⁸

282 5775 379 5830 Ἕν
421 5780 625 5843 τούτῳ
670 5777 1017 5847 γνώσονται
1060 5776 1306 5841 πάντες,
1331 5776 1422 5829 ὅτι
1467 5774 1598 5844 ἐμοὶ
1622 5777 1882 5844 μαθηται

272 5873 429 5944 ἐστε,
453 5877 570 5931 ἐὰν·
586 5874 871 5948 ἀγαπᾶτε
892 5872 1229 5941 ἀλλήλους.
1259 5869 1389 5927 Εἶτα
1406 5871 1621 5934 δεικνὺς
1644 5871 1702 5925 ἐν
1720 5871 1877 5944 ποίῳ,

272 5973 362 6027 οὐκ
393 5969 517 6029 εἷπε
547 5975 621 6028 τά
656 5974 944 6042 θαύματα,
974 5973 1110 6028 ἀλλὰ
1130 5973 1182 6027 τί
1208 5991 1223 6038 ;
1260 5971 1405 6028 Ἐὰν
1429 5971 1672 6041 ἀγάπην
1698 5972 1879 6042 ἔχητε

2004 468 2074 519 ἐν
2125 469 2447 539 ἀλλήλοις.
2488 475 2598 527 Καὶ
2655 477 2819 530 πάλιν
2854 480 2990 551 πρὸς
3020 482 3113 537 τὸν
3145 487 3365 560 Πατέρα
3401 491 3569 565 φησίν
3595 514 3614 529 ο

2019 567 2127 619 Ἐν
2153 569 2343 636 τούτῳ
2362 571 2731 640 γνώσονται,
2760 578 2850 632 ὅτι
2879 582 2959 633 σύ
2979 600 3055 651 με
3087 585 3477 659 ἀπέστειλας,
3503 593 3614 648 ἐὰν

2012 660 2167 719 ὦσιν
2191 667 2281 722 ἓν.
2311 670 2423 723 Καὶ
2446 672 2613 736 αὐτὸς
2638 674 2794 742 ἔλεγε
2827 678 2965 749 πρὸς
2989 681 3119 746 τοὺς
3151 686 3402 756 μαθητάς
3430 706 3445 721 ’
3491 690 3613 744 Ἐν-

2003 764 2198 831 τολὴν
2240 766 2460 836 καινὴν
2498 768 2707 840 δίδωμι
2740 773 2903 842 ὑμῖν,
2943 777 3043 830 ἵνα
3097 780 3368 850 ἀγαπᾶτε
3418 786 3611 856 ἀλλή-

2005 866 2186 928 λους.
2227 865 2349 917 Τῶν
2384 867 2565 922 τοίνυν
2590 872 2719 936 τοὺς
2751 879 2981 945 νεκροὺς
3016 880 3365 935 ἀνιστώντων
3413 891 3611 955 σεμνό-
3650 906 3659 917 ·

2006 979 2167 1032 τερος
2192 966 2218 1016 ὁ
2242 965 2487 1029 τοιοῦτος
2523 970 2619 1021 καί
2646 970 3034 1045 λαμπρότερος
3063 993 3076 1007 ·
3108 978 3358 1044 εἰκότως.
3403 983 3611 1037 Ἐκεῖνο

2010 1060 2116 1132 μὲν
2154 1060 2267 1133 γὰρ
2325 1063 2448 1116 ὅλον
2479 1064 2577 1135 τῆς
2624 1066 2720 1119 τοῦ
2756 1068 2893 1121 Θεοῦ
2933 1073 3157 1145 χάριτός
3189 1077 3329 1144 ἐστι,
3363 1079 3523 1134 τοῦτο
3551 1082 3609 1134 δὲ

2008 1158 2245 1229 καὶτῆς
2304 1162 2403 1230 σῆς
2471 1164 2732 1236 σπουδῆς.
2784 1167 2955 1222 Τοῦτο
3003 1171 3174 1236 ὄντως
3224 1176 3558 1246 Χριστιανοῦ
3591 1197 3605 1211 ’

2006 1255 2171 1308 τοῦτο
2196 1257 2439 1311 δείκνυσι
2464 1260 2559 1314 τὸν
2590 1263 2684 1315 τοῦ
2711 1265 2950 1335 Χριστοῦ
2985 1268 3261 1340 μαθητὴν,
3294 1275 3384 1327 τὸν
3406 1277 3607 1331 ἐσταυ-

2006 1354 2274 1425 ρωμένον,
2313 1357 2403 1409 τὸν
2427 1358 2583 1410 οὐδὲν
2610 1359 2809 1429 ἔχοντα
2831 1363 3010 1417 κοινὸν
3049 1368 3106 1418 ἐν
3157 1370 3223 1439 τῇ
3258 1372 3329 1440 γῇ
3359 1387 3371 1398 ·
3411 1372 3606 1425 τούτου

2003 1451 2181 1520 χωρὶς
2227 1452 2348 1505 οὐδὲ
2394 1454 2699 1526 μαρτύριον
2761 1457 3045 1528 ὠφελῆσαί
3100 1479 3153 1514 τι
3203 1464 3446 1519 δύναται.
3498 1469 3608 1520 Καὶ

2005 1551 2097 1604 ἵνα
2131 1551 2330 1623 μάθῃς,
2382 1554 2484 1622 ὅρα
2537 1554 2699 1609 τοῦτο
2752 1558 2943 1624 σαφῶς
2970 1574 2982 1585 ·
3021 1558 3181 1612 ἔλαϐε
3214 1560 3307 1615 δύο
3360 1566 3607 1635 κορυφάς

2004 1650 2217 1722 ἀρετῶν
2253 1652 2281 1703 6
2313 1654 2587 1724 μακάριος
2624 1655 2862 1721 Παῦλος,
2895 1657 3099 1727 μᾶλλον
3135 1660 3193 1712 δέ
3221 1664 3392 1731 τρεῖς,
3418 1662 3517 1727 τὰς
3546 1664 3606 1717 έν

2000 1751 2115 1811 τοῖς
2151 1750 2422 1820 σημείοις,
2466 1754 2565 1816 τὰς
2608 1755 2667 1807 ἐν
2711 1757 2778 1825 τῇ
2828 1755 3050 1824 γνώσει,
3087 1758 3188 1821 τὰς
3234 1760 3293 1812 ἐν
3336 1758 3415 1830 τῷ
3454 1761 3601 1832 βίῳξ

2002 1848 2097 1901 καὶ
2146 1848 2352 1919 ταύτης
2389 1850 2517 1903 ἄνευ
2563 1850 2717 1904 οὐδὲν
2750 1851 2956 1922 ἔφησεν
2980 1850 3123 1908 εἶναι
3161 1855 3359 1909 ταῦτα.
3394 1857 3515 1921 Πῶς
3544 1859 3603 1912 δὲ

1999 1946 2158 1999 οὐδέν
2186 1948 2305 2000 ἐστι
2351 1948 2549 2014 ταῦτα,
2596 1948 2708 2019 ἐγὼ
2755 1950 2921 2016 λέγω⁶
2991 1951 3136 2007 Ἐὰν
3172 1955 3428 2022 ψωμίσω
3455 1973 3599 2025 μου,

2001 2045 2156 2119 φησὶ,
2223 2046 2296 2099 τὰ
2324 2045 2699 2115 ὑπάρχοντα,
2739 2048 2985 2118 ἀγάπην
3012 2049 3081 2103 δὲ
3118 2050 3204 2119 μὴ
3236 2050 3377 2121 ἔχω,
3420 2052 3603 2106 οὐδέν

1999 2146 2136 2213 ειμι.
2174 2146 2332 2198 Ἐστι
2375 2147 2484 2216 γὰρ
2532 2144 2626 2198 κατ⁹
2654 2146 2975 2216 ψωμίζοντα
3013 2146 3088 2218 μὴ
3126 2144 3267 2201 εἶναι
3319 2149 3601 2219 ἀγαπητι-

1999 2242 2118 2307 κὸν,
2152 2242 2246 2295 καὶ
2290 2244 2551 2312 χρήματα
2599 2243 2887 2296 κενοῦντα.
2926 2244 3036 2296 Καὶ
3064 2244 3284 2316 εἴρηται
3333 2245 3435 2316 μὲν
3466 2248 3599 2317 ἡμῖν

1996 2339 2170 2392 ταῦτα
2205 2339 2521 2413 ἀρκούντως
2545 2341 2603 2394 ἐν
2634 2340 2713 2412 τῷ
2752 2341 2904 2411 τόπῳ
2934 2341 3011 2412 τῷ
3041 2343 3172 2413 περὶ
3212 2344 3313 2414 τῆς
3350 2344 3596 2416 ἀγάπης.

1996 2437 2664 2508 κάκεῖηπαραπέμπομεν
2718 2440 2847 2501 τοὺς
2907 2441 3345 2510 ἐντυγχάνοντας
3400 2459 3414 2475 ’
3457 2443 3598 2507 τέως

1993 2536 2071 2599 δὲ,
2099 2536 2239 2607 ὅπερ
2270 2535 2431 2607 ἔφην,
2473 2534 2813 2606 ζηλώσωμεν
2839 2537 2901 2589 τὸ
2951 2538 3226 2609 χάρισμα,
3284 2541 3595 2612 ἀγαπήσω-

1997 2651 2096 2704 μεν
2128 2633 2417 2706 ἀλλήλους,
2451 2636 2544 2687 καὶ
2576 2634 2791 2698 οὐδενὸς
2822 2635 3015 2706 ἐτέρου
3039 2637 3425 2709 δεηθησόμεθα
3452 2638 3595 2709 πρὸς

1991 2736 2091 2804 τὴν
2126 2735 2225 2803 τῆς
2250 2734 2453 2804 ἀρετῆς
2480 2732 2843 2802 κατόρθωσιν,
2872 2732 3010 2787 ἀλλά
3044 2734 3225 2788 πάντα
3252 2737 3385 2805 ἡμῖν
3430 2735 3593 2790 ἔσται

1993 2829 2192 2883 εὔκολα
2232 2831 2406 2901 χωρὶς
2455 2829 2721 2900 ἱδρώτων,
2765 2832 2863 2885 καὶ
2892 2833 3112 2885 ᾶπαντα
3166 2833 3594 2906 κατορθώσομεν

1994 2928 2136 3000 μετὰ
2172 2928 2373 2998 πολλῆς
2410 2927 2512 2998 τῆς
2542 2929 2805 2999 σπουδῆς.
2850 2929 2992 2982 Ἀλλ’
3028 2931 3140 2984 ἰδοὺ
3182 2933 3277 2985 καὶ
3312 2932 3428 2999 νῦν,
3482 2952 3594 3005 φη-

1994 3029 2101 3093 σὶν,
2134 3026 2444 3099 ἀγαπῶμεν
2492 3027 2760 3096 ἀλλήλους
2813 3047 2827 3060 ο
2878 3031 2907 3082 ὁ
2964 3031 3063 3101 μὲν
3095 3030 3204 3101 γάρ
3235 3032 3351 3103 ἔχει
3405 3034 3595 3102 φίλους

1990 3124 2105 3191 δύο,
2139 3125 2172 3196 ἢ
2228 3128 2397 3197 τρεῖς,
2440 3124 2555 3197 [57]
2584 3127 2611 3178 6
2668 3126 2727 3179 δέ
2762 3126 3055 3200 τέτταρας.
3112 3129 3273 3183 Ἀλλά
3307 3130 3467 3184 τοῦτο
3492 3132 3593 3184 οὐκ

1991 3227 2110 3279 ἐστι
2143 3225 2231 3278 διὰ
2255 3225 2346 3280 τὸν
2373 3225 2507 3281 Θεὸν
2535 3228 2782 3298 ἀγαπᾷν,
2815 3228 2953 3281 άλλὰ
2979 3228 3067 3281 διὰ
3088 3230 3147 3283 τὸ
3182 3229 3461 3298 φιλεῖσθαι
3487 3247 3500 3261 ·
3531 3233 3592 3284 τὸ

1990 3326 2047 3378 δέ
2077 3326 2167 3379 διὰ
2190 3326 2282 3378 τὸν
2328 3324 2462 3378 Θεὸν
2506 3326 2754 3396 ἀγαπᾷν,
2785 3326 2847 3378 ού
2880 3326 3086 3398 ταύτην
3118 3328 3234 3398 ἔχει
3263 3327 3363 3399 τὴν
3415 3328 3591 3400 ἀρχὴν

1991 3438 2088 3506 τῆς
2113 3437 2356 3506 ἀγάπης,
2388 3435 2526 3489 ἀλλὰ
2561 3435 2699 3507 πρὸς
2744 3436 2982 3503 πάντας,
3018 3438 3094 3502 ὡς
3129 3439 3265 3511 πρὸς
3294 3440 3588 3511 ἀδελφοὺς,

1990 3538 2019 3589 ὁ
2066 3535 2310 3598 τοιοῦτος
2369 3534 2732 3601 διακείσεται,
2769 3536 2897 3599 τοὺς
2950 3537 3049 3608 μὲν
3096 3538 3451 3608 ὁμοπίστους,
3493 3540 3590 3594 ἆτε

1990 3636 2250 3708 γνησίους
2279 3634 2441 3697 ὄντας
2469 3634 2760 3703 ἀδελφοὺς,
2804 3635 2995 3704 φιλῶν,
3026 3639 3153 3701 τοὺς
3185 3638 3241 3691 δέ
3273 3641 3591 3709 αἱρετικοῦς

1991 3735 2086 3788 καὶ
2123 3731 2397 3802 ’Έλληνας
2428 3732 2524 3784 καὶ
2566 3731 2878 3797 Ἰουδαίους,
2904 3733 2979 3794 ὡς
3004 3732 3275 3802 ἀδελφοὺς
3311 3734 3411 3805 μὲν
3445 3736 3590 3788 κατὰ

1990 3831 2088 3902 τὴν
2120 3832 2308 3899 φύσιν,
2345 3828 2589 3899 φαύλους
2626 3828 2685 3881 δέ
2718 3830 3091 3898 τυγχάνοντας
3123 3834 3220 3883 καί¹
3248 3831 3586 3903 ἀχρήστους,

1990 3928 2181 3996 ἐλεῶν,
2216 3930 2313 3982 καὶ
2347 3928 2653 3998 τηκόμενος
2681 3928 2824 3998 ὑπὲρ
2857 3927 3156 3981 αὐτῶνκαὶ
3181 3928 3459 4002 δακρύων.
3500 3931 3590 3983 Ἐν

1988 4028 2164 4098 τούτῳ
2188 4029 2369 4098 ὅμοιοι
2417 4027 2657 4096 ἐσόμεθα
2686 4026 2765 4097 τῷ
2796 4025 2938 4095 Θεῷ,
2974 4026 3069 4080 ἐὰν
3116 4026 3327 4090 πάντας
3355 4028 3588 4095 ἀγαπῶ-

1992 4149 2112 4203 μεν,
2174 4131 2271 4183 καὶ
2315 4129 2445 4189 τοὺς
2498 4127 2751 4197 ἐχθροὺς,
2783 4126 2885 4179 οὐκ
2921 4125 3016 4178 ἐὰν
3065 4128 3269 4196 σημεῖα
3314 4125 3584 4195 ποιῶμεν.

2000 4230 2154 4285 Ἐπεὶ
2185 4232 2281 4283 καὶ
2325 4228 2417 4281 τὸν
2444 4225 2579 4279 Θεὸν
2608 4224 2971 4294 θαυμάζομεν
3006 4224 3105 4294 μὲν
3148 4225 3244 4277 καὶ
3272 4224 3406 4277 ὅταν
3455 4224 3586 4278 θαύ-

1991 4348 2138 4403 ματα
2187 4325 2517 4398 ἐργάζηται,
2551 4322 2735 4394 πολλῷ
2791 4322 2846 4376 δὲ
2882 4322 3067 4387 πλέον,
3113 4323 3243 4375 ὅταν
3276 4322 3587 4395 φιλανθρω-

1990 4431 2250 4500 πεύηται,
2301 4426 2431 4480 ὅταν
2484 4422 2812 4493 ἀνεξικακῇ.
2860 4421 2923 4475 Εἰ
2973 4420 3155 4475 τοίνυν
3208 4422 3302 4473 καὶ
3361 4422 3451 4473 ἐπὶ
3486 4420 3584 4475 τοῦ

1989 4530 2123 4583 Θεοῦ
2153 4529 2332 4581 ἐκεῖνο
2360 4523 2561 4579 πολλοῦ
2611 4523 2894 4593 θαύματος
2943 4520 3114 4588 ἄξιον,
3164 4519 3348 4591 πολλῷ
3382 4521 3586 4590 μᾶλλον

1987 4630 2074 4682 ἐπ’
2107 4624 2415 4699 ἀνθρώπων
2443 4622 2666 4695 εὔδηλον
2699 4634 2724 4662 ε
2755 4622 2837 4674 ὅτι
2868 4620 3028 4674 τοῦτο
3054 4621 3201 4691 ἡμᾶς
3233 4620 3585 4691 θαυμαστοὺς

1986 4729 2391 4803 ἀπεργάζεται.
2429 4727 2602 4781 Τοῦτο
2654 4724 2833 4779 τοίνυν
2865 4723 3204 4795 ζηλώσωμεν
3250 4741 3265 4755 ο
3301 4726 3398 4778 καὶ
3434 4726 3585 4780 Παύ-

1984 4836 2079 4887 λου
2138 4833 2234 4887 καῖ
2288 4830 2503 4903 Πέτρου
2560 4828 2657 4883 καὶ
2716 4827 2826 4882 τῶν
2882 4825 3114 4898 μυρίους
3156 4826 3585 4890 ἀναστησάντων

1984 4933 2215 5003 νεκροὺς
2246 4930 2400 4984 οὐδὲν
2442 4927 2667 4981 ἔλαττον
2702 4927 2921 4996 ἕξομεν,
2957 4927 3060 4980 κᾶν
3108 4925 3347 4997 πυρετὸν
3380 4928 3585 4983 ἀπελά-

1988 5051 2076 5086 σαι
2108 5031 2185 5102 μὴ
2211 5027 2499 5098 δυνώμεθα
2533 5043 2546 5055 ·
2578 5026 2796 5095 ἐκείνης
2823 5022 2880 5075 δέ
2907 5024 3100 5095 χωρὶς,
3130 5021 3233 5076 κᾶν
3258 5022 3441 5077 αὐτῶν
3471 5024 3584 5078 τῶν

1984 5128 2301 5183 ἀποστόλων
2359 5124 2583 5196 μείζονα
2630 5121 3008 5193 ἐργασώμεθά
3050 5123 3276 5190 σημεῖα,
3320 5122 3425 5176 κᾶν
3472 5141 3578 5194 μυη

1988 5230 2123 5300 ρίοις
2151 5224 2421 5287 κινδύνοις
2456 5223 2687 5284 ἑαυτοὺς
2724 5219 2866 5291 ὑπὲρ
2906 5218 3008 5289 τῆς
3044 5218 3303 5285 πίστεως,
3328 5224 3581 5294 παρίω-

1983 5328 2186 5398 λωμεν,
2220 5323 2375 5378 οὐδὲν
2405 5324 2538 5393 ἡμῖν
2570 5321 2725 5373 ἔσται
2757 5317 2973 5387 ὄφελος.
3000 5320 3111 5372 Καὶ
3143 5320 3318 5375 ταῦτα
3345 5326 3447 5377 οὐκ
3469 5323 3583 5393 ἐγὼ

1984 5426 2151 5494 λέγω,
2182 5421 2297 5476 ἀλλ’
2325 5420 2487 5481 αὐτὸς
2517 5421 2544 5472 6
2573 5417 2673 5481 τῆς
2704 5418 2929 5486 ἀγάπης
2958 5420 3230 5489 τρόφιμος
3262 5421 3436 5474 ταῦτα
3458 5421 3582 5475 ἐπί-

1987 5538 2219 5577 σταται·
2250 5519 2448 5590 ἐκείνῳ
2472 5518 2655 5570 τοίνυν
2698 5515 3044 5583 πειθώμεθα.
3079 5516 3244 5573 Οῦτω
3273 5518 3380 5591 γὰρ
3417 5519 3582 5592 δυνη-

1987 5620 2197 5693 σόμεθα
2240 5619 2522 5688 ἐπιτυχεῖν
2553 5615 2663 5669 τῶν
2720 5616 3160 5690 ἐπηγγελμένων
3197 5618 3425 5688 ἀγαθῶν
3455 5635 3472 5651 ο
3501 5611 3578 5674 ὧν

1984 5720 2199 5791 γένοιτο
2249 5718 2459 5780 πάντας
2491 5715 2639 5787 ἡμᾶς
2676 5718 2994 5787 μετασχεῖν,
3030 5716 3216 5787 χάριτι
3261 5717 3356 5772 καὶ
3390 5704 3581 5789 φιλανθ

2049 5974 2066 5996 ⁸
2089 5974 2309 6026 Dumcus
2331 5984 2392 6021 ex
2424 5970 2663 6034 Mutinno,
2686 5972 2790 6021 ὅθεν
2822 5971 3035 6031 εὔδηλον
