4208 6528
624 372 690 430 37
1259 375 1320 431 S.
1354 375 1636 432 JOANMS
1672 375 1853 430 (2111ὶῖ
1865 374 2165 432 SOSTOMI

2290 376 2522 434 ιΒΗΙΕΡ.
2559 381 3108 444 CONSTANTINOP.
3823 398 3892 454 38

613 496 834 570 θρωπίᾳ
863 495 959 551 τοῦ
1008 495 1217 568 Κυρίου
1261 495 1422 565 ἡμῶν
1463 495 1639 564 Ἰησοῦ
1687 495 1950 566 Χριστοῦ,
1986 494 2105 566 μεθ’
2133 488 2194 550 οὗ

613 580 692 652 τῷ
724 581 920 654 Πατρὶ,
957 581 1074 652 ἅμα
1105 579 1183 650 τῷ
1232 579 1376 648 ἁγίῳ
1427 578 1731 649 Πνεύματι,
1776 580 1927 646 δόξα,
1967 581 2191 651 κράτος,

629 803 790 817 Ψ-

2304 498 2464 567 τιμὴ.
2500 498 2595 552 νῦν
2625 503 2720 555 καὶ
2755 503 2860 568 ἀεὶ,
2893 505 2986 558 καὶ
3021 505 3100 568 εἰς
3128 508 3258 572 τοὺς
3287 508 3491 575 αἰῶνας
3518 511 3628 564 τῶν
3655 513 3892 572 αἰώνων.

2318 582 2375 634 Ἀ
2383 582 2512 653 μὴν.

2553 803 3814 832 .——————_——._.___.______________

2099 1012 2346 1068 ΟΜΙΛΙΔ
2389 1018 2462 1068 Δ’.

609 1160 736 1243 [38]·
760 1161 844 1215 Οὐ
879 1157 996 1243 γάρ
1038 1155 1321 1227 ἀγγέλοις
1351 1155 1623 1243 ὑπέτμξε
1652 1155 1780 1237 τὴν
1825 1154 2191 1243 οἰκουμένην

680 1223 794 1300 τὴν
817 1223 1200 1300 μέλλουσαν,
1232 1227 1368 1300 περί
1387 1223 1463 1299 ἧς
1484 1227 1813 1300 λαλοῦμεν.
1874 1223 2191 1300 διεμαρτὺ-

560 1301 576 1354 ἰ
672 1295 834 1373 ρατό
859 1300 927 1354 δέ
959 1299 1077 1381 πού
1131 1315 1248 1381 τις,
1282 1295 1515 1381 λέγων’·
1654 1297 1833 1381 ἐστιν
1878 1295 2192 1381 ᾅνθρωπκος

677 1365 768 1454 ότι
813 1371 1134 1454 μιμνήσκῃ
1181 1365 1492 1454 αὑτοξξὲ-ιῇ
1537 1370 1669 1454 υίὸς
1720 1366 2038 1454 ἀνιῇρῴποὺ
2099 1365 2191 1454 ὅτι

676 1437 1012 1509 ἐπισκέπτῃ
1067 1442 1296 1505 αὑτόν;
1337 1439 1717 1502 Ὴλάττωσας
1766 1437 1954 1491 αὑτὸν
1985 1437 2190 1506 βραχύ

677 1533 733 1568 τι
763 1517 899 1581 παρ’
932 1512 1252 1580 ἀγγέλους.

681 1670 753 1719 α’.
798 1659 1140 1730 Ἦϐουλόμην
1176 1657 1380 1726 γνῶναι
1431 1657 1640 1726 σαφῶς,
1670 1657 1722 1711 εἴ
1743 1675 1890 1720 τινες
1920 1655 2058 1727 μετά
2085 1657 2191 1725 τῆς

606 1745 992 1822 προσηκοὺσης
1027 1743 1261 1812 σπουδῆς
1291 1740 1401 1795 τῶν
1446 1740 1756 1810 λεγομένων
1787 1739 2102 1806 ἀκούουσιν,
2141 1742 2192 1793 εἰ

606 1835 685 1901 μὴ
718 1831 868 1902 παρᾶ
914 1830 1014 1898 τὴν
1044 1827 1160 1879 ὁδὸν
1215 1827 1284 1878 τά
1336 1824 1631 1896 σπέρματα
1672 1825 1938 1896 ρίπτομεν
1975 1840 1990 1855 ο
2045 1823 2190 1878 οὕτω

604 1915 713 1986 γὰρ
752 1914 815 1967 ἂν
849 1910 1260 1984 προθυμότερον
1291 1908 1391 1978 τὴν
1419 1907 1774 1961 διδασκαλίαν
1817 1909 2187 1980 ἐποιησάμην.

603 1998 875 2070 Ἐροῦμεν
908 1996 1039 2066 γὰρ,
1064 1994 1168 2047 κᾶν
1206 1992 1398 2064 μηδεὶς
1433 1992 1631 2064 ἀκούῃ,
1663 1993 1751 2046 διὰ
1778 1993 1872 2047 τὸν
1906 1994 2193 2063 ἐπικείμε-

601 2100 694 2138 νον
733 2081 886 2152 παρὰ
940 2079 1037 2133 τοῦ
1095 2078 1350 2148 Σωτῆρος
1401 2077 1590 2147 φόϐον.
1641 2079 2027 2152 Διαμάρτυραι
2057 2079 2189 2150 γὰρ,

602 2167 758 2236 φησὶ,
819 2165 898 2234 τῷ
930 2162 1046 2234 λαῷ
1094 2163 1270 2233 τούτῳ
1325 2177 1341 2192 ·
1377 2161 1483 2215 κᾶν
1514 2161 1593 2232 μὴ
1645 2162 1980 2229 ἀκούσωσιν,
2029 2163 2192 2228 αὑτὸς

601 2251 894 2312 ἀνεύθυνος
926 2248 1046 2318 ἔσῃ.
1084 2247 1149 2300 Εἰ
1184 2248 1242 2300 δὲ
1272 2247 1617 2316 ἐπεπείσμην
1639 2247 1770 2319 περί
1797 2249 1899 2318 τῆς
1915 2248 2192 2321 ὑμετέρας

602 2334 862 2398 σπουδῆς,
893 2335 953 2384 οὑ
1007 2331 1098 2383 διὰ.
1147 2330 1240 2384 τὸν
1283 2331 1450 2399 φόϐον
1485 2330 1672 2398 ἑλεγον
1705 2330 1890 2401 μόνον,
1927 2331 2066 2385 ἀλλά
2097 2333 2192 2387 καὶ

603 2419 722 2490 μεθ’
753 2417 948 2488 ἡδονῆς
981 2413 1142 2468 τοῦτο
1165 2414 1405 2468 ἐποίουν.
1443 2412 1560 2468 Νῦν
1601 2414 1702 2484 μὲν
1732 2414 1842 2486 γάρ
1869 2414 1972 2469 κᾶν
1998 2416 2188 2486 μηδεὶς

599 2503 796 2578 ἀκούῃ,
835 2501 941 2556 κᾶν
971 2501 1097 2570 ἐμοὶ
1127 2499 1189 2553 τὸ
1213 2500 1450 2571 πρᾶγμα
1482 2498 1765 2552 ἀκίνδυνον
1852 2498 1912 2553 τὸ
1942 2499 2186 2568 ἐμαυτοῦ

599 2586 921 2660 πληροῦντι,
949 2584 1063 2637 ἀλλ’
1089 2584 1240 2654 ὅμως
1262 2583 1324 2637 οὑ
1353 2583 1473 2654 μεθ’
1497 2583 1692 2654 ἡδονῆς
1709 2584 1738 2636 ὁ
1757 2584 1918 2647 πόνος
1948 2583 2184 2653 γίνεται.

599 2673 642 2723 Τ
649 2672 665 2724 ί
691 2669 801 2742 γὰρ
829 2667 1043 2736 ϐφελος,
1067 2668 1197 2720 ὅταν
1235 2667 1312 2738 μὴ
1344 2666 1669 2737 ὲγκαλῶμαι
1696 2665 1796 2736 μὲν
1824 2665 1956 2736 ἑγὼ,
1975 2667 2189 2739 ὠφελῆ-

596 2773 687 2809 ται
726 2753 782 2806 δὲ
811 2749 1126 2822 μηδείς;Εἰ
1164 2749 1221 2802 δέ
1266 2766 1416 2812 τινες
1476 2751 1725 2820 μέλλοιεν
1773 2751 2091 2822 προσέχειν,
2123 2752 2184 2804 οὑ

595 2837 868 2908 τοσαύτην
901 2835 1010 2890 άπὸ
1033 2833 1129 2888 τοῦ
1173 2835 1251 2906 μὴ
1283 2835 1611 2900 κολάξεσθαι
1635 2836 1926 2908 ληψόμεθα
1970 2839 2184 2911 ὄνησιν,

595 2925 730 2994 ὅσην
759 2920 870 2975 ἀπὺ
893 2921 992 2991 τῆς
1017 2919 1307 2991 προκοπῆς
1331 2920 1433 2991 τῆς
1457 2921 1754 2993 ὑμετέρας.
1773 2922 1899 2986 Πῶς
1928 2918 2022 2977 οῦν
2046 2924 2188 2978 εἴσο-

599 3023 699 3078 μαι
750 3004 941 3072 τοῦτο;
974 3005 1352 3075 Ἐπιτηρήσας
1411 3004 1570 3076 ὑμῶν
1617 3023 1770 3069 τινας
1795 3007 1922 3070 τοὺς
1948 3009 2008 3060 οὑ
2043 3009 2184 3062 πάνυ

596 3090 988 3163 προσέχοντας,
1015 3088 1241 3152 τούτους
1262 3089 1537 3162 ἐρήσομαι
1559 3091 1681 3144 κατ’
1714 3089 1852 3144 ἰδίαν
1879 3090 2184 3162 συντυχὼν,

595 3177 700 3230 κᾶν
728 3175 874 3246 εὑρω
902 3174 1026 3228 τινὰ
1054 3173 1165 3226 τῶν
1204 3175 1516 3246 εἰρημένων
1566 3175 1919 3245 κατέχοντας.
1953 3176 2014 3230 οὑ
2042 3176 2186 3245 λέγω

594 3260 776 3313 πάντα
811 3273 826 3287 ·
862 3256 1025 3311 τοῦτο
1067 3257 1179 3328 γὰρ
1217 3259 1348 3328 ὑμῖν
1377 3259 1439 3312 οὑ
1492 3259 1701 3330 σφόδρα
1732 3257 1958 3313 εὔκολον
1989 3275 2004 3291 ⁸
2048 3259 2185 3315 ἀλλά

594 3343 699 3397 κᾶν
721 3342 879 3411 ὀλίγα
907 3343 973 3395 ὲκ
999 3340 1233 3404 πολλῶν,
1268 3340 1494 3412 εὑδηλον
1518 3344 1601 3396 ὅτι
1630 3344 1758 3414 περὶ
1781 3343 1890 3398 τῶν
1919 3343 2134 3397 πολλῶν
2153 3357 2178 3386 ο

593 3427 715 3480 οὐδὲ
749 3426 1080 3498 ἀμφιϐάλλω
1111 3426 1321 3482 λοιπόν.
1371 3427 1485 3481 Καὶ
1535 3427 1708 3498 ἐχρῆν
1755 3427 1854 3497 μὲν
1898 3428 2069 3497 ἡμᾶς,
2107 3427 2183 3498 μὴ

594 3510 962 3581 προειπόντας
1008 3510 1191 3574 τοῦτο,
1242 3509 1580 3580 ἀφυλάκτοις
1635 3511 1765 3580 ὑμῖν
1808 3513 2133 3583 ἐπιτεθῆναι
2165 3530 2180 3544 ο

596 3592 739 3664 πλὴν
764 3592 881 3646 ἀλλ’
907 3593 1220 3664 ἀγαπητὸν,
1255 3597 1305 3648 εἰ
1341 3597 1436 3649 καὶ
1471 3593 1616 3649 οὑτω
1654 3595 2020 3668 δυνηθείημεν
2061 3601 2182 3651 ἐπι-

593 3679 778 3749 τυχεῖν
805 3693 821 3708 ·
879 3677 1082 3750 μᾶλλον
1121 3677 1199 3743 δὲ,
1253 3678 1349 3731 καὶ
1384 3677 1530 3732 οὑτω
1558 3679 1800 3750 δύναμαι
1847 3681 2184 3747 ἀφυλάκτοις

593 3761 904 3816 ἐπιθέσθαι.
929 3762 1054 3816 Ὅτι
1103 3763 1202 3834 μὲν
1232 3765 1344 3836 γὰρ
1374 3765 1672 3835 ἐρήσομαι,
1710 3769 1974 3836 προεῖπον
2005 3781 2019 3794 °
2054 3767 2186 3820 πότε

592 3846 650 3899 δὲ
681 3847 971 3917 ἐρήσομαι,
997 3846 1180 3899 οὐκέτι
1211 3846 1373 3915 δῆλον
1407 3846 1711 3918 καθίστημι
1737 3865 1749 3879 ·
1787 3849 1921 3910 ἴσως
1945 3849 2056 3920 γὰρ
2090 3853 2188 3920 σή-

596 3947 789 4001 μερον,
823 3930 956 3992 ῖσως
984 3929 1040 3983 δὲ
1081 3929 1295 4002 αὑριον,
1347 3932 1479 3996 ἴσως
1521 3931 1578 3985 δὲ
1610 3932 1749 4002 μετὰ
1795 3933 2058 4004 εἴκοσινῆ
2093 3935 2186 3987 καὶ

589 4015 889 4084 τριάκοντα
919 4014 1158 4086 ἡμέρας,
1185 4014 1318 4079 ἴσως
1357 4015 1416 4068 δὲ
1464 4016 1606 4087 μετά
1639 4016 1928 4086 ἐλάττους,
1963 4017 2098 4082 ἴσως
2127 4017 2185 4070 δὲ

589 4100 688 4152 καὶ
720 4099 860 4170 μετά
889 4099 1130 4164 πλείους.

659 4181 817 4236 Οῦτω
844 4183 940 4236 καὶ
965 4186 994 4237 ὁ
1027 4184 1160 4249 Θεὸς
1195 4185 1297 4256 τὴν
1325 4186 1542 4259 ἡμέραν
1569 4187 1731 4260 ἡμῶν
1776 4188 1879 4258 τῆς
1926 4189 2186 4260 τελευτῆς

589 4265 784 4336 ἄδηλον
815 4267 1038 4335 ἐποίησε
1057 4285 1070 4298 ·
1099 4270 1194 4322 καὶ
1220 4267 1346 4322 οὔτε
1375 4271 1424 4322 εἰ
1456 4273 1721 4343 σήμερον,
1748 4271 1872 4327 οὔτε
1895 4275 1942 4326 εἰ
1971 4273 2182 4346 αὔριον,

588 4346 713 4400 οὔτε
743 4349 792 4400 εἰ
825 4350 964 4419 μετὰ
994 4349 1237 4402 ἐνιαυτὸν
1261 4351 1403 4417 ὅλον,
1433 4351 1557 4405 οὔτε
1585 4357 1634 4407 εἰ
1667 4356 1805 4423 μετὰ
1834 4357 2055 4411 πλείονα
2087 4358 2184 4429 ἐτη

589 4433 966 4502 ἐπιστήσεται,
995 4433 1155 4503 δῆλον
1202 4434 1335 4504 ἡμῖν
1381 4435 1593 4505 ἀφῆκεν
1627 4431 1788 4505 εῖναι,
1824 4439 1915 4493 ἵνα
1956 4441 2034 4508 τῷ
2085 4443 2184 4512 τῆς

589 4516 919 4586 προσδοκίας
948 4517 1131 4588 ἀδήλῳ
1157 4517 1454 4580 διαπαντὸς
1485 4518 1601 4592 [39]
1639 4523 1696 4575 ἑν
1725 4523 1895 4594 ἀρετῇ
1939 4525 2182 4595 κατέχω-

590 4617 691 4668 μεν
725 4599 984 4664 ἑαυτούς’
1012 4603 1107 4653 καὶ
1139 4603 1221 4655 ὅτι
1259 4601 1360 4671 μὲν
1388 4602 1826 4676 ἀπελευσόμεθα,
1861 4602 2036 4671 εἶπεν,
2053 4610 2183 4662 πότε

585 4683 665 4747 δὲ,
701 4684 908 4737 οὐκέτι.
944 4684 1102 4739 Οὑτω
1152 4686 1329 4753 κάγὼ,
1379 4688 1463 4741 ὅτι
1515 4689 1616 4758 μὲν
1667 4691 1960 4762 ἐρήσομαι,
2006 4688 2181 4758 εἷπον,

587 4767 719 4849 πότε
749 4767 828 4832 δὲ,
857 4769 919 4822 οὑ
951 4767 1293 4839 προσέθηκα,
1330 4769 1655 4842 βουλόμενος
1681 4773 1829 4844 ὑμᾶς
1858 4777 1916 4830 ἑν
1943 4779 2182 4849 φροντίδι

587 4845 728 4904 εἶναι
756 4849 1068 4915 διαπαντός.
1097 4853 1208 4905 Καὶ
1240 4853 1312 4922 μή
1343 4870 1428 4916 τις
1457 4854 1684 4923 λεγέτω,
1721 4857 1802 4912 ὅτι
1836 4845 1964 4930 Πρὸί
1983 4845 2182 4916 τεσσά-

591 4952 702 5006 ρων
731 4934 1044 5006 ἑϐδομάδων
1074 4936 1169 4989 καὶ
1198 4935 1363 4988 πέντε
1403 4936 1498 4990 καὶ
1527 4937 1790 4996 πλειόνων
1822 4942 1994 4997 ταῦτα
2015 4945 2182 5016 ῆκου-

588 5037 677 5084 σα,
703 5020 800 5075 καὶ
833 5019 1084 5091 κατέχειν
1111 5021 1172 5073 οὑ
1198 5020 1433 5091 δύναμαι
1451 5039 1463 5052 ο
1489 5023 1580 5076 τὸν
1604 5025 1715 5098 γὰρ
1743 5027 2012 5084 ἀκούοντα
2035 5030 2180 5086 οὕτω

589 5104 868 5188 βούλομαι
899 5106 1176 5175 κατέχειν,
1207 5106 1284 5169 ὡς
1328 5106 1562 5176 ἄληστον
1591 5109 1738 5180 ἔχειν
1784 5113 1885 5185 τὴν
1933 5116 2178 5188 μνήμην,

585 5189 684 5244 καὶ
718 5191 793 5260 μὴ
824 5187 1086 5260 ἐξίτηλον,
1131 5191 1267 5261 μηδὲ
1297 5191 1602 5247 ἀποπτύειν
1631 5196 1701 5250 τά
1730 5195 2020 5269 λεγόμενα.
2047 5187 2182 5255 Βού-

585 5271 751 5343 λομαι
777 5273 888 5343 γάρ
919 5274 1064 5344 ὑμᾶς
1091 5273 1365 5345 κατέχειν,
1401 5277 1504 5346 οὑχ
1539 5277 1628 5331 ῐνα
1656 5280 1782 5350 ἐμοὶ
1819 5282 2032 5355 εἴπητε,
2051 5286 2180 5340 ἀλλ’

587 5357 676 5410 ἵνα
705 5357 864 5427 ὑμεῖς
914 5358 1213 5429 κερδάνητε
1235 5375 1248 5389 ·
1287 5361 1380 5412 καὶ
1407 5360 1564 5414 τοῦτο
1614 5362 1737 5433 ἐμοί
1767 5366 1883 5420 ἑστι
1919 5367 1980 5421 τὸ
2011 5387 2181 5424 σπου-

585 5441 904 5512 δαζόμενον.
924 5443 1200 5496 Ἀλλ’ἑπεὶ
1220 5445 1319 5497 ὅσα
1348 5445 1518 5517 ὲχρῆν
1545 5447 1722 5502 εἰπεῖν
1749 5451 1831 5514 εἰς
1853 5452 2176 5523 ἀσφάλειαν,

585 5527 722 5596 ἡμῖν
773 5527 1010 5596 εἴρηται,
1045 5527 1342 5596 ἀναγκαῖον
1380 5529 1568 5584 λοιπὸν
1614 5530 1886 5604 ἄρξασθαι
1915 5537 2015 5607 τῆς
2047 5538 2179 5593 ἀκο⁹

587 5607 828 5694 λουθίας.
863 5610 927 5663 Τί
973 5609 1037 5682 δὴ
1077 5608 1170 5664 οὖν
1210 5613 1497 5682 πρόκειται
1526 5616 1660 5685 ἡμῖν
1692 5619 1871 5671 εἰπεῖν
1905 5623 2177 5694 σήμερον;

591 5694 675 5747 οὑ
723 5693 835 5764 γὰρ
879 5695 1178 5764 ἀγγέλοις,
1213 5698 1400 5768 φησὶν,
1434 5701 1696 5765 ὑπέταξε
1743 5703 1858 5769 τὴν
1902 5693 2178 5775 οἰκουμέ-

650 5889 678 5920 ι
697 5879 932 5936 Commel.
982 5885 1132 5949 Marg.
1156 5887 1306 5939 Savil.
1332 5896 1385 5938 et
1407 5890 1587 5952 Regg.,
1621 5893 1843 5957 περὶτῶν
1868 5895 2063 5945 λοιπῶν.

2292 1172 2414 1223 νην
2445 1157 2560 1242 τὴν
2603 1158 2984 1226 μέλλουσαν,
3015 1161 3148 1228 περὶ
3177 1156 3253 1232 ἧς
3283 1162 3769 1238 λαλοῦμεν.*Αρα
3813 1155 3907 1242 μὴ’

2295 1239 2424 1311 περὶ
2463 1239 2658 1312 ἐτέρας
2685 1243 2830 1307 τινὸς
2851 1242 3160 1312 διαλέγεται
3186 1247 3550 1319 οἰκουμένης;
3582 1251 3698 1305 Οὑκ
3717 1239 3889 1316 ἐστιν,

2294 1319 2434 1404 ἀλλά
2463 1324 2594 1394 περὶ
2623 1324 2849 1397 ταύτης.
2883 1326 2985 1380 Διά
3032 1327 3142 1400 γάρ
3189 1328 3350 1383 τοῦτο
3381 1332 3716 1402 προσέθηκε,
3754 1337 3893 1404 Περί

2292 1402 2369 1477 ἧς
2391 1409 2722 1478 λαλοῦμεν,
2755 1411 2844 1465 ἵνα
2875 1413 2950 1482 μὴ
2980 1412 3090 1484 ἀφῇ
3126 1414 3217 1468 τὸν
3245 1414 3371 1468 νοῦν
3399 1416 3745 1490 πλανηθέντα
3778 1402 3896 1474 ἑτέ-

2299 1507 2397 1560 ραν
2420 1491 2542 1544 τινὰ
2565 1493 2863 1562 ἐπιζητεῖν.
2884 1496 3008 1560 Πῶς
3023 1494 3117 1552 οὖν
3144 1498 3314 1569 αὑτὴν
3337 1500 3638 1571 μέλλουσαν
3664 1503 3824 1558 καλεί
3840 1505 3894 1569 b;

2296 1574 2512 1644 Ὠσπερ
2564 1578 2657 1628 καὶ
2709 1578 2939 1649 ἑτέρωθί
2995 1597 3180 1652 φησιν,
3210 1582 3318 1650 ’ος
3364 1583 3497 1638 ἐστι
3547 1587 3737 1653 τύπος
3783 1587 3896 1642 τοῦ

2287 1658 2648 1726 μέλλοντος,
2684 1663 2812 1734 περὶ
2842 1662 2937 1717 τοῦ
2973 1665 3147 1736 Ἀδάμ
3177 1666 3272 1720 καὶ
3303 1667 3398 1720 τοῦ
3434 1669 3676 1739 Χριστοῦ
3716 1670 3895 1738 λέγων

2294 1742 2353 1793 ἐν
2379 1745 2446 1812 τῇ
2483 1743 2621 1813 πρὸς
2651 1745 2961 1814 Ῥωμαίους
2989 1748 3273 1820 ἐπιστολῇ,
3311 1751 3450 1822 πρὸς
3493 1753 3619 1815 τοὺς
3665 1754 3898 1824 χρόνους

2293 1825 2387 1878 τοῦ
2427 1826 2598 1898 Ἀδὰμ
2629 1829 2891 1896 μέλλοντα
2925 1831 3017 1884 τὸν
3045 1832 3187 1886 κατά
3222 1833 3404 1905 σάρκα
3429 1835 3667 1906 Χριστὸν
3707 1835 3898 1890 καλῶν

2295 1909 2410 1974 (καὶ
2444 1910 2554 1982 γάρ
2585 1911 2851 1982 έμελλεν)·
2872 1911 3018 1967 οὑτω
3051 1916 3146 1969 καὶ
3172 1915 3290 1982 νῦν,
3311 1918 3500 1990 ἐπειδὴ
3530 1915 3900 1984 εἷπεν,”οταν

2294 1990 2362 2043 δὲ
2393 1993 2684 2064 εἰσαγάγῃ
2709 1995 2816 2048 τὸν
2837 1999 3219 2064 πρωτότοκον
3239 2001 3325 2065 είς
3360 1999 3475 2069 τὴν
3500 2002 3896 2072 οἰκουμένην,

2296 2076 2383 2129 ἵνα
2441 2079 2515 2149 μὴ
2563 2081 2796 2153 νομίσῃς
2849 2083 3043 2154 ἑτέραν
3093 2083 3422 2154 οἰκουμένην
3474 2086 3654 2154 λέγειν
3701 2088 3896 2156 αὑτὸν,

2295 2159 2630 2232 πολλαχόθεν
2681 2164 2782 2231 μὲν
2821 2166 2957 2219 αὑτὸ
3005 2168 3102 2222 καὶ
3147 2167 3372 2221 ἄλλοθεν
3420 2168 3759 2238 βεϐαιοῦται,
3794 2174 3901 2226 καὶ

2295 2245 2390 2298 ἀπ’
2426 2246 2594 2299 αὑτοῦ
2631 2247 2692 2300 δὲ
2737 2249 2833 2302 τοῦ
2886 2252 3062 2304 εἰπεῖν
3101 2250 3273 2322 αὑτὴν
3310 2251 3647 2320 μέλλουσαν·
3696 2253 3897 2324 ἔμελλε

2294 2328 2404 2408 γάρ
2433 2329 2467 2400 ἡ
2499 2331 2796 2402 οἰκουμένη
2816 2349 2830 2362 ·
2881 2336 2910 2386 ό
2960 2334 3088 2397 Υἱὸς
3117 2334 3210 2388 τοῦ
3244 2333 3379 2386 Θεοῦ
3425 2329 3493 2404 ἦν
3533 2336 3642 2390 ἀεί.
3672 2337 3896 2408 Ταύτην

2294 2405 2389 2464 οῦν
2417 2411 2516 2483 τὴν
2551 2414 2854 2485 μέλλουσαν
2884 2417 3104 2472 ἔσεσθαι
3141 2419 3241 2472 οὐκ
3289 2419 3547 2485 ἀγγέλοις
3595 2405 3894 2492 ὑπέταξεν,

2296 2494 2434 2579 ἀλλά
2462 2495 2539 2567 τῷ
2565 2499 2938 2571 Χριστῷ.”υτι
2970 2501 3028 2554 δὲ
3051 2502 3185 2572 πρὸς
3207 2503 3298 2555 τὸν
3323 2502 3449 2555 Υίὺν
3476 2503 3711 2576 εἴρηται,
3731 2510 3895 2579 φησὶ,

2295 2577 2480 2647 δῆλον·
2515 2581 2637 2660 οὑδὲ
2664 2581 2775 2653 γὰρ
2803 2585 2981 2638 ἐκεῖνο
3004 2585 3070 2639 ἄν
3101 2601 3186 2648 τις
3217 2586 3383 2649 εἴποι,
3411 2587 3495 2639 ὅτι
3544 2589 3681 2659 πρὸς
3715 2577 3899 2660 ἀγγέ-

2296 2660 2440 2724 λους.
2475 2658 2609 2715 Εἶτα
2639 2665 2732 2719 καὶ
2764 2665 2960 2739 ἑτέραν
2981 2667 3221 2739 παράγει
3251 2658 3702 2741 μαρτυρίαν,ίκαί
3728 2658 3891 2745 φησιο

2295 2747 2728 2815 Διεμαρτύρατο
2755 2747 2823 2802 δέ
2845 2750 2962 2803 πού
2993 2766 3106 2816 τις.
3138 2751 3352 2821 λέγων.
3379 2755 3478 2810 Διά
3505 2755 3557 2807 τί
3587 2756 3662 2826 μὴ
3695 2758 3755 2810 τὸ
3776 2757 3899 2811 δνο-

2298 2847 2374 2899 μα
2407 2829 2501 2883 τοῦ
2534 2833 2818 2904 προφήτου
2847 2829 3022 2899 εἶπεν,
3061 2834 3178 2888 ἀλλ’
3212 2836 3448 2907 ἔκρυψεν
3482 2839 3646 2906 αὑτός
3681 2842 3791 2895 Καὶ
3827 2846 3896 2897 ἑν

2294 2914 2512 2986 ἑτέραις
2553 2914 2612 2967 δὲ
2659 2915 2989 3002 μαρτυρίαις
3009 2917 3179 3002 ,τοῦτο
3227 2923 3407 2973 ποιεῖ⁸
3453 2922 3528 2985 ὼς
3561 2924 3691 2977 ὅταν
3725 2925 3887 3002 λέγῃ·

2295 2998 2484 3052 Ὅταν
2511 2998 2581 3052 δὲ
2605 2997 2793 3053 πάλιν
2807 3000 3100 3070 εἰσαγάγῃ
3131 3005 3237 3055 τὸν
3261 3005 3643 3071 πρωτότοκον
3655 3009 3745 3074 εἰς
3766 2997 3893 3078 τῆιρ

2293 3081 2677 3152 οἰκουμένην,
2712 3082 2892 3152 λέγει·
2929 3085 3039 3138 Καὶ
3069 3089 3680 3155 προσκυνησάτωσαν
3719 3092 3891 3159 αὐτῷ

2293 3165 2518 3232 πάντες
2539 3165 2781 3237 ἄγγελοι
2807 3168 2984 3221 Θεοῦο
3005 3170 3099 3221 καὶ
3126 3169 3312 3234 πάλιν,
3332 3170 3472 3241 Ἐγὼ
3487 3173 3701 3243 ἔσομαι
3719 3177 3890 3242 αὑτῷ

2290 3250 2379 3316 εἰς
2424 3249 2677 3320 Πατέρα.
2706 3252 2817 3308 Καὶ
2858 3252 3009 3320 πρὸς
3035 3253 3154 3321 μὲν
3198 3254 3339 3320 τοὺς
3369 3257 3666 3326 ἀγγέλους
3691 3262 3884 3332 λέγει’

2303 3332 2358 3385 '0
2394 3334 2583 3389 ποιῶν
2613 3335 2756 3402 τοὺς
2793 3336 3091 3406 ἀγγέλους
3134 3340 3321 3395 αὑτοῦ
3353 3344 3665 3412 πνεύματα
3683 3361 3697 3374 ·
3729 3349 3891 3415 πρὸς

2289 3414 2360 3470 δέ
2402 3417 2510 3472 τὸν
2543 3419 2698 3485 Υἰὸν,
2729 3421 2837 3474 Καὶ
2888 3422 3195 3490 καταρχὰς
3235 3426 3344 3490 σὺ,
3377 3427 3573 3494 Κύριε,
3606 3428 3723 3498 τὴν
3764 3414 3890 3502 γῆν

2289 3500 2711 3585 ἐθεμελίωσας.
2745 3502 2900 3557 Οὕτω
2927 3505 3023 3558 καὶ
3045 3507 3277 3561 ἐνταῦθά
3304 3508 3418 3582 [40]
3449 3527 3601 3581 φησι·
3640 3500 3890 3585 Διεμαρ-

2289 3584 2508 3653 τύρατο
2538 3585 2606 3640 δέ
2630 3587 2749 3642 πού
2780 3605 2891 3654 τις,
2920 3589 3136 3659 λέγων.
3175 3592 3343 3646 Τοῦτο
3381 3595 3436 3647 δὲ
3463 3596 3595 3648 αὑτό
3617 3584 3792 3670 οἶμαι,
3822 3603 3887 3656 τὸ

2291 3671 2579 3756 κρύπτειν⁸
2608 3673 2704 3756 καὶ
2750 3675 2827 3745 μὴ
2865 3674 3073 3729 τιθέναι
3106 3678 3198 3730 τὸν
3233 3681 3496 3748 εἰρηκότα
3533 3683 3631 3754 τὴν
3670 3703 3887 3756 μαρτυ-

2287 3755 2433 3824 ρίαν,
2465 3753 2582 3808 άλλ’
2610 3754 2684 3819 ὡς
2722 3760 3166 3830 περιφερομένην
3219 3763 3315 3815 καὶ
3366 3753 3678 3837 κατάδηλον
3710 3753 3888 3826 οὖσαν

2287 3838 2552 3906 εἰσάγειν,
2584 3838 2891 3903 δεικνύντος
2929 3844 3080 3894 ἐστὶν
3110 3845 3310 3909 αὐτοὺς
3343 3849 3552 3915 σφόδρα
3582 3853 3888 3925 ἐμπείρους

2287 3918 2427 3976 εἶναι
2451 3923 2564 3978 τῶν
2597 3924 2853 3996 Γραφῶν.
2880 3927 2947 3980 Ti
2978 3928 3150 3983 ἐστιν
3179 3931 3512 4000 ἄνθρωπος,
3544 3935 3632 3989 ὄτι
3655 3918 3886 4008 μιμνήέ-

2286 4021 2412 4075 σκῃ
2433 4007 2653 4072 αὑτοῦ;
2683 4009 2722 4078 ἢ
2760 4010 2893 4076 υίὸς
2921 4012 3260 4080 ἀνθρώπου,
3290 4015 3380 4070 ὅτι
3404 4018 3745 4090 ἐπισκέπτῃ
3768 4026 3883 4078 αὑ-

2286 4091 2428 4174 τόν;
2462 4090 2849 4159 Ἡλάττωσας
2880 4096 3070 4148 αὑτὸν
3091 4098 3294 4166 ,βραχύ
3329 4117 3383 4154 τι
3404 4105 3542 4170 παρ’
3557 4104 3880 4174 ἀγγέλους·

2287 4173 2436 4242 δόξῃ
2469 4175 2568 4228 καὶ
2598 4175 2742 4244 τιμῇ
2765 4177 3195 4248 ἐστεφάνωσας
3223 4184 3430 4248 αὑτὸν,
3464 4186 3562 4239 καὶ
3591 4173 3885 4260 κατέστή-

2287 4273 2404 4324 σας
2434 4261 2623 4314 αὑτὸν
2658 4261 2758 4314 ἐπὶ
2790 4263 2863 4316 τὰ
2896 4262 3043 4335 ἔργα
3080 4265 3201 4319 τῶν
3239 4267 3458 4336 χειρῶν
3496 4286 3612 4324 σου
3633 4288 3646 4302 ·
3681 4274 3885 4329 πάντα

2285 4338 2592 4408 ὑπέταξας
2621 4342 2902 4398 ὑποκάτω
2935 4346 3056 4400 τῶν
3084 4347 3289 4403 ποδῶν
3315 4351 3520 4407 αὑτοῦ.

2358 4425 2423 4495 β’.
2446 4427 2631 4511 Ταῦτα
2661 4428 2718 4481 δὲ
2749 4432 2798 4483 εἰ
2831 4433 2926 4485 καὶ
2951 4433 3029 4496 εἰς
3047 4433 3146 4504 τὴν
3177 4434 3363 4506 κοινὴν
3379 4437 3779 4511 άνθρωπότητα
3802 4445 3884 4496 εῖ-

2290 4525 2472 4597 ρηται,
2503 4510 2619 4597 ἀλλ’
2647 4512 2798 4597 ὅμως
2832 4515 3171 4587 κυριώτερον
3201 4519 3498 4589 ἀρμόσειεν
3529 4522 3595 4576 ἂν
3624 4510 3704 4596 τῷ
3737 4528 3884 4597 Χρι-

2287 4592 2398 4675 στῴ
2441 4595 2581 4648 κατά
2636 4596 2816 4666 σάρκα
2838 4614 2852 4628 ·
2899 4600 2961 4653 τὸ
2991 4601 3121 4671 γὰρ,
3155 4601 3361 4658 Πάντα
3385 4592 3695 4675 ὑπέταξας
3722 4592 3882 4666 ὐπο-

2285 4674 2444 4730 κάτω
2475 4675 2596 4732 τῶν
2627 4680 2832 4734 ποδῶν
2875 4684 3088 4749 αὑτοῦ,
3135 4686 3346 4740 ἐκείνου
3402 4689 3605 4760 μᾶλλόν
3637 4674 3806 4759 ἐστιν,
3842 4697 3879 4768 ἢ

2286 4759 2540 4844 ἡμῶν.⁹0
2575 4762 2684 4834 γὰρ
2725 4764 2853 4829 Υίὸς
2897 4765 2991 4820 τοῦ
3028 4769 3164 4821 Θεοῦ
3198 4771 3351 4824 οὐδὲν
3387 4774 3535 4844 ἡμᾶς
3569 4775 3727 4840 ὄντας
3773 4759 3883 4831 ἐπέ

2284 4843 2574 4913 εσκέψατο,
2594 4847 2690 4901 καὶ
2717 4848 2778 4900 τὸ
2809 4849 2867 4916 ἐξ
2895 4853 2927 4921 ἡ
2938 4851 3057 4920 μῶν
3085 4852 3373 4908 ἀναλαϐὼν
3403 4843 3498 4911 καὶ
3519 4861 3727 4922 ἑνώσας
3750 4863 3886 4916 ἑαυ-

2283 4924 2382 4996 τῷ,
2419 4929 2640 4985 πάντων
2679 4931 2956 5004 ἀνῶτερος
2981 4935 3226 5003 γέγονεν.
3248 4941 3347 4992 Ἐν
3394 4941 3505 5011 γὰρ
3538 4944 3620 5009 τῷ
3655 4948 3885 5000 ὑποτά-

2283 5007 2402 5074 ξαι,
2439 5013 2626 5081 φησὶν,
2658 5014 2818 5080 αὑτῷ
2855 5016 2929 5070 τὰ
2973 5017 3190 5083 πάντα,
3227 5007 3412 5076 οὐδὲν
3447 5007 3686 5095 ἀφῆκεν
3716 5029 3883 5096 αὐτῷ

2281 5097 2724 5183 ἀνυπότακτον.
2783 5104 2916 5158 Νῦν
2966 5105 3036 5159 δέ
3088 5109 3254 5163 οὔπω
3311 5112 3542 5183 ὁρῶμεν
3587 5116 3749 5182 αὑτῷ
3802 5119 3882 5172 τὰ

2281 5181 2480 5235 πάντα
2510 5185 2983 5256 ὑποτεταγμένα.
2997 5193 3063 5245 Ὃ
3091 5191 3148 5246 δὲ
3181 5194 3364 5263 λέγει,
3397 5181 3642 5253 τοιοῦτόν
3688 5181 3840 5254 ἐστιν
3862 5221 3877 5234 ο

2282 5265 2472 5351 ἑπειδὴ
2492 5263 2842 5351 τίπεν,“Εως
2869 5273 2947 5329 ἂν
2967 5275 3047 5331 θῶ
3067 5279 3214 5346 τοὺς
3239 5281 3495 5351 ἐχθρούς
3517 5299 3634 5339 σου
3657 5287 3883 5341 ὑποπόι

2280 5347 2415 5440 διον
2441 5349 2561 5440 τῶν
2583 5353 2787 5440 ποδῶν
2809 5371 2950 5418 σου.
2984 5361 3133 5428 είκὺς
3155 5364 3212 5417 δὲ
3235 5347 3307 5435 ἦν
3329 5347 3526 5431 αὑτοὺς
3551 5366 3634 5422 ἔτι
3669 5369 3881 5440 ἀσχάλ-

2281 5431 2416 5526 λειν,
2450 5429 2570 5487 εἶτα
2603 5438 2755 5526 μετὰ,
2768 5440 2941 5496 ταῦτα
2968 5443 3126 5514 ὀλίγα
3156 5429 3281 5501 τι.νά
3312 5429 3629 5520 παρενθεὶς,
3666 5429 3880 5526 ταύτην

2279 5518 2729 5610 την-μαρτυρίαν
2742 5524 2992 5596 ἐπήγαγε
3021 5528 3351 5599 βεϐαιοῦσαν
3376 5518 3742 5604 ἔκείνην.Ἵνα
3765 5518 3879 5610 γάρ

2283 5597 2356 5685 μὴ
2391 5599 2616 5685 λέγωσι.
2647 5605 2770 5671 Πῶς
2803 5611 2930 5673 τοὺς
2977 5597 3210 5684 ἐχθροὺς
3249 5615 3447 5685 έθηκεν
3483 5597 3588 5673 ὑπὸ
3617 5621 3742 5685 τοὺς

2275 5679 2372 5744 δας
2404 5684 2594 5753 αὑτοῦ,
2614 5689 2858 5747 τοσαῦτα
2887 5696 3172 5750 παθόντων
3198 5699 3389 5770 ήμῶν;
3422 5702 3628 5768 ἱκανῶς
3656 5699 3882 5775 μὲνόιαὶ

2339 5834 2764 5926 ξηξξξηϐρίξςςίίηο
2781 5848 2840 5899 ab
2861 5848 2938 5901 his
2966 5852 3149 5918 verbis,
3171 5857 3273 5914 πῶς
3306 5857 3468 5910 οὑν....
3523 5861 3678 5924 καλεῖ,
3705 5859 3880 5926 incipit

2276 5897 2479 5952 homilia
2503 5912 2696 5966 quarta.
