4208 6500
433 327 507 381 37
1358 332 1421 388 l.\'
1464 331 1678 388 EPIST.
1723 331 1814 386 AD
1858 327 2225 385 llEBRzEOS.
2269 328 2424 383 CAP.
2450 326 2511 386 11.
2539 327 2771 384 llOMll..
2803 328 2895 388 ιν.
3675 340 3744 397 55

419 456 695 514 mus.pro
724 440 853 508 fide,
888 440 1046 496 nobis
1100 440 1235 495 nihil
1287 442 1527 511 prodest.
1561 442 1627 496 Et
1662 442 1775 498 hare
1802 459 1906 499 non
1940 461 2040 516 ego

415 532 566 597 dico,
620 531 717 587 sed
766 531 885 587 haec
931 534 1047 601 ipse
1098 533 1202 585 scit
1241 533 1331 601 qui
1362 542 1442 586 cst
1482 534 1733 588 alumnus
1761 536 2038 592 caritatis:

419 624 500 679 illi
532 640 668 695 ergo
692 639 1007 694 pareamus.
1034 623 1125 679 Sic
1154 624 1301 678 enim
1332 625 1633 693 poterimus
1659 627 1872 696 assequi
1899 626 2039 683 hona

418 715 699 787 promissa
731 734 745 769 :
775 729 900 786 qua:
931 714 1154 786 quidem
1184 713 1346 769 detur
1374 714 1530 770 nobis
1558 716 1814 772 omnibus
1841 732 2037 774 conse-

2002 889 2219 898 -_————_
2232 894 2409 901 ..σ-τ--δ

1822 890 1891 895 “
1912 890 2426 1006 saluam;

420 1041 557 1095 Car.
592 1040 648 1095 2.
684 1057 739 1095 ν.
768 1039 824 1097 5.
860 1040 984 1097 Non
1026 1041 1164 1096 enim
1197 1042 1398 1113 angelis
1443 1041 1656 1108 subierit
1707 1039 1842 1094 Deus
1873 1040 2045 1095 orbem
2083 1094 2088 1100 _

502 1144 663 1188 terra:
688 1136 948 1205 futurum,
972 1134 1036 1187 de
1079 1150 1180 1204 quo
1210 1133 1486 1205 loquimur.
1507 1133 1565 1188 6.
1588 1132 1823 1186 Testatus
1851 1142 1922 1186 est
1949 1148 2041 1185 au-

502 1236 608 1281 tem
636 1227 690 1280 in
712 1226 939 1297 quodam
962 1228 1076 1280 loco
1096 1226 1230 1297 quis,
1250 1226 1461 1280 dicens:
1482 1225 1619 1292 Quid
1643 1234 1714 1279 est
1737 1224 1887 1277 homo
1909 1223 2045 1294 quod

500 1333 698 1371 memor
736 1334 788 1372 cs
829 1318 989 1388 ejus?
1040 1326 1131 1370 aut
1176 1317 1317 1386 ﬁlius
1348 1316 1570 1369 hominis
1604 1316 1846 1385 quoniam
1872 1315 2045 1369 uisitas

500 1426 621 1463 eum
643 1410 671 1464 2‘
713 1409 765 1463 7.
814 1408 1057 1463 Minuisti
1083 1425 1198 1464 eum
1227 1408 1382 1479 paulo
1428 1411 1598 1462 minus
1629 1409 1692 1462 ab
1725 1407 1943 1479 angelis.

505 1588 562 1643 l.
593 1588 803 1645 Vellem
830 1598 1020 1659 aperte
1063 1589 1227 1656 scire,
1257 1604 1324 1644 an
1354 1587 1518 1658 aliqui
1546 1602 1668 1643 cum
1700 1601 1766 1643 eo
1812 1602 1918 1657 quo
1947 1602 2044 1657 par

421 1692 515 1740 est
558 1684 741 1739 studio
772 1683 993 1738 audiant
1019 1698 1146 1754 qua:
1189 1682 1463 1746 dicuntur,
1494 1697 1563 1737 ne
1603 1681 1754 1752 juxta
1790 1681 1926 1734 viam
1954 1680 2042 1751 ja-

420 1778 640 1831 ciamus
690 1776 901 1830 semina
949 1794 963 1829 :
1018 1776 1098 1831 sic
1146 1775 1290 1831 enim
1343 1774 1662 1844 promptiori
1690 1783 1744 1828 et
1790 1774 2040 1829 alacriori

422 1870 618 1925 animo
641 1868 983 1925 traderemus
1006 1869 1330 1924 doctrinam.
1365 1870 1617 1924 Dicemus
1641 1872 1808 1935 enim,
1824 1868 2035 1923 etiamsi

422 1976 594 2016 nemo
624 1960 831 2026 audiat,
878 1970 1104 2031 propter
1148 1972 1373 2025 metum,
1406 1961 1498 2031 qui
1546 1961 1824 2030 impendet
1851 1976 1879 2015 a
1909 1961 2041 2017 Ser-

421 2065 639 2111 vatore.
688 2055 1012 2111 Coutestare
1043 2056 1212 2123 enim,
1248 2055 1442 2126 inquit,
1477 2055 1602 2110 huic
1633 2054 1831 2126 populo
1866 2072 1879 2108 :
1908 2064 1962 2109 et
1990 2055 2034 2109 si

420 2162 538 2201 non
585 2146 879 2212 audierint,
910 2147 1030 2216 ipse
1060 2161 1167 2202 nou
1200 2147 1307 2203 eris
1335 2147 1509 2217 culpa:
1536 2145 1735 2201 afﬁnis.
1768 2146 1826 2202 Si
1853 2155 2035 2201 autem

419 2238 560 2293 mihi
592 2246 745 2293 esset
770 2252 1095 2306 persuasum
1130 2238 1198 2293 de
1228 2246 1408 2293 vestro
1446 2237 1627 2293 studio
1653 2245 1707 2293 et
1733 2236 2032 2308 diligentia,

419 2347 535 2386 non
569 2332 747 2385 solum
782 2329 1026 2386 dicerem
1076 2339 1302 2401 propter
1346 2339 1573 2395 metmn,
1596 2328 1692 2385 sed
1738 2328 1842 2384 hoc
1872 2328 2035 2384 etiam

417 2423 669 2480 facerem
716 2438 842 2478 cum
889 2424 1186 2494 voluptate.
1235 2421 1391 2477 Nunc
1415 2424 1583 2488 enim,
1612 2420 1827 2477 etiamsi
1873 2435 2037 2477 nemo

414 2519 649 2585 audiat,
681 2517 897 2574 etiamsi
948 2531 1036 2573 res
1084 2517 1216 2572 mihi
1247 2517 1316 2572 sit
1358 2518 1563 2587 absque
1593 2516 1831 2587 periculo
1886 2530 2036 2571 meas

418 2622 611 2680 partes
645 2609 919 2679 implenti,
947 2610 1043 2664 sed
1077 2618 1256 2664 tamen
1304 2608 1511 2679 absque
1560 2608 1834 2679 voluptate
1885 2608 2038 2663 labor

414 2703 744 2771 suscipitur.
774 2699 908 2755 Nam
937 2700 1068 2771 quid
1101 2699 1347 2771 prodest,
1379 2699 1595 2771 quando
1627 2699 1679 2753 iu
1708 2714 1796 2755 me
1821 2699 2037 2770 quidem

420 2793 571 2848 nulla
611 2792 890 2848 confertur
924 2792 1108 2862 culpa,
1144 2807 1303 2847 nemo
1328 2803 1509 2847 autem
1542 2792 1805 2862 juvatur?
1846 2792 1902 2848 Si
1945 2793 2036 2862 qui

420 2896 615 2943 autem
663 2887 775 2941 siut
804 2886 1047 2942 animum
1080 2886 1399 2952 adhibituri,
1429 2902 1542 2942 non
1595 2895 1798 2942 tantam
1849 2887 2036 2958 capie-

414 2997 543 3037 mus
574 2981 864 3035 utilitatem
904 2995 971 3036 ex
1008 2995 1076 3036 eo
1104 2979 1250 3050 quod
1278 2996 1384 3035 non
1427 2980 1734 3050 puniamur,
1775 2989 2034 3052 quantum

414 3090 485 3129 ex
518 3087 709 3129 vestro
735 3072 1003 3144 profectu.
1029 3073 1312 3141 Quomodo
1336 3088 1466 3144 ergo
1495 3074 1601 3130 hoc
1640 3075 1809 3130 sciam
1835 3076 1858 3128 ?
1899 3075 2034 3131 Cum

412 3169 788 3224 observarem
815 3183 881 3223 ex
915 3167 1072 3224 vobis
1101 3167 1311 3238 aliquos
1340 3168 1431 3239 qui
1461 3182 1570 3223 non
1615 3169 1855 3224 animum
1884 3170 2038 3225 adhi-

412 3262 603 3329 beant,
650 3272 783 3317 tunc
813 3275 1061 3317 seorsum
1093 3259 1423 3316 conveniens
1470 3276 1567 3317 eos
1612 3262 1858 3333 rogabo;
1904 3274 1957 3318 et
1989 3265 2033 3319 si

415 3355 682 3410 invenero
713 3354 1016 3410 retinentes
1042 3354 1223 3424 aliqua
1242 3368 1307 3409 ex
1334 3353 1400 3410 iis
1422 3369 1543 3425 quae
1573 3354 1720 3410 dicta
1748 3364 1892 3421 sunt,
1926 3372 2032 3411 non

414 3447 544 3501 dico
584 3446 803 3510 omnia;
852 3461 960 3501 non
993 3454 1078 3501 est
1104 3446 1248 3500 enim
1279 3445 1384 3501 hoc
1415 3447 1568 3501 vobis
1602 3446 1794 3515 facile;
1823 3449 1917 3504 sed
1950 3450 2032 3505 vel

412 3555 590 3614 pauca
632 3555 699 3596 ex
750 3541 955 3606 multis,
1003 3548 1087 3595 est
1136 3540 1479 3611 perspicuum
1525 3541 1670 3612 quod
1710 3542 1779 3598 de
1818 3544 2031 3598 caeteris

412 3644 605 3703 postea
634 3649 743 3687 non
771 3632 1052 3688 dubitabo.
1089 3632 1155 3687 Et
1182 3633 1469 3703 oportebat
1493 3634 1713 3704 quidem
1752 3652 1874 3701 nos,
1898 3652 2020 3692 cum

410 3742 524 3781 non
558 3725 1019 3797 prtedixissemus,
1054 3740 1123 3781 ex
1153 3726 1446 3795 improviso
1477 3741 1574 3781 vos
1603 3728 1824 3798 aggredi
1857 3746 1871 3782 :
1906 3746 2013 3785 cac-

408 3829 593 3875 terum
638 3830 856 3890 gratum
907 3820 1034 3885 erit,
1086 3819 1130 3873 si
1189 3819 1271 3874 vel
1302 3820 1382 3875 sic
1440 3819 1712 3889 possimus
1764 3824 2023 3894 assequi;

406 3912 527 3966 imo
557 3926 688 3967 vero
739 3912 819 3966 sic
849 3926 1068 3982 quoque
1112 3925 1331 3981 possum
1364 3925 1461 3965 vos
1512 3911 1758 3968 incautos
1784 3916 2026 3985 aggredi.

404 4003 552 4058 Nam
603 4003 834 4075 praedixi
873 4003 1091 4074 quidem
1115 4002 1260 4073 quod
1305 4018 1402 4059 vos
1427 4003 1528 4058 sim
1564 4005 2023 4078 interrogaturus:

402 4096 634 4167 quando
681 4105 866 4151 autem
917 4095 1019 4150 sim
1053 4094 1511 4166 interrogaturus,
1547 4095 1786 4152 nondum
1817 4101 2025 4169 aperio.

403 4187 578 4243 Forte
627 4189 773 4242 enim
828 4186 1017 4251 hodie,
1080 4187 1217 4241 forte
1262 4201 1423 4251 cras,
1477 4187 1613 4241 forte
1666 4197 1845 4243 autem
1904 4200 2024 4258 post

408 4280 613 4352 viginti
645 4289 738 4335 aut
771 4280 991 4352 triginta
1027 4279 1165 4346 dies,
1191 4278 1330 4336 forte
1365 4289 1547 4335 autem
1577 4289 1702 4353 post
1725 4280 2034 4352 pauciores,

408 4374 559 4430 forte
590 4382 775 4430 autem
812 4382 934 4445 post
963 4374 1168 4445 plures.

489 4463 682 4519 Mortis
728 4474 927 4536 tempus
966 4481 1059 4519 cur
1093 4466 1237 4522 nobis
1279 4470 1529 4523 incertum
1551 4464 1637 4520 sit.
1660 4496 1729 4506 —
1755 4464 1845 4520 Sic
1872 4465 2033 4520 etiam

407 4556 562 4611 diem
591 4557 784 4611 mortis
812 4557 970 4612 nobis
1001 4557 1141 4614 Deus
1171 4558 1301 4615 fecit
1327 4560 1633 4615 incertum:
1664 4572 1847 4627 neque
1878 4555 2037 4610 nobis

407 4650 635 4721 aperuit
665 4666 736 4705 an
768 4649 951 4717 hodie,
997 4667 1065 4707 an
1093 4667 1311 4719 cras,an
1334 4663 1457 4723 post
1499 4660 1671 4707 totum
1712 4665 1934 4713 annum,
1967 4664 2036 4703 an

406 4752 539 4812 post
566 4741 768 4797 multos
806 4757 980 4798 annos
1006 4744 1080 4799 sit
1103 4743 1409 4813 adfuturus,
1441 4753 1498 4800 ut
1525 4755 1744 4814 propter
1771 4742 2036 4799 incertam

406 4834 889 4903 exspectationem
912 4850 1012 4890 nos
1042 4838 1095 4891 in
1125 4839 1328 4893 virtute
1348 4847 1611 4908 perpetuo
1628 4836 2035 4892 contineamus:

404 4935 467 4981 et
487 4925 868 4997 dixitquidem
898 4929 1043 4999 quod
1071 4931 1241 4986 simus
1262 4931 1563 4997 excessuri;
1589 4930 1803 5001 quando
1830 4942 2036 4998 autem,

403 5019 667 5075 minime.
707 5019 785 5075 Ita
820 5036 920 5090 ego
951 5038 1169 5093 quoque
1194 5023 1304 5078 dixi
1339 5038 1425 5079 me
1460 5031 1796 5093 rogaturum,
1820 5021 2037 5093 quando

402 5122 622 5175 autem,
644 5126 752 5167 non
775 5111 980 5179 addidi,
1004 5114 1195 5169 volens
1212 5129 1307 5169 vos
1323 5129 1444 5169 esse
1462 5122 1720 5185 perpetuo
1742 5112 2031 5171 sodieitos.

402 5204 523 5260 Nec
550 5202 699 5258 dicat
729 5205 1023 5275 quispiam,
1055 5208 1199 5261 Ante
1231 5214 1485 5277 quatuor,
1516 5216 1613 5260 aut
1647 5204 1907 5277 quinque,
1937 5212 2029 5258 aut

410 5299 587 5355 etiam
617 5298 810 5368 plures
840 5298 1216 5355 hebdomadas
1246 5301 1361 5355 haec
1381 5298 1584 5366 audivi,
1610 5314 1785 5369 neque
1817 5298 2035 5369 possunt

410 5395 703 5450 retinere:
733 5396 936 5451 etenim
974 5410 1097 5451 eum
1125 5397 1217 5466 qui
1256 5394 1408 5450 audit
1442 5394 1568 5450 volo
1591 5394 1671 5449 sic
1700 5394 1955 5459 retinere,
1984 5401 2039 5448 ut

410 5504 529 5544 non
571 5487 989 5543 obliviscentem
1034 5503 1135 5543 nec
1162 5488 1446 5544 evanidam
1477 5487 1672 5543 habeat
1700 5488 2036 5551 memoriam,

410 5594 522 5636 nec
572 5589 800 5650 respuat
825 5596 944 5650 qua:
965 5580 1241 5636 dicuntur.
1273 5580 1411 5636 Volo
1433 5580 1577 5636 enim
1615 5594 1713 5636 vos
1759 5580 1999 5635 retinere
2022 5621 2036 5644 ,

405 5686 529 5728 non
560 5680 624 5725 ut
650 5670 785 5726 mihi
812 5671 1024 5736 dicatis,
1060 5672 1158 5727 sed
1181 5681 1242 5727 ut
1273 5686 1369 5728 vos
1397 5671 1717 5728 lucremini:
1751 5671 1932 5728 ethoc
1954 5682 2042 5727 est

403 5767 563 5841 quod
589 5780 805 5839 magum
834 5774 920 5823 est
957 5766 1087 5822 mihi
1120 5781 1286 5827 curae.
1315 5766 1463 5823 etde
1492 5782 1600 5839 quo
1634 5766 1790 5823 valde
1828 5765 2036 5823 laboro.

750 5862 1030 5923 Parnm.
1064 5863 1184 5922 (in.
1231 5861 1457 5924 LXIII.

2164 442 2276 511 qui,
2299 440 2470 512 gratia
2497 449 2551 494 et
2574 439 2907 509 benignitate
2936 435 3147 491 Domini
3186 436 3356 490 nostri
3385 435 3513 490 Jesu
3538 435 3760 501 Christi.

2164 550 2285 589 cum
2317 546 2424 602 quo
2456 531 2599 586 Patri
2632 531 2901 599 simulque
2928 535 3118 584 sancto
3158 527 3383 597 Spiritui
3432 527 3625 597 gloria,
3670 543 3762 599 po-

2168 638 2355 693 testas,
2389 626 2584 692 honor,
2618 640 2760 680 nuuc
2786 634 2840 681 et
2865 639 3105 694 semper,
3132 632 3189 679 et
3226 623 3279 677 in
3310 622 3509 678 saecula
3537 626 3767 679 sacculo-

2166 736 2308 775 rum.
2341 722 2536 774 Amen.

3356 905 3485 913 -__-
3495 907 3541 914 -.υ
3550 908 3657 913 ..Α-..-
3668 904 3763 913 ..α-η

2150 1042 2253 1097 Sed
2283 1042 2406 1112 quia
2437 1057 2499 1097 ea
2530 1059 2652 1114 quae
2681 1044 2747 1099 ad
2782 1045 3088 1101 cautionem
3122 1047 3423 1101 necessaria
3470 1055 3627 1102 erant
3670 1045 3755 1098 di-

2151 1133 2347 1199 ximus,
2388 1132 2500 1203 jam
2550 1150 2665 1189 rem
2709 1134 2951 1206 incipere
2995 1146 3229 1207 oportet.
3280 1137 3417 1206 Quid
3446 1153 3576 1210 ergo
3598 1140 3756 1194 nobis

2153 1224 2311 1279 hodie
2343 1225 2676 1295 propositum
2720 1216 2803 1282 es't
2830 1227 3011 1283 dicere
3037 1226 3202 1283 ?Non
3244 1230 3402 1298 enim,
3430 1230 3626 1302 inquit,
3657 1249 3756 1297 an,-

2150 1315 2277 1384 gelis
2303 1318 2518 1386 subjecit
2563 1318 2734 1373 orbem
2778 1328 2924 1375 terra:
2954 1320 3188 1389 futurum
3241 1322 3304 1377 de
3344 1339 3445 1394 quo
3475 1324 3753 1394 loquimur.

2149 1406 2418 1479 Numquid
2450 1409 2519 1466 de
2547 1411 2731 1481 aliquo
2761 1411 2870 1468 alio
2918 1414 3049 1469 orbe
3101 1424 3259 1469 terra:
3307 1415 3579 1485 loquitur?
3612 1416 3756 1472 Fieri

2154 1515 2261 1555 uou
2297 1508 2497 1571 potest,
2530 1502 2626 1557 sed
2659 1502 2726 1558 de
2765 1501 2886 1559 hoc.
2920 1504 3209 1575 Propterea
3238 1506 3381 1562 enim
3418 1506 3643 1573 addidit,
3678 1507 3757 1561 De

2149 1610 2247 1665 quo
2288 1596 2566 1664 loquimur,
2617 1610 2685 1651 ne
2733 1596 2876 1652 sinat
2918 1608 3155 1653 tuentem
3210 1599 3551 1655 aberrantem
3588 1600 3754 1656 alium

2149 1701 2415 1758 quaerere.
2463 1688 2479 1718 ¹
2510 1688 2794 1754 Quomodo
2822 1704 2952 1759 ergo
2978 1706 3103 1745 eum
3126 1690 3258 1747 dicit
3294 1690 3574 1747 futurum?
3602 1692 3757 1748 Sicut

2148 1778 2312 1833 etiam
2355 1779 2487 1834 dicit
2515 1780 2668 1846 alibi,
2714 1780 2814 1848 Qui
2845 1791 2917 1836 est
2946 1784 3115 1853 ﬁgura
3142 1784 3305 1851 futuri
3341 1784 3518 1855 (Rom.
3550 1786 3603 1841 5.
3640 1788 3753 1857 14),

2149 1870 2219 1926 de
2247 1870 2455 1925 Adamo
2486 1871 2676 1928 dicens
2696 1883 2751 1927 et
2777 1872 2992 1928 Christo
3014 1875 3066 1929 in
3095 1874 3338 1946 Epistola
3365 1876 3432 1931 ad
3457 1877 3754 1944 Romanos,

2151 1963 2332 2019 habita
2390 1966 2604 2021 ratione
2660 1975 2983 2037 temporum,
3026 1967 3220 2024 Adami
3264 1968 3504 2025 futurum
3552 1988 3755 2027 vocans

2148 2057 2422 2115 Christum
2463 2061 2765 2117 secundum
2795 2078 3044 2118 carnem:
3081 2071 3198 2117 erat
3227 2064 3372 2118 enim
3406 2065 3646 2122 futurus:
3679 2068 3751 2123 ita

2147 2165 2292 2206 nunc
2323 2167 2561 2222 quoque,
2609 2154 2861 2223 quoniam
2903 2154 3057 2221 dixit,
3090 2152 3158 2207 Et
3200 2172 3315 2209 cum
3360 2156 3541 2210 iterum
3586 2158 3752 2212 intro-

2145 2242 2284 2297 ducit
2331 2242 2738 2316 Primogenitum
2767 2248 2822 2301 in
2865 2246 3037 2302 orbem
3083 2256 3269 2313 tet-rw;
3308 2264 3378 2305 ne
3406 2251 3752 2307 existimares

2144 2350 2269 2391 eum
2293 2336 2477 2392 dicere
2500 2337 2667 2392 alium
2700 2339 2887 2394 orbem
2922 2348 3105 2405 terrae,
3130 2354 3196 2394 ex
3222 2341 3406 2395 multis
3435 2341 3487 2396 id
3517 2342 3711 2412 probat
3731 2387 3747 2410 ,

2143 2436 2200 2483 et
2228 2442 2295 2483 ex
2328 2443 2393 2484 eo
2418 2428 2562 2499 quod
2591 2428 2789 2485 dixerit
2816 2430 2991 2500 ipsum
3027 2430 3302 2487 futurum:
3349 2432 3560 2488 futurus
3602 2437 3747 2490 enim

2152 2519 2430 2574 eratorbis
2454 2530 2645 2587 terrae;
2676 2521 2849 2577 Filius
2875 2530 3053 2578 autem
3086 2523 3179 2579 Dei
3209 2538 3427 2593 semper
3455 2524 3573 2580 fuit.
3600 2527 3753 2583 llunc

2161 2620 2293 2677 ergo
2338 2607 2429 2678 qui
2483 2615 2601 2660 erat
2654 2604 2909 2674 futurus,
2959 2622 3066 2661 non
3116 2606 3349 2678 subjecit
3392 2614 3624 2684 angelis,
3676 2616 3771 2670 sed

2160 2694 2395 2751 Christo.
2423 2694 2580 2764 Quod
2606 2703 2785 2752 autem
2813 2696 2883 2751 ad
2904 2695 3099 2751 Filium
3126 2697 3333 2755 dietum
3366 2703 3456 2769 sit,
3489 2714 3572 2759 est
3603 2707 3762 2760 mani-

2160 2788 2357 2845 festum
2379 2806 2393 2844 :
2413 2805 2535 2844 nam
2556 2804 2732 2860 neque
2745 2789 2877 2845 illud
2894 2790 3161 2861 quiSpiam
3173 2790 3391 2864 dixerit,
3411 2797 3552 2867 quod
3571 2797 3770 2853 dictum

2159 2880 2230 2935 sit
2258 2880 2325 2936 ad
2369 2881 2612 2953 angelos.
2644 2881 2853 2937 Deinde
2882 2882 3044 2938 etiam
3086 2886 3323 2942 alterum
3354 2888 3576 2944 adducit
3624 2895 3755 2946 testi-

2159 2974 2423 3039 monium,
2452 2982 2508 3030 et
2534 2973 2698 3029 dicit:
2735 2973 2973 3030 Testatus
3000 2991 3077 3034 est
3108 2990 3281 3034 autem
3322 2981 3373 3034 in
3404 2983 3625 3051 quodam
3659 2984 3769 3038 loco

2157 3066 2289 3135 quis,
2317 3065 2508 3121 dicens.
2535 3065 2645 3122 Cur
2673 3082 2784 3122 non
2815 3066 2953 3127 dixit
2985 3087 3182 3127 nomen
3214 3073 3519 3143 prophetae,
3553 3075 3647 3131 sed
3674 3092 3767 3132 oc-

2157 3158 2414 3213 cultavit?
2450 3158 2564 3215 Hoc
2600 3169 2780 3216 autem
2820 3159 2953 3220 facit
3000 3166 3164 3221 etiam
3192 3167 3242 3221 in
3272 3167 3391 3223 aliis
3423 3170 3766 3236 testimoniis,

2158 3262 2215 3307 ut
2233 3252 2447 3324 quando
2473 3253 2639 3310 dicit:
2668 3254 2801 3311 Cum
2834 3271 3004 3313 autent
3037 3259 3220 3314 iterum
3248 3262 3528 3316 introducit
3562 3263 3765 3317 Primo-

2154 3346 2380 3415 genitum
2406 3346 2460 3399 in
2486 3346 2656 3401 orbem
2693 3360 2865 3418 terrm,
2897 3351 3040 3417 dicit,
3076 3352 3140 3406 Et
3178 3353 3397 3408 adorent
3435 3372 3551 3409 eum
3594 3374 3766 3412 omnes

2155 3437 2323 3508 angeli
2354 3437 2487 3505 Dei;
2516 3447 2571 3494 et
2618 3456 2833 3511 rursus,
2866 3442 2981 3515 Ego
3030 3461 3115 3499 ero
3146 3446 3190 3500 ei
3225 3445 3281 3501 in
3312 3444 3551 3503 Patrem.
3604 3447 3671 3503 Et
3698 3453 3765 3503 ad

2158 3529 2373 3599 angelos
2396 3530 2605 3601 quidem
2634 3535 2797 3588 dicit:
2822 3534 2923 3603 Qui
2956 3538 3081 3607 facit
3115 3539 3324 3608 angelos
3355 3556 3475 3595 suos
3500 3542 3715 3610 spiritus
3745 3564 3763 3601 :

2151 3622 2219 3673 ad
2264 3619 2463 3676 Filium
2492 3641 2642 3690 vero,
2678 3624 2744 3679 Et
2784 3637 2837 3679 tu
2883 3627 2935 3681 in
2972 3630 3227 3699 principio
3249 3673 3263 3697 ,
3300 3630 3550 3698 Domine,
3578 3643 3764 3688 terram

2150 3714 2405 3784 fundasti.
2452 3717 2527 3773 lta
2576 3718 2663 3774 hic
2692 3734 2940 3790 quoque;
2976 3720 3217 3776 Testatus
3259 3733 3329 3777 est
3359 3735 3527 3780 autem
3558 3728 3611 3781 in
3639 3745 3769 3797 quo-

2149 3804 2269 3858 dam
2300 3807 2414 3862 loco
2437 3809 2551 3879 quis
2580 3810 2772 3864 dicens.
2818 3810 2931 3866 Hoc
2951 3814 3124 3881 ipsum
3167 3823 3349 3869 autem
3380 3816 3572 3885 opinor
3599 3819 3765 3873 etiam

2148 3911 2272 3955 esse
2313 3900 2660 3968 occultantis,
2693 3912 2745 3957 et
2777 3902 3066 3958 ostendere
3096 3918 3190 3959 eos
3220 3920 3344 3961 esse
3374 3907 3532 3962 valde
3560 3910 3765 3978 peritos

2146 3988 2573 4061 Scripturarum,
2598 3994 2741 4064 quod
2766 4009 2872 4049 non
2896 4004 3059 4065 ponat
3085 4012 3207 4051 eum
3238 3998 3328 4069 qui
3355 3998 3491 4055 dixit
3517 4002 3763 4059 testimo‘
3797 4032 3803 4056 .-

2149 4083 2321 4151 nium,
2352 4083 2448 4138 sed
2479 4083 2803 4151 introducat,
2838 4094 2897 4140 ut
2927 4086 3070 4157 quod
3099 4087 3256 4158 vulgo
3273 4089 3681 4147 circumferatur
3708 4106 3765 4148 et

2147 4173 2218 4226 sit
2238 4173 2603 4229 manifestum.
2632 4174 2774 4239 Quid
2799 4186 2871 4230 est
2894 4176 3046 4229 homo
3072 4179 3209 4247 quod
3222 4195 3414 4233 memor
3428 4198 3481 4236 es
3501 4183 3611 4253 ejus
3629 4185 3656 4237 ?
3674 4196 3763 4238 aut

2146 4264 2286 4332 [ilius
2320 4263 2538 4317 hominis
2568 4264 2704 4336 quod
2729 4266 2902 4320 uisitus
2927 4267 3083 4321 eum?
3111 4269 3161 4323 7.
3195 4268 3427 4325 Minuisti
3458 4290 3574 4328 eum
3600 4278 3758 4346 paulo

2145 4360 2319 4413 minus
2352 4358 2414 4412 ab
2440 4360 2633 4431 angelis
2666 4374 2686 4414 :
2716 4359 2881 4432 gloria
2910 4370 2957 4415 et
2998 4361 3191 4417 honore
3233 4368 3487 4421 coronasti
3546 4385 3681 4437 eum,
3712 4381 3762 4424 et

2144 4457 2450 4511 constituisti
2474 4473 2589 4511 eum
2619 4474 2773 4529 super
2800 4475 2957 4528 Opera
2984 4475 3231 4514 manuum
3254 4470 3457 4516 tuarum
3478 4480 3496 4518 :
3516 4464 3569 4520 8.
3587 4468 3760 4520 omnia

2141 4548 2400 4616 subiecisti
2418 4547 2511 4603 sub
2530 4550 2742 4619 pedibus
2769 4551 2881 4621 ejus
2901 4550 3079 4621 (Psal.
3111 4553 3165 4609 8.
3198 4552 3343 4626 5—7).

2214 4641 2269 4695 2.
2322 4641 2449 4698 Haec
2493 4654 2674 4699 autem
2721 4644 2934 4699 etiamsi
2994 4645 3137 4701 dicta
3190 4646 3301 4701 sint
3353 4647 3422 4704 dc
3481 4654 3756 4708 comnmni

2143 4734 2477 4791 humanitate
2498 4777 2513 4801 ,
2546 4737 2717 4807 magis
2748 4738 2967 4808 proprie
3000 4747 3180 4795 tamen
3210 4742 3567 4797 convenerint
3592 4745 3754 4799 Chri-

2141 4839 2227 4885 sto
2256 4829 2552 4885 secuudum
2592 4845 2811 4887 Carnem
2846 4848 2859 4886 :
2891 4831 3020 4886 illud
3049 4833 3195 4887 enim
3222 4874 3238 4900 ,
3273 4833 3461 4889 Omnia
3493 4835 3759 4906 subjecisti

2141 4922 2231 4977 sub
2259 4921 2469 4995 pedibus
2497 4922 2607 4994 ejus
2632 4964 2649 4991 ,
2692 4924 2863 4996 magis
2905 4932 2989 4980 est
3039 4924 3224 4991 illius,
3273 4942 3435 4995 quam
3481 4940 3752 4985 nostrum.

2143 5016 2238 5073 Dei
2279 5016 2423 5073 enim
2473 5016 2641 5073 Filius
2689 5033 2822 5084 nos,
2879 5033 3002 5073 cum
3055 5019 3186 5074 nihil
3229 5034 3510 5086 essemus,
3564 5023 3755 5077 visita-

2142 5108 2256 5174 vit,
2316 5118 2370 5165 et
2420 5125 2543 5164 cum
2600 5109 2650 5164 id
2701 5109 2847 5180 quod
2897 5119 3139 5165 nostrum
3198 5120 3279 5166 est
3328 5114 3658 5182 suscepisset
3700 5125 3758 5173 ct

2140 5201 2242 5257 sibi
2270 5204 2498 5272 nuisset,
2534 5202 2704 5258 factus
2728 5213 2811 5259 est
2841 5202 3094 5259 omnibus
3122 5204 3391 5274 superior.
3436 5204 3497 5260 In
3525 5224 3582 5260 co
3608 5211 3750 5264 enim

2140 5294 2279 5364 quod
2303 5296 2476 5349 omnia
2504 5298 2552 5349 ei
2577 5294 2791 5366 subjecit
2816 5337 2831 5362 ,
2863 5294 2995 5348 nihil
3014 5295 3209 5350 dimisit
3238 5312 3340 5351 non
3364 5298 3651 5369 subjectum
3680 5305 3748 5359 ei.

2142 5383 2296 5439 Nunc
2320 5396 2494 5441 autem
2521 5386 2738 5441 necdum
2767 5386 2994 5441 uidemus
3020 5392 3193 5441 omnia
3233 5389 3461 5459 subjecta
3487 5392 3553 5446 ei.
3596 5393 3752 5459 Quod

2136 5487 2317 5532 autem
2347 5477 2476 5533 dicit
2515 5488 2599 5532 est
2630 5476 2963 5549 huiusmodi.
2992 5478 3258 5546 Quoniam
3284 5484 3521 5551 dixerat,
3556 5484 3734 5543 Donec

2134 5588 2321 5642 ponam
2365 5571 2596 5627 inimicos
2634 5581 2747 5628 tuos
2786 5573 3063 5630 scabellum
3098 5576 3283 5645 pedum
3317 5586 3517 5632 tuorum
3542 5619 3556 5642 ,
3592 5582 3736 5633 veri-

2134 5663 2314 5721 simile
2337 5676 2518 5722 autcm
2556 5676 2673 5722 erat
2703 5682 2800 5724 eos
2838 5669 3015 5725 adhuc
3045 5671 3167 5740 angi
3214 5680 3266 5725 et
3311 5670 3527 5726 tristitia
3557 5670 3735 5726 afﬁci:

2194 5778 2209 5808 ί
2246 5775 2338 5827 Hic
2361 5776 2412 5826 in
2436 5773 2721 5829 Colhertiuo
2747 5778 2916 5842 incipit
2940 5776 3138 5829 humilia
3162 5782 3352 5842 quarta.
