4208 6468
519 290 590 351 39
1285 294 1342 352 S.
1384 291 1663 350 JOANNlS
1699 282 2173 346 CHRYSOSTOMI
2211 280 2531 340 ARCIIIEP.
2570 279 3104 340 CONSTANTINOP.
3731 277 3798 337 .50

530 387 730 442 deinde
759 388 941 458 paucis
961 387 1275 457 intcrjectis,
1304 387 1406 441 hoc
1427 387 1706 457 subjunxit
1729 388 2114 449 testimonium,

532 473 661 532 illud
704 478 1049 533 conlirmans.
1084 478 1218 533 Nam
1258 493 1325 533 ne
1367 478 1642 542 dicerent,
1687 477 1969 545 Quomodo
2014 478 2118 532 ini-

530 571 700 625 micos
731 574 906 641 posuit
935 571 1036 627 sub
1063 572 1288 640 pedibus
1336 570 1448 624 suis
1471 612 1486 635 ,
1534 585 1656 626 cum
1689 586 1788 626 nos
1814 580 1919 626 tam
1951 571 2116 626 multa

531 662 672 728 passi
701 661 910 716 simus?
957 664 1084 716 satis
1109 661 1324 729 quidem
1365 670 1420 715 et
1462 663 1514 715 in
1562 663 1992 731 praecedentibus
2021 663 2123 718 hoc

521 766 704 820 ipsum
758 754 917 806 tacite
961 751 1275 820 s’gnilicavit
1308 770 1319 805 :
1353 752 1483 805 illud
1529 753 1708 819 enim,
1743 751 1916 807 Donec
1946 794 1958 817 .
2009 769 2122 808 non

530 841 672 910 quod
702 843 881 895 statim
913 843 966 894 lit
998 843 1364 910 signiﬁcabat,
1402 844 1494 898 sed
1524 844 1666 913 quod
1694 845 1825 898 litin
1847 853 2118 915 tempore:

531 931 618 986 hic
648 942 825 985 autem
857 947 970 986 rem
1003 932 1220 986 uberius
1250 935 1613 1004 persequitur.
1661 934 1738 989 Ne
1778 937 1945 1001 enim,
1979 951 2117 1006 quo-

530 1024 694 1089 niam,
729 1023 934 1093 inquit,
979 1023 1214 1079 nondum
1258 1035 1383 1079 sunt
1421 1027 1686 1095 subjecti,
1716 1027 1992 1083 existimes
2024 1043 2123 1084 nec

529 1115 718 1183 subjici
754 1135 768 1169 :
803 1131 926 1169 nam
971 1131 1132 1185 quam
1163 1116 1306 1186 quod
1345 1116 1534 1184 subjici
1579 1132 1795 1186 semper
1827 1125 2116 1186 oporteat,

529 1213 611 1259 est
639 1205 981 1276 perspicuum
1020 1225 1031 1258 :
1066 1207 1266 1260 ctenim
1298 1217 1578 1276 propterea
1601 1205 1744 1262 dicta
1773 1217 1855 1261 est
1884 1206 2120 1277 prophe-

531 1297 599 1349 tia
635 1315 648 1347 :
681 1295 747 1350 In
778 1314 835 1350 eo
857 1297 988 1351 enim
1013 1338 1028 1363 ,
1065 1299 1271 1368 inquit,
1303 1298 1440 1368 quod
1469 1299 1640 1352 omnia
1666 1300 1710 1352 ei
1731 1299 1962 1370 subjecit,
1996 1301 2123 1354 nihil

529 1390 718 1442 dimisit
766 1405 866 1444 non
915 1389 1196 1460 subjectum
1241 1391 1305 1444 ei.
1359 1389 1641 1458 Quomodo
1690 1404 1818 1460 ergo
1852 1405 1959 1446 non
1993 1401 2122 1446 sunt

528 1481 710 1534 omnia
758 1481 806 1535 ei
857 1480 1139 1550 subjecta?
1173 1480 1438 1546 Quoniam
1489 1491 1611 1535 sunt
1659 1480 2016 1551 subjicienda.
2065 1481 2120 1536 Si

530 1586 660 1641 ergo
709 1571 888 1626 omnia
938 1571 1272 1642 subjicienda
1301 1612 1315 1636 ,
1370 1571 1599 1627 necdum
1645 1579 1824 1628 tamen
1873 1574 2118 1643 subjecta

527 1673 689 1727 sunt,
735 1679 802 1717 ne
829 1678 971 1732 mgrc
1002 1661 1146 1717 feras
1176 1677 1275 1717 nec
1309 1663 1561 1717 turberis.
1595 1661 1727 1716 Nam
1760 1663 1804 1716 si
1833 1679 1954 1718 cum
1997 1663 2118 1718 linis

530 1756 748 1825 quidem
777 1756 1117 1822 advenisset,
1165 1765 1220 1810 et
1249 1757 1429 1810 omnia
1461 1763 1643 1810 essent
1673 1756 1915 1828 subjecta
1945 1797 1958 1821 ,
2002 1757 2117 1811 lucc

531 1846 814 1915 patereris,
840 1847 1032 1900 merito
1061 1846 1275 1900 doleres
1306 1863 1321 1900 :
1349 1862 1489 1900 nunc
1505 1857 1683 1900 autem
1713 1845 1947 1900 nondum
1970 1846 2122 1901 vide-

531 1953 649 1993 mus
671 1937 850 1992 omnia
876 1939 922 1992 ei
947 1938 1204 2008 subjecta,
1239 1938 1350 1992 Rex
1376 1937 1610 1992 nondum
1637 1953 1768 2007 pure
1789 1937 2121 1992 dominatum

526 2029 778 2083 obtinuit.
811 2027 948 2096 Quid
985 2044 1112 2098 ergo
1155 2029 1492 2082 conturbaris
1544 2027 1685 2084 male
1713 2029 1958 2098 patiens?
1987 2044 2126 2084 non-

529 2120 654 2172 dum
686 2133 874 2174 omnes
902 2119 1176 2188 superavit
1209 2134 1301 2188 pra
1320 2117 1521 2173 dicatio
1547 2136 1563 2185 ;
1607 2120 1842 2174 nondum
1868 2130 1952 2175 est
1984 2130 2123 2175 tem-

529 2225 629 2283 pus
658 2221 716 2265 ut
742 2210 977 2280 perfecte
999 2211 1372 2280 subjiciuntur.
1408 2211 1610 2264 Deinde
1641 2227 1826 2266 rursus
1854 2212 1958 2266 alia
1988 2228 2122 2266 con-

529 2304 740 2368 solatio,
771 2303 1033 2373 siquidem
1084 2304 1130 2356 is
1166 2304 1255 2373 qui
1307 2313 1386 2356 est
1427 2318 1617 2357 omnes
1670 2302 1946 2358 habiturus
1997 2305 2125 2358 sub-

524 2397 698 2465 jectos
726 2436 740 2461 ,
768 2394 884 2464 ipse
925 2409 1139 2464 quoque
1187 2403 1269 2446 est
1319 2403 1582 2458 mortuus,
1609 2403 1666 2447 et
1717 2393 2124 2449 innumerabilia

531 2502 833 2560 perpessus.
855 2489 910 2544 9.
940 2487 1070 2541 Eum
1097 2497 1286 2553 autem,
1308 2487 1391 2555 qui
1419 2487 1616 2540 modico
1643 2503 1795 2556 quam
1823 2485 1990 2557 angeli
2019 2488 2090 2539 mi
2105 2514 2125 2526 ι

530 2593 736 2637 noratus
764 2592 856 2645 est,
903 2581 1126 2635 videmus
1149 2580 1322 2635 Jesunt
1365 2589 1568 2651 prapter
1598 2580 1880 2650 passionem
1926 2579 2121 2633 mortis.

531 2674 733 2730 Deinde
765 2690 952 2728 rursus
998 2673 1274 2741 subjunxit
1313 2687 1433 2743 qua:
1473 2682 1598 2726 sunt
1628 2672 1768 2726 bona
1798 2689 1811 2725 :
1847 2671 2023 2726 Gloria
2069 2681 2113 2727 et

530 2769 723 2819 honore
757 2773 1077 2818 coronatum.
1118 2763 1302 2816 Vidisti
1329 2762 1599 2832 quomodo
1623 2762 1670 2816 ei
1701 2763 1877 2815 omnia
1907 2762 2128 2832 adapta-

531 2855 710 2911 \'erit?
739 2870 861 2908 nam
893 2853 1022 2908 illud
1071 2853 1274 2906 Modico
1296 2895 1311 2920 ,
1346 2854 1418 2907 illi
1445 2853 1615 2925 magis
1645 2853 1948 2924 congruerit
1972 2893 1988 2920 ,
2031 2853 2128 2922 qui

541 2963 652 3006 tres
679 2952 795 3004 dies
825 2948 969 3002 solos
999 2947 1094 3000 fuit
1134 2943 1272 3013 apud
1304 2941 1502 2997 inferos
1529 2982 1544 3005 ,
1589 2955 1696 2995 non
1729 2940 1883 2993 nobis
1921 2942 2010 3008 qui
2037 2937 2131 2990 diu

538 3051 593 3096 et
639 3039 862 3096 multum
893 3037 1289 3106 corrumpimur
1319 3052 1332 3086 :
1375 3032 1625 3087 similiter
1659 3039 1712 3085 ct
1751 3029 1880 3083 illud
1905 3070 1919 3094 ,
1949 3026 2129 3083 Gloria

537 3144 585 3188 et
617 3135 806 3187 honore
832 3174 847 3197 ,
880 3130 955 3184 illi
989 3129 1146 3198 longe
1190 3125 1362 3195 magis
1390 3167 1405 3192 ,
1438 3139 1596 3193 quam
1629 3121 1786 3176 nobis
1817 3118 2125 3174 conveniet.

540 3229 746 3283 Rursus
791 3238 1006 3280 crucem
1035 3223 1114 3277 eis
1144 3227 1361 3275 revocat
1403 3218 1457 3272 in
1499 3215 1811 3271 memoriam
1837 3253 1851 3277 ,
1901 3212 2009 3266 duo
2051 3209 2128 3264 fa-

536 3323 686 3375 ciens
718 3337 729 3372 :
766 3332 960 3389 nempe
987 3324 1041 3370 et
1075 3330 1261 3370 curam
1293 3315 1410 3382 ejus
1459 3310 1512 3364 in
1557 3323 1658 3363 nos
1688 3305 1982 3362 ostendens
2007 3345 2022 3368 ,
2068 3311 2130 3357 et

537 3413 770 3467 suadens
799 3419 858 3464 ut
883 3411 1060 3463 omnia
1093 3420 1355 3476 generoso
1380 3414 1432 3458 et
1460 3402 1584 3456 forti
1617 3401 1805 3455 animo
1834 3398 2031 3462 ferant,
2056 3396 2125 3452 ad

540 3505 855 3576 Magistrum
902 3499 1244 3570 aspicientes.
1288 3496 1421 3550 Nam
1449 3495 1493 3548 si
1529 3494 1572 3547 is
1600 3493 1688 3561 qui
1718 3489 1972 3545 adorator
1995 3528 2009 3549 ,
2041 3488 2127 3541 in-

538 3597 692 3666 quit,
745 3595 814 3649 ab
841 3593 1042 3666 angelis
1069 3634 1082 3656 ,
1133 3589 1382 3645 sustinuit
1418 3585 1671 3657 quiddam
1705 3584 1881 3637 minus
1921 3580 2125 3635 habere

537 3705 696 3760 quam
727 3685 905 3758 angeli
932 3694 1150 3756 propter
1177 3691 1230 3736 te
1255 3698 1268 3736 :
1289 3680 1460 3736 multo
1484 3675 1654 3748 magis
1683 3687 1738 3730 tu
1756 3674 1844 3746 qui
1868 3689 1927 3728 es
1951 3672 2127 3726 minor

536 3781 780 3852 angelis,
822 3778 986 3834 debes
1012 3775 1190 3831 omnia
1227 3773 1366 3827 ferre
1411 3779 1632 3840 pmpter
1674 3767 1870 3836 ipsum.
1921 3760 2127 3816 Deinde

537 3872 776 3927 ostendit
802 3867 945 3940 quod
974 3883 1104 3922 crux
1134 3867 1204 3920 sit
1233 3864 1407 3918 honor
1435 3871 1488 3917 et
1527 3859 1695 3930 gloria
1729 3875 1741 3912 :
1771 3853 2043 3925 quomodo
2071 3862 2127 3907 et

537 3965 654 4034 ipse
677 3978 794 4018 eam
825 3975 1037 4030 semper
1062 3967 1217 4014 vocat
1241 3999 1256 4023 ,
1285 3955 1472 4010 dicens
1500 3971 1512 4008 :
1550 3951 1699 4005 Venit
1728 3951 1856 4002 hora
1887 3956 1938 3998 ut
1962 3945 2124 4016 glori-

535 4057 712 4126 ﬁcatur
743 4052 913 4108 Filius
941 4051 1159 4106 hominis
1184 4049 1366 4115 (Joan.
1401 4047 1486 4102 ii.
1511 4044 1588 4112 ι).
1615 4042 1669 4096 Si
1705 4055 1833 4111 ergo
1860 4038 1950 4093 ille
1971 4047 2128 4092 vocat

486 4125 490 4130 ³
531 4125 755 4218 gloriam
785 4161 846 4200 ea
893 4159 1012 4214 quae
1057 4156 1249 4214 passus
1291 4151 1374 4194 cst
1424 4146 1643 4206 propter
1687 4146 1921 4188 servos:
1955 4129 2125 4184 multo

533 4240 700 4308 magis
729 4247 782 4291 tu
813 4252 873 4292 ea
903 4252 1020 4305 qua:
1047 4235 1248 4306 pateris
1278 4238 1495 4302 propter
1525 4225 1834 4280 Dominum.

601 4329 776 4383 Crucis
806 4331 1018 4396 fructus.
1066 4354 1140 4366 -—
1177 4323 1337 4378 Vides
1376 4326 1612 4390 quantus
1643 4318 1712 4372 sit
1743 4317 1949 4370 fructus
1997 4328 2122 4368 cru-

528 4421 642 4476 cis?
673 4421 804 4475 Rem
832 4435 936 4473 non
966 4415 1190 4472 formida
1219 4433 1231 4470 :
1264 4412 1356 4467 tibi
1387 4409 1607 4481 quidem
1637 4409 1848 4463 videtur
1879 4422 1968 4462 res
2000 4421 2124 4461 esse

531 4513 696 4568 tristis
723 4556 735 4580 ,
772 4513 912 4582 parit
954 4521 1132 4566 autem
1166 4509 1304 4562 bona
1334 4503 1766 4560 innumerabilia.
1798 4503 1872 4556 Ex
1928 4501 2012 4555 his
2035 4515 2125 4555 os-

530 4609 698 4662 tendit
729 4606 1012 4661 utilitatem
1047 4600 1375 4658 tentationis.
1411 4596 1615 4653 Deinde
1643 4596 1773 4650 dicit
1803 4613 1816 4649 :
1852 4593 1922 4648 Ut
1955 4594 2122 4664 gratia

531 4699 626 4753 Dei
673 4716 768 4767 pro
817 4677 1048 4752 omnibus
1096 4701 1322 4766 gustaret
1377 4699 1606 4743 mortem.
1661 4685 1728 4741 Ut
1773 4686 1939 4756 gratia
1983 4683 2114 4750 Dei,

525 4792 718 4860 inquit.
765 4789 831 4844 Et
861 4788 949 4843 ille
975 4787 1190 4856 quidem
1225 4783 1337 4836 haec
1365 4794 1551 4851 passus
1579 4787 1658 4833 est
1693 4787 1916 4848 propter
1944 4777 2035 4831 Dei
2065 4779 2118 4831 in

525 4897 626 4935 nos
656 4878 882 4950 gratiam
909 4894 922 4930 :
959 4876 1061 4943 Qui
1087 4868 1491 4956 proprio.Filio,
1525 4868 1718 4939 inquit,
1741 4885 1841 4922 non
1873 4868 2114 4938 pepercit,

522 4971 610 5023 sed
639 4985 736 5040 pro
764 4969 906 5024 nobis
936 4967 1167 5023 omnibus
1198 4965 1406 5018 tradidit
1449 4965 1618 5033 ipsum
1645 4966 1663 5035 (
1694 4962 1844 5019 Rom.
1874 4963 1928 5018 8.
1972 4961 2039 5018 ’52
2063 4962 2107 5029 ).

519 5061 761 5127 Quanam
796 5060 862 5114 dc
890 5073 1052 5114 causa
1075 5058 1100 5110 ?
1124 5056 1240 5110 Non
1273 5059 1372 5110 hoc
1402 5055 1556 5110 nobis
1583 5055 1830 5120 debebat,
1859 5055 1953 5111 sed
1987 5056 2113 5110 fecit

516 5153 710 5220 gratia.
741 5151 808 5204 Et
825 5165 1010 5204 rursus
1039 5149 1091 5202 iu
1113 5148 1349 5218 Epistoia
1369 5148 1431 5203 ad
1457 5147 1725 5205 Romanos
1749 5149 1914 5204 dicit:
1944 5146 2110 5202 Multo

519 5244 683 5313 magis
720 5241 890 5316 gratia
925 5240 1053 5305 Dei,
1105 5249 1150 5292 et
1193 5239 1380 5294 (latium
1417 5241 1471 5293 in
1501 5243 1665 5312 gratia
1705 5243 1851 5294 unius
1893 5239 2110 5294 hominis

521 5331 645 5385 Jesu
693 5331 879 5388 Cluisti
925 5331 978 5384 in
1029 5330 1198 5400 plures
1245 5331 1516 5386 abundavit
1555 5331 1732 5394 (Rom.
1771 5333 1824 5387 5.
1859 5333 1986 5399 i5).
2043 5329 2111 5386 Ut

521 5423 692 5490 gratia
735 5419 830 5473 Dei
878 5437 971 5488 pro
1015 5421 1244 5475 omnibus
1274 5433 1497 5493 gustaret
1549 5433 1755 5478 mortem
1807 5439 1826 5475 :
1871 5438 1976 5478 non
2017 5437 2113 5490 pro

524 5516 774 5571 ﬁdelibus
801 5517 999 5583 solum,
1040 5517 1134 5572 sed
1164 5535 1260 5587 pro
1289 5519 1540 5573 universo
1571 5518 1703 5572 orbe
1749 5526 1942 5581 terrm;
1987 5530 2108 5569 nam

525 5606 642 5674 ipse
688 5608 901 5676 quidem
933 5618 1177 5663 mortuus
1224 5616 1307 5664 est
1355 5622 1450 5680 pro
1480 5607 1751 5663 omnibus.
1803 5605 1942 5674 Quid
1994 5615 2104 5659 tum

523 5705 698 5752 autem
722 5738 738 5766 ,
769 5699 812 5755 si
843 5715 948 5756 non
979 5715 1169 5758 omnes
1192 5700 1582 5757 crediderunt?
1616 5700 1736 5772 ipse
1772 5697 1916 5768 quod
1955 5713 2109 5752 suum

2216 400 2330 446 erat
2376 387 2637 459 implevit.
2685 385 2754 440 Et
2796 383 3014 454 proprie
3064 379 3241 446 dixit,
3297 377 3401 431 Pro
3433 375 3662 431 omnibus
3703 390 3792 444 gu-

2216 491 2370 538 staret
2399 489 2631 534 mortem.
2657 477 2772 532 Non
2797 475 2953 540 dixit,
2987 472 3284 526 Moreretur
3317 485 3330 522 :
3362 483 3486 523 nam
3519 477 3575 520 ut
3601 466 3689 536 qui
3719 479 3788 519 re-

2216 589 2340 628 vera
2368 582 2598 626 mortem
2621 575 2909 639 gustasset,
2938 579 3059 617 cum
3088 564 3138 616 in
3165 577 3225 616 ea
3253 559 3390 614 adeo
3425 573 3589 628 parvo
3617 556 3806 611 inisset

2222 664 2504 721 intervallo
2536 704 2551 728 ,
2585 660 2766 716 statim
2794 657 3052 712 surrexit.
3092 657 3266 724 Atque
3301 650 3531 706 dicendo
3562 647 3804 718 quidem,

2224 758 2325 814 Per
2353 759 2643 826 passionem
2671 752 2846 804 mortis
2871 791 2889 817 ,
2934 761 3116 802 veram
3163 742 3483 814 signiﬁcavit
3529 747 3758 794 mortem
3790 753 3804 789 :

2219 847 2446 904 dicendo
2477 856 2676 910 autem,
2700 841 2883 896 Melior
2907 838 3124 910 angelis,
3168 833 3404 890 ostendit
3451 830 3806 886 resurrectio-

2222 957 2363 996 nem.
2393 937 2544 993 Sicut
2563 937 2707 990 enim
2730 933 2992 996 medicus,
3012 943 3136 983 cum
3165 943 3269 980 non
3297 924 3366 978 sit
3395 937 3616 978 necesse
3639 931 3693 975 ut
3711 935 3810 989 gu-

2221 1042 2327 1089 stet
2344 1032 2491 1086 cibos
2513 1038 2716 1100 aegroto
2743 1033 2956 1097 paratos
2977 1065 2990 1088 ,
3018 1029 3237 1092 propter
3253 1031 3436 1072 curam
3469 1015 3620 1069 illius
3647 1027 3806 1083 quam

2222 1129 2376 1200 gerit,
2402 1128 2515 1197 ipse
2542 1124 2686 1194 prior
2707 1129 2907 1193 gustat,
2926 1126 2984 1172 ut
3010 1113 3328 1186 persuadeat
3343 1119 3543 1182 aegroto
3567 1118 3622 1162 ut
3642 1106 3808 1200 conli-

2222 1199 2413 1276 denter
2443 1216 2634 1270 audeat
2659 1213 2837 1268 cibum
2869 1222 3084 1266 sumere
3116 1223 3130 1261 :
3154 1207 3225 1260 ita
3247 1204 3491 1259 Christus
3517 1241 3531 1265 ,
3556 1199 3806 1269 quoniam

2223 1328 2412 1366 omnes
2442 1308 2685 1364 homines
2711 1313 2936 1358 mortem
2967 1301 3345 1363 extimuersnt,
3381 1295 3458 1349 eis
3482 1288 3812 1362 persuadens

2225 1413 2281 1458 ut
2309 1405 2358 1458 in
2387 1416 2503 1456 eam
2543 1406 2723 1453 essent
2760 1393 3010 1457 audaces,
3049 1391 3161 1459 ipse
3185 1399 3397 1458 quoque
3413 1397 3531 1438 eam
3557 1378 3806 1449 gustavit,

2222 1514 2342 1551 cum
2390 1510 2493 1548 non
2540 1501 2681 1547 esset
2715 1490 2763 1544 ei
2795 1499 3038 1542 necesse.
3069 1482 3214 1538 Venit
3243 1480 3385 1534 enim
3407 1519 3420 1544 ,
3452 1476 3641 1548 inquit,
3669 1474 3812 1542 prin-

2225 1590 2340 1642 ceps
2367 1575 2545 1629 mundi
2571 1575 2743 1642 huius,
2775 1585 2818 1628 et
2840 1576 2892 1627 in
2916 1590 2995 1627 me
3017 1573 3144 1626 nihil
3165 1574 3346 1628 invenit
3367 1572 3543 1640 (Ioan.
3570 1572 3658 1626 Η.
3687 1572 3806 1640 50).

2227 1668 2313 1722 Sic
2344 1677 2398 1721 et
2427 1667 2568 1736 quod
2600 1665 2765 1731 dicit,
2801 1664 2979 1718 Gratia
3005 1706 3020 1730 ,
3064 1673 3112 1719 et
3147 1664 3276 1717 illud
3303 1705 3318 1730 ,
3356 1663 3422 1718 Ut
3451 1679 3544 1732 pro
3583 1662 3814 1717 omnibus

2228 1768 2437 1811 mortem
2484 1766 2743 1828 gustaret,
2792 1757 2892 1810 hoc
2935 1758 3233 1811 constituit.
3280 1755 3364 1810 10.
3416 1754 3634 1809 Docebat
3679 1755 3815 1808 enim

2227 1866 2340 1902 eum
2374 1858 2576 1917 propter
2613 1865 2758 1916 quem
2801 1848 3014 1912 omnia,
3062 1861 3106 1900 et
3138 1863 3227 1915 per
3269 1861 3415 1916 quem
3458 1844 3629 1898 omnia
3659 1886 3675 1910 ,
3724 1845 3814 1911 qui

2229 1942 2412 1993 multos
2454 1940 2590 2010 ﬁlios
2627 1941 2677 1992 in
2713 1940 2930 2009 gratiam
2958 1940 3283 2006 adduxerat,
3332 1946 3590 1990 auctorem
3634 1936 3813 1991 salutis

2229 2046 2398 2083 eorum
2431 2046 2518 2099 per
2544 2029 2830 2100 passionent
2871 2045 3235 2082 consummare.

2299 2121 2353 2173 '5.
2399 2119 2473 2174 De
2505 2119 2659 2174 Patre
2692 2120 2776 2173 hie
2802 2119 2952 2173 dicit.
3009 2119 3171 2175 Vides
3224 2121 3494 2190 quomodo
3536 2138 3722 2179 rursus
3764 2126 3816 2180 ei

2227 2209 2441 2280 adaptat
2476 2211 2629 2276 illud,
2656 2209 2758 2263 Per
2779 2227 2923 2277 quem
2949 2209 3102 2265 ?Hoc
3126 2226 3230 2265 non
3257 2209 3495 2278 iecisset,
3521 2214 3566 2269 si
3594 2215 3646 2269 id
3673 2226 3817 2270 esset

2229 2301 2617 2366 diminutionis,
2646 2312 2700 2355 et
2728 2300 2861 2354 Filio
2891 2301 3067 2355 solum
3093 2303 3422 2358 conveniret.
3454 2304 3608 2373 Quod
3637 2320 3814 2362 autem

2229 2393 2359 2449 dicit
2388 2402 2469 2447 est
2495 2392 2759 2462 ejusmodi
2790 2411 2802 2446 :
2840 2393 3024 2458 Fecit,
3073 2386 3278 2464 inquit,
3325 2411 3443 2466 qua:
3471 2397 3627 2467 digna
3662 2411 3816 2454 erant

2227 2488 2322 2538 sua
2367 2485 2693 2555 benignitate
2719 2527 2733 2550 ,
2776 2485 2916 2555 quod
2958 2485 3206 2539 munibus
3237 2485 3584 2543 illustriorem
3635 2489 3818 2546 fecerit

2230 2577 2670 2646 Primogcnitum,
2715 2584 2768 2629 et
2798 2586 2854 2630 ut
2883 2586 3151 2645 tamquam
3180 2576 3334 2632 fortis
3363 2579 3563 2634 athleta
3594 2591 3647 2635 et
3672 2581 3808 2636 alios

2229 2683 2598 2739 exsuperans,
2647 2668 2768 2723 aliis
2795 2676 2940 2723 esset
2982 2670 3278 2738 exemplar.
3321 2670 3592 2725 Auctorem
3635 2674 3819 2729 salutis

2228 2776 2401 2813 eorum
2433 2759 2508 2827 (α)
2539 2775 2551 2811 :
2590 2759 2691 2813 hoc
2717 2770 2797 2814 est
2821 2801 2838 2824 ,
2883 2773 3098 2813 causam
3127 2761 3336 2816 salutis.
3373 2761 3536 2816 Vides
3561 2775 3815 2832 quantum

2230 2853 2319 2905 inti
2341 2850 2475 2905 rsit?
2500 2860 2552 2906 et
2582 2849 2667 2904 hic
2689 2860 2769 2905 est
2792 2850 2979 2914 Filius,
3010 2861 3063 2905 ct
3087 2867 3183 2907 nos
3208 2852 3321 2917 lilii;
3347 2852 3437 2907 sed
3465 2853 3577 2924 ipse
3603 2855 3816 2924 quidem

2228 2951 2438 3009 servat,
2467 2955 2567 2995 nos
2594 2956 2893 2996 servantur.
2933 2941 3122 2996 Vidisti
3153 2943 3423 3013 quomodo
3454 2959 3553 3000 nos
3582 2947 3817 3016 conjun-

2225 3041 2313 3103 gat
2337 3041 2390 3087 et
2416 3033 2682 3097 conciliet,
2713 3042 2770 3087 et
2795 3033 3087 3101 distinguat
3115 3049 3176 3087 ac
3206 3036 3454 3103 separet?
3480 3036 3580 3100 Qui
3608 3041 3816 3104 multos,

2229 3123 2418 3193 inquit,
2471 3125 2606 3192 ﬁlios
2657 3125 2708 3178 in
2741 3125 2957 3195 gloriam
2984 3125 3294 3178 adduxerat.
3341 3125 3440 3182 Hic
3465 3128 3772 3183 conciliavit
3800 3148 3816 3185 :

2232 3217 2498 3270 Auctorem
2545 3218 2728 3272 salutis
2777 3233 2947 3270 eorum
2982 3233 3002 3270 :
3029 3226 3082 3270 et
3125 3231 3313 3272 rursus
3341 3217 3586 3274 distinxit
3618 3229 3672 3276 ct
3701 3221 3817 3276 dis-

2221 3307 2416 3375 junxit.
2442 3307 2545 3361 Per
2567 3309 2826 3377 passiones
2843 3324 3211 3362 consummare.
3233 3308 3517 3364 Passiones
3542 3326 3670 3382 ergo
3698 3323 3821 3368 sunt

2229 3399 2490 3468 perfectio
2536 3406 2591 3452 et
2629 3412 2789 3452 causa
2836 3398 3044 3453 salutis.
3091 3398 3280 3454 Viden’
3319 3401 3461 3470 quod
3509 3403 3649 3458 male
3694 3419 3820 3459 esse

2235 3507 2473 3563 passum,
2507 3506 2612 3545 non
2641 3492 2708 3545 sit
2740 3507 2924 3546 eorum
2958 3492 3046 3561 qui
3072 3501 3197 3547 sunt
3219 3492 3512 3547 derelicti?

2312 3583 2604 3636 lnrarnatio
2645 3593 2691 3636 et
2722 3584 2902 3638 Passio
2931 3583 3126 3639 Christi
3171 3585 3340 3651 major
3384 3586 3818 3642 creatione.—Si

2225 3691 2353 3746 ergo
2372 3676 2512 3728 Deus
2540 3675 2712 3744 primo
2731 3675 2921 3729 Filium
2941 3674 3242 3739 honoravit,
3265 3676 3406 3746 quod
3431 3692 3524 3745 per
3543 3680 3822 3746 passiones

2225 3766 2532 3831 deduxerit;
2557 3781 2773 3821 carnem
2797 3767 3120 3836 suscepisse,
3146 3783 3317 3838 eaque
3333 3779 3578 3839 suscepta
3604 3784 3818 3838 passum

2225 3875 2367 3924 esse,
2394 3859 2551 3929 longe
2576 3867 2662 3914 est
2687 3859 2858 3928 majus
2870 3873 3056 3914 revera
3075 3874 3234 3929 quam
3262 3859 3521 3914 "modum
3550 3860 3739 3914 iecisse
3765 3868 3822 3916 et

2226 3965 2294 4005 ex
2334 3951 2500 4004 nihilo
2542 3951 2879 4019 produxisse.
2914 3950 2986 4005 Et
3033 3950 3140 4006 hoc
3186 3951 3399 4020 quidem
3451 3951 3818 4021 benignitatis.

2229 4041 2362 4097 illud
2405 4057 2533 4097 vero
2582 4043 2740 4113 longe
2785 4042 3034 4113 amplius.
3086 4042 3154 4097 Et
3196 4043 3298 4097 hoc
3329 4044 3500 4112 ipsmn
3534 4043 3649 4114 ipse
3684 4060 3820 4114 quo-

2228 4149 2332 4203 que
2361 4132 2654 4188 ostendens
2676 4173 2690 4196 ,
2719 4133 2849 4188 dicit
2880 4149 2894 4187 :
2929 4132 2996 4188 Ut
3023 4135 3305 4187 ostenderet
3333 4133 3391 4186 in
3413 4135 3615 4188 saeculis
3641 4150 3819 4204 super-

2233 4227 2542 4282 venientibus
2565 4226 2880 4280 abundantes
2908 4227 3107 4279 divitias
3130 4227 3310 4296 gratia:
3335 4243 3458 4292 sure,
3484 4237 3531 4280 et
3556 4243 3822 4281 conrasas-

2221 4309 2390 4363 cilavit
2414 4320 2462 4364 et
2485 4313 2754 4369 consedere
2772 4331 2886 4368 cum
2914 4331 2971 4370 eo
2995 4315 3112 4386 fecit
3137 4318 3191 4370 in
3216 4319 3497 4375 caelestibus
3523 4321 3576 4376 in
3614 4322 3818 4378 Christo

2220 4396 2364 4454 Iesu.
2401 4400 2620 4458 Decebat
2661 4407 2794 4461 enim
2825 4424 2969 4473 eum,
3009 4418 3216 4478 propter
3249 4427 3396 4480 quem
3426 4415 3618 4482 omnia,
3651 4426 3699 4470 et
3725 4430 3816 4480 per

2223 4507 2368 4558 quem
2395 4495 2566 4548 omnia
2585 4540 2600 4562 ,
2628 4499 2714 4567 qui
2757 4499 2946 4553 multos
2974 4500 3112 4568 ﬁlios
3152 4501 3203 4555 in
3246 4505 3466 4573 gratiam
3494 4507 3806 4572 adduxerat,

2225 4592 2480 4637 auctorem
2529 4587 2712 4642 salutis
2759 4605 2933 4642 eorum
2984 4607 3075 4660 per
3127 4593 3415 4660 passionem
3461 4614 3818 4656 consummare

2224 4672 2439 4743 (Ep/tes.
2473 4675 2528 4730 2.
2573 4678 2624 4732 7.
2672 4679 2750 4749 6).
2781 4680 3075 4750 Oportebat
3105 4685 3246 4738 enim
3268 4728 3284 4753 ,
3320 4686 3528 4759 inquit,
3565 4707 3684 4747 eum
3717 4696 3807 4764 qui

2225 4780 2410 4821 curam
2456 4769 2625 4838 gerit,
2659 4779 2713 4824 et
2747 4773 2926 4826 omnia
2967 4782 3024 4828 ut
3066 4786 3248 4832 essent
3284 4781 3567 4850 produxit,
3603 4787 3815 4842 tradere

2227 4856 2421 4913 Filium
2451 4875 2548 4928 pro
2575 4861 2746 4916 salute
2774 4863 3125 4934 reliquorum,
3159 4886 3320 4925 unum
3350 4888 3445 4942 pro
3475 4877 3673 4933 multis.
3707 4877 3813 4935 Sed

2225 4966 2330 5005 non
2360 4951 2438 5005 sic
2464 4951 2618 5013 dixit.
2648 4955 2765 5022 sed,
2801 4955 2904 5010 Per
2929 4961 3189 5028 passiones
3217 4981 3601 5033 consummare;
3632 4981 3816 5027 osten-

2223 5042 2302 5097 dit
2349 5044 2490 5111 quod
2531 5047 2622 5114 qui
2657 5062 2752 5115 pro
2799 5050 2978 5121 aliquo
3009 5062 3093 5107 est
3145 5071 3354 5124 passus,
3389 5075 3496 5115 non
3536 5064 3708 5119 Solum
3737 5066 3814 5120 iiii

2227 5134 2463 5204 prodest,
2493 5138 2588 5192 sed
2618 5141 2778 5194 etiam
2825 5141 2939 5212 ipse
2981 5144 3040 5199 lit
3080 5150 3392 5218 pr.rclarior
3419 5163 3472 5208 et
3504 5155 3810 5224 perfectior.

2228 5228 2338 5283 Hoc
2354 5239 2531 5284 autem
2553 5231 2681 5287 dicit
2723 5233 2986 5304 ﬁdelibus,
3011 5239 3088 5293 eis
3106 5241 3340 5296 animum
3355 5243 3578 5313 addens,
3602 5259 3656 5303 et
3684 5250 3777 5305 red
3793 5279 3814 5294 -

2225 5318 2358 5374 dens
2368 5320 2698 5378 audaciores.
2717 5323 2924 5380 Etenim
2943 5327 3187 5385 Christus
3209 5339 3331 5388 tunc
3353 5334 3446 5388 fuit
3463 5337 3810 5406 giorilicatus,

2225 5411 2438 5480 quando
2455 5423 2534 5467 est
2552 5429 2762 5484 passus.
2787 5416 3009 5483 Quando
3029 5435 3206 5477 autem
3233 5423 3372 5490 dico,
3399 5425 3522 5480 Fuit
3546 5429 3814 5497 glorilica-

2229 5511 2330 5566 tus,
2353 5519 2419 5558 ne
2439 5505 2713 5560 existimes
2728 5507 2794 5562 ab
2809 5524 2873 5564 eo
2889 5520 3212 5580 assumptam
3236 5529 3356 5569 esse
3371 5517 3630 5584 gloriam:
3659 5521 3806 5577 illam

2227 5597 2370 5650 enim
2399 5606 2601 5652 natura:
2621 5600 2843 5668 gloriam
2887 5617 3102 5672 semper
3136 5604 3320 5660 habuit
3343 5608 3473 5663 nihil
3511 5625 3808 5683 assumpto.

2309 5710 2382 5774 (tt)
2407 5711 2496 5764 Hic
2518 5713 2677 5766 hiatus
2699 5695 2902 5779 magnus
2927 5727 3001 5769 est
3026 5720 3074 5768 in
3097 5719 3375 5776 Caibcrtino
3398 5724 3591 5781 Codice.
