4208 6480
565 302 634 357 Ἠ
1213 294 1278 350 ’8.
1319 293 1611 351 JOANNIS
1649 288 2138 350 CIIRYSOSTOMI

2240 288 2492 382 ὶΟῌΙΕΡ.
2533 294 3090 357 CONSTANTINOP.
3757 306 3826 360 ﬂ

569 417 1021 487 ἐπαισχύνεται,
1051 407 1324 470 δείκνυσιν
1354 417 1413 470 οὐ
1443 417 1541 486 τῆς
1568 415 1660 468 τοῦ
1693 414 2018 485 πράγματος
2046 410 2148 479 φύ-

573 519 730 567 σεως,
759 501 892 554 ἀλλά
924 501 1022 572 τῆς
1047 500 1424 570 φιλοστοργίας
1450 499 1546 552 τοῦ
1578 499 1653 569 μὴ
1683 497 2146 567 ἐπαισχυνομένου

571 589 631 641 :6
664 589 772 641 πᾶν
816 585 912 652 δν,
956 586 1051 638 καὶ
1086 585 1186 652 τῆς
1232 582 1738 653 ταπεινοφροσύνης
1779 583 1878 652 τῆς
1922 579 2145 647 πολλῆς.

572 673 633 723 El
667 670 777 741 γὰρ
806 669 902 721 καὶ
939 667 998 731 ἐξ
1034 667 1181 729 ἐνὸς,
1231 664 1345 718 ἀλλ’
1391 668 1419 719 6
1457 666 1554 734 μὲν
1592 665 1845 732 ἁγιάζει,
1893 665 2054 734 ἡμεῖς
2090 663 2148 716 δὲ

573 751 931 824 ἀγιαζόμεθα.
976 749 1116 802 Πολὺ
1160 749 1217 800 δὲ
1255 749 1315 801 :6
1360 749 1559 818 μέσον·
1599 749 1695 802 καὶ
1739 751 1765 802 6
1805 747 1904 818 μὲν
1949 748 2014 799 ἐκ
2052 745 2146 798 τοῦ

573 835 805 904 Πατρὺς,
845 833 918 888 ὡς
957 832 1084 892 Υἱὸς
1121 832 1362 900 γνήσιος,
1399 831 1700 896 τουτέστιν,
1731 832 1794 883 ἐκ
1826 832 1924 900 τῆς
1959 828 2149 889 οὐσίας

569 918 734 971 αὐτοῦ
755 934 769 948 ο
800 915 962 985 ἡμεῖς
992 914 1068 966 δὲ
1105 914 1180 976 ὡς
1226 914 1450 985 κτίσμα,
1484 914 1788 977 τουτέστιν,
1824 913 1886 976 ἐξ
1915 913 2014 965 οὐκ
2060 911 2150 963 δν-

568 1019 694 1054 των.
729 1000 892 1052 ’Ὥστε
935 997 1070 1050 πολὺ
1109 997 1168 1050 τὸ
1214 997 1411 1066 μέσον.
1441 998 1532 1049 Διό
1573 1013 1774 1066 φησιν·
1821 998 1943 1049 Οὐκ
1979 995 2146 1047 ἐπαι-

566 1084 857 1152 σχύνεται
883 1080 1188 1149 ἀδελφοὺς
1210 1081 1433 1146 αὐτοὺς
1450 1079 1680 1143 καλεῖν,
1703 1079 1876 1146 λέγων
1893 1095 1905 1109 ο
1942 1079 2146 1146 Ἀπαγ-

567 1164 722 1237 γελῶ
765 1165 829 1218 τὸ
867 1162 1056 1232 ὄνομά
1089 1178 1204 1216 σου
1239 1163 1362 1228 τοῖς
1395 1161 1682 1231 ἀδελφοῖς
1709 1179 1850 1230 μου.
1895 1159 2004 1230 Τὴν
2038 1159 2146 1229 γὰρ

569 1250 747 1319 σάρκα
787 1248 1169 1319 ἐνδυσάμενος,
1217 1246 1504 1300 ἐνεδύσατο
1543 1245 1638 1298 καὶ
1675 1244 1774 1314 τὴν
1813 1241 2146 1312 ἀδελφότητα

561 1334 664 1386 καὶ
705 1331 1056 1402 συνεισῆλθεν
1110 1330 1246 1402 ὁμοῦ
1286 1332 1352 1399 τῇ
1399 1327 1563 1397 σαρκὶ
1615 1326 1710 1379 καὶ
1750 1327 1782 1395 ἡ
1824 1323 2143 1393 ἀδελφότης.

579 1414 741 1471 Ἀλλά
790 1415 950 1468 τοῦτο
992 1415 1090 1485 μὲν
1145 1413 1369 1475 εἰκότως
1409 1409 1683 1480 παράγει·
1737 1408 1798 1461 :6
1849 1407 1926 1475 66,
1998 1407 2146 1476 Ἐγὼ

550 1501 781 1570 ⁷ἔσομαι
819 1498 1114 1564 πεποιθὼς
1154 1497 1244 1549 ἐπ’
1283 1493 1477 1558 αὐτῷ,
1525 1493 1578 1546 τί
1620 1492 1906 1564 βούλεται;
1940 1491 2047 1544 Καὶ
2083 1491 2145 1543 :6

556 1583 710 1656 μετά
734 1581 905 1636 ταῦτα
934 1583 988 1636 δὲ
1015 1582 1238 1644 εἰκότως
1257 1596 1272 1610 ο
1321 1578 1475 1634 Ἰδοὺ
1505 1577 1620 1648 ἐγὼ
1655 1577 1755 1631 καί
1779 1577 1852 1630 τὰ
1878 1576 2084 1630 παιδία
2107 1575 2144 1630 ᾶ

563 1685 665 1737 μοι
709 1666 934 1720 ἔδωκεν
978 1667 1011 1719 ό
1058 1663 1220 1728 Θεός.
1265 1662 1478 1731 Ὠσπερ
1515 1663 1622 1731 γὰρ
1652 1659 1888 1714 ἐνταῦθα
1932 1659 2145 1728 πατέρα

564 1751 839 1804 δείκνυσιν
872 1747 1082 1811 ἐαυτὸν,
1118 1744 1290 1809 οὕτως
1317 1745 1436 1796 ἐκεῖ
1464 1743 1690 1810 ἀδελφόν
1713 1759 1727 1773 °
1775 1741 2139 1812 Ἀπαγγελῶ,

565 1834 735 1904 φησὶ,
766 1832 833 1886 τὸ
871 1829 1063 1898 ὄνομα
1095 1844 1212 1882 σου
1248 1827 1372 1894 τοῖς
1401 1825 1515 1899 [44]
1547 1826 1834 1896 ἀδελφοῖς
1855 1843 1975 1895 μου
1997 1842 2012 1856 ο
2048 1826 2143 1879 καὶ

566 1915 730 1970 πάλιν
752 1917 852 1987 τὴν
880 1911 1153 1983 ὑπεροχὴν
1177 1911 1442 1972 δείκνυσι,
1474 1911 1568 1963 καὶ
1591 1910 1726 1963 πολὺ
1752 1910 1814 1962 τὸ
1837 1909 2024 1980 μέσον,
2055 1908 2143 1962 διά

562 1999 672 2053 τῶν
707 1999 864 2068 ἐξῆςο
899 1995 1053 2049 Ἐπεὶ
1079 1989 1192 2048 οὖν
1221 1997 1291 2047 τὰ
1328 1992 1558 2057 παιδία,
1603 1994 1757 2063 φησὶ,
1783 1990 2142 2058 κεκοινώνη-

542 2099 672 2136 -κεν
694 2083 941 2149 αἵματος
971 2078 1070 2132 καί
1099 2077 1346 2144 σαρκός.

631 2164 694 2218 δ’.
735 2164 902 2234 Ὁρᾷς
931 2161 1058 2227 ποῦ,
1097 2161 1250 2231 φησί,
1290 2161 1351 2213 τὸ
1383 2161 1602 2231 ὃμοιον;
1641 2158 1780 2214 κατὰ
1811 2157 1908 2229 τὴν
1939 2157 2138 2230 σάρκα.

549 2247 1010 2317 ιιιαραπλησίως
1032 2245 1129 2298 καὶ
1153 2243 1338 2308 αὐτὸς
1360 2245 1618 2312 μετέσχε
1647 2242 1770 2296 τῶν
1796 2240 2016 2296 αὐτῶν.
2046 2242 2139 2294 Αἰ-

565 2329 948 2401 σχυνέσθωσαν
980 2328 1181 2388 πάντες
1213 2329 1260 2379 οί
1292 2328 1580 2398 αίρετικοὶ,
1616 2324 2141 2394 ἐγκαλυπτέσθωσαν

544 2416 614 2467 -οί
650 2414 870 2483 δοκήσει
917 2410 1169 2478 λέγοντες
1214 2409 1377 2461 αὐτὸν
1425 2407 1870 2479 παραγενέσθαι,
1912 2407 2006 2460 καὶ
2042 2406 2142 2459 οὐκ

563 2496 815 2567 ἀληθείᾳ.
840 2494 916 2547 Οὐ
947 2492 1056 2562 γὰρ
1081 2484 1256 2554 εἶπεν,
1291 2492 1371 2544 6::
1394 2490 1662 2559 Μετέσχε
1686 2491 1930 2554 τούτων,
1957 2488 2138 2559 μόνον,

563 2581 658 2634 καὶ
685 2581 911 2647 ἐσίγησε
936 2593 950 2607 °
983 2577 1163 2631 καίτοι
1202 2575 1298 2628 καὶ
1322 2576 1371 2627 εἰ
1403 2575 1577 2638 οὕτως
1603 2571 1781 2638 εἶπεν,
1819 2574 2003 2629 ἱκανὸν
2030 2569 2098 2644 ἦν
2123 2589 2138 2604 ο

563 2663 677 2718 ἀλλ’
727 2663 914 2732 ἔτερόν
943 2677 998 2713 τι
1043 2659 1226 2730 μεῖζον
1260 2658 1506 2727 ἐνέφηνε,
1552 2658 1636 2723 :6,
1676 2658 2137 2726 Παραπλησίως,

563 2746 842 2818 προσθείς.
875 2744 948 2796 Οὐ
984 2742 1256 2813 φαντασίᾳ
1282 2741 1402 2794 οὐδὲ
1425 2741 1612 2806 εἰκόνι,
1649 2742 1833 2812 φησὶν,
1859 2740 1972 2794 ἀλλ’
2007 2739 2138 2810 ἀλη-

563 2830 684 2900 θεία
710 2847 723 2861 ·
751 2828 876 2881 ἐπεὶ
901 2826 982 2890 :6,
1009 2825 1472 2894 Παραπλησίως,
1499 2825 1558 2876 οὐ
1594 2823 1846 2890 σώζεται.
1873 2820 2008 2879 Εἶτα
2035 2825 2140 2879 δεί-

563 2913 661 2977 ξας
698 2911 797 2980 τὴν
828 2907 1165 2978 ἀδελφότητα
1187 2950 1201 2972 ,
1229 2907 1324 2960 καὶ
1351 2908 1450 2978 τὴν
1481 2907 1656 2961 αἰτίαν
1677 2917 1701 2946 α
1722 2907 1905 2978 τίθησι
1928 2909 2028 2979 τῆς
2059 2909 2139 2960 0E-

550 2995 823 3065 ,κονομίας
839 3011 851 3023 ο
873 2989 1180 3055 ’Ὅπως-διὰ
1199 2991 1302 3044 τοῦ
1319 2990 1600 3055 θανάτου,
1618 2993 1770 3063 φησί,
1787 2990 2137 3061 καταργήσῃ

551 3079 668 3132 τὸν
691 3078 756 3130 τὸ
788 3073 1005 3143 κράτος
1029 3075 1248 3140 ἔχοντα
1272 3073 1376 3128 τοῦ
1402 3074 1681 3136 θανάτου,
1714 3074 2011 3139 τουτέστι,
2035 3077 2142 3128 τὸν

561 3159 863 3214 διάϐολον.
902 3156 1165 3209 Ἐνταῦθα
1196 3157 1253 3209 τέ
1291 3157 1604 3226 θαυμαστὸν
1634 3157 1926 3224 δείκνυσιν,
1958 3159 2040 3212 ὅτι
2071 3158 2138 3213 δι’

547 3235 622 3296 -οὐ
658 3243 960 3314 ἐκράτησεν
1007 3239 1034 3291 6
1071 3238 1353 3305 διάϐολος,
1397 3239 1484 3293 διὰ
1521 3239 1713 3292 τούτου
1761 3239 2005 3310 ἡττήθη,
2045 3243 2140 3296 καὶ

561 3328 698 3398 ὅπερ
731 3324 950 3394 ἰσχυρὸν
971 3319 1037 3394 ῆν
1062 3321 1210 3392 αὐτῷ
1242 3322 1403 3375 ὅπλον
1438 3323 1579 3375 κατά
1606 3324 1705 3394 τῆς
1735 3325 2083 3396 οἰκουμένης,
2111 3329 2140 3379 6

555 3408 827 3470 θάνατος,
879 3405 1055 3475 τούτῳ
1089 3405 1249 3458 αὐτὸν
1275 3404 1520 3477 ἔπληξεν
1564 3407 1592 3459 6
1635 3407 1870 3476 Χριστός
1894 3422 1909 3438 ’
1948 3409 2042 3460 καί.
2078 3409 2139 3461 :6

562 3491 696 3545 πολὺ
723 3493 820 3558 τῆς
847 3489 1129 3558 δυνάμεως
1165 3489 1256 3542 τοῦ
1295 3491 1615 3560 νικήσαντος
1657 3490 1931 3558 ἐμφαίνει.
1976 3491 2137 3563 Ὁρᾷς

560 3579 683 3631 ὅσον
718 3577 746 3628 6
788 3575 1012 3640 Θάνατος
1051 3575 1347 3647 εἰργάσατο
1389 3574 1585 3639 καλόν;
1625 3573 1737 3627 Καὶ
1783 3573 2134 3643 ἀπαλλάξῃ,

561 3659 716 3730 φησὶ,
744 3659 1015 3726 τούτους,
1042 3658 1174 3712 ὅσοι
1192 3659 1353 3728 φόϐῳ
1379 3656 1641 3711 θανάτου
1664 3655 1762 3710 διὰ
1783 3655 2012 3720 παντὸς
2032 3658 2136 3711 τοῦ

560 3741 667 3812 ζῇν
690 3741 893 3810 ἔνοχοι
934 3739 1098 3812 ἦσαν
1125 3740 1430 3805 δουλείας.
1458 3739 1616 3801 Τίνος
1645 3738 1834 3792 ἕνεκεν
1861 3739 2134 3809 φρίττετε,

561 3825 715 3897 φησι,
745 3826 795 3879 τί
817 3825 1091 3879 δεδοίκατε
1113 3825 1204 3878 τὸν
1231 3821 1649 3893 καταργηοέντα
1667 3840 1680 3888 ;
1699 3823 1884 3876 οὐκέτι
1907 3823 2136 3894 φοϐερός

558 3913 728 3974 ἐστιν,
742 3909 878 3962 ἀλλά
893 3909 1225 3978 πεπάτηται.
1247 3906 1754 3977 καταπεφρόνηται,
1776 3906 2001 3978 εὐτελής
2020 3908 2136 3962 ἐστι

559 3994 654 4048 καὶ
687 3992 899 4055 οὐδενὸς
924 3991 1092 4056 ἄξιος.
1118 3991 1185 4044 Τί
1212 3990 1268 4043 δέ
1299 3991 1472 4053 ἐστιν,
1500 3989 1662 4042 Ὅσοι
1692 3991 1854 4059 φόϐῳ
1876 3991 2136 4046 θανάτου

557 4076 654 4129 διὰ
673 4076 898 4141 παντὸς
916 4073 1021 4129 τοῦ
1037 4073 1144 4142 ζῇν
1157 4075 1361 4142 ἔνοχοι
1379 4067 1540 4140 ἦσαν
1557 4071 1866 4140 δουλειάς;
1883 4074 1935 4126 τί
1954 4074 2132 4139 τοῦτο,

560 4159 756 4228 φησίνς
788 4160 910 4214 Ὅτι
935 4161 962 4212 6
982 4158 1072 4212 :6v
1099 4157 1328 4212 θάνατον
1355 4154 1628 4220 δεδοικὼς,
1662 4156 1846 4222 δοῦλός
1864 4159 2004 4223 ἐστι,
2039 4159 2135 4212 καὶ

533 4244 737 4296 πάντα
771 4242 1062 4312 ὑφίσταται
1091 4242 1228 4312 ὑπὲρ
1267 4239 1360 4294 τοῦ
1401 4240 1475 4311 μὴ
1503 4240 1795 4295 ἀποθανεῖν
1815 4257 1828 4272 ·
1868 4241 1901 4312 ῆ
1929 4242 2131 4306 ἐκεῖνο,

556 4327 638 4380 ὅτι
670 4325 870 4389 πάντες
896 4325 1074 4379 δοῦλοι
1113 4321 1254 4395 ἦσαν
1291 4324 1386 4377 τοῦ
1430 4325 1686 4389 θανάτου,
1729 4325 1884 4395 φησὶ,
1917 4327 2011 4378 καὶ
2057 4325 2136 4396 τῷ

561 4407 782 4480 μηδέπω
825 4409 987 4461 αὐτὸν
1035 4406 1292 4460 λελύσθαι
1331 4406 1700 4477 ἐκρατοῦντο’
1758 4407 1814 4476 ἢ,
1860 4400 1886 4440 δ
1939 4405 2010 4478 [εί
2057 4408 2133 4479 μὴ

553 4491 758 4562 τοῦτο,]
782 4493 862 4544 ὃτι
892 4490 1042 4560 φόϐῳ
1074 4491 1311 4561 διηνεκεῖ
1345 4487 1581 4552 συνέζων
1605 4491 1652 4540 οἰ
1681 4487 1980 4557 ἄνθρωποι.
2022 4490 2135 4541 Ἀεὶ

555 4575 664 4647 γὰρ
696 4572 1158 4643 ἀποτεθνὴξεσθαι
1191 4569 1622 4642 προσδοκῶντες,
1655 4573 1750 4623 καὶ
1778 4571 1870 4623 τὸν
1904 4571 2134 4625 θάνατον

551 4659 872 4722 δεδοικότες,
892 4656 1150 4726 οὐδεμιᾶς
1172 4654 1363 4725 ἡδονῆς
1379 4652 1632 4720 αἴσθησιν
1650 4653 1831 4706 λαϐεῖν
1849 4653 2129 4724 ἠδύναντο,

552 4741 646 4795 τοῦ
675 4741 842 4810 φόϐου
864 4739 1051 4794 τούτου
1080 4738 1344 4807 παρόντος
1367 4737 1550 4795 αὐτοῖς
1567 4750 1580 4762 °
1607 4735 1763 4788 τοῦτο
1791 4737 1897 4807 γὰρ
1915 4737 2133 4807 ᾐνίξατο

553 4824 747 4878 εἰπών·
784 4824 886 4877 Διὰ
909 4821 1139 4888 παντὸς
1168 4820 1274 4873 τοῦ
1298 4818 1423 4886 ζῇν.
1447 4819 1728 4872 Δείκνυσιν
1750 4818 1982 4874 ἐνταῦθα
2004 4823 2131 4885 :06;

554 4904 924 4977 θλιϐομένους,
959 4907 1083 4967 τοὺς
1116 4901 1530 4972 ἐλαυνομένους,
1569 4903 1694 4964 τοὺς
1742 4901 2128 4971 διωκομένους,

549 4992 677 5056 τοὺς
701 4991 797 5044 καὶ
818 4989 1074 5060 πατρίδος
1100 4987 1190 5040 καί
1217 4987 1405 5048 οὐσίας
1427 4987 1519 5040 καὶ
1545 4985 1653 5040 τῶν
1675 4985 1848 5041 ἀλλων
1871 4988 2129 5042 ἁπάντων

551 5073 1078 5145 ἀποστερουμένους,
1092 5070 1241 5141 ἥδιον
1266 5069 1548 5137 διάγοντας
1568 5069 1662 5123 καὶ
1677 5069 2128 5142 ἐλευθεριώτερον

549 5157 775 5212 ἐκείνων
805 5156 912 5208 τῶν
951 5157 1009 5207 ἐν
1039 5155 1218 5223 τρυφῇ
1265 5153 1325 5205 :6
1383 5152 1542 5208 πάλαι
1590 5153 1992 5224 τυγχανόντων,
2016 5153 2127 5206 τῶν

552 5241 718 5310 μηδὲν
745 5237 1004 5292 τοιοίτων
1034 5235 1338 5298 παθόντων,
1370 5236 1478 5289 τῶν
1505 5235 1916 5307 εὐθηνουμένων
1936 5252 1951 5266 ο
1985 5237 2037 5288 εί
2062 5252 2126 5302 γε

549 5325 745 5376 ἐκείνοι
783 5320 883 5392 μὲν
913 5319 1000 5372 διὰ
1039 5319 1238 5383 παντὸς
1277 5319 1370 5372 τοῦ
1407 5317 1506 5390 ζῇν
1533 5320 1638 5374 ὑπὸ
1669 5321 1748 5390 τῷ
1779 5319 1930 5390 φόϐῳ
1951 5318 2127 5388 τούτῳ

609 5517 628 5542 ⁸
653 5520 890 5584 (ξοφιηβί.
915 5524 969 5567 et
999 5521 1180 5584 ᾕρεε,
1202 5522 1256 5569 06
1307 5523 1501 5579 δοκήσει
1549 5522 1671 5570 ἀλλά
1706 5521 1902 5584 ἀληθείᾳ
1941 5522 2123 5580 δεικνὺς

545 5579 631 5644 τὴν
661 5580 975 5644 ἀδελφότητα.
1002 5579 1131 5644 Εἶτα
1142 5585 1221 5631 καὶ
1243 5586 1329 5644 τὴν
1362 5585 1535 5632 αἰτίαν.

613 5640 657 5708 b_
672 5641 849 5708 γει-υτ,
873 5645 924 5708 εἰ
936 5645 998 5704 μὴ
1016 5643 1190 5708 τοῦτο,
1205 5640 1527 5708 ηυιελεδευηι-
1544 5644 1594 5693 ἱη
1616 5643 1771 5707 Regg.
1795 5649 1846 5694 et
1865 5643 2119 5708 Commel,

549 5703 740 5752 uncinis
764 5711 873 5765 post
899 5703 1132 5756 Szln'ilium
1159 5703 1460 5756 inélusimus.
1493 5705 1626 5755 Enn.

2253 405 2397 482 ἦσαν
2576 416 2670 490 καὶ
2693 415 2890 482 δοῦλοι,
2915 420 3067 472 αὐτοὶ
3103 419 3161 472 δὲ
3193 419 3386 474 τούτου
3416 422 3556 477 εἰσὶν
3584 422 3830 493 ἀπηλλα-

2248 510 2284 560 γ
2292 495 2464 563 μένοι,
2485 498 2577 550 καὶ
2597 495 2862 565 γελῶντες
2883 501 3061 564 τοῦτο,
3080 502 3216 573 ὅπερ
3239 504 3436 556 ἐκεῖνοι
3467 507 3825 574 πεφρίκασιν.

2253 575 2463 649 Ὥσπερ
2481 578 2590 650 γὰρ
2612 581 2663 634 εί
2679 598 2762 644 τις
2778 581 3066 654 δεσμώτην
3089 584 3354 654 μέλλοντα
3373 588 3472 658 τὴν
3493 590 3586 642 ἐπὶ
3602 589 3831 644 θάνατον

2251 659 2348 727 ἀγε
2360 660 2504 726 σθαι,
2543 662 2636 715 καὶ
2658 664 2746 716 ἀεὶ
2778 664 2936 718 τοῦτο
2959 667 3364 737 προσδοκῶντα,
3392 670 3634 726 λιπαίνοι
3658 672 3828 742 πολλῇ

2249 745 2315 812 τῇ
2335 747 2516 814 τρυφῇ
2539 760 2553 775 ο
2573 745 2815 798 τοιοῦτόν
2832 764 2883 799 τι
2903 743 2970 818 ἦν
2990 748 3050 800 :6
3067 748 3298 803 παλαιὸν
3320 753 3350 802 6
3371 752 3622 816 θάνατος.
3643 754 3757 807 Νῦν
3773 755 3830 808 δὲ

2249 825 2444 878 ταυτὸν
2479 826 2722 894 γέγονεν,
2743 822 2854 880 οἷον
2877 830 2943 883 ἂν
2965 831 3018 884 εί
3036 849 3121 894 τις
3146 833 3237 886 τὸν
3260 835 3423 902 φόϐον
3447 837 3652 890 ἐκεῖνον
3676 837 3836 891 ἐκϐα-

2251 905 2378 972 λὼν,
2418 911 2556 978 μετὰ
2595 913 2692 979 τῆς
2742 913 2956 982 τρυφῆς
3011 913 3194 968 ἀθλεῖν
3237 919 3560 987 προτρέποι,
3592 918 3686 971 καὶ
3739 917 3833 970 τὸν

2249 993 2438 1058 ἀγῶνα
2487 994 2786 1062 προτιθεὶς,
2831 997 3194 1065 ἐπαγγέλοιτο
3241 1000 3438 1070 μηκέτι
3469 1002 3549 1064 είς
3579 1000 3829 1063 θάνατον,

2249 1074 2363 1127 ἀλλ’
2395 1076 2474 1138 εἰς
2511 1076 2790 1146 βασιλείαν
2837 1079 3088 1148 ἀγαγεῖν.
3119 1081 3293 1134 Τίνων
3332 1078 3424 1136 οὖν
3456 1082 3732 1153 ἠθέλησας
3764 1086 3830 1136 σὺ

2249 1157 2524 1223 γενέσθαι,
2553 1160 2662 1212 τῶν
2691 1163 2748 1214 ὲν
2781 1161 2856 1230 τῷ
2877 1163 3236 1234 δεσμωτηρίῳ
3261 1162 3661 1234 λιπαινομένων
3693 1167 3831 1237 μετά

2248 1238 2343 1292 τοῦ
2385 1241 2508 1294 καθ’
2545 1243 2783 1314 ἐκάστην
2813 1245 3030 1315 ἡμέραν
3066 1245 3163 1318 τὴν
3190 1247 3468 1317 ἀπόφασιν
3499 1249 3827 1320 προσδοκᾷ-ι,

2248 1321 2280 1392 ἢ
2305 1324 2411 1376 τῶν
2437 1325 2748 1380 ἀθλούντων
2777 1328 2973 1393 πολλὰ,
2999 1333 3094 1382 καὶ
3125 1330 3428 1384 πονούντων
3454 1331 3654 1395 ἑκοντὶ,
3685 1331 3826 1384 ὥστε

2247 1407 2308 1458 :6
2337 1408 2576 1479 διάδημα
2614 1411 2714 1480 τῆς
2751 1411 3032 1481 βασιλείας
3065 1414 3475 1484 ἀναδήσασθαι;
3513 1414 3676 1486 Ὁρᾷς
3717 1414 3830 1477 πῶς

2245 1489 2430 1541 αὐτῶν
2475 1487 2576 1561 ἦρε
2621 1492 2722 1562 τὴν
2759 1493 2960 1565 ψυχὴν,
2992 1495 3087 1547 καὶ
3139 1493 3448 1565 μετεώρους
3497 1497 3828 1566 είργάσατο;

2247 1573 2497 1628 Δείκνυσι
2533 1575 2590 1628 δὲ
2625 1577 2686 1630 οὐ
2717 1578 2808 1630 τὸν
2832 1579 3063 1631 θάνατον
3095 1579 3256 1648 μόνον
3285 1579 3658 1648 πεπαυμένον,
3693 1578 3832 1633 ἀλλά

2244 1655 2334 1708 διὰ
2365 1655 2555 1711 τούτου
2588 1659 2840 1714 κάκεῖνον
2868 1661 2959 1714 τὸν
2995 1661 3260 1715 ἄσπονδον
3292 1662 3430 1732 πρὸς
3461 1663 3608 1732 ἡμᾶς
3631 1663 3717 1716 ἀεὶ
3737 1663 3832 1715 τὸν

2247 1740 2482 1811 πόλεμον
2503 1742 2920 1814 ἐπανῃρημένον
2943 1746 3038 1799 καὶ
3055 1745 3523 1816 ἐπιδεικνύμενον,
3545 1747 3638 1800 τὸν
3656 1746 3832 1804 διάϐο-

2247 1823 2336 1876 λον
2369 1823 2512 1892 λέγω
2535 1827 2956 1898 καταργηθέντα
2971 1845 2984 1858 ο
3007 1829 3036 1880 6
3056 1828 3166 1898 γὰρ
3189 1829 3418 1882 θάνατον
3451 1829 3526 1899 μὴ
3554 1828 3830 1891 δεδοικὼς,

2246 1905 2351 1971 ἔξω
2379 1907 2481 1976 τῆς
2515 1910 2831 1980 τυραννίδος
2859 1910 2976 1964 ἐστὶ
3006 1910 3103 1964 τοῦ
3127 1910 3404 1965 διαϐόλου.
3436 1913 3498 1966 Εἰ
3520 1914 3628 1984 γὰρ
3650 1911 3832 1982 δέρμα

2245 1990 2386 2063 ὑπὲρ
2418 1992 2708 2062 δέρματος,
2735 1994 2831 2047 καὶ
2858 1995 3036 2048 πάντα
3061 1993 3176 2063 δοίη
3200 1995 3276 2048 οάν
3307 2011 3393 2059 τις
3425 1995 3566 2066 ὑπὲρ
3594 1997 3694 2066 τῆς
3720 1995 3833 2064 ψυ-

2242 2077 2345 2146 χῆς
2367 2077 2562 2131 αὐτοῦ·
2599 2079 2729 2131 ὅταν
2765 2079 2858 2132 καὶ
2889 2078 3094 2148 ταύτης
3130 2080 3295 2151 κρίνῃ
3321 2097 3404 2142 τις
3439 2081 3828 2150 καταφρονεῖν.

2241 2160 2387 2222 τίνος
2431 2160 2584 2214 ἐσται
2613 2160 2797 2225 δοῦλος
2842 2161 3070 2226 λοιπόν;
3103 2162 3308 2215 Οὐδένα
3347 2161 3606 2228 δέδοικεν,
3636 2161 3832 2218 οὐδένα

2243 2243 2506 2314 φοϐεῖται,
2537 2246 2752 2298 πάντων
2779 2245 2926 2297 ἐστὶν
2946 2245 3235 2315 ἀνώτερος,
3260 2245 3354 2297 καί
3375 2244 3591 2298 πάντων
3612 2242 3832 2299 ἐλευθε-

2244 2324 2523 2399 ριώτερος.
2561 2327 2621 2380 '0
2646 2329 2752 2398 γὰρ
2775 2329 2873 2398 τῆς
2895 2327 3077 2397 ψυχῆς
3093 2330 3188 2398 τῆς
3212 2327 3408 2381 ἑαυτοῦ
3439 2329 3825 2401 καταφρονῶν,

2244 2410 2422 2480 πολλῷ
2455 2410 2655 2480 μᾶλλον
2713 2411 2824 2464 τῶν
2874 2411 3071 2466 ἀλλων.
3112 2412 3283 2465 Ὅταν
3339 2412 3396 2465 66
3447 2410 3586 2485 εὐρῃ
3642 2413 3826 2483 ψυχὴν

2241 2493 2504 2564 τοιαύτην
2536 2497 2565 2546 6
2590 2493 2859 2556 διάϐολος,
2887 2494 3039 2548 οὐδὲν
3070 2496 3412 2566 ἐργάσασθαι
3444 2497 3736 2568 δυνήσεται
3765 2500 3829 2549 ἐν

2242 2577 2379 2646 αὐτῇ
2403 2576 2512 2629 τῶν
2544 2575 2758 2629 ἑαυτοῦ.
2795 2576 2859 2628 Τί
2907 2578 3036 2648 γὰρ,
3071 2579 3194 2631 εἰπέ
3227 2596 3318 2648 μοι
3344 2621 3358 2643 ,
3390 2580 3688 2650 χρημάτων
3727 2580 3828 2649 ζη-

2245 2659 2377 2729 μίαν
2406 2659 2693 2729 ἀπειλήσει
2712 2659 2809 2712 καὶ
2847 2661 3071 2730 ἀτιμίαν
3095 2662 3188 2714 καὶ
3216 2663 3476 2734 πατρίδος
3507 2663 3821 2729 ἔκπτωσινς

2265 2742 2427 2796 ’Δλλά
2454 2743 2628 2796 ταῦτα
2669 2741 2842 2812 μικρά
2874 2742 2952 2812 τῷ
2977 2742 3112 2812 μηδέ
3139 2744 3234 2815 τὴν
3259 2744 3436 2815 ψυχὴν
3457 2745 3645 2814 τιμίαν
3672 2746 3828 2799 τιθε-

2245 2830 2410 2897 μένῳ,
2449 2827 2592 2880 κατά
2633 2828 2724 2880 τὸν
2766 2827 3037 2898 μακάριον
3087 2828 3319 2882 Παῦλον.
3376 2829 3541 2900 Ὁρᾷς
3594 2830 3677 2882 6::
3726 2829 3825 2884 :06

2241 2909 2472 2963 θανάτου
2507 2907 2604 2978 τὴν
2641 2909 2934 2979 τυραννίδα
2987 2909 3254 2975 ἐκϐαλὼν,
3293 2911 3672 2979 συγκατέλυσε
3726 2914 3827 2966 καὶ

2240 2991 2333 3046 τοῦ
2381 2991 2629 3046 διαϐόλου
2679 2992 2776 3062 τὴν
2829 2991 3012 3062 ἰσχύν;
3071 2995 3100 3045 6
3141 2994 3250 3061 γὰρ
3308 2991 3438 3060 περὶ
3478 2993 3827 3057 ἀναστάσεως

2243 3074 2412 3145 μυρία
2445 3075 2756 3143 φιλοσοφεῖν
2786 3075 2973 3139 εἰδὼς,
3008 3075 3125 3138 πῶς
3153 3076 3356 3129 δέδοικε
3387 3076 3651 3142 θάνατον;
3706 3075 3826 3139 πῶς

2240 3157 2450 3227 φρίττει
2477 3157 2663 3210 λοιπόν
2679 3176 2692 3223 ;
2711 3158 2802 3229 Μὴ
2821 3157 3003 3211 τοίνυν
3021 3159 3316 3228 ἀσχάλλετε
3345 3158 3620 3226 λέγοντες,
3652 3157 3748 3212 Διά
3769 3159 3825 3211 τί

2237 3240 2308 3292 τά
2336 3241 2429 3294 καὶ
2453 3241 2521 3293 :6
2547 3240 2926 3311 πεπόνθαμεν;
2959 3240 3101 3294 οὕτω
3125 3241 3234 3312 γὰρ
3261 3241 3618 3313 λαμπροτέρα
3638 3244 3672 3312 ἡ
3695 3243 3823 3312 νίκη

2239 3324 2472 3392 γίνεται”
2505 3324 2606 3376 οὐκ
2638 3323 2704 3378 ἂν
2726 3325 2783 3377 δὲ
2811 3322 2880 3394 ἦν
2907 3325 3157 3396 λαμπρὰ,
3190 3326 3237 3376 εἰ
3270 3325 3344 3394 μὴ
3373 3323 3586 3395 θανάτῳ
3611 3325 3702 3377 τὸν
3727 3325 3824 3376 θάσ-

2238 3423 2397 3462 νατον
2452 3406 2630 3460 ἔλυσε.
2691 3407 2764 3459 T6
2813 3407 2869 3460 δὲ
2929 3406 3242 3476 θαυμαστὸν
3292 3405 3449 3459 τοῦτό
3498 3409 3679 3473 ἐστιν,
3738 3409 3823 3460 6::

2233 3492 2304 3544 δι’
2331 3492 2512 3545 αὐτῶν
2542 3491 2704 3544 αὐτὸν
2735 3491 2954 3561 ἐνίκησε
2976 3533 2990 3557 ,
3044 3491 3112 3543 δι’
3135 3483 3210 3543 ὧν
3241 3490 3428 3560 ίσχυσε
3451 3532 3465 3555 ,
3500 3490 3563 3544 τὸ
3589 3491 3820 3561 εὔπορον

2237 3573 2405 3627 αὐτοῦ
2459 3574 2742 3645 πανταχοῦ
2794 3576 2888 3628 καὶ
2939 3576 3246 3645 εὐμήχανον
3299 3574 3535 3637 δεικνύς.
3615 3575 3706 3647 Μὴ
3755 3575 3819 3646 δὴ

2241 3655 2531 3726 προδῶμεν
2574 3658 2674 3726 τὴν
2713 3657 2958 3713 δοθεῖσαν
2988 3659 3118 3727 ἡμῖν
3145 3657 3376 3729 δωρεάν.
3431 3660 3514 3711 Οὐ
3536 3657 3646 3726 γὰρ
3675 3657 3817 3711 ἐλά-

2240 3741 2452 3806 ϐομεν,
2502 3739 2674 3807 φησὶ,
2729 3739 2964 3808 πνεῦμα
3009 3740 3322 3805 δειλίαςε,
3372 3740 3533 3794 ἀλλὰ
3584 3739 3819 3808 πνεῦμα

2241 3822 2546 3890 δυνάμεως
2579 3821 2676 3874 καὶ
2702 3822 2939 3891 ἀγάπης
2972 3823 3071 3876 καί
3099 3822 3545 3891 σωφρονισμοῦ.
3597 3821 3818 3894 Στῶμεν

2240 3902 2332 3960 οὖν
2359 3905 2620 3971 γενναίως
2648 3905 3056 3974 καταγελῶντες
3084 3905 3177 3958 τοῦ
3209 3905 3465 3960 θανάτου.

2312 4065 2423 4139 [46]
2453 4073 2512 4120 ε’.
2534 4066 2694 4122 Ἀλλά
2712 4066 2820 4139 γὰρ
2839 4067 3038 4137 ἐπῆλθέ
3074 4085 3165 4137 μοι
3187 4067 3437 4132 στενάξαι
3467 4069 3685 4138 πικρὸν,
3709 4068 3814 4121 ποῦ

2242 4150 2340 4220 μὲν
2366 4151 2394 4202 6
2431 4150 2662 4220 Χριστὸς
2709 4152 2856 4221 ἡμᾶς
2898 4151 3174 4222 ἀνήγαγε,
3229 4150 3330 4204 ποῦ
3367 4151 3424 4204 δὲ
3467 4152 3694 4213 ἐαυτούς
3719 4168 3820 4203 κα-

2238 4231 2574 4304 τηγάγομεν.
2599 4233 2770 4288 ’Ὁταν
2802 4233 2909 4304 γὰρ
2934 4233 3028 4287 ῐδω
3055 4235 3183 4298 τοὺς
3213 4235 3480 4298 κοπετοὺς
3516 4235 3642 4295 :06;
3675 4234 3817 4288 κατά

2237 4318 2336 4386 τὴν
2362 4317 2589 4388 ἀγορὰν,
2626 4317 2725 4376 τὰς
2756 4318 3026 4388 οἰμωγὰς,
3060 4317 3124 4380 ἀς
3157 4317 3250 4370 ἐπὶ
3287 4320 3400 4381 τοῖς
3436 4317 3818 4391 ἐξερχομένοις

2237 4399 2516 4454 ποιοῦνται
2550 4401 2644 4454 τοῦ
2681 4401 2820 4471 βίου,
2854 4403 2952 4465 :6;
2984 4400 3264 4468 δλολυγάς,
3299 4400 3398 4464 τὰς
3429 4398 3821 4476 ἀσχημοσύνας

2235 4486 2334 4545 τάς
2381 4483 2550 4548 ἄλλας
2575 4525 2589 4550 ,
2650 4483 2977 4537 πιστεύσατε
3001 4526 3016 4549 ,
3065 4481 3397 4556 αἰσχύνομαι
3429 4489 3524 4541 καὶ
3552 4487 3819 4557 Ἕλληνας

2236 4567 2331 4620 καὶ
2367 4566 2651 4629 Ἰουδαίους
2678 4568 2772 4620 καὶ
2799 4566 3112 4636 αἰρετικοῦς
3139 4570 3264 4632 τοὺς
3285 4569 3550 4639 ὁρῶντας,
3570 4571 3666 4624 καὶ
3688 4570 3820 4622 πάν-

2233 4666 2332 4714 τας
2393 4649 2581 4713 ἀπλῶς
2632 4651 2759 4713 τοὺς
2813 4648 2904 4701 διά
2947 4650 3109 4704 τοῦτο
3159 4652 3578 4720 καταγελῶντας
3623 4652 3815 4723 ἡμῶν⁸

2232 4736 2334 4788 ὅσα
2364 4735 2474 4806 γὰρ
2508 4734 2572 4786 ἀν
2603 4734 2741 4786 εἴπω
2769 4732 2977 4798 λοιπὸν,
3007 4736 3129 4806 εἰκῇ
3161 4735 3270 4804 ἐρῶ
3303 4737 3432 4805 περὶ
3463 4736 3818 4798 ἀναστάσεως

2234 4818 2562 4888 φιλοσοφῶν.
2622 4815 2687 4868 Τί
2740 4815 2984 4888 δῆποτε;
3048 4818 3171 4872 Ὀτι
3227 4819 3288 4872 οὐ
3337 4822 3450 4880 τοῖς
3496 4818 3815 4889 λεγομένοις

2233 4902 2362 4973 παρ’
2395 4900 2530 4970 ἐμοῦ
2563 4902 2926 4972 προσέχουσιν
2950 4901 3245 4972 Ἕλληνες,
3282 4901 3418 4956 ἀλλά
3449 4904 3561 4966 τοῖς
3590 4901 3812 4970 γινομέ-

2233 5001 2346 5046 νοις
2384 4983 2688 5056 παρ’ὐμῶν
2714 4999 2728 5013 ·
2791 4984 2997 5048 εὐθέως
3026 4984 3136 5054 γὰρ
3169 4984 3398 5056 ἐροῦσι·
3436 4985 3572 5037 Πότε
3604 4985 3812 5038 τούτων

2230 5082 2314 5129 τις
2348 5067 2762 5137 καταφρονῆσαι
2797 5067 3030 5121 θανάτου
3061 5067 3391 5136 δυνήσεται,
3458 5069 3591 5139 μηδὲ
3625 5068 3810 5138 ἕτερον

2228 5149 2503 5204 τεθνεῶτα
2553 5150 2852 5221 δυνάμενος
2898 5151 3064 5218 ίδεῖν;
3127 5151 3282 5204 Καλά
3313 5152 3378 5204 :6
3409 5151 3673 5223 εἰρημένα
3703 5151 3810 5204 ὐπὸ

2227 5233 2321 5286 τοῦ
2353 5232 2592 5298 Παύλου,
2647 5234 2808 5300 καλά,
2856 5234 2952 5287 καί
2981 5233 3088 5286 τῶν
3119 5234 3362 5304 οὐρανῶν
3392 5233 3538 5300 ἀξια,
3587 5232 3682 5286 καὶ
3711 5235 3806 5300 τῆς

2226 5315 2320 5368 τοῦ
2347 5316 2479 5370 Θεοῦ
2511 5316 2942 5386 φιλανθρωπῑαςο
2973 5317 3027 5370 τί
3055 5317 3165 5387 γάρ
3196 5334 3361 5388 φησι;
3391 5317 3501 5371 Καὶ
3529 5315 3804 5370 ἀπαλλά-

2225 5399 2316 5463 ξει
2367 5400 2658 5466 τούτους,
2719 5400 2851 5452 ὅσοι
2902 5401 3065 5468 φόϐῳ
3115 5400 3374 5455 θανάτου
3432 5402 3530 5455 διὰ
3578 5399 3805 5464 παντὸς

2225 5481 2330 5536 τοῦ
2375 5479 2482 5550 ζῇν
2519 5482 2723 5550 ἔνοχοι
2768 5479 2932 5552 ἦσαν
2974 5484 3276 5550 δουλείας.
3327 5483 3469 5536 ’Λλλ’
3492 5483 3592 5535 οὐκ
3617 5481 3803 5551 ἀφίετε

2288 5659 2311 5687 °
2341 5656 2488 5723 Μθπε-
2518 5657 2896 5723 εδνίιοντενεῦμα
2936 5660 3532 5723 ὁουλείας,ςοιιεεηιίεηιθ
3561 5658 3795 5719 Mutinae,

2225 5717 2324 5767 imo
2348 5725 2407 5768 el.
2431 5717 2538 5782 ipso
2562 5717 2702 5770 textu
2728 5717 2883 5772 Pauii.
