2104 3229
174 175 210 207 ιι

178 231 225 259 Η.
241 229 298 263 Qui
306 228 376 258 enim
394 227 555 263 sanctiﬁcat,
571 231 598 254 ει
609 227 653 263 qui
664 227 866 262 sanctiﬁcatum,
896 235 928 255 ea:
940 236 991 254 tino

179 285 281 306 om.
297 275 411 312 Propter
423 283 505 310 quam
526 282 631 302 causam
648 282 699 302 non
713 274 882 311 confunditur
898 277 991 310 fratres

178 331 224 351 eos
242 329 347 350 some.
372 320 445 349 Ecce
470 327 569 348 rursus
592 319 729 356 quomodo
744 327 792 347 eos
813 320 938 347 conciliat
960 328 992 348 ac

180 367 327 404 ωιιὶιιιικίι
340 371 370 396 et
390 365 533 395 honoratis
555 369 583 393 et
606 365 754 393 consolans
773 370 801 393 et
824 373 872 394 eos
892 366 994 394 faciens

185 415 284 444 fratres
295 413 414 448 Christi,
428 420 464 441 ex
476 419 512 441 eo
526 411 600 447 quod
613 412 669 440 sint
683 420 716 440 ex
732 419 796 440 uno.
814 412 917 440 Deinde
932 420 994 440 rur-

185 467 235 490 sus
246 467 309 489 τω
324 458 529 492 eotnmuniens,
548 462 577 486 et
591 458 739 486 ostendens
757 466 788 486 se
803 458 893 486 dicere
908 458 942 487 de
962 467 995 486 eo

185 506 258 543 quod
280 509 327 535 est
351 503 504 534 secundum
526 511 649 536 carnem,
671 504 835 539 subiunxit:
858 504 907 538 Qui
929 505 996 533 enim

186 553 350 588 κύριοι,
360 556 389 580 ει
397 552 443 587 qui
455 550 662 585 sonetiﬁcantur.
676 549 760 577 Vides
770 555 898 585 quantum
912 551 997 578 inter-

187 598 246 634 sit!
260 598 309 628 ille
323 597 437 634 quidem
452 595 617 630 Sanctificat,
637 603 687 623 nos
700 602 766 623 vero
787 595 997 624 sanetiticamur.

188 644 226 674 ει
247 643 380 681 superius
403 650 467 672 em
491 642 561 670 dixit
583 646 724 670 auctorem
748 641 854 669 salutis.
872 641 945 670 Unus
962 646 999 670 est

187 692 259 721 ai-
272 689 359 724 υκαι,
373 697 408 717 es
423 696 474 725 quo
490 687 587 716 omnia.
603 686 716 722 Propter
735 695 813 723 quam
825 695 929 715 causam
950 697 1000 716 non

188 738 320 768 "iacit
337 745 384 767 eos
406 743 498 764 mare
519 737 624 772 fratres.
647 734 728 762 Vides
745 734 883 769 quomodo
906 742 1001 763 rursus

189 783 323 815 ostendet
336 780 550 812 excellentiam?
563 780 659 808 Dicere
680 779 765 812 enim,
786 779 846 807 Non
861 781 1001 815 erubescit,

190 829 318 861 eamdi
339 833 427 857 totum
450 834 513 856 esse
537 833 592 854 non
616 825 655 854 rei
679 830 794 857 naturae,
810 825 858 853 scd
874 826 933 861 ejus
957 827 1002 862 qui

197 885 255 907 non
280 874 421 906 enthescit
445 871 644 903 benevolentia:
666 876 695 900 et
717 872 810 900 multa:
833 872 1002 901 humilitatis.

191 924 262 953 Nam
284 921 395 952 etiamsi
415 921 503 948 simus
518 926 551 947 ex
566 925 632 950 uno,
649 918 694 946 ille
713 918 823 953 quidem
842 919 1003 953 sanctiﬁcat,

198 969 363 995 nitentem
386 965 599 994 sanetifieamur.
624 965 738 993 Multum
765 966 887 994 interest.
910 967 942 994 Et
967 967 1012 995 ille

199 1012 316 1050 quidem
339 1020 376 1042 ex
394 1012 488 1045 Patre,
516 1017 652 1048 tamquam
672 1020 753 1041 verus
773 1018 799 1040 et
822 1013 946 1048 proprius
964 1013 1011 1041 Fi-

198 1059 267 1094 lius.
280 1057 336 1088 hoc
349 1063 404 1094 est,
422 1065 456 1087 ex
470 1058 531 1094 ejus
546 1061 662 1087 essentia
675 1067 683 1092 ;
704 1066 754 1087 nos
769 1064 858 1087 autem
875 1064 1010 1095 tamquam

196 1109 342 1140 enatura,
356 1105 410 1133 hoc
424 1109 478 1138 est.
495 1112 528 1133 ex
545 1104 642 1133 nihilo.
654 1105 766 1133 Multum
783 1105 872 1140 itaque
885 1106 1009 1133 interest.

197 1151 388 1188 Quamobrem
402 1151 481 1185 dicit,
495 1150 559 1179 Non
572 1151 694 1179 erubescit
715 1152 784 1188 ipsos
798 1160 888 1179 vocare
903 1152 1008 1188 fratres,

197 1198 298 1226 dicens
312 1206 322 1226 :
345 1197 391 1226 Β.
415 1196 553 1225 Nuntiabo
576 1205 668 1224 nomen
691 1202 763 1224 tuum
786 1198 910 1233 fratribus
936 1198 1008 1225 mct's.

199 1244 274 1273 Nam
289 1250 375 1272 carne
393 1243 517 1278 indutus,
553 1243 639 1271 induit
659 1244 741 1272 etiam
752 1243 959 1277 fraternitatem,
982 1249 1009 1272 et

197 1289 286 1321 simul
300 1289 385 1318 etiam
400 1289 525 1325 ingressa
539 1293 581 1317 est
595 1296 657 1317 eum
671 1297 754 1317 carne
768 1288 933 1317 fraternitas.
955 1289 1008 1318 Sed

199 1335 255 1365 hoc
275 1334 389 1372 quidem
405 1335 507 1363 merito
526 1334 636 1362 adducit
650 1344 658 1363 :
673 1334 740 1363 illud
762 1339 870 1367 autent,
885 1336 929 1363 t3.
953 1335 1008 1371 Ego

199 1392 248 1412 ero
265 1383 401 1419 conﬁdens
421 1384 449 1410 in
463 1391 532 1414 eum,
548 1382 611 1418 quid
634 1382 685 1410 sibi
705 1382 781 1410 vult?
793 1382 860 1410 Nam
888 1387 916 1410 ct
937 1383 1008 1418 quod

198 1430 296 1463 pstea
321 1425 432 1461 quidem
447 1425 584 1461 sequitur,
605 1427 702 1453 merito
719 1435 725 1453 :
740 1425 808 1453 Ecce
831 1434 876 1461 ego
895 1430 918 1453 ct
934 1427 1007 1461 pueri

196 1480 263 1508 quos
278 1471 344 1499 mihi
355 1471 428 1499 dedit
445 1470 526 1498 Deus.
543 1470 619 1498 Sicut
634 1470 707 1498 enim
723 1470 767 1498 ltic
781 1471 901 1506 seipsum
915 1478 1007 1500 osten-

197 1517 239 1547 dit
253 1517 376 1552 Patrem,
392 1517 430 1545 ita
442 1516 501 1545 illic
519 1516 630 1544 fratrem
647 1525 654 1544 :
668 1515 846 1550 Anmmtt‘abo,
860 1518 945 1551 enim,
960 1518 1007 1545 in-

195 1564 268 1600 quit,
285 1571 379 1592 notum
404 1567 477 1590 tuum
489 1561 613 1598 fratribus
627 1562 699 1590 meis.
715 1562 749 1590 Et
769 1570 864 1590 rursus
886 1564 1006 1592 ostendit

197 1609 316 1639 multant
330 1609 536 1642 excellentiam,
550 1612 579 1636 et
598 1608 669 1643 quod
689 1608 801 1636 multum
822 1609 943 1643 intersit,
958 1618 1007 1645 per

194 1660 229 1686 ω
241 1663 307 1693 tunc
317 1655 449 1691 deinceps
463 1659 614 1690 sequuntur
624 1663 631 1682 :
641 1655 685 1682 H.
699 1654 766 1689 Quia
779 1663 840 1691 ergo
852 1656 925 1690 pueri
937 1664 1006 1684 com-

195 1703 394 1731 municaverunt
407 1701 482 1730 carni
496 1705 521 1729 et
534 1701 667 1738 sanguini.

231 1749 264 1778 4.
286 1747 372 1777 Vides
397 1747 444 1776 ubi
469 1747 506 1776 sit
530 1746 700 1775 similitudo?
727 1755 825 1783 nempe
854 1749 1003 1777 secundum

195 1802 324 1824 cantent.
338 1793 373 1822 Ει
397 1794 454 1830 ipse
467 1793 587 1822 similiter
600 1794 763 1830 participnvit
776 1795 882 1824 eisdem.
900 1796 1004 1825 Erube-

192 1843 276 1871 seant
289 1847 387 1869 omnes
395 1839 529 1874 hteretici,
545 1848 601 1876 pne
616 1840 718 1876 pudore
732 1848 762 1869 se
777 1842 945 1871 abscondant
958 1844 1003 1879 qui

191 1889 293 1918 dicunt
306 1895 370 1918 eum
390 1887 535 1916 advenisse
549 1895 599 1924 per
611 1888 730 1923 speciem
746 1888 796 1925 (α),
814 1897 867 1917 non
889 1890 946 1925 ipsa
963 1892 1003 1919 rei

190 1935 323 1964 veritate.
344 1933 406 1963 Non
420 1934 511 1962 solum
529 1934 602 1962 enim
623 1934 703 1968 dixit,
723 1935 774 1962 llis
787 1936 960 1971 participavil,
976 1943 1004 1966 et

190 1981 300 2015 tacuit;
320 1988 501 2018 quamquam,
516 1981 622 2008 etiantsi
638 1981 678 2009 sic
692 1981 817 2016 dixisset,
834 1983 899 2010 satis
914 1988 1002 2018 esset;

194 2029 249 2059 sed
272 2027 376 2064 aliquid
398 2027 471 2055 aliud
493 2026 581 2062 majus
605 2028 704 2062 posuit,
731 2035 838 2063 nempe,
864 2029 1000 2059 Similiter.

197 2075 261 2104 Non
286 2081 338 2111 per
358 2073 477 2109 spuiem
493 2077 521 2100 et
534 2072 690 2108 imaginem,
705 2072 802 2108 inquit,
818 2073 866 2101 sed
889 2076 1004 2103 veritate

194 2121 351 2160 ostettdclts
364 2127 425 2149 esse
437 2119 633 2148 fraternitatem
647 2128 654 2146 :
667 2119 787 2155 alioquin
804 2120 882 2155 illud,
898 2121 1000 2149 Simili-

198 2175 252 2204 ter,
270 2175 328 2197 non
339 2172 434 2197 staret.
450 2167 552 2196 Deinde
566 2166 643 2195 affert
662 2167 742 2195 etiam
760 2174 869 2195 causam
890 2167 1001 2202 dispen-

187 2214 308 2244 sationis
322 2223 331 2243 :
346 2212 383 2244 Ut
395 2221 445 2250 per
462 2218 575 2242 mortem
588 2213 728 2241 destrueret
749 2221 817 2246 eum,
837 2213 880 2249 qui
894 2213 1002 2240 habebat

186 2261 286 2290 mortis
314 2260 469 2297 imperium,
495 2260 544 2287 hoc
568 2264 615 2294 est,
639 2259 780 2286 diabolum.
808 2259 858 2287 Hic
881 2259 1000 2287 ostendit

186 2307 265 2341 quod
290 2311 336 2336 est
347 2306 484 2338 mirabile.
498 2313 596 2342 nempe
610 2305 681 2342 quod
696 2313 744 2341 per
758 2313 837 2341 quam
857 2305 919 2333 vicit
936 2305 996 2332 dia-

186 2353 284 2387 bolus,
304 2359 357 2389 per
376 2360 438 2381 eam
461 2352 549 2380 victus
572 2352 632 2386 fuit,
654 2355 681 2380 et
694 2359 753 2387 qua:
776 2356 854 2379 erant
881 2351 906 2379 ei
924 2358 999 2378 arma

187 2398 283 2428 ηιεα-
301 2398 435 2427 adversus
450 2399 545 2428 orbem
559 2403 650 2431 teme,
666 2406 765 2434 nempe
779 2406 863 2431 mors,
881 2406 929 2434 per
943 2406 1002 2425 eam

187 2445 273 2474 illum
281 2443 408 2473 Christus
420 2444 493 2473 feriit
503 2444 591 2480 :qnod
604 2444 664 2480 ejus
677 2444 722 2480 qui
733 2444 795 2472 vicit
805 2451 928 2480 magnam
940 2443 1004 2471 indi-

187 2496 237 2520 ωι
253 2490 418 2527 potentiam.
442 2490 526 2519 Vides
540 2495 671 2526 quantum
687 2490 788 2519 bonum
803 2498 876 2518 mors
891 2489 1003 2517 fecerit!

188 2537 238 2567 15.
259 2536 296 2565 Et
309 2536 430 2565 liberaret
440 2538 498 2571 Eos,
510 2536 553 2573 qui
563 2536 654 2564 timore
668 2536 757 2563 mortis
771 2544 817 2572 per
832 2540 911 2563 totum
927 2536 1004 2562 vitam

187 2582 302 2612 obtrudi
323 2587 398 2612 emo
412 2582 542 2611 servituti.
553 2581 619 2616 Cur,
634 2582 731 2618 inquit,
747 2581 885 2609 horretis?
898 2581 960 2617 quid
971 2581 1004 2608 ti-

187 2626 275 2656 metis
282 2632 356 2660 eam,
369 2633 430 2662 quae
438 2625 586 2654 estabolita
597 2625 731 2661 planeque
740 2629 767 2653 et
776 2624 864 2652 inanis
872 2629 898 2652 ct
905 2624 1004 2652 otiosa?

187 2672 440 2709 Nonestamplius
460 2671 601 2705 terribilis,
629 2672 676 2700 sed
697 2677 739 2699 est
757 2672 925 2704 conculcata,
941 2679 1006 2699 con-

188 2724 310 2756 tempta,
324 2718 389 2747 vilis
402 2723 430 2747 et
439 2717 554 2754 abjecta,
567 2722 595 2746 et
612 2718 690 2754 plane
706 2718 806 2746 nullius
823 2718 912 2754 pretii.
937 2717 1005 2752 Quid

186 2771 232 2796 cst
239 2770 349 2800 autem,
358 2764 414 2794 Eos
423 2765 468 2802 qui
478 2765 568 2792 timore
576 2765 665 2792 mortis
679 2769 812 2800 perlatam
821 2765 1005 2792 ritamabnoxii

185 2818 266 2842 erant
276 2812 411 2841 servituti!
423 2811 488 2849 quid
501 2813 552 2840 hoc
566 2811 622 2840 est?
636 2811 714 2846 Quod
730 2811 774 2848 qui
790 2816 904 2840 mortem
920 2811 1005 2845 timet,

233 2940 275 2972 ω
289 2939 331 2966 De
342 2937 388 2964 hac
399 2935 492 2963 haeresi
504 2937 585 2961 aettuu
599 2936 637 2959 est
649 2933 672 2959 in
683 2933 838 2960 Prtc'atioae.

638 176 671 204 IN
691 175 799 204 El’tS'l'.
823 175 873 203 AD‘
889 172 1070 201 ltEBRJEOS.
1092 171 1169 200 CAP.
1182 170 1215 197 li.
1236 170 1400 199 llOMILJV.

1814 166 1855 193 η

1043 234 1084 258 est
1099 237 1203 262 servus,
1219 233 1246 255 ct
1263 228 1376 255 sustinet
1390 225 1480 253 omnia
1498 232 1530 252 tte
1550 224 1681 251 moriatur
1698 232 1703 250 ;
1720 227 1766 250 aut
1780 223 1842 249 illud

1044 274 1115 310 quod
1135 281 1229 301 omnes
1243 277 1320 300 erant
1340 270 1410 299 servi
1425 270 1530 304 mortis,
1547 274 1574 297 et
1589 268 1661 304 quod
1678 276 1709 296 ea
1724 267 1842 295 nondum

1045 325 1117 348 esset
1131 320 1241 353 abolita,
1258 319 1315 354 ejus
1328 317 1468 345 dominatu
1479 316 1656 343 tenebantur:
1671 318 1727 347 aut,
1738 313 1808 349 quod
1818 314 1844 341 in

1047 372 1175 402 perpetuo
1190 370 1265 394 metu
1281 364 1402 392 viverent
1416 363 1550 395 homines,
1567 368 1676 397 semper
1689 362 1846 395 exspectan-

1047 418 1088 441 tcs
1103 420 1131 440 se
1146 412 1302 443 morituros,
1314 413 1466 438 etmortem
1480 407 1667 439 formidantes,
1686 406 1784 434 nullius
1798 413 1847 433 vo-

1048 460 1156 495 luptatis
1166 466 1275 486 sensum
1288 456 1550 493 poterantaccipere,
1560 462 1621 482 cum
1636 454 1680 481 ltic
1694 453 1848 488 sempr-reis

1049 507 1156 535 adesset
1166 511 1253 533 tnelus
1268 514 1274 531 :
1290 504 1417 532 hocenim
1432 502 1623 535 subindicavit,
1636 500 1797 534 diccns,Per
1807 505 1848 527 to-

1050 559 1102 580 tam
1117 553 1201 580 vitam.
1212 552 1262 579 Hie
1272 550 1390 579 ostendit
1405 558 1452 577 eos
1463 549 1507 585 qui
1520 548 1685 583 affliguntur,
1700 547 1850 582 quicxpcl-

1051 599 1199 635 Iuntur,qni
1212 597 1440 634 privanturpalria
1449 600 1475 623 et
1483 595 1595 623 fortunis
1607 594 1700 623 etaliis
1715 593 1850 622 otnnibns.

1049 646 1194 683 jucundius
1204 654 1235 673 ac
1246 645 1356 673 liberius
1365 644 1557 679 degere,quam
1566 641 1635 676 iiqui
1645 641 1708 668 olim
1721 640 1852 676 degebant

1054 695 1081 721 in
1097 692 1219 726 deliciis,
1235 699 1314 727 quam
1332 691 1348 718 ii
1364 690 1461 725 quibus
1476 688 1542 716 nihil
1554 687 1690 715 acciderat
1702 686 1833 722 ejusmodi
1844 708 1852 719 ,

1053 746 1133 773 qnam
1150 737 1246 772 quibus
1261 740 1338 764 erant
1357 743 1401 763 res
1423 733 1550 763 secundat
1566 742 1572 760 :
1589 732 1721 768 siquidem
1738 732 1776 759 illi
1792 733 1854 767 qui-

1054 784 1116 811 tlcnt
1142 791 1190 818 per
1209 787 1291 810 totam
1309 782 1391 809 vitam
1414 785 1491 808 erant
1512 779 1575 807 huic
1599 778 1683 806 metui
1699 777 1807 805 obnoxii
1828 784 1855 804 ct

1054 830 1137 862 servi;
1151 830 1200 865 ipsi
1212 834 1301 857 autem
1315 832 1377 856 sunt
1390 828 1425 856 ab
1438 835 1471 856 eo
1484 827 1602 859 liberati,
1616 831 1644 855 et
1656 826 1768 854 irrident
1782 826 1862 860 quod‘

1055 876 1092 904 illi
1108 875 1279 903 horruerant.
1298 875 1369 903 ldem
1393 875 1465 902 enim
1481 882 1551 901 nunc
1562 878 1619 905 est;
1642 877 1671 899 nt
1685 872 1706 899 si
1722 870 1856 907 quispiatu

1054 929 1115 949 cum
1143 921 1188 956 qui
1207 921 1311 948 vinctus
1330 919 1469 948 ducendus
1491 923 1533 946 est
1552 918 1586 946 ad
1613 922 1739 951 mortem,
1754 922 1782 944 et
1805 916 1857 944 hoc.

1054 975 1163 1002 semper
1190 971 1340 1001 exspectat,
1367 966 1457 993 multis
1478 964 1627 1000 impinguet
1648 963 1754 992 deliciis
1774 972 1780 990 :
1803 963 1857 990 talo

1055 1014 1192 1049 quidpiam
1213 1021 1286 1040 mors
1307 1017 1365 1040 erat
1389 1012 1464 1039 olitn.
1486 1011 1562 1039 Nunc
1583 1015 1673 1038 autent
1692 1014 1722 1038 ut
1736 1010 1758 1037 si
1779 1010 1855 1045 quis,

1056 1065 1128 1088 mettt
1150 1059 1197 1087 illo
1222 1059 1319 1095 ejecto,
1335 1066 1396 1087 cttm
1424 1058 1529 1086 deliciis
1551 1056 1691 1084 denuntiet
1712 1063 1774 1083 esse
1797 1062 1856 1082 cer-

1056 1107 1177 1140 tandum,
1202 1111 1229 1134 et
1250 1110 1383 1141 proponat
1404 1109 1552 1136 certamen,
1567 1107 1597 1130 ιιι
1610 1111 1663 1130 non
1683 1102 1799 1137 amplius
1821 1101 1858 1128 ad

1056 1159 1191 1185 mortem,
1219 1152 1268 1180 sed
1294 1152 1327 1179 ad
1345 1158 1457 1186 regnum
1477 1149 1602 1183 adducat,
1630 1156 1664 1176 ex
1693 1148 1855 1183 quibusnam

1055 1209 1115 1229 csse
1137 1199 1273 1228 volueris?
1288 1206 1319 1226 ex
1344 1198 1412 1225 iisne
1433 1197 1479 1232 qui
1501 1199 1527 1224 in
1552 1203 1661 1223 carcere
1685 1195 1855 1230 intpingttatt-

1057 1254 1108 1280 tur,
1126 1248 1229 1275 interea
1248 1245 1367 1281 quotidie
1385 1243 1573 1280 proferendam
1595 1246 1784 1277 exspectantes
1795 1248 1859 1268 sen-

1057 1295 1237 1323 tcntiatnzan
1264 1300 1299 1320 ex
1324 1292 1356 1319 iis
1375 1291 1419 1326 qui
1447 1290 1559 1318 multum
1588 1289 1739 1321 deocrtant,
1761 1291 1788 1315 et
1815 1288 1857 1314 lu-

1059 1342 1155 1370 hcntes
1170 1340 1295 1367 laborant
1320 1342 1349 1365 ttt
1371 1338 1424 1364 sint
1447 1335 1563 1363 reditniti
1586 1335 1660 1370 regni
1685 1334 1858 1361 diademate?

1059 1388 1139 1416 Vides
1159 1385 1296 1422 quomodo
1317 1391 1412 1412 eorum
1434 1384 1521 1411 erexit
1536 1383 1666 1414 animum,
1683 1389 1784 1416 eosque
1800 1388 1859 1408 sus-

1058 1442 1155 1470 pensos
1170 1432 1254 1461 tenuit
1267 1437 1294 1460 et
1306 1430 1451 1458 excitavit?
1464 1429 1589 1457 Ostendit
1602 1433 1692 1456 autem
1706 1436 1759 1455 non
1773 1427 1857 1454 solam

1056 1488 1179 1509 cessasse
1194 1483 1322 1511 mortem,
1339 1476 1385 1505 sed
1404 1484 1451 1512 per
1465 1483 1525 1504 eam
1541 1475 1615 1503 illttm
1630 1482 1737 1510 quoque
1751 1481 1796 1509 qut
1812 1473 1859 1500 ad-

1057 1534 1164 1555 versum
1190 1533 1240 1553 nos
1264 1531 1373 1559 semper
1393 1523 1490 1550 bellum
1511 1522 1581 1557 gerit
1602 1520 1782 1555 implacabile,
1798 1520 1858 1547 dia-

1057 1574 1159 1605 bolum,
1175 1572 1295 1607 inquam,
1309 1578 1369 1598 che
1385 1570 1535 1597 fractumct
1550 1572 1725 1603 prostratum.
1736 1566 1801 1594 Nam
1814 1567 1859 1601 qui

1058 1624 1173 1648 mortem
1188 1626 1242 1645 non
1259 1618 1345 1650 timet,
1363 1620 1405 1645 est
1421 1620 1499 1644 extra
1516 1614 1616 1642 diaboli
1632 1613 1813 1649 tyrannidem.
1830 1612 1859 1641 Si

1057 1667 1129 1695 enitn
1155 1665 1252 1701 pellem
1279 1672 1327 1699 pro
1354 1663 1435 1698 pelle,
1457 1666 1484 1690 et
1509 1662 1599 1689 omnia
1624 1660 1700 1688 dabit
1725 1660 1786 1694 quis
1811 1667 1861 1694 pro

1058 1715 1147 1741 anima
1170 1720 1217 1741 sua
1236 1711 1295 1749 (Job
1316 1712 1343 1737 2.
1371 1710 1398 1745 4)
1414 1718 1421 1736 :
1436 1708 1544 1745 quando
1566 1708 1647 1736 etiam
1671 1707 1755 1743 ipsam
1778 1713 1861 1733 ausus

1058 1760 1138 1788 fuerit
1155 1759 1306 1793 despicere,
1323 1757 1465 1791 cujusuam
1484 1755 1539 1789 jam
1554 1754 1605 1781 crit
1619 1753 1734 1782 servus?
1753 1752 1859 1780 Nullum

1059 1807 1146 1839 timet,
1170 1805 1273 1833 nullum
1299 1803 1450 1831 formidat:
1470 1806 1513 1830 est
1535 1800 1661 1828 omnibus
1683 1800 1816 1835 superior,
1833 1804 1862 1827 et

1059 1852 1185 1881 omnibtts
1209 1850 1297 1886 magis
1312 1849 1391 1876 liber.
1407 1849 1457 1882 Qui
1479 1847 1550 1875 enim
1574 1847 1691 1874 animam
1713 1853 1790 1873 suam
1813 1845 1863 1872 de-

1059 1899 1149 1935 spicit,
1168 1896 1354 1931 multomagis
1375 1895 1437 1922 alia.
1454 1893 1568 1928 Quando
1591 1897 1683 1920 autem
1708 1892 1788 1919 talem
1804 1891 1862 1919 ani-

1059 1952 1130 1972 mam
1146 1943 1279 1971 invenerit
1292 1941 1425 1971 diabolus.
1442 1939 1509 1967 nihil
1523 1947 1555 1967 ex
1571 1939 1604 1966 iis
1617 1946 1678 1974 qua:
1691 1946 1739 1966 sua
1753 1942 1818 1965 sunt
1833 1939 1870 1965 in~

1059 1998 1089 2018 ca
1108 1989 1207 2026 poterit
1222 1988 1342 2016 efﬁcere.
1357 1986 1426 2021 Quid
1440 1986 1523 2018 enim,
1541 1985 1700 2029 pecuniaeut:
1716 1983 1869 2011 minabitur-

1060 2038 1265 2069 detrimentum,
1283 2039 1311 2062 et
1324 2034 1460 2062 infantiam
1475 2039 1503 2062 et
1517 2032 1642 2061 exsilium
1658 2039 1673 2058 a
1687 2030 1792 2066 patriai
1805 2030 1860 2058 Sed

1060 2084 1117 2111 haec
1139 2090 1220 2118 parva
1234 2086 1297 2109 sunt
1317 2080 1388 2116 apud
1401 2088 1474 2112 eum,
1488 2080 1533 2115 qui
1555 2086 1590 2107 ne
1609 2079 1727 2106 animam
1750 2076 1860 2112 quidem

1059 2138 1135 2158 suam
1159 2130 1240 2157 habet
1259 2128 1416 2164 pretiosam,
1434 2131 1462 2154 ut
1481 2126 1519 2154 ait
1539 2126 1632 2153 beatus
1649 2124 1759 2153 Paulus.
1776 2123 1874 2151 Vides.

1059 2177 1131 2214 quod
1148 2176 1241 2205 mortis
1255 2175 1365 2211 expulsa
1381 2173 1533 2211 tyrannide,
1549 2172 1629 2201 simul
1643 2171 1725 2200 ctiam
1749 2170 1860 2200 confre-

1059 2225 1097 2258 git
1112 2224 1181 2251 virus
1198 2222 1316 2250 diaboli?
1331 2221 1397 2250 Nam
1411 2221 1456 2257 qtti
1473 2221 1507 2248 tle
1523 2220 1723 2248 resurrectione
1737 2218 1793 2246 scit-
1805 2218 1863 2253 plu.

1056 2271 1153 2298 rimum
1172 2269 1370 2306 philosophari,
1384 2268 1522 2305 quomodo
1538 2268 1632 2295 timeat
1647 2271 1774 2297 mortem,
1790 2273 1858 2300 quo-

1053 2316 1135 2344 modo
1148 2316 1258 2344 horreat
1268 2315 1302 2343 de
1315 2315 1428 2343 cancro?
1439 2314 1478 2342 Ne
1489 2322 1555 2349 ergo
1568 2312 1676 2341 tristitia
1688 2311 1856 2342 afliciamini,

1053 2362 1176 2390 dicentes
1190 2370 1197 2389 :
1212 2361 1265 2389 Cur
1280 2361 1338 2389 hace
1353 2366 1379 2389 et
1396 2361 1439 2388 illa
1461 2360 1532 2395 passi
1548 2359 1660 2387 sumus?
1679 2358 1718 2385 sic
1737 2357 1817 2385 enim
1829 2356 1859 2383 fit

1054 2408 1156 2435 clarior
1177 2407 1306 2439 victoria;
1323 2414 1372 2434 nec
1391 2406 1486 2434 fuisset
1506 2406 1590 2438 clara,
1607 2404 1656 2432 nisi
1673 2408 1760 2431 morte
1782 2409 1857 2430 mor-

1055 2458 1108 2480 tcm
1125 2453 1261 2480 solvisset.
1284 2453 1342 2480 lluc
1362 2457 1405 2481 est
1424 2456 1515 2480 autem
1538 2450 1708 2481 admirabile.
1722 2448 1794 2484 quod
1810 2455 1864 2483 per.

1054 2507 1085 2527 ea
1101 2500 1190 2535 ipsum
1205 2500 1301 2527 vicerit
1317 2507 1365 2534 per
1380 2507 1439 2534 qua:
1454 2503 1511 2527 erat
1533 2498 1611 2525 fortis
1632 2501 1659 2525 et
1674 2501 1782 2531 pett-ns,
1797 2494 1857 2521 ubi-

1054 2553 1106 2581 que
1126 2545 1277 2573 ostendcns
1301 2549 1401 2581 quanta
1420 2545 1471 2572 sibi
1493 2547 1617 2578 suppetat
1633 2542 1759 2573 facultas,
1777 2544 1805 2568 et
1824 2540 1858 2567 ad

1055 2598 1098 2618 res
1121 2591 1254 2626 gerendas
1278 2591 1399 2619 solertia.
1426 2589 1466 2617 No
1490 2588 1636 2624 prodamus
1661 2587 1762 2615 donum
1786 2586 1858 2621 quod

1055 2638 1133 2665 nobis
1148 2637 1198 2664 fuit
1214 2637 1305 2664 datum
1321 2646 1327 2664 :
1344 2636 1405 2664 Non
1418 2636 1484 2663 enim
1498 2635 1653 2670 accepimus,
1669 2633 1766 2669 inquit,
1782 2632 1859 2669 spiri-

1056 2691 1109 2712 tum
1123 2684 1231 2716 timoris,
1247 2684 1292 2711 sed
1306 2683 1423 2718 spiritum
1438 2682 1537 2710 uirtutis
1551 2687 1574 2709 et
1590 2682 1704 2709 caritatis
1723 2685 1746 2707 et
1773 2679 1861 2706 made"

1055 2730 1207 2765 stite(Rom.
1222 2730 1249 2757 8.
1264 2730 1306 2758 t5.
1323 2729 1382 2756 εοιι.
1392 2729 1419 2756 2.
1438 2729 1504 2756 Tim.
1519 2729 1545 2757 t.
1561 2729 1598 2764 7).
1611 2727 1721 2756 Stemus
1734 2733 1799 2762 ergo
1811 2725 1866 2753 for-

1057 2778 1120 2804 titer
1136 2782 1251 2803 mortem
1263 2775 1418 2803 irridentes.

1092 2823 1119 2850 5.
1136 2821 1273 2856 Ertequiaa
1284 2820 1432 2848 Graecorum
1448 2828 1518 2848 more
1534 2826 1593 2847 tunc
1607 2819 1634 2846 in
1653 2827 1700 2846 usu
1714 2819 1862 2854 vituperan-

1058 2875 1109 2896 tur.
1120 2884 1154 2888 ——
1163 2868 1215 2896 Sed
1229 2868 1294 2896 mihi
1310 2869 1382 2897 venit
1394 2868 1420 2895 in
1431 2872 1549 2896 mentem
1560 2866 1658 2895 acerbe
1671 2865 1857 2902 ingemiscere,

1058 2915 1208 2952 reputando
1221 2923 1337 2952 quonam
1355 2915 1480 2944 Christus
1501 2922 1550 2943 ηοξ
1570 2912 1722 2945 adduxerit.
1746 2916 1774 2940 et
1793 2919 1860 2946 qua;
