4208 6460
501 308 570 361 45
1249 319 1307 377 S.
1349 320 1628 378 JOANNIS
1663 320 2136 377 CIIRYSOSTOMI
2181 324 2497 380 ARCHIEP.
2539 327 3072 389 CONSTANTINOP.
3731 346 3802 403 Η

513 434 637 475 nam
670 434 767 476 nos
796 419 1197 477 demisertmus.
1225 420 1357 476 Nam
1387 421 1605 492 quando
1650 419 1807 475 video
1853 421 1943 492 qui
1977 420 2109 476 ﬁunt

512 512 564 567 iu
601 512 722 569 foro
753 513 1019 583 planctus,
1049 523 1103 569 et
1131 513 1362 584 ejulatus
1394 523 1612 583 propter
1631 528 1663 569 e
1689 514 1823 568 vivis
1842 513 2109 569 exceden-

514 614 614 671 tcs,
648 605 986 676 ululatusque
1015 615 1072 662 et
1121 604 1533 661 lamentationes
1563 615 1617 661 et
1659 606 1763 661 alia
1812 622 1934 677 qua:
1974 606 2108 661 ﬁunt

511 697 772 754 indecore
805 716 817 752 :
851 698 1078 766 credite,
1108 713 1195 753 me
1245 697 1409 766 pudet
1437 696 1768 766 Graecorum,
1800 698 2108 755 Iudaeorum

512 798 567 841 et
598 788 974 845 hmreticorum
1005 788 1095 859 qui
1120 788 1323 857 vident,
1346 800 1402 846 et
1426 804 1525 846 nos
1548 801 1829 861 propterea
1858 790 2106 846 irrident.

513 878 647 934 Nam
678 880 938 951 quidquid
966 880 1034 937 de
1058 890 1263 937 extero
1303 881 1515 947 dixero,
1547 881 1741 938 frustra
1785 883 1959 939 dicam
1993 883 2110 955 phi-

516 970 809 1039 losophans
819 969 886 1025 de
905 972 1322 1028 resurrectione.
1347 972 1561 1042 Quare?
1577 973 1841 1040 Quoniam
1861 989 1967 1030 non
1988 990 2109 1045 qua:

512 1078 545 1117 a
573 1079 661 1119 me
689 1062 940 1120 dicuntur
983 1064 1272 1121 attendunt
1295 1064 1470 1122 Grznci
1500 1108 1515 1133 ,
1567 1065 1662 1121 sed
1714 1082 1835 1137 qua:
1886 1083 1914 1121 a
1956 1067 2110 1123 vobis

514 1155 696 1211 ﬁunt:
727 1157 908 1212 statim
953 1157 1099 1213 enim
1146 1156 1376 1212 dicent:
1418 1156 1644 1224 Quando
1683 1158 1881 1228 poterit
1920 1173 1987 1213 ex
2027 1157 2110 1212 his

513 1249 797 1320 quisquam
827 1256 1058 1305 mortem
1088 1247 1394 1319 despicere,
1440 1249 1530 1319 qui
1561 1264 1630 1304 ne
1674 1257 1853 1319 potest
1891 1248 2107 1319 quidem

512 1340 677 1395 alium
700 1341 887 1397 videre
912 1340 1225 1396 mortuum?
1255 1339 1484 1395 Pulchra
1513 1349 1638 1396 sunt
1666 1355 1786 1411 qua:
1815 1339 1956 1396 dicta
1984 1350 2110 1397 sunt

513 1447 545 1487 a
584 1431 773 1498 Paulo,
826 1441 883 1489 et
919 1433 1077 1504 digna
1134 1432 1281 1488 czelis
1319 1431 1524 1502 Deique
1564 1431 1893 1502 benignitate
1925 1449 1939 1486 :
1982 1431 2107 1502 quid

496 1500 660 1579 ~enim
681 1523 846 1579 dicit?
870 1523 934 1578 Et
961 1500 1191 1579 liberabit
1215 1539 1300 1578 eos
1327 1523 1416 1595 qui
1435 1500 1623 1578 timore
1650 1500 1826 1578 mortis
1847 1540 1938 1595 per
1954 1500 2111 1580 totam

514 1617 671 1672 vitam
698 1616 903 1671 obnoxii
932 1627 1078 1671 erant
1106 1617 1352 1671 servituti.
1385 1614 1492 1671 Sed
1519 1631 1624 1671 non
1652 1615 1828 1671 sinitis
1867 1631 1969 1673 nos
1995 1617 2112 1674 hanc

513 1709 758 1780 credere,
792 1725 888 1783 per
920 1710 1036 1783 ipsa
1061 1710 1199 1768 facta
1240 1708 1515 1767 vobiscum
1547 1719 1844 1782 pugnantes
1875 1726 1888 1765 :
1920 1725 2109 1785 quam-

514 1821 675 1874 quam
710 1804 850 1859 Deus
886 1803 1144 1860 adversus
1174 1802 1278 1859 hoc
1320 1804 1485 1858 multa
1514 1802 1725 1860 dederit
1753 1806 2107 1878 munimenta,

521 1900 580 1946 ut
606 1891 746 1950 hanc
780 1908 1003 1964 pravam
1050 1897 1269 1953 tolleret
1321 1898 1785 1956 consuetudinem.
1836 1900 1993 1968 Nam,
2021 1901 2111 1957 die

518 1983 674 2051 mihi,
723 1986 851 2055 quid
889 1988 991 2043 sibi
1032 1989 1219 2046 volunt
1257 1990 1418 2047 clarae
1463 1991 1774 2063 lampades?
1800 2009 1981 2050 annon
2016 2009 2113 2051 eos

516 2086 791 2146 tamquam
832 2079 1062 2136 athletas
1089 2080 1445 2139 deducimus?
1482 2084 1610 2155 quid
1650 2096 1832 2141 autem
1873 2085 2111 2157 hymni?

514 2183 696 2224 annon
722 2169 886 2226 Deum
906 2171 1269 2243 gloriﬁcamus
1289 2183 1343 2231 et
1358 2176 1557 2247 gratias
1576 2177 1803 2249 agimus,
1821 2177 1965 2249 quod
1981 2191 2110 2234 eum

514 2260 607 2331 qui
637 2263 873 2318 excessit
905 2264 1016 2334 ,ᾔτηη
1047 2268 1408 2335 coronaverit,
1437 2268 1582 2340 quod
1610 2284 1642 2324 a
1671 2270 1945 2326 laboribus
1970 2270 2107 2327 libe-

515 2354 735 2420 raverit,
764 2355 906 2427 quod
944 2356 1119 2426 eiecto
1145 2368 1290 2413 metu
1326 2374 1449 2414 eum
1476 2359 1619 2429 apud
1646 2375 1707 2416 se
1742 2360 1973 2417 habeat?
1999 2377 2107 2418 non

515 2443 640 2499 ideo
680 2454 806 2500 sunt
852 2446 1080 2518 hymni?
1108 2463 1214 2504 non
1242 2450 1364 2506 ideo
1388 2450 1738 2522 psalmodite?
1770 2453 1898 2509 Ηωε
1923 2454 2102 2511 omnia

511 2546 637 2591 sunt
665 2537 961 2595 laetantium
996 2539 1130 2595 :Est
1156 2542 1288 2596 enim
1315 2543 1587 2615 quispiam,
1621 2544 1815 2615 inquit,
1843 2545 1962 2601 laeto
1988 2547 2104 2602 ani-

511 2627 632 2682 mo?
670 2628 860 2696 psattat
909 2629 929 2702 (
954 2628 1074 2685 Jac.
1114 2631 1171 2687 5.
1215 2630 1342 2705 15).
1387 2631 1494 2689 Sed
1538 2635 1636 2689 hos
1665 2646 1793 2691 non'
1820 2637 2104 2694 attendunt

510 2718 707 2775 Crmci.
739 2719 817 2774 Ne
863 2720 992 2776 mihi
1023 2721 1167 2777 enim
1187 2763 1202 2789 ,
1234 2722 1442 2794 inquit,
1469 2724 1671 2782 dixeris
1707 2741 1862 2795 eum,
1913 2729 2005 2800 qui
2033 2728 2102 2785 ab

508 2811 674 2865 animi
702 2822 846 2868 metu
874 2824 1115 2869 remotus
1164 2815 1600 2887 philosophatur;
1644 2817 1747 2874 hoc
1778 2819 1923 2875 enim
1963 2820 2098 2877 nihil

507 2912 593 2959 est
615 2919 868 2976 magnum
896 2921 997 2962 nec
1024 2906 1343 2964 admirabile
1368 2926 1383 2976 ;
1430 2910 1654 2967 ostende
1700 2911 1831 2967 mihi
1859 2927 1981 2968 eum
2006 2915 2096 2984 qui

505 2995 560 3051 in
587 2996 776 3053 dolore
801 2997 920 3068 ipso
949 2997 1386 3069 philosophetur,
1428 3010 1483 3057 et
1511 3012 1636 3058 tunc
1673 3003 1889 3060 credam
1912 3019 2096 3061 resur-

503 3088 757 3143 rectioni.
790 3082 860 3145 Et
882 3090 1025 3160 quod
1057 3091 1159 3146 hoc
1197 3090 1396 3148 faciant
1421 3093 1637 3165 quidem
1690 3097 1946 3154 mulieres
1974 3113 2095 3169 qure

503 3181 558 3236 in
588 3181 745 3251 hujus
775 3182 898 3239 vitae
920 3184 1066 3239 euris
1087 3195 1387 3255 versantur,
1418 3203 1523 3243 non
1551 3196 1635 3244 est
1660 3189 1876 3257 mirum,
1906 3206 2096 3261 quam-

501 3289 661 3344 quam
688 3275 792 3330 hec
816 3291 1030 3347 quoque
1068 3277 1140 3332 sit
1169 3271 1368 3333 malum
1409 3288 1464 3335 et
1500 3296 1663 3350 grave
1691 3298 1705 3336 :
1729 3297 1854 3337 nam
1906 3282 1976 3339 ab
2029 3282 2093 3339 iis

500 3382 716 3438 quoque
763 3368 951 3424 eadem
1005 3369 1236 3441 exigitur
1287 3371 1624 3444 phi1050phia
1681 3392 1697 3429 :
1741 3376 2091 3446 quamobrem

501 3461 699 3516 Paulus
729 3476 944 3532 quoque
967 3461 1096 3518 dicit
1129 3479 1143 3517 :
1175 3462 1255 3518 De
1278 3464 1644 3521 dormientibus
1664 3477 1835 3521 autern
1862 3469 1980 3523 nolo
2005 3485 2091 3526 vos

496 3556 752 3624 ignorare,
784 3555 990 3623 fratres,
1018 3564 1074 3609 ut
1120 3572 1223 3611 non
1264 3559 1649 3627 contristemini,
1679 3560 1809 3614 sicut
1844 3571 1893 3615 et
1921 3562 2093 3616 caueri

495 3646 583 3717 qui
608 3661 747 3716 spem
768 3662 871 3700 non
895 3646 1078 3702 habent
1099 3648 1119 3720 (
1141 3649 1189 3703 1.
1226 3648 1402 3705 Thess.
1424 3650 1478 3706 4.
1509 3650 1578 3707 12
1600 3652 1642 3722 ).
1661 3650 1778 3705 Non
1806 3650 1923 3708 haec
1949 3653 2089 3708 scri-

493 3737 658 3794 bebat
687 3740 987 3809 monachis,
1035 3757 1137 3798 nec
1177 3742 1242 3799 iis
1267 3759 1388 3814 qua:
1424 3759 1640 3815 semper
1669 3755 1794 3800 sunt
1822 3747 2085 3818 virgines,

495 3828 593 3884 sed
612 3830 679 3885 iis
707 3832 869 3886 etiam
898 3847 1017 3902 qua:
1056 3842 1338 3889 versantur
1364 3834 1419 3889 in
1442 3835 1663 3900 mundo,
1693 3852 1813 3907 quae
1838 3837 2089 3895 dicuntur

493 3919 802 3976 saeculares.
835 3920 941 3977 Sed
980 3936 1089 3978 non
1129 3931 1209 3980 est
1253 3923 1358 3979 hoc
1382 3924 1518 3981 adeo
1556 3925 1753 3981 malum
1779 3937 1833 3983 et
1873 3943 2034 4000 grave
2067 3948 2081 3985 :

490 4013 708 4084 quando
731 4021 912 4071 autem
942 4016 1027 4070 vel
1060 4016 1254 4073 mulier
1272 4016 1472 4089 aliqua,
1498 4018 1584 4075 vel
1608 4019 1689 4074 vir
1711 4022 1975 4093 quispiam
2003 4023 2087 4079 di-

490 4119 619 4160 cens
639 4120 698 4162 se
717 4120 840 4162 esse
860 4106 1059 4163 mundo
1082 4107 1421 4177 cruciﬁxum,
1456 4109 1543 4166 hic
1568 4110 1785 4181 quidem
1814 4113 1964 4170 vellit
1992 4129 2085 4170 ca-

489 4197 670 4266 pillos,
699 4198 789 4253 illa
815 4213 948 4255 vero
975 4199 1131 4257 valde
1152 4200 1318 4271 eiulat
1340 4219 1363 4258 ε.
1388 4202 1514 4274 quid
1542 4213 1628 4260 est
1666 4204 1771 4261 hoc
1798 4207 2004 4276 turpius
2029 4215 2086 4263 et

488 4291 663 4360 magis
705 4290 1059 4347 indecorum?
1097 4291 1319 4349 Credite
1359 4294 1492 4350 mihi
1531 4295 1774 4353 dicenti:
1805 4307 2083 4368 oporteret

486 4397 580 4437 ens
606 4379 696 4451 qui
719 4390 844 4437 sunt
866 4380 1193 4453 hujusmodi,
1221 4382 1382 4454 longo
1409 4393 1655 4454 tempore
1679 4387 1849 4442 arceri
1876 4402 1906 4441 a
1937 4389 2081 4443 limi-

485 4473 640 4529 nibus
666 4473 935 4529 ecclesia).
974 4473 1073 4542 Qui
1102 4473 1246 4530 enim
1284 4483 1411 4530 sunt
1446 4474 1591 4547 digni
1644 4485 1705 4532 ut
1757 4478 1829 4532 ita
1860 4478 2083 4549 lugean-

484 4574 591 4629 tur,
625 4563 662 4618 ii
688 4571 815 4618 sunt
839 4563 932 4634 qui
958 4572 1187 4620 mortem
1213 4563 1390 4621 adhuc
1417 4564 1609 4621 timent
1633 4575 1687 4622 et
1713 4566 1954 4634 horrent,
1985 4570 2078 4640 qui

479 4670 587 4709 non
612 4655 840 4711 credunt
862 4655 1267 4713 resurrectioni.
1290 4656 1360 4712 At
1383 4672 1488 4713 non
1514 4672 1657 4720 sum.
1685 4659 1877 4731 inquit,
1910 4677 2012 4733 ego
2032 4663 2081 4719 is

478 4749 567 4817 qui
599 4764 704 4804 non
732 4748 949 4805 credam
978 4749 1384 4819 resurrectioni,
1416 4750 1510 4806 sed
1539 4752 1755 4821 requiro
1783 4765 2076 4812 consuetu.

478 4840 685 4898 dinem.
708 4840 820 4897 Cur
848 4857 999 4910 vero,
1032 4843 1121 4899 dic
1142 4843 1294 4911 mihi,
1316 4844 1533 4915 quando
1560 4846 1710 4901 vadis
1737 4862 1962 4919 peregre
1981 4890 1996 4917 ,
2020 4860 2078 4908 et

479 4931 695 5003 longam
722 4935 951 5006 suscipis
993 4934 1500 5007 peregrinationem,
1531 4951 1640 4993 non
1683 4938 1873 4996 eadem
1902 4939 2074 4997 facis?

476 5025 583 5080 Sed
614 5034 740 5083 tunc
767 5043 982 5099 quoque
1007 5028 1130 5096 ilco,
1165 5028 1363 5100 inquit,
1385 5039 1439 5086 et
1470 5031 1737 5088 lamentor
1767 5036 2067 5106 requirens.

477 5116 586 5174 Sed
614 5118 743 5174 illud
766 5119 989 5190 quidem
1001 5135 1191 5176 revera
1210 5131 1293 5176 cst
1314 5135 1512 5178 eorum
1525 5125 1614 5196 qui
1638 5129 1922 5197 requirunt
1936 5148 2069 5191 cou-

467 5213 841 5281 suetudinem;
883 5213 987 5271 hoe
1036 5224 1216 5272 autem
1256 5223 1341 5272 est
1383 5217 1500 5288 ejus
1537 5234 1658 5291 qua:
1708 5223 1958 5292 desperat
1993 5222 2062 5280 de

467 5302 666 5360 reditu.
697 5304 882 5376 Cogita
915 5306 1041 5376 quid
1072 5307 1270 5377 psallas
1305 5309 1395 5365 illo
1419 5318 1664 5383 tempore
1694 5330 1707 5367 :
1738 5311 2057 5383 Convertere,

467 5395 662 5467 inquit,
680 5398 854 5452 anima
874 5413 1008 5466 mea,
1033 5398 1088 5453 in
1113 5402 1335 5471 requiem
1352 5411 1515 5471 tuam,
1541 5405 1660 5475 quia
1688 5402 1939 5461 Dominus
1971 5408 2058 5461 bc-

468 5487 653 5558 nefecit
684 5490 810 5554 tibi;
847 5498 902 5546 et
927 5506 1134 5561 rursus,
1169 5492 1290 5549 Non
1335 5495 1518 5551 timebo
1544 5497 1705 5565 mala,
1735 5499 1977 5569 quoniam
2004 5507 2059 5553 tu

468 5596 664 5636 mecum
691 5599 742 5637 es
758 5599 779 5649 ,'
808 5592 861 5640 et
895 5599 1112 5653 rursus,
1140 5587 1220 5643 Tu
1248 5605 1299 5645 es
1332 5590 1457 5643 mihi
1502 5589 1758 5663 refugium
1786 5607 1825 5646 ιι
1846 5590 2062 5646 tribula-

471 5671 607 5725 tione
659 5690 774 5744 qua:
812 5692 892 5730 nte
944 5678 1226 5735 circumdat
1279 5679 1464 5753 (Psal.
1516 5682 1647 5759 (114.
1680 5682 1734 5736 7.
1779 5692 1826 5737 et
1877 5681 1973 5738 22.
2002 5682 2057 5736 4.

471 5769 516 5812 ct
544 5762 629 5820 3i.
662 5762 750 5837 9).
781 5768 964 5841 Cogita
988 5771 1115 5846 quid
1136 5772 1238 5832 sibi
1265 5773 1450 5831 volunt
1490 5773 1542 5829 hi
1575 5773 1785 5845 psalmi.
1817 5773 1931 5831 Sed.
1955 5788 2059 5831 non

420 6110 511 6247 ’ἃ

2217 422 2468 488 attendis,
2529 440 2714 483 verum
2744 443 2804 485 es
2830 445 2860 485 a
2907 431 3053 489 luctu
3084 433 3287 492 ebrius.
3330 436 3429 496 Vel
3475 440 3529 496 in
3577 440 3805 500 aliorum

2216 516 2487 585 exsequiis
2527 518 2813 590 diligenter
2841 526 3126 582 considera
3150 570 3166 595 ,
3211 539 3270 585 ut
3325 531 3377 586 in
3424 534 3526 589 tuis
3564 533 3807 592 invenias

2218 605 2690 666 medicamentum.
2724 613 3041 685 Convertere,
3069 621 3243 674 anima
3293 639 3428 691 mea,
3478 625 3531 679 in
3585 629 3754 698 requie

2216 706 2354 751 tuam
2372 741 2389 765 ,
2414 703 2653 769 quoniam
2680 703 2933 761 Dominus
2957 708 3200 783 benefecit
3227 713 3334 780 tibi,
3360 714 3515 784 dicis,
3551 726 3604 772 et
3629 718 3807 793 lacry-

2216 789 2414 844 maris?
2437 807 2615 850 annon
2639 794 2754 856 lucc
2774 808 2902 853 sunt
2917 799 3075 860 ludus
3095 812 3148 857 et
3165 803 3474 864 histrionica
3495 789 3808 866 simulatio?

2214 880 2347 939 Nam
2378 885 2423 938 si
2476 901 2664 943 revera
2711 890 2888 946 credis
2931 893 2997 949 iis
3043 911 3164 966 qua:
3193 897 3356 966 dicis,
3399 914 3808 970 supervacaneo

2216 976 2364 1047 luges
2389 987 2444 1033 et
2470 978 2781 1038 lamentaris
2807 1003 2819 1044 ;
2849 984 2895 1039 si
2921 995 3099 1042 autem
3128 989 3268 1045 ludis
3286 1000 3340 1046 et
3362 992 3583 1049 simulas
3607 1004 3662 1050 et
3689 994 3807 1054 hme

2217 1077 2370 1137 putas
2392 1085 2515 1126 esse
2534 1072 2761 1139 fabulas,
2791 1091 2887 1131 cur
2917 1079 3135 1147 psallis?
3162 1096 3259 1136 cur
3285 1084 3444 1139 etiam
3472 1099 3567 1141 cos
3588 1087 3678 1157 qui
3705 1089 3792 1145 ad-

2214 1168 2339 1215 sunt
2363 1162 2600 1231 pateris?
2623 1180 2720 1219 cur
2743 1180 2963 1224 noneos
2987 1170 3077 1241 qui
3105 1174 3339 1242 psallunt
3358 1175 3563 1247 abigis?
3588 1182 3656 1233 At
3679 1178 3802 1248 hoc,

2215 1250 2404 1322 inquit,
2438 1263 2522 1309 est
2548 1254 2858 1314 furentium.
2902 1259 3035 1321 illud
3079 1274 3257 1319 autem
3290 1267 3462 1322 multo
3492 1270 3680 1340 magis.
3707 1274 3805 1327 At-

2213 1357 2317 1412 que
2357 1342 2567 1403 interim
2631 1349 2848 1419 quidem
2903 1351 3198 1421 admoneo;
3249 1357 3574 1425 pr0cedente
3621 1370 3803 1417 autem

2216 1445 2460 1506 tempore
2513 1438 2653 1495 hanc
2707 1456 2822 1498 rem
2873 1458 3167 1515 persequar
3197 1449 3617 1506 vehementius:
3651 1454 3807 1510 valde

2214 1529 2356 1583 enim
2387 1530 2549 1586 timeo
2578 1547 2646 1587 nc
2665 1532 2767 1589 hoc
2787 1537 2945 1591 modo
2961 1539 3138 1607 gravis
3164 1539 3356 1610 aliquis
3377 1543 3593 1598 morbus
3613 1544 3805 1600 subeat

2217 1619 2533 1678 Ecclesium.
2568 1625 2742 1695 Atque
2764 1626 3009 1696 planctus
3035 1629 3252 1700 quidem
3284 1642 3471 1702 postea
3496 1636 3801 1707 corrigam;

2214 1710 2427 1766 interim
2475 1720 2655 1769 autem
2685 1715 2968 1784 denuntio,
3013 1718 3314 1792 divitesque
3356 1731 3411 1778 et
3459 1739 3720 1794 pauperes
3748 1737 3803 1783 et

2215 1802 2469 1859 mulieres
2496 1805 2743 1877 virisque
2777 1807 2930 1864 valde
2963 1809 3222 1867 obtestor.

2285 1898 2525 1967 Prae/icta
2551 1898 2606 1953 in
2650 1900 2909 1971 funeribus
2947 1913 3184 1957 arcentur
3238 1898 3270 1958 it
3323 1903 3702 1979 Cltrysostomo.
3731 1941 3806 1955 --

2213 1988 2500 2062 Contingat
2525 1992 2741 2063 quidem
2782 1996 2939 2051 vobis
2961 1996 3213 2053 omnibus
3265 2009 3321 2055 ut
3363 2001 3568 2074 absque
3599 2004 3743 2061 luctu
3769 2023 3804 2064 e

2214 2085 2319 2140 vita
2347 2085 2639 2151 excedatis,
2668 2094 2723 2141 et
2743 2101 2804 2143 ea
2827 2103 2929 2158 qua
2958 2100 3158 2160 parest
3183 2092 3320 2163 lege,
3356 2104 3532 2163 patres
3556 2099 3646 2169 qui
3674 2115 3804 2156 con-

2213 2186 2510 2234 senuerunt
2536 2177 2872 2233 deducantur
2899 2194 2929 2234 a
2971 2180 3115 2248 ﬁliis,
3149 2192 3203 2237 et
3234 2186 3431 2241 matres
3457 2201 3487 2241 a
3518 2188 3725 2245 ﬁliabus
3749 2200 3804 2249 et

2214 2268 2499 2340 nepotibus
2525 2279 2582 2325 et
2612 2272 2995 2340 pronepotibus
3025 2274 3077 2327 in
3105 2273 3243 2329 bona
3271 2286 3325 2331 et
3352 2277 3611 2347 profunda
3641 2298 3802 2341 sene-

2213 2368 2387 2427 ctute,
2419 2369 2474 2416 et
2494 2376 2754 2432 nusquam
2775 2362 2845 2417 sit
2865 2378 3014 2418 mors
3042 2365 3344 2421 immatura.
3372 2368 3483 2425 lloc
3511 2386 3641 2443 ergo
3669 2387 3802 2429 con-

2216 2454 2404 2526 tingat,
2434 2455 2618 2510 ethoc
2656 2464 2784 2526 opto
2824 2464 2879 2511 et
2920 2472 3113 2527 precor
3144 2477 3156 2512 :
3191 2460 3556 2532 praesidesque
3605 2474 3661 2520 et
3706 2481 3804 2523 vos

2212 2560 2402 2603 omnes
2429 2561 2562 2618 rogo
2581 2556 2634 2603 et
2654 2546 2841 2602 hortor
2866 2557 2922 2603 ut
2951 2550 3113 2603 Deum
3136 2553 3270 2606 alter
3292 2567 3387 2622 pro
3413 2554 3586 2611 altero
3612 2561 3799 2627 oretis,

2213 2649 2268 2695 et
2291 2652 2578 2693 commune
2600 2638 2702 2694 hoc
2726 2639 2795 2692 sit
2819 2648 3056 2693 vestrum
3084 2649 3265 2696 votum
3293 2660 3307 2696 :
3337 2643 3383 2698 si
3428 2656 3629 2717 autem,
3657 2651 3802 2720 quod

2213 2729 2354 2785 absit
2379 2744 2554 2799 neque
2594 2728 2822 2797 accidat,
2867 2730 3063 2785 acerba
3110 2746 3255 2789 mors
3303 2734 3483 2806 aliqua
3560 2739 3804 2796 evenerit

2213 2819 2466 2893 (acerba,
2491 2819 2730 2889 inquam,
2764 2834 2870 2874 non
2901 2829 3087 2876 natura
3111 2837 3283 2893 neque
3312 2826 3456 2880 enim
3487 2836 3570 2884 est
3598 2828 3665 2886 de
3691 2847 3803 2888 cte-

2214 2923 2329 2970 tero
2355 2926 2501 2968 mors
2526 2912 2755 2979 acerba;
2780 2928 2809 2967 a
2841 2927 3032 2968 somno
3058 2916 3201 2969 enim
3232 2917 3360 2972 nihil
3394 2918 3612 2989 differt;
3636 2925 3733 2980 sed
3754 2925 3801 2981 si

2214 3016 2396 3066 nostra
2427 3012 2697 3075 spectetur
2724 3003 2960 3076 aﬁ‘ectiu)
2989 3024 3007 3061 :
3028 3006 3077 3061 si
3114 3006 3273 3076 igitur
3287 3009 3480 3066 acerba
3505 3026 3650 3068 mors
3670 3030 3797 3071 eve-

2219 3102 2392 3166 nerit,
2439 3108 2494 3154 et
2549 3098 2739 3170 aliquis
2772 3096 2870 3155 has
2918 3114 3038 3171 qua:
3068 3099 3432 3158 lamententur
3456 3103 3806 3173 conduxerit,

2217 3189 2348 3244 mihi
2371 3189 2575 3245 credite
2594 3190 2790 3247 dicenti
2817 3207 2830 3244 :
2856 3206 2960 3245 non
2982 3190 3138 3247 aliter
3161 3192 3303 3247 enim
3329 3193 3472 3263 dico,
3495 3210 3655 3268 quam
3685 3212 3806 3254 sum

2215 3280 2472 3348 affectus;
2502 3281 2591 3352 qui
2620 3282 2745 3337 velit
2772 3284 3030 3338 irascatur
3057 3301 3071 3337 :
3100 3299 3222 3339 eum
3262 3285 3423 3357 longo
3452 3295 3695 3359 tempore
3717 3305 3809 3345 ar-

2214 3373 2456 3428 cebimus
2484 3373 2551 3428 ab
2581 3374 2829 3441 ecclesia,
2868 3385 3139 3446 tamquam
3180 3376 3516 3434 idololatram
3562 3379 3710 3452 (Col.
3743 3381 3802 3437 5.

2217 3461 2307 3533 £5).
2339 3461 2472 3517 Nam
2501 3465 2544 3518 si
2576 3463 2772 3518 Paulus
2793 3480 3013 3520 avarum
3044 3476 3199 3521 vocat
3222 3468 3560 3525 idololatram
3586 3488 3600 3526 :
3631 3472 3804 3529 multo

2213 3554 2384 3623 magis
2407 3569 2529 3609 eum
2577 3555 2668 3624 qui
2696 3570 2858 3627 super
2883 3556 3094 3613 ﬁdelem
3122 3572 3185 3612 ea
3211 3558 3499 3616 introducit
3526 3578 3646 3632 qua:
3674 3572 3802 3636 sunt

2213 3644 2634 3701 idololatrarum.
2667 3648 2908 3714 Quanam
2933 3648 3077 3704 enim
3107 3649 3177 3705 de
3214 3664 3372 3706 causa
3398 3692 3421 3718 ,
3466 3651 3550 3709 dic
3578 3668 3761 3726 quaeso
3779 3695 3797 3720 ,

2211 3749 2375 3791 vocas
2415 3737 2761 3809 presbyteros
2806 3749 2863 3795 et
2897 3753 2992 3795 eos
3035 3740 3126 3810 qui
3154 3742 3556 3811 psallunttnon
3583 3755 3640 3800 ut
3661 3760 3797 3802 con-

2209 3829 2442 3886 soleris?
2471 3845 2577 3886 non
2607 3839 2663 3886 ut
2703 3844 2827 3886 eum
2853 3830 3088 3888 honores
3111 3835 3202 3904 qui
3230 3837 3501 3892 excessit?
3524 3836 3634 3893 Cur
3666 3854 3798 3911 ergo

2208 3940 2332 3980 eum
2360 3925 2680 3980 contumelia
2702 3924 2903 3982 afﬁcis?
2927 3940 3025 3982 cur
3050 3927 3320 3985 traducis?
3341 3947 3436 3986 cur
3459 3940 3637 3989 autem
3656 3933 3802 3989 ludis

2210 4026 2480 4088 tamquam
2524 4018 2578 4072 in
2625 4018 2829 4072 scena?
2876 4017 2989 4074 Nos
3038 4021 3283 4077 venimus
3309 4022 3377 4079 de
3404 4027 3803 4082 resurrectione

2207 4109 2669 4180 philosophantes,
2697 4124 2886 4165 omnes
2901 4109 3226 4176 erudientes,
3241 4113 3403 4169 etiam
3427 4130 3520 4171 eos
3544 4116 3634 4186 qui
3663 4131 3799 4173 non-

2206 4200 2334 4254 dum
2373 4210 2498 4256 sunt
2548 4202 2675 4269 icti,
2724 4216 2820 4271 per
2865 4201 3129 4258 honorem
3187 4205 3274 4275 qui
3317 4206 3391 4261 illi
3444 4205 3706 4276 habetur,
3735 4217 3796 4265 ut

2204 4294 2249 4347 si
2278 4294 2406 4363 quid
2433 4293 2697 4364 ejusmodi
2726 4293 3030 4365 contigerit,
3056 4294 3267 4351 fortiter
3290 4294 3503 4353 ferant:
3537 4308 3591 4355 tu
3613 4310 3793 4357 autem

2204 4400 2299 4440 eos
2354 4384 2577 4441 adducis
2602 4427 2618 4452 ,
2661 4386 2788 4457 qui,
2828 4385 2971 4456 quod
3013 4386 3080 4443 ad
3127 4387 3275 4459 ipsos
3324 4397 3566 4460 spectat,
3609 4399 3795 4447 nostra

2203 4477 2518 4533 destruunt?

2270 4685 2323 4740 ϐ.
2358 4685 2495 4754 Quid
2538 4684 2640 4743 hoc
2680 4688 2789 4743 risu
2817 4699 2873 4746 et
2918 4690 3018 4746 hac
3066 4689 3429 4749 ludiﬁcatione
3467 4702 3554 4750 est
3598 4694 3797 4768 pejus?

2198 4777 2324 4849 quid
2349 4788 2431 4833 est
2448 4780 2667 4849 gravius
2684 4780 3185 4853 hacinasqualitate?
3203 4783 3517 4841 Erubescite
3544 4794 3601 4841 et
3625 4786 3789 4856 pudo-

2196 4885 2256 4927 re
2284 4869 2651 4925 sull'uudimiui
2683 4888 2699 4930 ;
2733 4872 2777 4927 si
2801 4887 2907 4927 non
2938 4876 3122 4939 vultis,
3143 4888 3241 4928 nos
3272 4875 3605 4944 perniciosos
3634 4875 3783 4946 ejus-

2194 4962 2337 5017 modi
2362 4977 2540 5018 mores
2567 4980 2674 5019 non
2697 4964 2923 5019 sinimus
2937 4963 2992 5019 in
3006 4964 3299 5021 Ecclesium
3316 4964 3572 5025 inducere
3604 4987 3618 5023 :
3649 4968 3784 5025 Pec-

2192 5062 2360 5108 cantes
2380 5052 2546 5121 enim,
2576 5055 2767 5126 inquit,
2794 5072 2968 5110 coram
2995 5056 3226 5111 omnibus
3257 5074 3415 5128 argue
3438 5060 3513 5129 (1.
3549 5059 3685 5116 Tim.
3717 5062 3775 5118 5.

2189 5143 2304 5216 28).
2332 5142 2444 5199 Illis
2468 5155 2650 5200 autem
2680 5144 2986 5202 infelicibus
3014 5156 3069 5203 et
3098 5148 3311 5205 miseris
3338 5150 3652 5208 mulieribus
3681 5169 3787 5225 per

2187 5254 2284 5294 vos
2313 5238 2680 5309 prohibemus,
2698 5255 2767 5295 ne
2784 5255 3032 5313 umquam
3064 5241 3433 5313 ingrediantur
3454 5245 3506 5299 in
3538 5244 3784 5302 fidelium

2186 5328 2375 5385 funera
2404 5345 2522 5402 qua:
2570 5330 2888 5397 etl‘eruntur,
2919 5347 2985 5388 ne
3011 5348 3198 5389 revera
3230 5335 3373 5405 ipsas
3399 5350 3656 5407 cogamus
3679 5353 3776 5395 sua

2186 5423 2324 5478 mala
2348 5422 2569 5491 deﬂere,
2623 5434 2679 5480 et
2716 5425 3027 5482 erudiamus
3074 5442 3166 5484 eas
3206 5444 3314 5483 non
3359 5430 3411 5485 in
3453 5431 3644 5487 alienis
3674 5433 3776 5489 hoc

2188 5513 2383 5581 facere,
2406 5515 2498 5570 sed
2519 5530 2642 5571 suas
2663 5517 2839 5585 potius
2869 5516 3155 5588 deplorare
3174 5520 3528 5577 calamitates.
3558 5523 3772 5581 Etenim

2182 5616 2336 5676 pater
2361 5623 2576 5678 quoque
2602 5607 2916 5679 benevolus,
2938 5610 3153 5681 quando
3182 5610 3344 5665 habet
3369 5612 3689 5669 insolentem
3718 5624 3773 5671 et

2185 5699 2567 5756 immodestum
2598 5701 2784 5768 lilium,
2818 5719 2924 5758 non
2972 5702 3045 5758 illi
3074 5704 3171 5759 soli
3215 5704 3405 5759 suadet
3443 5722 3510 5762 ne
3539 5721 3772 5763 consuc-

2183 5792 2420 5851 tudinem
2445 5792 2641 5853 habeat
2667 5811 2789 5852 cum
2821 5796 3113 5870 improbis,
3145 5797 3239 5855 sed
3281 5797 3382 5856 hos
3411 5814 3624 5870 quoque
3654 5807 3766 5857 tct-
