4208 6512
449 347 526 402 63
1397 337 1464 395 IN
1504 336 1722 393 EI’IST.
1761 330 1851 388 AD
1891 327 2264 387 lIEBREOS.
2299 329 2455 386 CAP.
2493 330 2559 385 ll.
2605 328 2838 386 IIOMIL.
2874 332 2965 387 IV.
3685 333 3759 390 ις

428 461 621 515 ταῦτα
651 460 1014 515 πιστεύεσθαι
1047 460 1243 531 ὑμεῖς.
1295 457 1596 530 μαχόμενοι
1624 453 1714 509 διὰ
1742 451 1849 506 τῶν
1876 450 2054 522 ἔργων

432 548 670 611 αὐτοῖς’
732 547 914 602 καίτοι
968 547 1144 602 πολλά
1191 546 1632 616 ἐπιτειχίσαντας
1677 540 1772 596 τοῦ
1798 539 1936 594 Θεοῦ
1967 538 2055 606 γί-

435 636 631 689 νεσθαι
682 637 825 709 πρὸς
870 636 1064 702 τοῦτο,
1123 636 1213 690 ἵνα
1249 636 1418 707 ἀνέλῃ
1448 634 1548 705 τὴν
1578 630 1828 703 πονηρὰν
1851 629 2057 699 ταύτην

443 724 764 796 συνήθειαν.
821 726 962 781 Εἰπέ
992 725 1106 797 γάρ
1141 742 1251 794 μοι,
1283 722 1337 777 τί
1370 724 1655 794 βούλονται
1687 722 1742 776 αἱ
1772 717 2057 790 λαμπάδες

449 815 504 867 αἱ
535 813 798 884 φαιδραί;
851 815 953 885 οὐχ
998 813 1075 878 ῶς
1103 811 1348 884 ἀθλητὰς
1384 812 1583 874 αὐτοὺς
1613 809 2054 882 προπέμπομεν;

448 902 499 954 τί
526 901 583 954 δὲ
616 902 668 953 οί
701 899 910 970 ὕμνοις
960 900 1082 969 οὐχὶ
1115 899 1207 952 τὸν
1239 899 1373 952 Θεὸν
1403 897 1722 968 δοξάζομεν,
1766 895 1861 948 καὶ
1891 893 2057 962 εὐχα-

444 985 747 1058 ριστοῦμεν
779 988 864 1040 ὅτι
895 987 1082 1040 λοιπὸν
1113 984 1467 1055 ἐστεφάνωσε
1499 984 1592 1037 τὸν
1619 981 1947 1048 ἀπελθόντα,
1977 981 2060 1034 ὅτι

444 1066 554 1128 τῶν
591 1076 777 1129 πόνων
812 1073 1150 1146 ἀπήλλαξεν,
1184 1075 1267 1128 ὅτι
1297 1073 1399 1144 τῆς
1429 1071 1634 1134 δειλίας
1667 1069 1916 1124 ἐκϐαλὼν
1945 1069 2057 1140 ἔχει

445 1164 582 1234 παρ’
607 1161 820 1233 ἐαυτῷ;
857 1162 918 1215 οὒ
957 1161 1046 1215 διά
1071 1161 1230 1215 τοῦτο
1256 1159 1448 1232 ὓμνοις
1482 1161 1542 1214 οὐ
1571 1158 1661 1213 διὰ
1687 1157 1844 1213 τοῦτο
1869 1156 2058 1228 ψαλμ-

443 1251 638 1322 9653;
687 1251 881 1305 Ταῦτα
901 1250 1082 1306 πάντα
1106 1250 1407 1321 χαιρόντων
1431 1248 1601 1303 ἐστίν’
1629 1245 1899 1316 Εὐθυμεῖ
1925 1243 2058 1316 γὰρ,

445 1340 607 1410 φησὶ,
641 1338 770 1404 τίς;
820 1336 1129 1408 ψαλλέτω.
1175 1336 1314 1391 Ἀλλ’
1340 1337 1402 1390 ού
1449 1334 1662 1400 τούτοις
1699 1332 2060 1406 προσέχουσιν

446 1426 741 1497 Ἕλληνες.
795 1425 890 1497 Μὴ
917 1427 1024 1496 γάρ
1057 1442 1169 1496 μοι,
1215 1425 1412 1496 φησὶν,
1463 1425 1624 1497 είπῃς
1657 1422 1749 1477 τὸν
1779 1421 1939 1485 ἐκτὸς
1965 1419 2059 1474 τοῦ

445 1516 666 1579 πάθους
721 1513 1128 1584 φιλοσοφοῦντα
1155 1555 1170 1576 .
1227 1513 1389 1568 τοῦτο
1422 1514 1532 1584 γὰρ
1568 1511 1720 1564 οὐδὲν
1753 1510 1894 1581 μέγα
1938 1508 2063 1563 ούδέ

441 1604 775 1675 θαυμαστὸν
802 1642 818 1669 ,
873 1601 1014 1658 ἀλλά
1062 1602 1233 1668 δεῖξόν
1262 1619 1355 1674 μοι
1397 1601 1488 1655 τὸν
1523 1602 1583 1654 ἐν
1613 1597 1764 1670 αὐτῷ
1793 1596 1873 1669 τῷ
1898 1597 2063 1652 πάθει

444 1694 876 1765 φιλοσοφοῦντα,
909 1693 1004 1749 καὶ
1027 1692 1153 1746 τότε
1181 1690 1464 1747 πιστεύσω
1494 1693 1562 1762 τῇ
1589 1688 1910 1744 ἀναστάσει.
1947 1686 2060 1742 Καὶ

442 1783 510 1835 τὸ
545 1781 650 1852 μὲν
702 1779 967 1852 βιωτικάς
997 1781 1268 1848 γυναῖκας
1299 1778 1461 1832 τοῦτο
1488 1779 1665 1832 ποιεῖν
1689 1817 1704 1842 ,
1741 1774 2061 1847 θαυμαστὸν

439 1870 625 1925 οὐδέν·
663 1868 848 1924 καίτοι.
874 1884 938 1936 γε
975 1868 1070 1921 καὶ
1095 1867 1230 1921 αὐτὸ
1258 1866 1434 1920 δεινόν
1455 1882 1468 1897 ο
1510 1865 1606 1920 καὶ
1632 1863 1743 1934 γὰρ
1776 1864 1873 1918 καὶ
1901 1853 2063 1918 αὗται

442 1958 551 2029 τὴν
578 1957 758 2028 αὐτὴν
799 1955 1163 2011 ἀπαιτοῦνται
1189 1954 1514 2024 φιλοσοφίαν
1540 1970 1555 1985 ο
1610 1951 1692 2006 διὸ
1726 1952 1820 2006 καὶ
1851 1949 2064 2015 Παῦλός

445 2061 587 2115 φησι
616 2062 630 2074 ·
691 2043 834 2112 Περὶ
875 2043 944 2097 δὲ
990 2041 1113 2097 τῶν
1149 2040 1602 2112 κεκοιμημένων
1628 2041 1701 2094 οὐ
1733 2038 1884 2094 θέλω
1909 2036 2065 2108 ὑμᾶς

441 2131 700 2202 ἀγνοεῖν
724 2171 739 2195 ,
798 2132 902 2186 ἵνα
937 2129 1025 2202 μὴ
1056 2127 1375 2198 λυπῆσθε,
1423 2127 1624 2194 καθὼς
1653 2127 1752 2181 καὶ
1781 2127 1836 2181 οί
1860 2124 2064 2180 λοιποί

441 2224 502 2274 οι
553 2219 645 2290 μὴ
699 2220 952 2290 ἔχοντες
998 2217 1242 2273 ἐλπίδα.
1295 2217 1432 2288 Οὐχὶ
1483 2215 1811 2289 μονάξουσιν
1853 2213 2066 2286 ἔγραφε

440 2307 631 2362 ταῦτα
657 2307 783 2360 οὐδὲ
814 2305 1231 2378 ἀειπαρθένοις,
1277 2303 1415 2358 ἀλλά
1444 2305 1544 2358 καὶ⁵
1575 2304 1870 2374 κοσμικαῖς
1898 2302 2066 2374 γάμῳ

439 2395 860 2467 ὁμιλησάσαις,
919 2395 1017 2448 καὶ
1066 2393 1366 2466 βιωτικοῖς.
1425 2391 1575 2464 Πλὴν
1625 2392 1741 2446 ἀλλ’
1778 2392 1879 2463 οὐχ
1921 2388 2066 2444 οὕτω

436 2484 632 2538 Gavi»
656 2482 821 2536 τοῦτο
843 2500 857 2516 ·
902 2484 1035 2538 ὅταν
1058 2482 1119 2536 δέ
1149 2499 1256 2547 τις,
1287 2481 1320 2551 ἢ
1353 2479 1516 2552 γυνὴ,
1552 2480 1585 2552 ἢ
1611 2479 1752 2552 ἀνὴρ
1784 2478 2066 2550 ἐσταυρῶ-

445 2571 582 2625 σθαι
620 2570 740 2643 [47]
769 2571 847 2642 τῷ
873 2571 1070 2642 κόσμῳ
1095 2569 1295 2639 λέγων,
1331 2570 1360 2622 6
1385 2568 1488 2640 μὶν
1517 2569 1713 2640 τρίχας
1737 2567 1916 2643 τίλλῃ,
1952 2570 1986 2641 ή
2009 2568 2067 2624 δὲ

443 2660 650 2732 κωκύῃ
685 2660 936 2731 μεγάλα,
971 2659 1026 2712 τί
1058 2657 1252 2712 τούτου
1286 2657 1796 2729 ἀσχημονέστερον;
1836 2657 2067 2711 Πιστεύ-

447 2748 588 2804 σατέ
618 2765 712 2821 μοι
740 2748 959 2817 λέγοντι
981 2747 1154 2816 ’.εῐγε
1185 2747 1260 2812 ὡς
1284 2747 1454 2818 ἐχρῆν
1481 2744 1723 2815 ἐγίνετο,
1760 2746 1933 2801 πολὺν
1958 2746 2066 2801 ἔδει

443 2839 647 2911 χρόνον
692 2839 821 2902 τοὺς
855 2835 1136 2900 τοιούτους
1170 2835 1452 2909 εἴργεσθαι
1484 2833 1594 2888 τῶν
1622 2833 1796 2889 ούδῶν
1827 2834 1938 2890 τῶν
1967 2835 2068 2907 τῆς

443 2926 780 2998 ἐκκλησίας.
826 2927 889 2980 Οί
921 2925 1030 2995 γὰρ
1061 2924 1233 2990 ὅντως
1264 2924 1404 2990 ἄξιοι
1436 2924 1694 2990 πένθους,
1728 2918 1875 2978 οῦτοι
1903 2925 2064 2990 εἰσιν,

443 3017 496 3068 οί
544 3014 642 3069 τὸν
690 3013 922 3067 θάνατον
953 3011 1258 3078 δεδοικότες
1307 3011 1388 3066 ἔτι
1417 3013 1512 3066 καὶ
1544 3012 1883 3085 φρίττοντες,
1917 3012 1968 3064 οἱ
1998 3014 2065 3081 τῇ

443 3101 752 3157 ἀναστάσει
782 3099 1217 3164 διαπιστοῦντες.
1255 3099 1394 3153 Ἀλλ’
1430 3099 1492 3153 οὐ
1525 3103 1592 3172 τῇ
1638 3098 1935 3154 ἀναστάσει
1987 3098 2067 3152 δι-

443 3189 696 3254 ἀπιστῶ,
731 3189 900 3260 φησὶν
920 3230 934 3256 ,
973 3187 1111 3243 ἀλλά
1141 3187 1238 3260 τὴν
1271 3189 1565 3260 συνήθειαν
1598 3187 1864 3258 ἐπιζητῶ.
1890 3185 1989 3240 Διά
2014 3185 2068 3240 τί

445 3275 569 3343 οὖν,
599 3279 727 3331 εἰπέ
754 3295 870 3348 μοι,
899 3279 1032 3333 ὅταν
1056 3276 1335 3350 ἀποδημῇ,
1362 3277 1458 3332 καὶ
1481 3276 1796 3348 ἀποδημίαν
1822 3275 2066 3347 μακρὰν,

442 3369 510 3420 οὐ
550 3367 619 3420 τὰ
651 3367 797 3421 αύτά
827 3368 1043 3432 ποιεῖς;
1080 3364 1242 3419 Ἀλλά
1275 3364 1448 3420 κλαίω
1477 3365 1573 3419 καὶ
1599 3365 1742 3431 τότε,
1775 3363 1932 3436 φησὶ,
1971 3363 2065 3418 καὶ

447 3454 644 3526 θρηνῶ
673 3452 1043 3524 ἐπιζητοῦσα.
1083 3452 1220 3509 Ἀλλ’
1245 3453 1425 3508 ἐκεῖνο
1452 3455 1552 3524 μὲν
1576 3450 1746 3516 ὅντως
1773 3452 2066 3523 συνήθειαν

448 3542 834 3614 ἐπιζητούσης
879 3543 1034 3610 ἐστὶ,
1089 3540 1248 3595 τοῦτο
1274 3541 1332 3594 δὲ
1364 3541 1753 3610 ἀπεγνωκυίας
1776 3541 1874 3611 τὴν
1900 3542 2068 3596 ἐπάν·

447 3632 597 3685 οδον.
631 3630 924 3701 Ἐννόησον
953 3629 1007 3683 τί
1039 3629 1265 3700 ψάλλεις
1294 3629 1437 3682 κατὰ
1467 3629 1559 3681 τὸν
1589 3627 1784 3700 καιρὸν
1815 3630 2024 3684 ἐκεῖνον
2049 3647 2062 3660 ο

465 3719 909 3786 ἘπίστρεψὌν,
937 3715 1110 3787 ψυχή
1132 3733 1272 3786 μου,
1300 3719 1387 3784 είς
1411 3717 1527 3786 τὴν
1548 3717 1901 3772 ἀνάπαυσιν
1925 3733 2064 3782 σου,

450 3808 549 3862 ὅτι
576 3808 797 3876 Κύριος
823 3803 1195 3876 εύηργέτησέ
1220 3822 1315 3860 σε’
1354 3807 1446 3860 καὶ
1478 3806 1663 3871 πάλιν,
1697 3809 1779 3860 Οὐ
1805 3806 2068 3876 φοϐηθή-

443 3913 644 3965 σομαι
679 3893 858 3958 κακὰ,
899 3894 988 3946 ὅτι
1022 3892 1105 3948 σὺ
1144 3893 1275 3962 μετ’
1299 3893 1446 3964 ἐμοῦ
1476 3889 1534 3947 εἷ
1557 3909 1570 3922 ·
1629 3894 1724 3947 καὶ
1761 3894 1945 3959 πάλιν,
1982 3895 2065 3949 Σύ

442 3991 574 4054 μῖιυ
624 3978 681 4036 ει
735 3980 1056 4050 καταφυγὴ
1108 3981 1227 4035 ἀπὸ
1278 3981 1543 4050 θλίψεως
1593 3981 1704 4049 τῆς
1756 3982 2067 4050 περιεχού-

445 4093 577 4144 σης
621 4093 724 4145 με.
765 4075 1056 4144 Ἐννόησον
1108 4073 1158 4126 τί
1205 4072 1490 4144 βούλονται
1541 4067 1688 4128 οῦτοι
1742 4074 1793 4126 οί
1835 4074 2064 4145 ψαλμοί.

459 4165 616 4220 Ἀλλ’
647 4165 712 4218 ού
747 4163 1071 4235 προσέχεις,
1123 4161 1261 4215 ἀλλά
1293 4161 1518 4233 μεθύεις
1552 4163 1658 4216 ὑπὸ
1684 4163 1778 4216 τοῦ
1808 4164 2062 4229 πένθους.

444 4255 579 4312 Κᾶν
609 4255 668 4306 ἐν
695 4255 808 4316 τοῖς
839 4251 1046 4324 ἐτέρων
1071 4250 1381 4322 κηδεύμασι
1422 4251 1764 4323 κατανόησον
1792 4253 2061 4324 ἀκριϐῶς,

448 4345 548 4398 ἵνα
601 4342 736 4413 ἔχῃς
783 4341 1079 4413 φάρμακον
1130 4342 1189 4394 ἐν
1240 4343 1357 4404 τοῖς
1413 4342 1550 4403 σοῖς.
1619 4340 2064 4411 Ἐπίστρεψον,

447 4431 633 4503 ψυχή
686 4450 839 4501 μου,
896 4433 984 4497 είς
1031 4429 1149 4499 τὴν
1174 4429 1528 4485 ἀνάπαυσιν
1554 4444 1692 4496 σου,
1728 4430 1818 4486 ὅτι
1848 4433 2069 4501 Κύριος

444 4518 836 4588 εὐηργέτησέ
865 4535 962 4586 σε,
1013 4517 1217 4587 λέγεις,
1268 4518 1365 4570 καὶ
1391 4517 1686 4589 δακρύεις;
1735 4519 1858 4591 οὐχὶ
1891 4520 2068 4593 σκηνὴ

442 4607 636 4662 ταῦτά
691 4609 881 4674 ἐστιν,
937 4607 1038 4678 οὐχ
1088 4607 1410 4676 ύπόκρισις;
1477 4607 1539 4659 Εί
1591 4606 1692 4677 μὲν
1736 4607 1846 4679 γὰρ
1898 4608 2067 4673 δντως

445 4694 740 4759 πιστεύεις
770 4689 852 4760 οἷς
880 4695 1084 4764 λέγεις,
1110 4694 1386 4765 περιττῶς
1409 4694 1650 4758 πενθεῖςο
1684 4697 1731 4748 εί
1758 4695 1814 4749 δὲ
1845 4695 2066 4761 παίζεις

442 4785 550 4838 καὶ
606 4782 883 4856 ὑποκρίνῃ
934 4785 1029 4837 καὶ⁸
1065 4782 1273 4853 μύθους
1325 4781 1468 4835 αὐτὰ
1502 4776 1645 4835 εἶναι
1676 4781 1958 4852 νομίζεις,
2010 4788 2068 4844 τί

443 4874 551 4930 καὶ
603 4872 866 4942 ψάλλειςς
925 4872 978 4924 τί
1035 4870 1130 4924 καὶ
1180 4869 1352 4940 ἀνέχῃ
1403 4869 1516 4924 τῶν
1566 4871 2066 4942 παραγινομένωνς

440 4963 540 5016 διὰ
588 4962 644 5014 τί
703 4960 779 5031 μὴ
828 4957 1158 5021 ἀπελαύνεις
1191 4957 1320 5021 τοὺς
1351 4957 1692 5028 ψάλλονταςς
1733 4957 1899 5012 Ἀλλά
1937 4976 2066 5030 μαι-

441 5051 704 5123 νομένων
733 5048 914 5116 τοῦτο,
949 5046 1107 5120 φησί.
1160 5046 1397 5117 Κάκεῖνο
1431 5045 1616 5116 πολλῷ
1647 5045 1872 5117 μᾶλλον.
1909 5047 2062 5113 Τέως

445 5141 557 5214 μὲν
602 5135 700 5194 οὖν
740 5137 995 5209 παραινῶ
1019 5153 1032 5168 ·
1087 5137 1182 5191 τοῦ
1212 5137 1408 5208 χρόνου
1432 5136 1492 5189 δέ
1523 5135 1809 5207 προϊόντος
1837 5135 2064 5206 σφοδρός

439 5245 616 5301 τερον
670 5224 751 5297 τῷ
799 5225 1093 5297 πράγματι
1145 5225 1466 5296 χρήσομαι·
1525 5223 1620 5276 καὶ
1649 5223 1760 5294 γάρ
1797 5222 2064 5292 μειζόνως

437 5319 694 5383 δέδοικα,
735 5315 810 5386 μὴ
836 5313 1014 5385 τούτῳ
1044 5310 1122 5384 τῷ
1145 5312 1332 5382 τρόπῳ
1363 5311 1580 5383 χαλεπή
1607 5328 1692 5375 τις
1719 5311 1876 5374 νόσος
1907 5314 1966 5365 ἐν
1991 5314 2061 5384 τῇ

457 5404 774 5475 Ἐκκλησία
809 5401 1125 5476 ύπεισέλθῃ.
1187 5400 1390 5454 Τοῦτον
1429 5399 1529 5470 μὲν
1565 5395 1658 5453 οὖν
1698 5400 1789 5454 τὸν
1827 5400 2061 5453 κοπετὸν

435 5496 687 5566 ὕστερον
748 5489 1305 5563 ἐπανορθωσώμεθα’
1375 5487 1513 5551 τέως
1568 5485 1625 5540 δὲ
1685 5487 2059 5559 παραγγέλλω

437 5585 545 5640 καὶ
603 5580 1061 5654 διαμαρτύρομαι
1124 5581 1218 5634 καὶ
1266 5579 1542 5643 πλουσίοις
1578 5579 1674 5634 καὶ
1702 5579 1924 5650 πένησι,
1963 5579 2057 5632 καὶ

435 5675 673 5744 γυναιξὶ
706 5673 804 5726 καλ⁵
834 5671 1089 5743 ἀνδράσι.

507 5791 555 5846 Γ
552 5791 741 5848 ἐνοιτο
765 5787 873 5860 μὲν
902 5781 998 5840 οὖν
1033 5784 1238 5849 πάντας
1275 5783 1418 5856 ὑμᾶς
1449 5783 1786 5857 ἀπενθήτους
1823 5783 1914 5839 τὸν
1943 5784 2056 5856 βίον

2166 447 2408 514 ἐξελθεῖν
2435 488 2450 512 ,
2505 449 2600 502 καὶ
2648 449 2791 502 κατὰ
2822 448 2986 519 νόμον
3021 449 3110 502 τὸν
3137 450 3486 520 προσήκοντα
3515 449 3760 522 πατέρας

2167 536 2272 590 ὑπὸ
2319 538 2429 590 τῶν
2479 537 2613 590 υίῶν
2645 539 3029 608 γεγηρακότας
3061 536 3486 609 προπέμψεσθαι
3529 537 3625 590 καὶ
3656 553 3762 612 μηέ-

2165 625 2332 696 τέρας
2362 623 2466 678 ὑπὸ
2495 624 2810 696 θυγατέρων
2864 625 2958 678 καὶ
2994 626 3236 694 ἐγγόνων
3286 626 3381 680 καὶ
3415 623 3762 696 μετεγγόνων

2166 715 2224 767 ἐν
2250 713 2468 784 λιπαρῷ
2493 714 2572 786 τῷ
2593 716 2760 787 γήρᾳ,
2790 715 2887 769 καὶ
2913 715 3170 787 μηδαμοῦ
3192 715 3448 786 γενέσθαι
3471 713 3653 784 ἀωρον
3673 715 3765 768 θά-

2167 819 2346 857 νατον.
2407 802 2625 857 Γένοιτο
2676 803 2777 874 μὲν
2802 798 2896 857 οὖν
2943 802 3138 869 τοῦτο,
3189 803 3474 857 καὶτοῦτο
3502 801 3760 873 εὔχομαι,

2168 888 2262 943 καὶ
2303 889 2430 952 τοὺς
2459 889 2759 960 προέδρους
2790 889 2846 942 δὲ
2879 891 2974 944 καὶ
3005 891 3215 954 πάντας
3240 891 3387 961 ὑμᾶς
3420 889 3562 962 ὑπὲρ
3590 889 3761 960 ἀλλή-

2166 977 2274 1029 λων
2301 975 2605 1046 παρακαλῶ
2629 977 2892 1048 δεηθῆναι
2923 977 3018 1032 τοῦ
3045 978 3187 1032 Θεοῦ
3217 1019 3232 1044 ,
3297 979 3393 1032 καὶ
3428 977 3544 1050 [48]
3577 978 3762 1047 κοινὴν

2169 1065 2501 1135 ποιήσασθαι
2532 1047 2736 1138 ταύτην
2768 1047 2935 1138 εὐχήν
2960 1083 2974 1097 ο
3012 1068 3061 1120 εἰ
3091 1068 3170 1132 δὲ,
3205 1069 3344 1138 ὅπερ
3399 1047 3566 1138 ἀπείη
3627 1068 3765 1139 μηδὲ.

2171 1153 2414 1224 συμϐαίη
2443 1198 2458 1220 ,
2516 1155 2714 1225 πικρός
2759 1171 2845 1218 τις
2900 1156 3125 1228 γένηται
3173 1156 3404 1222 θάνατος
3445 1157 3466 1222 (
3478 1157 3676 1228 πικρὸς
3705 1157 3764 1210 δέ

2168 1240 2333 1309 λέγω,
2366 1243 2427 1295 ού
2456 1245 2523 1314 τῇ
2551 1243 2735 1313 φύσει·
2765 1245 2886 1298 οὐδὲ
2910 1245 3019 1315 γάρ
3045 1246 3163 1298 ἐστι
3189 1244 3377 1299 λοιπὸν
3401 1246 3598 1318 πικρὸς
3618 1249 3646 1298 6
3667 1245 3764 1299 θά-

2169 1345 2348 1393 νατος·
2383 1329 2556 1383 ὕπνου
2581 1330 2693 1402 γὰρ
2718 1331 2871 1386 οὐδὲν
2901 1332 3237 1405 διενήνοχεν·
3285 1333 3422 1388 ἀλλά
3453 1333 3652 1405 πικρὸς
3673 1333 3763 1387 λέ-

2169 1434 2281 1484 γω,
2338 1418 2475 1487 πρὸς
2530 1419 2630 1492 τὴν
2677 1421 2958 1494 ἡμετέραν
3012 1421 3308 1494 διάθεσιν)⁶
3361 1424 3410 1476 εί
3461 1417 3553 1478 οὖν
3606 1415 3766 1490 οὗτος

2173 1505 2419 1578 συμϐαίη
2447 1546 2463 1572 ,
2525 1508 2619 1563 καί
2670 1526 2818 1574 τινες
2863 1509 2959 1572 τὰς
2985 1508 3294 1583 θρηνούσας
3321 1511 3527 1574 ταύτας
3556 1510 3764 1582 μισθώ-

2173 1611 2378 1662 σαιντο,
2416 1595 2747 1651 πιστεύσατέ
2779 1614 2870 1667 μοι
2901 1595 3138 1666 λέγοντι,
3166 1598 3266 1651 οὐκ
3291 1596 3468 1662 ἄλλως
3492 1598 3603 1671 γὰρ
3630 1598 3762 1670 ἐρῶ,

2172 1684 2288 1740 ἀλλ’
2317 1685 2394 1749 ὡς
2421 1683 2530 1756 ἔχω
2551 1702 2566 1716 ο
2606 1686 2635 1739 6
2666 1685 2993 1767 βουλόμενος
3023 1685 3361 1757 δργιζέσθω’
3403 1686 3572 1742 πολὺν
3603 1687 3765 1742 αὑτὸν

2170 1773 2363 1843 χρόνον
2393 1773 2491 1844 τῆς
2519 1773 2815 1845 ἐκκλησίας
2847 1773 3100 1846 ἀπείρξω
3123 1775 3202 1839 ὼς
3224 1775 3318 1830 τὸν
3344 1775 3764 1847 εἰδωλολάτρην.

2173 1861 2235 1914 Et
2263 1862 2370 1934 γὰρ
2396 1862 2488 1916 τὸν
2513 1861 2846 1935 πλεονέκτην
2875 1863 3271 1936 εἰδωλολάτρην
3297 1863 3454 1918 καλεῖ
3478 1866 3505 1918 6
3531 1862 3763 1929 Παῦλος,

2173 1949 2354 2020 πολλῷ
2385 1951 2588 2022 μᾶλλον
2628 1951 2722 2006 τὸν
2768 1953 2862 2005 ἐπὶ
2890 1949 3083 2004 πιστοῦ
3125 1953 3197 2006 τὰ
3229 1950 3335 2005 τῶν
3360 1950 3766 2022 είδωλολατρῶν

2173 2039 2590 2110 ἐπεισφέροντα.
2625 2039 2785 2102 Τίνος
2810 2039 2920 2110 γὰρ
2943 2039 3153 2107 ἕνεκεν,
3181 2040 3303 2092 είπέ
3329 2057 3442 2110 μοι,
3465 2039 3767 2110 πρεσϐυτέ-

2175 2144 2300 2200 ρους
2332 2127 2522 2191 καλεῖς
2547 2166 2563 2190 ,
2616 2126 2712 2180 καί⁸
2751 2127 2879 2190 τοὺς
2910 2126 3244 2198 ψάλλοντας;
3282 2127 3380 2197 οὐχ
3410 2127 3553 2180 ὥστε
3583 2143 3774 2198 παραυ,

2177 2216 2525 2289 μυθήσασθαι
2550 2261 2566 2285 ,
2625 2216 2723 2288 οὐχ
2771 2215 2914 2270 ὥστε
2941 2216 3176 2288 τιμῆσαι
3209 2217 3302 2271 τὸν
3331 2216 3662 2282 ἀπελθόντας
3698 2218 3765 2270 Τί

2173 2307 2353 2362 τοίνυν
2379 2307 2544 2362 αὑτὸν
2574 2306 2852 2379 ύϐρίζειςς
2883 2306 2936 2360 τί
2959 2306 3016 2359 δέ
3046 2305 3600 2377 παραδειγματίζεις;
3631 2305 3762 2367 τίδὲ

2174 2392 2392 2461 παίζεις
2414 2435 2430 2460 ,
2463 2393 2656 2466 ῶσπερ
2685 2395 2744 2448 ἐν
2773 2396 2982 2465 σκηνῇς
3017 2394 3210 2465 Ἡμεῖς
3240 2394 3515 2466 ἐρχόμεθα
3541 2395 3609 2451 τὰ
3634 2395 3764 2467 περὶ

2175 2485 2527 2550 ἀναστάσεως
2583 2483 3004 2556 φιλοσοφοῦντες
3028 2526 3043 2550 ,
3109 2485 3322 2548 πάντας
3373 2484 3722 2548 παιδεύοντες
3746 2523 3762 2547 .

2176 2575 2270 2630 καὶ
2301 2577 2431 2640 τοὺς
2462 2574 2688 2645 μηδέπω
2721 2574 3168 2646 πεπληγμένους,
3203 2573 3291 2628 διά
3318 2573 3419 2644 τῆς
3448 2575 3529 2638 είς
3555 2573 3768 2627 ἐκεῖνον

2174 2669 2362 2740 τιμῆς,
2393 2665 2596 2720 εἴποτε
2627 2664 2872 2736 συμϐαίη
2900 2682 2954 2718 τι
2980 2663 3243 2731 τοιοῦτον,
3270 2663 3460 2735 φέρειν
3481 2661 3765 2732 γενναίωςι

2177 2756 2242 2810 σὺ
2288 2755 2347 2810 δέ
2397 2753 2553 2822 ἀγεις
2597 2753 2724 2818 τοὺς
2768 2751 2837 2807 τὰ
2880 2753 3124 2825 ήμέτερα
3160 2750 3584 2822 καθαιροῦντας,
3617 2750 3679 2805 τό
3704 2768 3768 2820 γε

2176 2834 2354 2898 αὐτῶν
2388 2843 2582 2915 μέρος;

2248 3021 2322 3088 ς’.
2346 3020 2412 3073 Τί
2432 3016 2623 3073 τούτου
2642 3017 2736 3071 τοῦ
2754 3016 2991 3088 γέλωτος
3009 3017 3104 3070 καὶ
3123 3016 3223 3087 τῆς
3249 3016 3538 3086 χλευασίας
3554 3017 3768 3088 χεῖρον;

2174 3109 2227 3163 τί
2255 3108 2464 3179 ταύτης
2504 3107 2604 3177 τῆς
2651 3104 2971 3177 ἀνωμαλίας
3026 3103 3368 3176 βαρύτερον;
3428 3103 3768 3175 Αίσχύνθητι

2176 3197 2273 3253 καὶ
2302 3194 2612 3269 ἐντράπητε
2647 3210 2660 3223 ·
2698 3195 2748 3247 εί
2781 3193 2838 3246 δὲ
2878 3192 2953 3264 μή
2995 3191 3272 3260 βούλεσθε,
3306 3193 3468 3264 ἡμεῖς
3512 3192 3614 3246 οὐκ
3671 3193 3766 3247 ἀν-

2176 3285 2418 3356 εχόμεθα
2451 3284 2549 3356 ἔθη
2568 3282 2795 3336 τοιαῦτα
2824 3279 3046 3353 ὀλέθρια
3075 3283 3143 3352 τῇ
3177 3278 3445 3353 ἐκκλησίᾳ
3471 3282 3768 3352 ἐπεισαγα-

2175 3377 2327 3445 γεῖν·
2370 3371 2516 3440 Τοὺς
2578 3370 2688 3442 γὰρ
2745 3368 3222 3439 ἁμαρτάνοντας,
3267 3369 3454 3439 φησὶν,
3509 3369 3769 3425 ἐνώπιον

2175 3465 2417 3518 πάντων
2439 3460 2675 3530 ἔλεγχε.
2717 3457 3019 3521 Κάκείναις
3041 3457 3098 3512 δέ
3119 3459 3239 3521 ταῖς
3266 3455 3638 3529 ταλαιπώροις
3675 3460 3770 3512 καὶ

2175 3549 2390 3614 ἀθλίαις
2419 3549 2488 3602 δι’
2529 3545 2686 3620 ὑμῶν
2721 3544 3164 3617 ἀπαγορεύομεν,
3191 3545 3462 3615 μηδέποτε
3496 3547 3618 3610 ταῖς
3656 3545 3768 3600 τῶν

2177 3639 2386 3694 πιστῶν
2416 3638 2680 3709 ἐκφοραῖς
2701 3634 3025 3697 ἐπεισιέναι,
3056 3633 3144 3688 ἵνα
3173 3634 3248 3706 μὴ
3300 3634 3472 3699 δντως
3493 3635 3562 3690 τὰ
3588 3638 3769 3692 οίκεῖα

2175 3727 2347 3791 αὐτὰς
2378 3727 2782 3796 ἀναγκάσωμεν
2813 3723 3031 3795 θρηνεῖν
3060 3725 3228 3789 κακὰ,
3255 3724 3348 3778 καὶ
3380 3723 3768 3795 παιδεύσωμεν

2179 3819 2253 3890 μὴ
2291 3819 2348 3870 ἐν
2405 3813 2709 3885 ἀλλοτρίοις
2750 3811 2926 3866 ταῦτα
2978 3815 3184 3876 ποιεῖν,
3228 3812 3367 3866 ἀλλά
3406 3813 3506 3878 τάς
3554 3815 3768 3880 οἰκείας

2179 3906 2466 3977 συμφορὰς
2516 3901 2716 3972 μᾶλλον
2761 3899 3050 3969 ὀδύρεσθαι
3086 3916 3098 3929 '
3133 3901 3227 3953 καὶ
3269 3898 3380 3971 γὰρ
3439 3901 3531 3955 καὶ
3581 3905 3766 3976 πατὴρ

2178 3993 2572 4063 φιλόστοργος,
2625 3990 2753 4044 ὅταν
2800 3987 2914 4041 υἱὸν
2960 3986 3196 4041 ἄτακτον
3257 3987 3376 4062 ἔχῃ,
3427 3988 3528 4042 ούκ
3573 3989 3768 4062 ἐκείνῳ

2177 4085 2340 4154 μόνον
2381 4081 2642 4151 παραινεῖ
2680 4077 2758 4148 μὴ
2787 4075 3114 4147 πλησιάζειν
3148 4078 3262 4138 τοῖς
3303 4080 3584 4148 πονηροῖς.
3627 4078 3766 4134 ἀλλά

2176 4170 2272 4225 καὶ
2299 4168 2542 4231 ἐκείνους
2559 4167 2715 4237 φοϐεῖ
2742 4180 2788 4220 ιι.
2836 4165 2967 4219 Ἰδοὺ
2996 4164 3174 4216 τοίνυν
3199 4165 3290 4217 καὶ
3322 4164 3454 4235 ύμῖν
3479 4165 3767 4231 κάκείναις

2176 4259 2242 4312 δι’
2297 4257 2453 4328 ὑμῶν
2512 4254 2785 4325 παραινῶ,
2837 4253 2978 4306 ὣστε
3043 4253 3183 4322 μήτε
3237 4252 3383 4322 ὑμᾶς
3437 4251 3620 4306 καλεῖν
3665 4257 3766 4320 τὰς

2175 4347 2452 4411 τοιαύτας,
2491 4345 2629 4416 μήτε
2654 4342 2870 4407 ἐκείνας
2906 4340 3333 4412 παραγίνεσθαι.
3403 4342 3514 4396 Καὶ
3555 4344 3768 4411 γένοιτο

2177 4437 2281 4508 μὲν
2309 4435 2401 4488 τὸν
2435 4431 2593 4502 λόγον
2626 4450 2679 4486 τι
2712 4428 3053 4504 ἐργάσασθαι
3081 4428 3242 4482 πλέον
3270 4429 3363 4483 καὶ
3409 4429 3508 4502 τὴν
3538 4430 3767 4504 ἀπειλὴν

2180 4525 2397 4596 ἰσχῦσαι
2423 4540 2437 4555 ο
2471 4522 2620 4588 εἰδὲ,
2657 4523 2796 4593 ὅπερ
2825 4520 3018 4590 ἀπείη,
3047 4519 3578 4592 καταφρονηθῶμεν,
3609 4522 3771 4592 ἀναγο

2176 4612 2574 4686 κασθησόμεθα
2612 4611 2804 4666 λοιπὸν
2837 4612 2916 4675 είς
2944 4608 3108 4681 ἔργον
3133 4611 3364 4678 ἀγαγεῖν
3387 4607 3488 4680 τὴν
3511 4608 3766 4682 ἀπειλὴν,

2178 4705 2324 4774 ὑμᾶς
2361 4702 2459 4774 μὲν
2482 4704 2594 4767 τοῖς
2625 4702 2814 4772 νόμοις
2853 4699 3205 4762 παιδεύοντες
3235 4700 3347 4762 τοῖς
3375 4698 3765 4770 ἐκκλησιαστι-

2177 4794 2315 4854 κοῖς,
2348 4789 2562 4854 ἐκείνας
2589 4790 2647 4844 δέ
2671 4790 2748 4854 ὡς
2781 4785 3343 4866 ἐκείναις-προσῆκόν
3378 4787 3550 4840 ἐστιν.
3611 4787 3674 4841 El
3709 4787 3766 4842 δέ

2175 4897 2261 4944 τις
2291 4877 2840 4948 ἀπαυθαδιαζόμενος
2866 4869 3222 4947 καταφρονεῖ,
3261 4871 3376 4946 [49]
3401 4873 3648 4927 ἀκουέτω
3668 4875 3764 4929 τοῦ

2174 4964 2414 5036 Χριστοῦ
2473 4965 2724 5034 λέγοντος
2769 4965 2864 5018 καὶ
2922 4961 3021 5017 νῦν
3052 4977 3065 4989 ·
3117 4959 3253 5015 Ἐὰν
3281 4963 3313 5014 ό
3341 4959 3606 5030 ἀδελφός
3645 4976 3764 5017 σου

2174 5051 2488 5123 ἁμαρτήσῃ
2520 5055 2609 5119 είς
2636 5051 2734 5115 σὲ,
2782 5051 2994 5120 ὕπαγε,
3027 5048 3280 5118 ἔλεγξον
3313 5048 3503 5101 αὑτὸν
3532 5049 3764 5119 μεταξὺ

2173 5142 2292 5196 σοῦ
2322 5141 2420 5196 καὶ
2461 5141 2651 5196 αὑτοῦ
2681 5139 2875 5208 μόνου
2895 5156 2910 5170 ο
2959 5139 3013 5191 εί
3045 5135 3113 5188 δὲ
3141 5137 3227 5203 μὴ
3263 5136 3545 5197 πείθοιτο,
3571 5138 3762 5205 παρά-

2171 5232 2319 5284 λαϐε
2350 5228 2504 5298 μετὰ
2541 5225 2805 5282 σεαυτοῦ
2848 5224 2958 5278 ἕνα
2991 5223 3029 5292 ἢ
3068 5222 3179 5276 δύο
3213 5238 3226 5251 ·
3257 5221 3399 5276 εἰδὲ
3434 5224 3534 5277 καί
3572 5225 3764 5294 οὕτως

2170 5316 2503 5387 ἀντιλέγοι,
2551 5316 2681 5368 εἰπὲ
2714 5311 2786 5381 τῇ
2849 5310 3219 5380 Ἐκκλησίςι’
3272 5312 3326 5365 εί
3381 5310 3450 5364 δὲ
3493 5311 3593 5365 καί
3650 5313 3764 5382 τῆς

2183 5405 2543 5473 Ἐκκλησίας
2587 5403 3065 5470 παρακούσειεν.
3112 5401 3275 5455 ἔστω
3304 5415 3404 5454 σοι
3436 5401 3512 5464 ὡς
3539 5404 3572 5454 ό
3600 5401 3759 5456 ἐθνι-

2230 5603 2256 5632 ⁸¹
2281 5603 2471 5654 Caetera
2486 5613 2652 5663 usque
2675 5599 2734 5650 ad
2761 5601 3135 5663 nneimhomiliae
3153 5599 3452 5663 deﬁciuntih
3474 5597 3761 5663 Colbcrlinp

2165 5661 2896 5736 quicq‘eL-seqp‘eqsﬁomiﬁg
2948 5661 3120 5736 quiqui
3151 5662 3346 5736 ongissjs
3373 5662 3673 5736 .qqipusdam
3698 5662 3762 5736 ab

2166 5725 2308 5836 illiti;
2330 5727 2496 5834 lggeis,
2540 5725 2716 5788 incipit
2748 5725 2807 5778 ab
2833 5724 2908 5777 his
2929 5724 3095 5778 VErbis
3124 5741 3134 5773 :
3167 5727 3230 5794 μὴ
3251 5728 3340 5789 γὰρ
3363 5724 3526 5780 ἁπλῶς
3544 5730 3759 5794 προσχῇς

2164 5806 2232 5851 τῳ
2294 5805 2350 5851 εχ
2377 5801 2488 5837 em.
