2104 3228
152 159 193 188 ιό

155 221 201 244 ret
215 214 270 253 (ἢ.
282 214 358 245 Ecce
371 222 438 251 ergo
453 222 506 244 nos
527 222 636 251 quoque
647 220 674 243 et
689 222 737 243 vos
749 220 777 243 et
791 215 850 243 illas
863 223 911 251 per
921 223 971 242 vos

156 261 315 296 hortamur,
328 265 360 290 ut
371 268 424 290 nec
436 268 488 290 vos
513 261 574 289 illas
589 262 701 294 vocetis,
718 269 805 296 neque
824 261 878 289 ilhc
893 269 971 289 acce-

162 311 243 337 dant.
259 309 297 337 Et
311 309 381 338 fuit
395 310 508 346 quidem
523 311 596 339 Dens
608 316 638 339 ut
649 319 742 340 sermo
757 312 857 348 aliquid
872 312 972 340 eftlciat

162 355 292 392 amplius,
312 361 343 384 et
354 357 467 385 valeant
480 357 564 385 minze
578 366 586 384 :
602 358 643 385 sin
669 362 771 391 autem,
797 358 869 393 quod
890 357 972 391 absit,

165 403 334 439 mtiliti
349 403 439 432 simus
453 403 552 436 habili,
561 411 674 432 necesse
687 404 818 431 habemus
825 404 860 431 de
872 408 972 431 cretero

167 449 252 478 minas
265 449 409 478 deducere
419 449 453 478 ad
471 449 611 484 ed'eetum,
631 458 680 478 vos
692 450 802 486 quidem
816 450 971 478 erudientes

166 495 500 532 legibueeclesiasticis,
522 496 584 524 illas
609 500 698 523 autem
715 501 744 523 ut
766 495 819 523 illis
835 495 965 523 convenit

163 542 192 571 Si
204 542 374 579 gdsautem
387 546 549 578 arroganter
561 546 589 570 et
608 542 757 570 insolenter
771 550 801 569 se
813 549 911 577 gerens
922 540 972 568 dc-

163 588 255 623 Ipieit,
270 588 368 618 audiat
389 588 531 618 Christum
548 597 621 617 nunc
645 597 754 625 quoque
768 589 902 617 dicentem
919 597 926 615 :
942 588 974 616 Si

164 635 308 670 peoora-it
319 635 348 662 in
363 639 388 662 te
399 634 482 671 frater
494 639 564 669 tuus,
577 634 651 668 vade,
663 643 744 670 argue
758 643 814 662 eum
831 635 897 662 inter
910 640 934 661 te
951 638 974 661 et

162 680 250 715 ipa.
260 680 349 708 nolenti
363 688 375 708 :
388 680 412 708 ai
423 684 570 708 autemnon
585 684 682 717 pareat,
698 681 786 716 accipe
796 684 879 707 tecum
893 688 973 707 unum

162 731 209 754 ut
218 725 288 754 hoc
297 734 310 755 :
319 727 344 754 si
354 730 441 755 autem
451 727 530 754 etiam
543 727 582 754 sic
596 727 764 760 contradicat,
778 727 820 754 dic
830 724 952 754 Ecclesia:
964 733 974 753 :

163 773 188 800 Ii
198 777 287 800 man
301 772 451 801 Ecclesium
465 781 566 809 quoque
578 781 630 800 non
647 772 737 800 audiat
748 793 756 806 ,
783 773 815 800 sit
843 773 890 799 tibi
909 777 974 799 tant-

163 824 245 854 φα
258 818 380 847 altrim
394 818 586 855 «publicanus
599 818 716 854 (Matth.
732 818 776 846 18.
792 818 825 846 15
839 833 853 839 -
868 819 928 851 17),
944 817 972 845 Si

163 868 257 893 autem
269 871 337 893 eum
350 864 397 900 qui
413 864 440 892 in
456 872 501 892 me
516 869 622 900 peccat,
636 872 697 892 cum
709 872 762 891 non
785 864 917 899 paruerit,
934 864 974 891 sic

160 911 242 947 jubet
253 910 378 939 aversari
393 919 401 938 :
415 911 443 939 in
458 918 533 944 eum,
544 911 590 946 qui
605 911 630 938 in
643 918 673 938 se
684 914 778 946 peccat
791 914 818 938 et
829 910 856 937 in
877 910 972 942 Deum,

163 956 306 993 quomodo
318 963 366 984 me
377 963 475 993 gerere
492 956 608 984 debeam
624 963 671 984 vos
682 956 804 992 judicate
816 965 822 983 :
834 963 883 983 vos
900 956 973 984 enim

164 1010 219 1032 nos
229 1003 435 1036 condemnatis,
457 1002 504 1039 qui
520 1010 575 1030 non
589 1003 708 1031 molliter
723 1007 751 1030 ct
764 1003 863 1030 leniter
884 1002 974 1030 vobis-

162 1057 229 1078 cum
254 1049 374 1086 agimus.
398 1048 428 1078 Si
449 1049 512 1085 quis
533 1053 625 1077 autem
652 1049 803 1077 contemnit
828 1056 887 1083 qua:
911 1054 972 1076 sunt

162 1096 239 1133 apud
250 1102 304 1124 nos
314 1095 436 1127 vincula,
452 1103 516 1124 eum
540 1100 635 1124 rursus
647 1095 774 1123 Christus
789 1094 897 1122 erudiat
910 1116 917 1127 ,
934 1095 975 1121 di-

161 1148 233 1171 cens
248 1149 259 1169 :
275 1141 452 1178 Quocumque
466 1141 609 1177 tigaveritit
625 1149 704 1177 supra
717 1145 822 1174 terrain,
841 1146 914 1168 erunt
941 1141 974 1167 ti-

161 1192 228 1226 ght:
237 1193 265 1216 et
275 1188 306 1216 in
319 1188 384 1216 acto
398 1195 409 1215 :
422 1191 446 1215 et
458 1195 627 1223 quaeautque
636 1187 763 1215 solveritis
777 1195 856 1222 supra
867 1192 974 1218 (errant,

161 1235 376 1264 malum“
387 1234 417 1262 in
433 1234 498 1262 ca-lo
511 1233 622 1268 (Matth.
638 1234 683 1261 16.
703 1233 760 1269 19).
777 1233 844 1261 Nam
869 1233 975 1262 etiamsi

161 1281 317 1310 minus
331 1280 426 1308 miseri
439 1284 470 1308 et
481 1279 573 1314 nihili,
584 1283 612 1307 ct
633 1279 707 1314 digni
721 1279 768 1315 qui
783 1279 974 1315 de5piciamur,

160 1328 238 1357 sicut
248 1334 349 1356 revera
361 1326 436 1363 digni
451 1334 558 1360 sumus,
570 1334 624 1354 non
636 1330 727 1354 tamen
741 1334 791 1354 nos
805 1326 974 1360 ulciscimur,

161 1381 258 1411 neque
275 1373 348 1402 iram
357 1372 514 1406 referimus,
529 1372 578 1400 sed
588 1372 683 1400 salutis
699 1377 798 1400 vestrae
817 1380 909 1400 curam
927 1380 975 1408 ge-

160 1421 262 1449 rimu-
283 1418 462 1451 .Erubescite,
486 1426 591 1454 quaret),
611 1423 639 1447 et
651 1419 756 1454 pudore
780 1419 975 1446 sufl‘undimini.

161 1466 233 1502 Nam
243 1465 270 1494 si
280 1465 344 1501 quis
356 1461 409 1494 fert
418 1465 535 1493 amicum
549 1465 593 1500 qui
607 1465 800 1493 vehementius
820 1472 900 1499 quam
927 1472 976 1499 par

161 1513 202 1541 lit
215 1511 369 1544 invehitur,
389 1510 551 1539 examinans
564 1511 624 1545 ejus
637 1518 750 1546 scopum
766 1515 794 1538 et
809 1510 973 1543 institutum,

161 1563 191 1587 et
201 1556 279 1594 quod
289 1557 345 1586 hoc
358 1557 452 1585 animo
463 1557 529 1585 facit
541 1557 685 1591 benevolo,
700 1564 755 1585 non
779 1565 828 1592 per
843 1564 976 1592 arrogan-

163 1605 232 1632 tiam
247 1611 257 1632 :
273 1602 362 1632 multo
376 1602 463 1638 magis
477 1601 552 1631 ferre
575 1602 682 1631 debetis
696 1603 857 1638 magistrum
886 1602 974 1629 incre-

160 1655 293 1686 pantem,
305 1654 335 1678 et
347 1649 507 1685 magistrum
520 1649 566 1685 qui
580 1657 631 1677 nec
644 1650 703 1685 ipse
728 1649 786 1677 haec
798 1649 864 1676 dicit
883 1657 916 1677 ex
932 1656 975 1676 au-

162 1696 306 1729 ctoritate.
314 1703 406 1731 neque
418 1696 504 1724 instar
516 1695 657 1731 principis,
668 1695 716 1723 sed
734 1695 821 1723 instar
830 1695 973 1722 curatoris.

163 1742 262 1778 Neque
274 1741 351 1770 enim
365 1741 425 1769 lure
436 1741 554 1769 dicimus
566 1741 688 1769 volentes
700 1744 838 1769 ostentare
856 1744 974 1775 potesta-

166 1794 245 1819 tem:
258 1787 404 1825 Quomodo
415 1788 501 1822 enim,
524 1787 570 1823 qui
585 1792 710 1823 optamus
726 1792 756 1815 ut
771 1795 820 1815 nec
833 1787 867 1814 ad
882 1794 977 1814 eorum

166 1835 286 1866 veniatis
322 1834 545 1872 experientiam?
571 1833 620 1862 sed
642 1834 678 1862 de
704 1833 782 1861 vobis
807 1833 932 1861 dolentes
951 1838 978 1861 et

163 1883 342 1920 plangente;
369 1881 524 1917 Ignoscite,
545 1885 574 1908 et
589 1887 671 1907 nemo
686 1879 793 1907 vincula
821 1884 978 1907 contemnant

163 1927 355 1960 eeclesiastia
370 1934 380 1955 :
391 1933 446 1954 non
460 1930 504 1954 est
514 1926 588 1954 enim
600 1926 683 1954 homo
691 1925 736 1961 qui
747 1925 823 1961 ligat.
834 1925 880 1953 sed
896 1924 977 1952 Chri-

163 1979 239 2008 stus,
252 1973 301 2010 qui
310 1972 391 2002 nobis
404 1972 480 2001 dedit
493 1972 566 2001 hanc
580 1971 679 2007 ligandi
695 1976 868 2007 potestatem,
878 1977 903 1999 et
919 1971 979 1999 e-‘ti-

162 2021 248 2049 ciens
260 2023 293 2048 ut
306 2019 434 2047 homines
449 2018 477 2046 in
503 2025 551 2045 sua
577 2021 711 2053 potestate
735 2017 853 2045 habeant
873 2022 976 2045 tantum

164 2069 316 2096 honorem.
327 2065 397 2094 Nam
411 2073 462 2094 nos
472 2064 584 2101 quidem
600 2065 641 2092 uti
655 2064 781 2092 volumus
794 2069 928 2100 potestate
942 2064 976 2092 ad

219 2169 260 2200 (ιι)
275 2166 334 2193 Huc
342 2166 434 2191 desinit
443 2163 549 2190 Homilia
560 2166 646 2195 quarta
657 2162 680 2187 in
690 2161 832 2187 Colbertiuo
843 2161 940 2187 Codice.

883 2254 1052 2285 HOMILIA

167 2321 239 2351 Cn.
259 2319 291 2348 2.
319 2327 348 2347 v.
363 2318 410 2348 £6.
429 2317 568 2354 Nusquam
586 2318 654 2346 enim
674 2316 780 2353 angelos
797 2316 983 2352 apprehendit,

203 2367 257 2397 ut!
269 2375 359 2396 unum
371 2365 483 2394 Abralue
494 2363 673 2400 apprehendit.
693 2363 736 2390 17.
754 2362 829 2390 Unde
841 2362 926 2389 debuit
939 2370 985 2397 per

205 2413 302 2444 antlia
316 2411 441 2449 fratribus
455 2410 576 2439 oimilari.
926 2400 928 2402 ⁷

205 2461 236 2490 1.
259 2459 313 2487 ΒΔ
325 2466 388 2494 ergo
399 2465 480 2495 genus
489 2457 632 2485 humanum
643 2460 741 2492 quanta
756 2455 940 2490 munificentia.
949 2470 986 2475 —-

169 2506 278 2539 Valens
296 2504 402 2534 Paulus
425 2502 572 2532 ostendere
594 2502 706 2530 multam
727 2501 775 2529 Dei
790 2501 983 2536 benignitatem

167 2558 197 2582 et
210 2552 358 2581 caritatem
374 2557 455 2585 quam
471 2547 569 2577 habuit
588 2547 615 2576 in
627 2555 714 2583 genus
734 2547 895 2580 humanum,
911 2550 985 2581 post-

165 2606 254 2636 quam
265 2597 349 2631 dixit,
367 2596 437 2632 Quia
446 2603 509 2632 ergo
521 2595 597 2631 pueri
611 2594 863 2622 communicaverunt
876 2594 948 2621 carni
961 2598 985 2620 ct

164 2644 315 2683 sanguini.
340 2649 367 2672 et
386 2644 444 2680 ipsa
464 2643 583 2671 similiter
596 2642 760 2678 participant?
774 2642 868 2669 eisdem
888 2641 983 2676 (Ilcbr.

163 2693 197 2721 2.
211 2691 273 2728 14),
289 2690 366 2720 hunc
379 2690 471 2718 locum
484 2689 603 2726 explicat
624 2694 653 2717 et
667 2688 850 2724 persequitur,
867 2688 961 2716 dicens
976 2698 983 2716 :

167 2739 314 2777 Nusquam
331 2737 402 2766 enim
411 2737 519 2774 angelos
540 2736 726 2773 apprehendit.
736 2735 776 2764 Ne
799 2736 872 2764 cnim
889 2737 985 2764 leviter

164 2785 299 2815 attendas
311 2784 338 2814 ei
353 2784 427 2821 quod
442 2783 546 2812 dictum
571 2788 624 2816 est,
641 2790 730 2818 neque
749 2791 806 2811 rem
822 2783 910 2811 levem
923 2790 984 2811 esse

164 2831 325 2864 existima,
338 2829 413 2867 quod
426 2830 486 2866 ipse
497 2836 606 2858 carnem
616 2833 737 2856 nostram
747 2829 916 2865 susceperit:
930 2837 983 2857 non

163 2879 243 2908 enim
259 2878 317 2908 hoc
330 2877 444 2906 donavit
458 2876 575 2912 angelis.
589 2875 651 2904 Ideo
665 2875 702 2903 ait
712 2883 718 2901 :
728 2874 789 2903 Non
805 2876 871 2903 enim
879 2876 984 2911 angelos

164 2923 354 2962 apprehendit,
369 2923 415 2968 sed
429 2930 516 2967 tamen
533 2921 652 2950 Atra/uc.
670 2921 739 2957 Quid
755 2921 882 2961 estquod
902 2921 984 2950 dicit?

613 157 647 186 IN
667 155 777 184 El'IST.
800 154 844 182 Al)
865 152 1049 182 llEBiizEOS.
1070 151 1147 179 C.\l’.
1179 150 1210 179 ll.
1234 150 1350 178 llOlll‘L
1372 149 1405 176 ν.
1799 150 1834 178 ιε

1028 206 1186 233 solvendum
1202 214 1209 232 τ
1226 204 1281 232 itno
1297 211 1360 231 vero
1374 203 1504 231 vellemus
1519 211 1553 231 ne
1569 202 1619 230 hoc
1629 202 1738 238 quidem
1752 204 1830 230 nobis

1029 259 1090 280 esse
1112 259 1223 279 necesse
1239 260 1247 278 :
1267 250 1369 277 nttllum
1383 250 1456 277 enim
1471 249 1595 276 volumus
1607 256 1667 276 esse
1682 248 1753 283 apud
1779 256 1830 275 nos

1028 299 1146 326 vincttnu
1158 306 1165 330 ;
1180 305 1232 325 non
1246 297 1314 324 adeo
1333 304 1427 324 sumus
1439 296 1560 323 infelices
1574 299 1601 323 et
1612 294 1713 327 miseri,
1723 294 1830 322 etiamsi

1027 348 1111 375 simus
1125 347 1203 381 plane
1214 345 1302 373 nihili.
1314 344 1368 372 Sed
1378 345 1399 371 si
1416 351 1528 371 necesse
1543 343 1732 374 habuerimus,
1751 342 1830 377 igno-

1026 394 1115 421 scite:
1132 401 1184 420 non
1205 392 1275 420 enitn
1297 391 1420 419 lubentes
1443 398 1494 418 nec
1520 390 1654 421 volentes,
1670 388 1717 416 sed
1742 389 1829 423 magis
1851 390 1854 394 '

1026 448 1107 476 quam
1123 447 1171 466 vos
1189 439 1269 465 vincti
1281 438 1415 469 dolentes,
1434 436 1539 463 vincula
1557 436 1706 471 injicimus.
1723 434 1751 462 Si
1766 434 1829 469 quis

1025 492 1116 514 autem
1134 494 1165 513 ea
1181 489 1339 512 cantemuat
1352 504 1359 515 ,
1375 483 1500 510 adveniet
1528 486 1635 516 tempus
1648 481 1741 515 judicii
1756 480 1829 516 quod

1026 536 1114 570 ipsum
1127 533 1233 560 doceat.
1249 530 1324 564 Quod
1339 534 1422 557 restat
1449 529 1511 556 nolo
1532 528 1635 560 dicere,
1651 535 1685 554 ne
1709 532 1828 554 vestram

1026 585 1142 609 tuentem
1161 579 1264 606 feriam.
1280 577 1346 604 Nam
1362 583 1411 603 nos
1425 575 1533 610 quidem
1551 575 1666 609 primutn
1683 581 1827 608 precamur

1025 633 1055 656 ut
1080 635 1132 655 non
1156 633 1270 653 necesse
1293 624 1467 651 habeamus:
1485 622 1532 649 sed
1556 622 1578 649 si
1605 628 1718 648 necesse
1734 620 1826 652 fuerit,

1024 679 1147 701 nostrum
1158 678 1256 699 munus
1266 670 1421 705 itnplemus,
1439 668 1547 695 vincula
1561 667 1708 702 injicimus.
1725 666 1753 694 Si
1767 667 1828 701 quis

1024 726 1115 748 autem
1131 726 1162 747 ea
1187 717 1357 754 perfregerit,
1375 723 1426 751 ego
1453 714 1525 750 quod
1542 722 1633 742 meum
1648 718 1689 741 est
1714 712 1783 746 feci,
1802 718 1830 740 et

1025 774 1084 794 sum
1100 766 1134 793 de
1149 769 1248 792 caetero
1270 763 1335 791 nulli
1350 762 1439 797 culprc
1453 761 1545 801 afﬁnis
1559 770 1565 788 :
1578 760 1612 787 de
1624 767 1657 787 eo
1672 764 1762 786 autem
1776 759 1830 786 erit

1026 813 1073 840 tibi
1089 811 1294 847 disceptandum
1308 817 1368 837 cum
1381 816 1414 836 co
1426 809 1470 844 qui
1484 807 1617 843 mejussit
1627 807 1720 842 ligare.
1736 805 1829 839 Neque

1026 856 1098 883 enim
1116 856 1138 882 si
1155 863 1217 890 rege
1240 854 1422 889 praesidente,
1439 862 1471 881 cx
1489 853 1642 881 astantibus
1664 850 1828 878 satellitibus

1023 901 1116 937 jussus
1131 902 1166 929 sit
1178 902 1311 936 quispiam
1322 900 1425 928 vincire
1439 900 1556 935 aliquem
1572 907 1605 926 ex
1620 899 1744 929 cohorte,
1762 901 1790 923 et
1802 896 1827 923 ei

1027 948 1132 975 rincula
1147 948 1267 982 injicere,
1282 947 1326 974 ille
1342 951 1431 973 autem
1444 954 1497 973 non
1507 945 1596 973 solum
1608 951 1671 971 eum
1686 942 1828 977 repnlerit,

1026 994 1073 1022 sed
1089 994 1169 1021 etiam
1184 992 1289 1020 vincula
1304 992 1474 1025 contriverit,
1489 996 1530 1019 est
1541 990 1650 1019 satelles
1662 989 1705 1024 qui
1717 988 1830 1016 affectus

1028 1046 1068 1068 est
1091 1039 1266 1071 contumelia,
1282 1038 1330 1066 scd
1346 1038 1431 1065 multo
1456 1037 1541 1072 magis
1558 1043 1605 1064 rex
1621 1035 1665 1073 qui
1689 1034 1778 1069 jttSsit.
1801 1033 1831 1060 Si

1028 1088 1102 1116 enim
1116 1095 1176 1122 qua:
1191 1086 1257 1114 fiunt
1271 1087 1296 1113 in
1322 1085 1426 1118 ﬁdeles,
1454 1085 1511 1119 ipse
1538 1083 1589 1110 sibi
1615 1083 1683 1109 facta
1698 1084 1806 1116 reputat
1821 1087 1829 1106 :

1031 1134 1139 1169 quando
1163 1132 1327 1161 contumelia
1342 1131 1451 1158 aftieitis
1473 1137 1531 1162 eos,
1558 1129 1657 1164 quibus
1674 1127 1830 1161 impositum

1030 1181 1081 1208 fuit
1094 1187 1192 1208 muntts
1207 1177 1332 1209 docendi,
1346 1177 1432 1204 multo
1447 1176 1531 1210 magis
1547 1174 1680 1201 afficietur
1696 1178 1831 1207 tamquam

1033 1228 1090 1262 ipse
1105 1225 1295 1254 contumeliam
1307 1223 1453 1258 acceperit.
1469 1221 1521 1250 Sed
1537 1221 1629 1253 absit,
1648 1225 1676 1247 ut
1696 1219 1831 1254 quispiam

1031 1282 1064 1301 ex
1086 1273 1119 1300 iis
1130 1272 1175 1306 qui
1191 1275 1253 1298 sunt
1264 1270 1290 1297 in
1306 1270 1355 1296 hac
1371 1268 1495 1298 ecclesia,
1511 1266 1544 1294 ad
1560 1267 1627 1293 hanc
1637 1265 1726 1292 veniat
1739 1271 1833 1292 neces-

1031 1321 1139 1348 sitatem
1156 1316 1318 1352 suscipiendi
1336 1314 1452 1342 vincula.
1477 1313 1543 1341 Nam
1559 1317 1588 1339 ut
1601 1312 1700 1339 bonum
1716 1315 1758 1338 est
1777 1317 1832 1337 non

1030 1373 1151 1402 peccare,
1166 1365 1201 1391 ita
1215 1368 1255 1390 est
1270 1362 1335 1389 utile
1351 1361 1421 1388 ferre
1434 1358 1684 1394 reprehensionem.
1700 1357 1832 1384 Feramus

1032 1401 1096 1448 ctgn
1108 1410 1318 1445 iucrcpationem
1329 1429 1336 1440 ,
1352 1412 1378 1434 ct
1392 1405 1550 1433 Studeamus
1566 1411 1619 1430 non
1635 1409 1763 1437 peccare;
1779 1401 1827 1429 sed

1029 1459 1051 1486 si
1068 1456 1278 1492 peccaverimus,
1288 1453 1405 1481 feramus
1412 1448 1742 1486 repreliensioncm.Sicut
1755 1448 1827 1474 enim

1033 1506 1132 1532 bonum
1149 1502 1256 1537 quidem
1273 1504 1314 1527 est
1329 1507 1381 1526 tton
1404 1497 1477 1525 feriri
1491 1504 1498 1528 ;
1515 1495 1563 1523 sed
1578 1495 1599 1522 si
1616 1494 1669 1521 hoc
1692 1493 1831 1525 acciderit,

1030 1549 1222 1586 imponendum
1236 1548 1320 1582 plaga:
1333 1545 1560 1572 medicamentum
1572 1551 1578 1568 :
1590 1541 1624 1568 ita
1641 1545 1668 1568 et
1679 1540 1722 1567 hic
1737 1540 1834 1567 facien-

1029 1598 1104 1625 dttm.
1123 1595 1221 1622 Verum
1237 1593 1317 1624 absit,
1334 1595 1365 1618 ut
1389 1590 1449 1625 quis
1466 1588 1564 1615 talibus
1580 1594 1649 1622 opus
1666 1586 1762 1612 habeat
1777 1594 1834 1612 nte-

1030 1644 1074 1671 dic
1083 1641 1190 1669 mentis
1203 1649 1208 1666 :
1222 1638 1381 1673 Con/idiotas
1393 1635 1465 1663 enim
1478 1634 1508 1661 dc
1523 1633 1591 1661 vobis
1605 1632 1724 1664 meliora,
1736 1635 1760 1658 et
1771 1640 1834 1658 cou-

1030 1693 1151 1717 seutanea
1174 1685 1251 1713 soluti
1265 1704 1273 1716 ,
1296 1682 1398 1710 etiamsi
1419 1681 1455 1708 sic
1479 1680 1608 1715 loquimur
1633 1677 1728 1714 (Hebr.
1750 1677 1777 1704 ti.
1794 1676 1833 1713 9).

1030 1735 1129 1764 Acrius
1137 1738 1227 1760 autem
1243 1735 1270 1758 et
1284 1727 1476 1757 vehementius
1490 1733 1585 1753 sumus
1598 1724 1703 1759 loqttuti
1717 1731 1765 1758 pro
1779 1731 1836 1750 ma-

1030 1781 1082 1816 jori
1099 1779 1233 1808 cautione.
1248 1776 1341 1804 Melius
1357 1778 1399 1801 est
1411 1774 1483 1801 enim
1496 1776 1526 1799 nt
1540 1778 1589 1799 vos
1602 1778 1645 1798 me
1659 1769 1835 1805 snspicemini

1032 1826 1172 1857 audacem,
1187 1830 1288 1851 saevum
1300 1825 1518 1857 stat-rogantem,
1533 1827 1613 1855 quam
1636 1823 1664 1846 ut
1679 1825 1727 1845 νος
1747 1816 1832 1844 faeia-

1031 1872 1068 1899 tis
1086 1878 1119 1898 ea
1130 1876 1191 1905 qua:
1206 1869 1260 1896 Deo
1276 1875 1328 1895 non
1344 1867 1460 1902 placent.
1478 1866 1532 1893 Deo
1550 1869 1640 1892 autem
1654 1863 1829 1897 conﬁdimus,

1033 1918 1101 1946 hanc
1124 1915 1364 1952 reprehensionem
1386 1921 1439 1941 non
1463 1913 1577 1940 futuram
1601 1911 1678 1938 vobis
1692 1910 1828 1942 inutilem,

1032 1966 1079 1993 sed
1093 1972 1141 1992 vos
1162 1964 1197 1990 ita
1212 1961 1364 1991 mutandos.
1376 1965 1404 1987 ut
1426 1960 1451 1986 hi
1467 1966 1605 1986 sermones
1619 1958 1645 1985 in
1657 1957 1755 1984 vestris
1767 1963 1832 1983 con-

1030 2012 1170 2035 sumantur
1188 2005 1319 2034 encomiis
1342 2008 1369 2031 et
1396 2002 1529 2031 laudibus.
1550 2001 1658 2028 Utinam
1686 2005 1776 2027 autem
1788 2007 1832 2026 se.

1026 2053 1145 2081 cundum
1159 2051 1209 2079 Dei
1234 2050 1362 2085 placitum
1385 2049 1519 2081 vivatnns,
1537 2051 1566 2073 ut
1590 2053 1686 2073 omnes
1699 2045 1769 2072 bona
1784 2044 1829 2071 illa

1026 2105 1237 2134 consequamur,
1253 2104 1311 2131 quae
1323 2093 1448 2129 promisit
1463 2094 1534 2121 Deus
1555 2090 1732 2127 diligentibus
1744 2097 1788 2124 sc,
1803 2090 1830 2118 in

1028 2144 1136 2173 Christo
1150 2142 1213 2170 Jesu
1228 2140 1342 2168 Domino
1365 2143 1468 2166 nestro.

1657 2224 1836 2232 ————-——-a

1035 2316 1093 2344 Non
1109 2315 1207 2350 angeli,
1225 2315 1321 2351 inquit,
1332 2313 1514 2349 apprehendit
1528 2317 1664 2345 naturam,
1681 2311 1728 2340 sed
1747 2312 1836 2339 homi—

1036 2362 1160 2396 nis.Quid
1170 2366 1213 2390 est
1223 2366 1322 2393 autem,
1336 2358 1596 2396 Appreliendit?Non
1606 2358 1676 2386 enim
1685 2357 1839 2393 apprchen—

1035 2409 1084 2442 dit,
1102 2409 1198 2443 inquit,
1214 2408 1289 2435 illam
1310 2407 1468 2443 angelorum
1485 2410 1620 2436 naturam,
1632 2404 1679 2432 sed
1705 2409 1836 2431 nostram.

1035 2455 1090 2483 Cur
1104 2459 1193 2482 autem
1211 2461 1263 2481 non
1280 2453 1357 2485 dixit,
1378 2452 1513 2487 Suscepit,
1528 2451 1575 2479 sed
1592 2458 1657 2477 usus
1672 2454 1715 2478 est
1729 2450 1779 2477 hac
1793 2449 1837 2476 di-

1035 2501 1135 2532 ctione,
1154 2499 1349 2536 Apprc/tendit?
1360 2500 1381 2526 A
1399 2498 1557 2532 utentpltora
1573 2504 1666 2524 eortun
1682 2495 1727 2531 qui
1744 2502 1839 2530 persc-

1035 2551 1155 2582 quuntur
1168 2553 1289 2578 aversos,
1310 2550 1336 2573 ct
1348 2545 1439 2572 omnia
1455 2543 1555 2571 faciunt
1570 2547 1599 2569 ut
1613 2542 1747 2576 fugientes
1760 2548 1838 2569 com-

1037 2592 1216 2627 prcltendant,
1225 2596 1251 2620 et
1261 2591 1414 2619 resilientes
1422 2587 1637 2624 appreltendant.
1648 2587 1688 2614 Ab
1700 2587 1838 2622 ipsocnim

1037 2638 1183 2674 fugientem
1199 2638 1343 2666 humanam
1371 2641 1494 2664 naturam
1517 2640 1544 2662 ct
1570 2635 1662 2670 procul
1692 2634 1838 2669 fugientem

1037 2684 1111 2719 (nam
1137 2684 1247 2712 Eramus
1270 2692 1286 2710 a
1310 2682 1378 2715 Dco,
1402 2682 1488 2717 inquit
1513 2681 1639 2713 alienati,
1666 2685 1690 2708 et
1710 2680 1764 2708 sine
1782 2679 1840 2707 Deo

1036 2731 1062 2757 in
1085 2730 1180 2757 mundo
1203 2729 1322 2765 (Ep/tes.
1342 2728 1370 2755 2.
1394 2727 1461 2764 12),
1485 2727 1543 2762 ipse
1564 2732 1751 2762 persequutus,
1763 2733 1840 2753 com-

1036 2776 1189 2813 prehendit.
1218 2775 1343 2803 Ostendit
1377 2782 1439 2802 eum
1469 2774 1494 2802 id
1525 2774 1620 2802 fecisse
1653 2772 1710 2801 sola
1736 2777 1838 2800 tnotum

1029 2825 1208 2860 benignitate,
1220 2824 1344 2858 caritate,
1368 2828 1396 2852 et
1415 2831 1496 2859 quam
1513 2822 1599 2851 nostri
1615 2822 1685 2859 gerit
1703 2830 1778 2850 cura.
1796 2822 1832 2850 llt

1028 2880 1102 2908 ergo,
1121 2870 1230 2907 quando
1245 2870 1321 2902 dicit,
1335 2869 1430 2897 Nonne
1442 2878 1529 2898 omnes
1542 2874 1600 2897 stmt
1617 2868 1830 2896 adntinistratorii

1029 2918 1132 2955 spiritus
1147 2918 1172 2944 in
1194 2916 1361 2944 ministerium
1378 2916 1448 2944 missi
1462 2920 1565 2951 proplcr
1579 2923 1619 2943 eos
1635 2915 1678 2950 qui
1700 2913 1828 2942 Ιιωϊιίὶιιμ
