4208 6472
581 299 654 354 ΙιῚ
1295 303 1352 358 S.
1395 301 1672 359 JOANNIS
1707 295 2183 354 CHRYSOSTOM‘I
2223 293 2541 352 ABCIHEP.
2582 296 3118 355 CONSTANTINOP.
3787 300 3856 358 48

594 413 691 454 tem
721 400 932 472 capiunt
956 402 1136 458 salutis
1170 403 1356 477 (Hebr.
1396 406 1447 461 1.
1478 408 1567 478 14)
1590 406 1614 459 ?
1639 407 1875 464 ostendit
1901 411 1950 465 ei
1975 424 2180 481 magna:

594 509 716 549 esse
743 507 894 550 cura:
920 495 1205 550 humanam
1236 506 1500 562 naturam,
1531 506 1588 553 et
1616 498 1781 553 Deum
1811 499 1927 569 ejus
1957 500 2177 555 multam

596 587 797 642 habere
845 588 1148 643 rationem:
1190 588 1257 641 ita
1298 589 1455 642 etiam
1501 587 1585 645 hic
1629 590 1862 645 ostendit
1912 591 2052 662 quod
2098 602 2183 648 est

600 679 769 734 multo
795 679 965 748 majus
993 695 1019 731 a
1039 679 1458 747 comparatione.
1494 679 1615 733 Non
1648 681 1804 747 enim,
1830 683 2023 753 inquit,
2069 700 2169 756 ap-

589 771 854 839 prehendit
879 770 1108 840 angelos.
1139 769 1235 823 Est
1260 770 1402 825 enim
1429 784 1615 826 revera
1637 788 1911 844 magnum,
1943 776 2177 832 admira-

597 860 703 914 bile
730 868 784 915 et
812 859 1025 928 plenum
1052 870 1290 930 stupore,
1320 862 1461 929 quod
1490 879 1610 934 qua:
1635 874 1720 919 est
1749 880 1815 920 ex
1867 867 2022 921 nobis
2050 883 2178 924 caro

587 950 774 1005 sedeat
818 950 957 1019 apud
1006 965 1254 1020 superos,
1289 961 1344 1007 et
1386 952 1643 1009 adoretur
1683 956 1751 1010 ab
1786 958 1991 1028 angelis
2011 968 2063 1012 ct
2090 974 2180 1013 ar-

583 1041 859 1111 cliangelis
885 1050 939 1096 et
958 1041 1239 1112 Seraphim
1262 1050 1319 1097 et
1347 1042 1658 1101 Cbcrubim.
1687 1045 1803 1101 Hoc
1829 1062 1973 1117 saepe
1998 1058 2176 1104 mente

587 1148 827 1199 versans,
859 1142 1050 1203 stupeo
1081 1143 1134 1189 et
1160 1143 1337 1191 mente
1366 1135 1596 1202 excedo,
1645 1145 1699 1191 et
1744 1153 1933 1209 magna
1964 1141 2033 1195 de
2075 1154 2173 1211 ge-

583 1240 715 1281 nere
747 1223 984 1279 humano
1007 1225 1309 1295 imaginor;
1340 1227 1496 1283 video
1525 1228 1668 1282 enim
1720 1244 1906 1300 magna
1949 1238 2004 1285 et
2033 1246 2172 1300 prm-

582 1319 726 1370 clara
757 1316 998 1385 prmmia,
1031 1326 1084 1371 et
1118 1325 1357 1371 nostram
1396 1325 1642 1372 maturam
1675 1319 1786 1375 Deo
1827 1334 1948 1376 esse
1979 1335 2174 1391 magno

581 1406 782 1462 studio.
817 1407 883 1461 Et
936 1423 1041 1461 non
1070 1407 1206 1462 dixit
1253 1409 1449 1473 solum,
1499 1409 1755 1466 Homines
1780 1412 2170 1482 apprehendit;

582 1499 678 1555 sed
708 1500 895 1554 volens
920 1499 1067 1570 ipsos
1091 1500 1368 1567 extollere,
1412 1509 1467 1555 et
1501 1502 1786 1559 ostendere
1810 1503 2047 1574 ipsorum
2076 1521 2173 1577 ge-

582 1605 684 1644 nus
705 1604 827 1645 esse
854 1605 1103 1661 magnum
1135 1600 1190 1646 et
1237 1589 1632 1656 honorandum,
1660 1593 1792 1647 dicit
1822 1611 1835 1647 :
1870 1594 1977 1651 Sed
2001 1612 2172 1652 semen

581 1683 803 1737 Abrahae
844 1684 1200 1753 apprehendit.
1233 1683 1381 1738 Unde
1409 1684 1577 1737 debuit
1609 1701 1697 1753 per
1724 1687 1897 1740 omnia
1925 1689 2174 1756 fratribus

580 1775 817 1829 similari.
846 1774 984 1843 Quid
1026 1784 1130 1843 est,
1184 1774 1291 1830 Per
1337 1777 1545 1831 omnia?
1582 1776 1725 1845 Fuit,
1778 1777 1967 1850 inquit,
2016 1791 2171 1852 partu

581 1865 779 1930 editus,
802 1875 858 1920 et
880 1867 1134 1930 nutritus,
1154 1876 1206 1921 et
1230 1868 1419 1934 crevit,
1448 1877 1502 1922 et
1529 1883 1717 1939 passus
1746 1880 1828 1925 est
1848 1872 2027 1927 omnia
2050 1889 2170 1943 quae

577 1959 834 2027 oportuit,
861 1968 916 2012 et
938 1958 1152 2012 tandem
1175 1968 1259 2013 est
1285 1967 1528 2015 mortuus
1562 1978 1575 2015 :
1612 1960 1713 2018 hoc
1742 1971 1848 2030 est,
1879 1962 1978 2017 Per
1994 1967 2167 2021 omnia

570 2046 913 2102 assimilatum
934 2064 1041 2102 esse
1062 2050 1324 2120 fratribus.
1347 2049 1480 2105 Nam
1497 2055 1749 2121 quoniam
1774 2056 1940 2109 multa
1955 2055 2168 2114 dixitde

581 2137 706 2205 ejus
735 2138 1015 2207 majestate
1042 2148 1097 2195 et
1112 2154 1342 2210 superna
1361 2141 1551 2212 gloria,
1576 2144 1643 2198 de
1671 2155 1869 2201 caetero
1895 2146 2056 2202 verba
2085 2147 2164 2203 fa-

575 2231 653 2287 cit
672 2229 750 2305 de
800 2231 1225 2302 dispensatione.
1257 2233 1391 2288 Vide
1416 2243 1597 2289 autem
1639 2251 1762 2291 cum
1804 2247 2000 2308 quanta
2032 2254 2160 2309 pru-

573 2322 757 2376 dentia
786 2332 841 2375 et
868 2322 942 2387 vi,
989 2322 1260 2393 quomodo
1304 2325 1476 2393 ipsum
1500 2326 1749 2381 ostendat
1789 2342 2039 2398 magnum
2069 2328 2168 2384 ad-

596 2421 783 2476 bibere
814 2421 1050 2476 studium
1098 2432 1154 2475 ut
1194 2421 1348 2476 nobis
1389 2422 1747 2477 assimiletur:
1773 2420 1915 2490 quod
1961 2418 2176 2489 quidem

590 2520 711 2569 erat
737 2527 942 2583 magna:
968 2527 1112 2567 curre
1139 2521 1194 2568 et
1223 2512 1590 2581 providentiae.
1621 2511 1754 2566 Nam
1791 2526 1915 2566 cum
1943 2511 2177 2566 dixisset

592 2604 861 2673 superius,
883 2605 1016 2672 Quia
1035 2606 1182 2676 pueri
1195 2605 1686 2659 communicaverunt
1702 2605 1846 2658 carni
1855 2614 1901 2659 et
1921 2603 2178 2675 sanguini,

596 2703 644 2747 et
674 2695 783 2764 ipse
806 2696 1041 2751 similiter
1069 2696 1393 2765 participavit
1421 2695 1649 2761 eisdem;
1672 2694 1759 2749 hic
1784 2710 1997 2766 quoque
2025 2694 2175 2758 dicit,

597 2786 698 2840 Per
728 2788 901 2842 omnia
925 2788 1208 2842 similatum
1235 2805 1343 2843 esse
1371 2789 1633 2859 fratribus,
1683 2788 2071 2858 propemodum
2097 2786 2179 2842 di-

590 2893 722 2934 rens
747 2897 760 2934 :
784 2878 885 2948 Qui
910 2888 993 2935 est
1024 2879 1160 2936 adeo
1188 2895 1433 2951 magnus,
1465 2883 1552 2951 qui
1582 2889 1662 2934 est
1683 2879 1937 2951 splendor
1964 2878 2174 2949 glorier,

577 2971 681 3040 equi
712 2979 796 3026 e~t
838 2972 1124 3027 character
1163 2972 1498 3037 substantiae,
1539 2972 1629 3040 qui
1678 2971 1803 3026 fecit
1835 2972 2052 3037 saecula,
2085 2971 2178 3041 qui

574 3060 742 3116 'sedet
762 3062 829 3117 ad
850 3061 1125 3117 dexteram
1160 3062 1356 3128 Patris,
1394 3063 1439 3119 is
1461 3064 1627 3117 voluit
1655 3074 1710 3119 et
1732 3062 1965 3117 studium
1998 3063 2175 3133 pesuit

590 3160 646 3205 ut
686 3151 853 3207 frater
886 3162 1071 3207 noster
1105 3152 1258 3209 ﬁeret
1304 3154 1355 3208 in
1394 3154 1672 3219 omnibus;
1712 3164 1769 3209 et
1808 3153 1933 3209 ideo
1971 3153 2175 3209 dimisit

587 3242 811 3312 angelos
838 3254 891 3298 et
921 3259 1185 3313 supernas
1209 3254 1524 3315 potestates,
1558 3254 1613 3300 et
1637 3246 1705 3300 ad
1747 3259 1846 3300 nos
1870 3244 2171 3312 descendit,

587 3343 643 3389 et
694 3349 793 3388 nos
839 3336 1215 3405 apprehendit.
1262 3337 1541 3407 Perpende
1581 3346 1758 3393 autem
1800 3354 1816 3393 :
1861 3336 1998 3392 bona
2046 3336 2176 3393 fecit

586 3425 1017 3497 innumerabilia,
1068 3438 1295 3484 mortem
1339 3429 1518 3508 fregit,
1575 3446 1605 3485 a
1647 3430 1843 3485 diaboli
1893 3431 2174 3503 tyrannide

586 3531 684 3571 nos
724 3521 940 3587 eripuit,
987 3534 1017 3574 a
1069 3522 1327 3576 servitute
1378 3537 1473 3576 nos
1525 3522 1949 3576 liberavitmon
1997 3521 2169 3575 solum

580 3608 921 3666 fraternitate
949 3612 1249 3674 honoravit.
1279 3615 1372 3668 sed
1404 3616 1565 3670 etiam
1594 3614 1713 3668 aliis
1761 3612 2169 3668 innumerabili.

581 3697 705 3755 bus.
736 3698 915 3757 Voluit
955 3716 1077 3759 esse
1107 3713 1291 3760 noster
1320 3705 1554 3775 pontifex
1591 3705 1730 3775 apud
1762 3705 2006 3771 Patrem;
2036 3704 2167 3761 sub-

576 3790 747 3862 iungit
773 3795 917 3848 enim
949 3815 962 3851 :
997 3795 1064 3850 Ut
1092 3797 1378 3851 misericors
1408 3798 1611 3866 ﬁeretct
1636 3797 1803 3866 ﬁdelis
1833 3795 2076 3867 Pontifex
2099 3796 2168 3850 ad

579 3880 768 3937 Deum.
806 3883 1119 3954 Propterea,
1166 3888 1355 3956 inquit,
1391 3901 1608 3942 carnem
1641 3896 1877 3941 nostram
1907 3886 2164 3957 suscepit,

579 3982 797 4045 propter
821 3975 1200 4048 benignitatem
1228 3980 1400 4033 solum
1428 3988 1484 4034 et
1516 3979 1880 4043 clementiam,
1912 3989 1968 4033 ut
1993 3979 2163 4033 nostri

578 4064 947 4121 misereretur.
975 4067 1091 4122 Non
1133 4078 1216 4123 est
1244 4069 1387 4123 enim
1417 4068 1519 4123 alia
1551 4068 1972 4137 dispensationis
2001 4082 2164 4125 causa

566 4170 733 4225 quam
766 4157 880 4212 haec
907 4159 1022 4214 sola
1052 4179 1065 4215 :
1103 4160 1238 4215 vidit
1263 4161 1460 4232 quippe
1480 4176 1578 4217 nos
1607 4161 1754 4216 humi
1777 4162 2039 4231 abiectos,
2065 4176 2164 4234 pe-

568 4258 815 4313 reuntes,
843 4257 897 4304 et
921 4266 948 4304 a
981 4252 1171 4307 mortis
1196 4268 1486 4322 oppressos
1505 4254 1808 4325 tyrannide,
1832 4262 1885 4308 et
1910 4255 2163 4311 misertus

564 4349 678 4395 est.
709 4339 776 4394 Ut
803 4344 1179 4413 repropitiaret,
1210 4345 1402 4415 inquit,
1434 4345 1623 4400 delicta
1649 4347 1846 4416 pepuli.
1878 4346 1944 4401 Ut
1963 4348 2163 4403 miscri-

566 4445 687 4483 (ονε
707 4431 849 4500 ﬁeret
871 4443 917 4487 et
942 4434 1109 4501 ﬁdelis
1131 4435 1381 4506 pontifex.
1406 4434 1543 4502 Quid
1569 4446 1673 4502 est,
1706 4434 1943 4490 Fidelis?
1965 4437 2157 4504 Verus,

567 4534 764 4590 potens
789 4541 801 4578 :
831 4525 1069 4594 pontifex
1093 4530 1236 4582 enim
1266 4527 1414 4582 solus
1437 4524 1611 4581 fidelis
1639 4536 1722 4581 est
1744 4525 1930 4589 Filius.
1955 4529 2042 4596 qui
2070 4544 2161 4596 po-

566 4621 680 4666 test
706 4613 937 4671 liberare
962 4631 991 4669 a
1020 4619 1252 4685 peccatis
1281 4632 1396 4684 eos,
1436 4631 1662 4688 quorum
1691 4627 1776 4671 est
1802 4614 2036 4686 pontifex
2057 4617 2157 4687 (a).

565 4696 639 4758 Ut
661 4719 790 4785 ergo
813 4704 1007 4761 oﬂ'erat
1033 4707 1268 4762 hostiam
1302 4723 1421 4776 quae
1464 4706 1636 4777 possit
1665 4723 1762 4760 nos
1813 4705 2074 4761 mundare
2105 4712 2161 4762 et

564 4793 808 4861 expiare.
838 4805 1123 4865 propterea
1155 4799 1325 4852 factus
1345 4806 1429 4851 est
1455 4795 1638 4851 homo.
1692 4796 1980 4865 Subjunxit
2005 4811 2157 4868 ergo,

565 4881 651 4936 Att
676 4883 857 4951 Deum,
891 4887 1003 4942 sive
1027 4902 1153 4958 erga
1177 4888 1360 4944 Deum.
1399 4886 1649 4951 Eramus,
1692 4888 1883 4958 inquit,
1914 4887 2009 4944 Dei
2060 4890 2159 4944 ini-

563 4974 714 5036 mici,
739 4977 1104 5043 condemnati,
1137 4978 1339 5049 probro
1367 4988 1422 5034 et
1438 4979 1727 5050 ignominia
1756 4979 1933 5034 allecti
1957 4996 1973 5032 :
1998 4996 2158 5036 nemo

562 5075 686 5120 erat
709 5068 800 5136 qui
835 5084 932 5137 pro
954 5069 1110 5124 nobis
1143 5069 1422 5124 oblaturus
1467 5078 1611 5124 esset
1635 5070 1956 5126 sacriﬁcium
1983 5089 1999 5125 :
2028 5071 2161 5128 vidit

564 5173 670 5212 nos
697 5157 748 5212 in
777 5160 879 5214 hoc
906 5174 1027 5214 esse
1045 5167 1208 5227 statu,
1235 5169 1289 5215 et
1312 5171 1395 5216 est
1417 5162 1690 5226 misertus,
1719 5177 1821 5218 non
1850 5163 2005 5219 nobis
2024 5181 2155 5222 con-

573 5242 810 5296 stituens
832 5240 1164 5310 pontiﬁcem,
1213 5245 1307 5300 sed
1348 5245 1463 5317 ipse
1494 5247 1664 5307 factus
1690 5254 1929 5322 pontifex
1972 5255 2167 5317 ﬁdelis.

581 5331 788 5387 Deinde
837 5332 1132 5388 ostendens
1179 5338 1450 5406 quomodo
1505 5339 1713 5410 fidelis,
1745 5345 2022 5417 subiunxit
2052 5368 2066 5405 :
2099 5350 2168 5407 Ut

576 5423 936 5493 rcpropitiaret
969 5423 1152 5479 delicta
1180 5431 1376 5499 populi.
1425 5432 1513 5489 18.
1562 5432 1629 5490 1η
1681 5452 1739 5491 eo
1783 5439 1938 5506 enim,
1977 5442 2031 5496 in
2066 5458 2166 5513 quo

578 5529 760 5579 passus
787 5523 885 5579 est,
918 5514 1024 5586 ipse
1052 5524 1288 5585 tentatus,
1325 5533 1503 5591 potens
1523 5536 1598 5580 est
1627 5536 1674 5583 et
1694 5528 1765 5583 eis
1790 5533 1877 5600 qui
1907 5539 2165 5589 tentantur

572 5605 838 5661 auxiliari.

638 5709 720 5773 (tt)
752 5710 843 5765 llic
862 5714 1043 5776 ingens
1067 5722 1142 5767 est
1161 5716 1318 5770 hiatus
1333 5719 1383 5771 iu
1407 5718 1686 5771 Colbertino
1705 5720 1899 5773 Codice.

2321 405 2375 460 2.
2392 404 2504 468 Hoc
2518 414 2599 460 est
2614 405 2765 460 valde
2779 404 3343 476 bumileetabjeetum,
3362 415 3419 463 et
3435 407 3547 463 Deo
3560 407 3855 480 indignum.

2276 494 2342 551 lu
2364 514 2464 566 quo
2485 500 2617 551 enim
2644 514 2825 568 passus
2840 506 2933 563 est,
2955 496 3144 566 inquit,
3162 497 3288 567 ipse.
3308 497 3407 552 llic
3432 496 3566 553 dicit
3592 499 3660 555 de
3681 500 3856 557 incure

2277 598 2424 643 nato.
2447 588 2513 643 Et
2539 588 2677 643 forte
2690 587 2891 644 dictum
2909 598 2994 642 est
3009 586 3076 642 ad
3089 588 3350 644 certiores
3383 586 3691 645 reddendos
3708 592 3858 648 audi-

2275 688 2443 745 tores,
2474 687 2529 733 et
2558 687 2775 749 propter
2798 693 2986 733 eorum
3012 677 3410 733 imbecillalem.
3438 678 3551 751 Hoc
3578 688 3682 746 est,
3714 683 3860 738 venit

2281 786 2377 840 per
2404 771 2575 840 ipsam
2642 768 3027 840 experientiam
3053 783 3240 824 eorum
3276 786 3399 841 qua:
3440 772 3584 842 passi
3623 787 3853 830 sumus:

2276 876 2417 916 nunc
2441 876 2549 916 non
2568 860 2777 930 ignorat
2793 869 3003 915 nostras
3024 862 3398 930 perpessiones
3416 878 3431 914 :
3450 876 3557 918 non
3571 862 3745 918 solum
3759 864 3860 920 scit

2275 961 2330 1006 ut
2355 952 2514 1018 Deus,
2538 952 2630 1008 sed
2645 952 2804 1008 etiam
2828 952 3079 1022 cognovit
3099 962 3156 1005 ut
3170 951 3331 1006 homo
3348 968 3444 1022 per
3464 968 3582 1008 eam
3602 969 3705 1026 qua
3727 969 3852 1025 pas-

2273 1057 2364 1097 sus
2385 1050 2467 1096 est
2492 1041 2878 1112 experientiam
2909 1060 2923 1096 :
2955 1042 3119 1096 multa
3150 1056 3343 1113 passus
3367 1051 3473 1110 est,
3502 1044 3605 1099 scit
3624 1047 3858 1115 compati

2273 1141 2327 1187 et
2351 1132 2611 1188 misereri.
2639 1133 2973 1202 Quamquam
3000 1132 3141 1187 Deus
3166 1142 3249 1189 est
3274 1134 3583 1205 impatibilis
3608 1154 3621 1190 :
3651 1135 3746 1192 sed
3772 1137 3860 1193 hic

2273 1234 2456 1279 narrat
2497 1240 2619 1296 quas
2647 1233 2772 1280 sunt
2810 1225 3229 1291 incarnationis;
3272 1226 3425 1297 quasi
3463 1225 3707 1285 diceret:
3740 1228 3858 1300 Ipsa

2272 1331 2484 1387 quoque
2511 1332 2636 1371 caro
2679 1314 2879 1372 Christi
2927 1316 3094 1372 multa
3125 1332 3281 1388 passa
3320 1326 3405 1374 est
3445 1319 3650 1389 gravia.
3702 1319 3861 1378 Novit

2272 1408 2401 1477 quid
2430 1408 2502 1463 sit
2543 1406 2785 1475 afﬂictio,
2815 1408 2965 1462 novit
3010 1407 3143 1478 quid
3174 1410 3245 1463 sit
3275 1410 3522 1479 tentatio,
3555 1424 3733 1482 neque
3758 1412 3860 1467 tui-

2273 1516 2374 1556 nus
2411 1514 2570 1571 quam
2601 1499 2816 1569 nosqui
2861 1499 3003 1569 passi
3043 1514 3268 1566 sumus;
3315 1515 3438 1555 nam
3483 1501 3600 1572 ipse
3644 1517 3863 1574 quoque

2271 1602 2354 1648 est
2383 1606 2592 1661 passus.
2621 1590 2761 1658 Quid
2791 1605 2922 1660 ergo
2946 1599 3046 1655 est,
3085 1589 3274 1646 Potens
3290 1600 3364 1647 est
3390 1600 3436 1647 et
3465 1592 3529 1647 iis
3549 1593 3635 1664 qui
3655 1602 3859 1649 tentan-

2272 1697 2354 1742 tur
2377 1683 2618 1738 auxiliari
2635 1683 2661 1737 1
2687 1681 2851 1749 Quasi
2876 1681 3086 1737 dixeris
3118 1699 3132 1736 :
3172 1681 3360 1752 Magna
3389 1683 3556 1738 animi
3581 1682 3862 1741 alacritate

2271 1788 2489 1829 manum
2538 1771 2813 1842 porriget,
2877 1770 3364 1828 commiserabitur.
3428 1771 3564 1829 Nam
3605 1772 3861 1845 quoniam

2272 1880 2523 1936 magnum
2551 1862 2823 1929 volebant,
2849 1871 2905 1918 et
2929 1862 3158 1934 amplius
3183 1862 3313 1933 quid
3341 1862 3542 1920 habere
3566 1879 3726 1935 quam
3765 1868 3863 1936 qui

2270 1967 2426 2016 erant
2455 1974 2519 2014 ex
2547 1958 2818 2029 gentibus,
2866 1955 3102 2012 ostendit
3140 1971 3236 2012 eos
3265 1957 3319 2012 in
3357 1958 3461 2014 hoc
3500 1958 3699 2015 habere
3744 1975 3863 2015 am-

2274 2052 2431 2122 plius,
2464 2051 2516 2105 in
2539 2063 2647 2120 quo
2673 2048 2807 2103 nihil
2832 2048 2972 2103 laesit
2991 2062 3089 2104 eos
3109 2048 3200 2119 qui
3222 2057 3382 2104 erant
3402 2065 3466 2105 ex
3498 2051 3769 2121 gentibus.
3805 2051 3863 2110 In

2275 2144 2548 2216 quonam?
2576 2142 2730 2211 Quod
2759 2157 2827 2198 ex
2858 2141 2988 2213 ipsis
3009 2151 3091 2197 est
3114 2141 3280 2207 salus,
3303 2142 3444 2213 quod
3471 2142 3590 2199 illos
3630 2144 3862 2213 primum

2274 2235 2649 2307 apprehendit,
2676 2234 2818 2305 quod
2840 2249 2906 2290 ex
2948 2233 3051 2289 illis
3068 2248 3287 2291 carnem
3311 2236 3567 2304 suscepit.
3588 2234 3709 2291 Non
3726 2240 3865 2293 enim

2274 2324 3163 2399 angelos,inquit,apprehendit,sed
3175 2326 3566 2381 semenAbralta
3575 2328 3868 2398 apprehen-

2275 2422 2369 2477 dit.
2380 2421 2485 2476 Per
2499 2420 2602 2475 hoc
2615 2420 2842 2474 honorat
2852 2418 3011 2473 etiam
3027 2417 3467 2488 patriarcham,et
3480 2419 3718 2475 ostendit
3733 2420 3864 2490 quid

2276 2516 2365 2582 sit,
2390 2513 2575 2570 Semen
2603 2511 2838 2568 Abram.
2860 2510 2953 2566 Eis
2974 2524 3207 2581 namque
3231 2520 3448 2566 revocat
3466 2511 3521 2567 in
3547 2514 3865 2570 memoriam

2277 2604 2692 2677 promissionem
2719 2617 2839 2672 qua:
2870 2602 3000 2673 ipsis
3030 2600 3167 2657 facta
3193 2609 3298 2667 est,
3323 2602 3595 2658 dicentem
3630 2621 3644 2658 :
3676 2602 3796 2659 Tibi
3819 2617 3867 2660 et

2277 2696 2457 2753 semini
2486 2704 2571 2749 tuo
2610 2694 2742 2749 dabo
2769 2702 2955 2747 terram
2979 2693 3110 2747 hanc
3144 2691 3300 2762 (Gen.
3344 2694 3434 2748 15.
3472 2691 3583 2765 15).
3611 2693 3713 2750 Per
3759 2695 3869 2752 hoc

2278 2801 2457 2848 autem
2488 2787 2768 2843 minimum
2813 2783 3049 2839 ostendit
3076 2783 3557 2854 propinquitatem,
3608 2785 3751 2855 quod
3800 2802 3866 2843 ex

2289 2894 2397 2934 uno
2421 2879 2529 2934 sint
2546 2890 2753 2932 omnes.
2773 2874 2879 2932 Sed
2905 2874 3031 2944 quia
3056 2888 3161 2928 non
3186 2887 3377 2944 magna
3400 2880 3517 2927 erat
3542 2872 3631 2926 illa
3654 2869 3878 2940 propin-

2288 2969 2485 3039 quitas,
2513 2981 2702 3023 rursus
2728 2964 2872 3020 venit
2896 2963 2963 3018 ad
2987 2977 3131 3028 eam,
3157 2970 3214 3018 et
3239 2961 3309 3018 de
3331 2969 3532 3016 caetero
3560 2961 3883 3015 immoratur

2287 3064 2339 3115 in
2364 3058 2766 3130 dispensatione
2789 3071 2910 3128 quae
2934 3064 3015 3111 est
3039 3052 3332 3111 secundum
3349 3067 3590 3118 carnem,
3612 3061 3667 3106 et
3697 3050 3831 3107 dicit
3854 3068 3877 3115 ,ε

2290 3150 2359 3207 Ut
2385 3150 2740 3219 repropitiaret
2761 3148 2948 3203 delicta
2992 3145 3191 3217 pepuli.
3218 3145 3348 3200 Erat
3375 3144 3520 3199 enim
3547 3156 3755 3213 magum
3780 3157 3878 3197 cu-

2285 3259 2361 3300 ra:
2387 3252 2443 3300 et
2470 3241 2712 3298 caritatis
2737 3239 2879 3311 quod
2908 3238 3137 3294 voluerit
3161 3237 3274 3292 ﬁeri
3299 3235 3496 3301 homo;
3526 3248 3668 3290 nunc
3694 3243 3877 3289 autem

2291 3350 2395 3391 non
2423 3333 2527 3389 hoc
2550 3343 2633 3389 est
2659 3332 2856 3399 solum,
2880 3332 2979 3388 sed
3015 3331 3176 3386 etiam
3203 3338 3329 3384 sunt
3363 3329 3498 3383 bona
3528 3326 3875 3391 immortalia,

2284 3442 2402 3496 qua:
2426 3440 2524 3498 per
2563 3424 2737 3494 ipsum
2768 3422 2924 3478 nobis
2948 3430 3074 3477 sunt
3093 3418 3350 3476 exhibita.
3382 3417 3451 3483 Ut
3488 3417 3871 3488 repropitiaret,

2279 3519 2470 3590 inquit,
2504 3515 2688 3571 delicta
2736 3515 2935 3587 populi.
2982 3514 3092 3567 Cur
3133 3526 3240 3567 non
3288 3511 3446 3577 dixit,
3490 3509 3649 3565 Orbis
3686 3516 3873 3575 terrm,

2277 3612 2392 3677 sed,
2447 3609 2675 3681 Populi!
2716 3623 2838 3664 nam
2883 3607 3122 3663 omnium
3163 3603 3394 3676 portavit
3435 3613 3673 3674 peccata.
3719 3600 3869 3668 Quo-

2276 3706 2421 3761 niam
2451 3714 2577 3759 tunc
2602 3703 2671 3758 ab
2696 3716 2761 3758 eo
2786 3700 2854 3755 de
2876 3700 3007 3770 ipsis
3033 3697 3273 3754 Hebrmis
3296 3696 3460 3751 verba
3486 3694 3703 3750 flebant.
3730 3692 3870 3749 Nam

2273 3795 2496 3867 angelus
2524 3806 2739 3865 quoque
2766 3791 2981 3847 dicebat
3009 3788 3247 3859 Josepho
3271 3806 3285 3843 :
3317 3786 3532 3842 Vocabis
3554 3802 3735 3840 nomen
3752 3786 3868 3856 eius

2270 3889 2450 3943 Iesum
2471 3906 2486 3946 :
2502 3889 2612 3957 ipse
2628 3886 2762 3941 enim
2773 3882 2967 3940 salvum
2990 3883 3141 3954 faciet
3158 3879 3405 3950 populum
3421 3877 3792 3950 sunntUIattlt.
3810 3877 3862 3933 1.

2274 3978 2386 4053 21).
2416 3978 2530 4035 Hoc
2557 3978 2700 4033 enim
2731 3974 3013 4044 oportebat
3043 3972 3271 4043 primum
3310 3970 3461 4037 fieri;
3491 3978 3548 4026 et
3578 3976 3864 4039 propterea

2274 4072 2420 4127 venit
2448 4081 2504 4126 ut
2533 4068 2634 4124 hos
2660 4068 2841 4122 salvos
2884 4064 3121 4129 faceret,
3168 4072 3224 4118 et
3266 4072 3392 4119 tunc
3438 4077 3535 4133 per
3576 4060 3676 4115 hos
3715 4059 3861 4126 illos,

2270 4164 2480 4220 etiamsi
2497 4161 2826 4219 contrarium
2843 4158 3102 4215 evenerit.
3125 4155 3237 4210 lloc
3250 4153 3476 4224 apostoli
3494 4165 3706 4223 quoque
3723 4150 3866 4206 dice-

2268 4252 2850 4314 bantabinitioﬂobie
2870 4253 3122 4307 suscitans
3166 4247 3361 4302 Filium
3404 4263 3574 4311 suum,
3594 4244 3863 4299 misiteum

2267 4350 2638 4405 benedicentem
2660 4348 2796 4403 vobis
2821 4344 2956 4417 (Act.
2990 4345 3042 4400 5.
3082 4340 3215 4410 26);
3241 4347 3298 4394 et
3326 4352 3534 4402 rursus,
3568 4334 3715 4391 Vobis
3747 4335 3863 4389 mis-

2265 4457 2377 4496 sum
2398 4450 2471 4495 est
2501 4439 2704 4495 verbum
2729 4436 2909 4492 salutis
2949 4434 3087 4506 (Aet.
3118 4433 3205 4488 l5.
3235 4429 3350 4502 26).
3388 4428 3735 4484 Nobilitatem
3766 4425 3861 4482 hic

2266 4530 2502 4585 ostendit
2522 4528 2820 4594 Judaicam,
2850 4526 3035 4581 dicens
3056 4565 3070 4589 ,
3115 4523 3195 4577 Ad
3238 4520 3495 4590 expianda
3530 4527 3736 4588 peccata
3762 4534 3863 4589 po-

2267 4623 2375 4693 puli
2406 4619 2595 4690 (tllarc.
2624 4620 2678 4675 2.
2712 4619 2791 4691 5).
2839 4618 3056 4674 Interim
3094 4616 3172 4671 sic
3198 4614 3327 4670 dicit
3356 4630 3372 4669 :
3409 4626 3533 4668 nam
3559 4611 3701 4681 quod
3740 4609 3861 4680 ipse

2265 4717 2337 4770 sit
2365 4715 2455 4786 qui
2486 4714 2724 4768 omnium
2755 4721 2975 4784 peccata
3007 4709 3230 4774 dimisit,
3271 4705 3509 4761 ostendit
3529 4714 3583 4760 et
3611 4703 3663 4758 in
3693 4716 3859 4772 para-

2264 4809 2446 4880 lytico,
2479 4807 2662 4863 dicens
2696 4824 2711 4863 :
2751 4805 3092 4859 Dimittuntur
3122 4801 3210 4855 tibi
3241 4808 3479 4870 peccata;
3505 4807 3561 4852 et
3603 4794 3656 4850 in
3684 4794 3859 4865 bapti-

2263 4911 2437 4956 smate
2477 4899 2779 4969 discipulis,
2814 4896 3003 4950 Euutcs
3029 4895 3202 4948 docete
3241 4900 3412 4945 omnes
3441 4896 3642 4958 gentes,
3689 4884 3860 4954 bapti-

2260 5002 2433 5048 zantes
2460 5007 2544 5047 eos
2582 4989 2637 5045 in
2664 4990 2869 5044 nomine
2898 4985 3073 5040 Patris
3108 4991 3155 5037 et
3182 4980 3309 5036 Filii
3337 4990 3384 5035 et
3424 4974 3654 5050 Spiritus
3690 4975 3859 5030 sancti

2263 5083 2473 5152 (Matth.
2501 5081 2554 5138 9.
2586 5081 2640 5137 5.
2677 5089 2724 5134 et
2752 5079 2844 5135 28.
2880 5074 2991 5149 19).
3021 5076 3154 5130 Cum
3185 5082 3365 5127 autem
3404 5083 3621 5125 carnem
3654 5079 3855 5136 appre-

2261 5174 2510 5231 henderit
2551 5172 2772 5239 Paulus,
2816 5168 2994 5225 omnia
3024 5166 3219 5222 deinde
3272 5162 3507 5232 loquitur
3545 5160 3752 5230 abjecta
3793 5163 3854 5213 et

2263 5266 2508 5331 humilia,
2554 5264 2687 5320 nihil
2717 5264 2917 5319 veritus
2946 5278 2961 5317 :
2994 5260 3118 5317 vide
3146 5259 3290 5316 enim
3334 5257 3466 5329 quid
3513 5257 3626 5327 jam
3671 5257 3815 5313 dicat
3846 5273 3863 5312 :

2265 5360 2418 5435 (Cap.
2456 5360 2520 5434 ὅ)
2562 5360 2611 5415 1.
2649 5357 2835 5424 Ηηάεο,
2872 5359 3055 5428 fratres
3099 5363 3293 5419 saneu,
3338 5352 3617 5406 vocationis
3650 5348 3868 5404 celestis

2264 5454 2558 5527 participes,
2591 5450 2909 5505 considerate
2947 5447 3235 5518 apostolum
3265 5454 3312 5501 et
3348 5443 3642 5514 pontiﬁcem
3658 5442 3864 5514 confes-

2262 5545 2422 5599 sionis
2443 5551 2634 5597 nostra:
2655 5538 2833 5595 Iesum
2858 5554 2876 5592 :
2901 5537 2955 5593 2.
2983 5537 3069 5605 qui
3095 5535 3262 5606 fidelis
3281 5544 3354 5590 est
3374 5533 3421 5588 ei
3434 5534 3521 5602 qui
3545 5532 3662 5600 fecit
3687 5531 3860 5597 illum,

2263 5635 2391 5689 sicut
2432 5647 2479 5688 et
2514 5629 2719 5704 Moyses
2748 5631 2801 5684 in
2830 5630 2970 5684 oumi
2994 5627 3144 5683 domo
3174 5632 3304 5695 ejus.
3338 5624 3472 5680 Eum
3503 5623 3669 5694 Moysi
3714 5635 3858 5692 pra:-

2263 5725 2536 5799 positurus
2577 5739 2674 5795 per
2725 5719 3207 5795 comparationem,
3258 5715 3325 5773 ad
3358 5715 3530 5788 legem
3569 5710 3859 5773 sacerdotii
