2104 3229
191 169 229 199 ιθ
621 160 654 188 IN
675 158 779 186 EPIST.
802 156 847 184 AD
869 152 1049 182 llEi‘lIiA-LUS.
1072 154 1148 182 CM‘.
1164 156 1208 186 ill.
1223 157 1337 185 HOMIL
1358 157 1388 185 Υ.
1814 162 1848 189 50

187 211 308 240 deduxit
317 210 493 241 cntionem;
509 217 564 238 non
577 211 649 238 enim
664 211 698 238 de
711 211 803 246 Moyse
820 219 928 246 parvam
953 212 1002 238 ha-

187 258 295 288 buunt.
304 264 404 287 omnes
414 256 586 292 opinionem.
604 257 636 284 Et
645 255 701 291 jam
719 257 835 291 primum
852 257 944 292 drjicit
960 264 997 284 sc-

187 305 262 333 liua
283 303 455 332 excellentiae
482 307 589 338 :atque
610 303 703 338 incipit
729 303 836 338 quidem
861 311 875 330 a
902 311 1000 337 carne;

185 350 314 380 ascendit.
323 355 417 378 autem
432 349 468 377 ad
481 348 662 382 divinitatem,
680 349 724 376 ubi
741 357 794 376 non
809 354 867 376 erat
881 349 999 383 amplius

188 396 371 434 conparatio.
390 395 496 430 Ineepit
510 395 619 422 interim
633 402 647 421 a
661 402 744 422 carne
769 402 870 430 ponere
890 395 1000 429 utrumli—

189 448 283 478 ω,
294 448 324 472 οι
336 443 427 472 dicit:
447 442 524 470 Sicut
533 446 557 469 et
568 441 672 477 Moyse:
681 442 708 468 in
723 441 792 468 ontui
804 441 879 468 domo
890 442 953 476 ejus.
968 442 1001 468 Et

187 498 241 520 nou
253 490 292 519 Ib
301 489 384 518 initio
394 487 517 517 ostendit
527 487 729 520 excellentiam,
746 495 779 515 ne
795 488 911 515 resiliret
925 487 1001 515 audi-

186 541 282 571 tor.et
295 543 380 564 aures
393 534 520 571 protinus
534 533 690 561 obstrueret
707 543 713 560 :
732 541 794 560 nam
810 533 859 561 etsi
877 538 954 560 erant
966 534 998 560 ﬁ-

184 583 273 616 ddcs.
290 582 320 611 iu
333 589 432 610 eorum
452 585 542 608 tamen
554 579 723 608 conscientia
738 579 826 607 adhuc
839 579 917 607 valde
932 580 999 607 resi-

184 627 401 665 debatloyses.
415 627 468 661 Qui
477 631 526 661 est,
541 626 637 662 inquit,
657 626 744 661 fidelis
757 626 780 653 ei
791 626 833 661 qui
854 626 912 661 fecit
928 635 997 654 cum.

183 675 324 710 Quidan
337 673 463 703 fecerat!
475 672 638 708 Apostolum
651 676 680 699 et
691 671 855 707 pontiﬁcem.
872 672 941 699 Nihil
954 672 997 699 hic

183 722 252 752 dicit
264 722 302 751 du
313 720 445 753 «Bantia,
457 727 547 755 neque
561 718 596 747 de
615 718 766 752 divinitate,
780 718 827 746 sed
840 719 947 746 interim
964 718 997 746 de

184 768 317 798 humanis
328 767 397 796 dicit
410 766 599 802 dignitatibus.
620 765 697 793 Sicut
712 769 736 792 et
751 764 856 800 Moyses
880 766 905 791 in
928 770 998 792 onmt

184 816 264 844 dono
275 816 336 851 ejus
353 821 366 842 :
388 813 442 841 hoc
467 817 520 844 est,
543 812 571 840 in
593 812 703 847 populo,
718 816 765 839 aut
781 812 806 839 in
822 812 933 846 templo.
950 812 998 839 llic

183 866 277 890 autem
291 859 372 893 dicit.
388 859 424 887 In
436 859 516 886 domo
526 859 583 894 ejus
597 866 606 886 :
621 858 735 894 perinde
748 865 779 885 ac
793 858 815 885 si
830 858 942 890 dixeris,
959 858 997 885 De

184 907 220 935 iis
232 905 280 941 qui
295 904 400 934 suntin
417 904 510 933 domo.
524 904 674 939 Tamquam
689 908 850 939 procurator
861 904 995 939 quispiam

184 957 215 982 et
226 952 405 989 dispensator
417 951 532 984 domus,
547 950 588 978 sic
601 955 659 978 erat
673 950 781 986 Moyses
803 951 912 985 populo.
930 950 995 978 Nam

184 997 262 1036 quod
284 995 417 1034 populum
439 996 483 1024 hic
498 995 571 1024 dicat
592 995 714 1028 domum,
740 995 899 1030 sulijunxit,
919 996 997 1032 Cujus

182 1046 279 1074 dum
301 1051 392 1072 um:
405 1051 452 1070 no:
466 1050 476 1070 :
490 1042 543 1070 hoc
554 1046 606 1074 est,
633 1041 732 1069 Smnus
759 1042 785 1069 in
811 1042 870 1076 ejus
890 1049 997 1076 posses-

181 1091 274 1120 sione.
292 1087 398 1118 Deinde
409 1087 571 1116 excellentia
586 1087 673 1122 major
689 1096 696 1115 :
716 1087 742 1114 5.
771 1087 910 1122 Ampliaris
929 1087 996 1114 enim

180 1136 276 1172 gloria
295 1135 344 1164 ius
361 1143 416 1172 pra
429 1135 521 1171 Moyse
543 1134 635 1171 dignus
657 1140 693 1162 est
709 1135 821 1162 habitus.
837 1135 940 1162 Rursus
960 1134 994 1161 de

180 1189 272 1210 ent-ne
284 1190 294 1210 :
311 1181 413 1216 Quanto
429 1181 582 1217 ampliorem
605 1180 727 1208 honorem
751 1181 826 1208 habet
842 1181 933 1208 domus
947 1180 991 1217 qui

181 1227 324 1263 fabricauit
334 1227 420 1256 illam.

222 1273 252 1302 5.
267 1273 305 1302 Et
321 1274 380 1311 ipso
389 1279 460 1307 erat,
476 1274 574 1310 inquit,
589 1273 622 1302 de
630 1273 720 1301 domo.
732 1273 764 1301 Et
782 1281 836 1301 non
849 1273 932 1301 dixit:
942 1273 993 1300 Iste

181 1320 260 1348 enim
281 1325 342 1349 erat
354 1321 466 1356 quidem
485 1327 593 1353 servus,
621 1320 665 1348 ille
687 1327 754 1347 vero
773 1320 920 1352 Dominus;
945 1319 992 1347 sed

184 1366 242 1394 hoc
256 1365 377 1395 latenter
400 1366 543 1395 indicavit.
559 1367 587 1394 Si
609 1366 723 1402 populus
737 1371 795 1394 erat
808 1366 918 1398 domus,
936 1366 993 1400 ipse

181 1418 354 1442 aute-terat
367 1421 402 1442 ex
423 1413 548 1450 populo:
572 1419 599 1441 et
614 1414 671 1448 ipse
691 1421 756 1449 ergo
771 1418 830 1440 erat
842 1413 876 1440 de
899 1413 990 1439 domo.

182 1458 254 1488 Nam
267 1459 350 1488 nobis
361 1467 471 1496 qucque
485 1467 545 1487 mas
555 1464 598 1488 est
611 1460 651 1487 sic
664 1459 765 1492 dicere,
778 1458 826 1486 Hic
841 1462 883 1484 est
897 1465 930 1485 ex
942 1457 993 1484 do-

183 1513 233 1535 lo
253 1506 342 1535 illius.
359 1505 411 1535 llic
424 1511 516 1534 autem
530 1506 596 1534 dicit
618 1506 740 1537 domum,
767 1512 820 1531 non
835 1504 964 1538 templum
984 1512 991 1530 :

183 1559 242 1582 non
264 1550 341 1581 enim
366 1551 439 1580 Deus
452 1552 512 1587 ipse
526 1552 695 1583 construxit,
719 1550 766 1578 sed
783 1550 917 1577 homines.
942 1548 992 1582 Qui

182 1605 257 1627 veto
274 1597 343 1626 fecit
356 1598 457 1634 ipsum,
474 1598 545 1626 Deus
556 1602 598 1625 est
614 1606 621 1625 :
637 1597 702 1624 dicit
713 1597 842 1631 bioysem.
860 1595 926 1622 Vide
946 1602 993 1621 au-

183 1650 243 1674 tem
265 1644 409 1681 quomodo
433 1645 552 1674 latenter
566 1645 697 1680 majorem
714 1643 831 1671 ostendit
856 1642 992 1669 excellen-

183 1691 267 1720 ιίι..
281 1690 396 1725 Fidelis.
408 1691 506 1726 inquit,
521 1696 575 1719 erat
589 1691 615 1718 in
630 1695 681 1718 tota
690 1690 765 1717 domo
777 1690 843 1724 ejus,
859 1696 919 1717 cum
936 1688 993 1722 ipse

183 1736 418 1770 euetdedomo,
435 1736 487 1764 hoc
499 1741 542 1765 est
563 1736 597 1764 de
620 1736 731 1771 populo.
757 1734 885 1770 Majorcm
913 1733 994 1761 habet

185 1783 325 1811 honorum
346 1782 448 1811 artifex
460 1803 468 1816 ,
483 1790 564 1816 quam
586 1790 667 1817 opera
681 1803 688 1814 ,
712 1780 759 1809 sed
777 1786 805 1808 et
825 1780 870 1815 qui
884 1779 992 1807 domum

184 1827 355 1861 construxit,
365 1835 447 1863 quam
460 1826 568 1856 domus.
583 1827 611 1856 4.
627 1827 677 1861 Qui
688 1831 773 1853 autent
784 1826 868 1853 omnia
879 1829 994 1852 constru-

180 1874 238 1908 ἐι,
247 1873 322 1902 Dus
340 1878 388 1902 est.
406 1874 488 1902 Vides
508 1874 580 1909 quod
596 1882 649 1901 non
665 1874 738 1901 dicat
758 1873 792 1901 de
815 1873 926 1908 templo,
946 1872 993 1899 scd

182 1923 246 1948 ωω
258 1920 382 1957 populo?
392 1920 420 1949 5.
436 1919 471 1948 Et
490 1919 594 1956 Moyse;
614 1921 716 1956 quidem
729 1920 813 1955 ﬁdelia
835 1925 890 1947 erat
904 1919 931 1946 in
942 1924 993 1945 tota

181 1965 266 1994 εἰσιν
283 1966 352 2002 ejus,
375 1971 506 2002 tamquam
528 1966 652 2002 famulus,
677 1966 704 1993 in
720 1966 890 1993 testimonium
906 1973 993 1992 eorum

175 2011 366 2049 fodienda
378 2017 464 2040 erant.
480 2013 551 2040 Ecce
565 2012 618 2040 alia
637 2019 745 2047 quoque
766 2011 918 2039 diﬁ‘erentia
933 2019 993 2046 qua:

179 2061 231 2087 α
254 2065 272 2086 δ
300 2056 374 2086 Filio
388 2062 417 2086 et
444 2058 542 2086 servis.
557 2056 640 2085 Vides
659 2057 730 2093 quod
757 2057 836 2084 tacite
861 2056 994 2091 signiﬁcat

182 2103 387 2140 proprietatem
405 2112 455 2140 per
475 2104 685 2140 appellationem
715 2104 796 2131 Filii?
821 2103 849 2131 6.
879 2103 994 2130 Christus

181 2159 248 2180 uno
272 2155 404 2187 tamquam
419 2149 508 2178 Filius
528 2151 556 2178 in
572 2150 649 2178 domo
670 2159 727 2177 sua.
741 2149 838 2178 Vidisti
859 2149 993 2185 quomodo

182 2197 340 2233 diutth
362 2203 396 2225 ac
417 2201 528 2232 separet
542 2204 625 2232 opera
646 2200 673 2223 et
686 2195 809 2231 opiﬁcem
822 2215 831 2229 ,
859 2194 994 2230 quomodo

178 2251 299 2282 cervum
313 2249 343 2272 et
356 2243 476 2272 Filium?
487 2249 516 2272 et
529 2243 575 2271 ille
591 2243 700 2278 quidem
713 2243 739 2269 in
755 2250 799 2269 res
810 2247 936 2277 paternas
951 2241 993 2268 in—

183 2290 312 2326 greditur
324 2294 357 2318 ut.
366 2290 463 2324 Filius,
485 2289 532 2318 hic
553 2297 618 2317 vero
640 2293 669 2316 ut
681 2296 787 2316 servus.
802 2287 881 2323 Cujus
903 2287 994 2314 domus

181 2344 277 2365 unus
294 2344 352 2369 nos,
365 2336 389 2364 εἰ
400 2336 523 2372 ﬁduciam
548 2340 570 2363 et
589 2335 698 2371 gt’oriam
711 2334 765 2371 spei
778 2342 857 2368 usque
871 2333 905 2359 ad
917 2333 995 2367 ﬁnem

182 2383 292 2419 ﬁrm
305 2383 471 2411 retineamur.
488 2382 540 2411 llic
552 2390 647 2410 rursus
659 2389 707 2409 eos
722 2381 845 2409 hortatur
866 2385 895 2408 ut
913 2380 993 2407 forti-

185 2434 233 2458 ιω·
249 2428 404 2462 resistant,
418 2433 446 2456 et
461 2435 516 2457 non
536 2427 646 2456 cadant.
665 2428 765 2455 Domus
785 2427 874 2459 enim,
898 2426 993 2461 inquit,

185 2474 296 2504 σίκυς
319 2473 385 2507 Dei,
400 2475 471 2503 sicut
485 2479 546 2503 erat
569 2474 688 2510 Moyses,
710 2474 733 2501 si
749 2473 873 2501 ﬁduciam
889 2478 918 2501 et
937 2473 994 2508 spei

176 2519 381 2556 Minoem
405 2527 492 2556 usque
518 2520 553 2548 ad
580 2520 663 2548 linem
689 2519 795 2547 ﬁrmam
819 2518 993 2546 retineamus.

184 2566 247 2601 Qui
257 2566 358 2596 dolore
369 2566 492 2604 quidem,
507 2567 603 2602 inquit.
618 2566 736 2594 afﬁcitur
751 2567 776 2593 in
789 2565 992 2597 tentationibus,

180 2613 318 2642 uad-to
328 2612 460 2645 concidit,
477 2620 532 2641 non
545 2611 677 2648 gloriatur
693 2621 699 2639 :
713 2613 758 2647 qui
771 2612 873 2647 pudore
886 2611 990 2639 suﬂ'un-

182 2658 275 2689 ditur.
300 2661 331 2686 et
344 2664 377 2686 se
397 2657 558 2691 abscondit,
583 2665 639 2686 non
660 2658 743 2686 habet
764 2657 890 2686 ﬁduciam
922 2667 928 2685 :
953 2659 998 2694 qui

182 2708 231 2734 est
256 2704 359 2739 tristis,
383 2711 439 2732 non
458 2703 601 2740 gloriatur.
630 2703 733 2732 Deinde
745 2711 795 2732 eos
820 2711 928 2739 quoque
940 2704 998 2731 tau-

180 2751 251 2784 dat,
275 2749 372 2778 dicens
385 2758 394 2778 :
408 2750 441 2779 Si
464 2749 588 2785 ﬁduciam
600 2753 625 2778 et
643 2750 821 2786 gloriationem
845 2750 900 2785 spei
921 2758 1000 2784 usque

181 2796 220 2825 ad
239 2795 325 2832 [iam
354 2795 458 2830 ﬁrmam
484 2795 659 2828 retineamus;
680 2795 828 2823 ostendens
855 2795 912 2831 jam
940 2796 1001 2823 illos

180 2841 319 2878 copiose.
333 2838 403 2870 Fine
414 2845 509 2869 autem
523 2846 565 2869 est
582 2848 663 2877 opus,
678 2846 705 2868 et
720 2848 776 2869 non
790 2841 879 2869 solum
893 2845 1001 2877 oportet

181 2893 275 2923 atare,
290 2886 342 2917 sed
357 2886 440 2916 etiam
457 2886 566 2916 ﬁrmam
580 2892 608 2915 et
622 2886 747 2915 stabilem
762 2885 863 2916 habere
881 2894 956 2923 spem
972 2886 999 2915 in

1045 208 1205 235 ccrtitudinc
1215 209 1286 238 ﬁdet.
1303 210 1413 236 minimc
1428 210 1601 238 luliefactetos
1612 219 1625 237 a
1641 210 1846 239 tcut...ionilnis.

1045 255 1083 281 Ac
1099 263 1130 281 ne
1144 255 1262 287 mireris,
1277 256 1298 282 si
1311 255 1454 283 humanius
1466 257 1541 289 illud,
1556 256 1617 292 Ipse
1630 262 1738 285 tentatus
1751 258 1846 294 (llcbr.

1044 300 1071 327 2.
1091 300 1146 335 18),
1162 301 1276 328 dicatur.
1293 300 1319 328 Si
1336 302 1406 328 enim
1429 301 1464 328 de
1490 302 1569 329 Patre
1589 304 1633 338 qui
1657 311 1766 331 carnem
1793 312 1847 331 non

1045 348 1165 380 suscepit
1186 347 1251 374 dicit
1270 347 1419 382 Scriptura,
1438 348 1477 375 De
1491 349 1552 375 creto
1565 350 1695 384 prospexit
1709 349 1847 384 Dominus,

1044 397 1068 418 et
1083 392 1144 418 vidit
1159 401 1243 419 omnes
1258 393 1325 427 ﬁlios
1341 394 1472 420 hominum
1489 394 1576 428 (Psal.
1592 395 1635 422 15.
1652 395 1698 431 ‘2);
1719 396 1771 423 hoc
1794 401 1844 429 est,

1045 439 1135 465 omnia
1151 444 1244 466 exacte
1259 444 1285 466 et
1299 445 1423 467 accurate
1438 440 1549 474 didicit;
1565 446 1591 468 et
1605 450 1697 469 rursus
1708 462 1716 476 ,
1733 442 1847 470 Descen-

1046 485 1106 511 dens
1120 485 1217 518 videbo,
1232 494 1266 512 an
1280 487 1419 513 secundum
1441 488 1577 514 clamorem
1590 496 1675 515 eorum
1700 489 1746 523 ﬁat
1769 489 1845 525 (lien.

1046 530 1089 558 18.
1105 531 1171 564 ΞΙ);
1189 536 1215 559 et.
1234 539 1344 565 rursus,
1369 532 1429 559 Non
1453 539 1532 568 potest
1549 534 1617 561 Deus
1638 537 1705 570 forte
1718 536 1778 562 t'itia
1799 535 1847 562 lto-

1046 577 1143 604 minum
1167 586 1176 604 :
1205 578 1354 613 Scriptura,
1372 579 1492 614 inquam,
1516 579 1606 607 divina
1632 581 1678 607 ira:
1701 582 1848 609 ostendens

1046 625 1257 659 magnitudinem
1275 638 1282 651 :
1300 626 1384 653 multo
1409 627 1494 660 magis
1518 626 1552 653 dc
1576 627 1684 653 Christo
1697 628 1741 662 qui
1762 634 1804 655 cst
1821 629 1848 654 in

1046 676 1129 696 carne
1163 677 1258 705 passos
1287 670 1345 697 hare
1365 671 1501 698 dicuntur.
1527 671 1592 698 Nam
1615 673 1741 706 quoniam
1771 674 1847 700 tnttlti

1046 715 1170 743 homines
1181 717 1336 744 existimant
1351 718 1547 752 experientiam
1559 726 1621 745 esse
1640 719 1766 746 omnibus
1781 720 1847 746 ﬁde-

1047 763 1141 791 liorctn
1158 763 1191 790 ad
1213 764 1408 798 cognitionem,
1424 765 1479 791 vult
1493 765 1638 792 ostendere
1653 773 1726 798 eum,
1748 768 1791 800 qui
1808 771 1849 793 est

1047 816 1152 843 passus,
1180 817 1261 837 nosse
1282 811 1346 845 quid
1370 810 1487 845 patiatur
1509 811 1625 839 humana
1643 817 1747 839 natura.
1776 812 1850 839 Unde

1046 857 1137 891 fratres
1161 857 1251 884 sancti.
1277 856 1367 890 Unde,
1392 857 1418 884 id
1440 863 1497 891 est,
1523 863 1676 892 propterea.
1707 858 1849 885 l’oculionis

1047 901 1152 928 caelestis
1167 902 1313 937 participes.
1330 903 1400 930 Nihil
1418 903 1460 930 hic
1475 904 1621 938 qutcratis,
1637 904 1659 931 si
1683 904 1747 931 illuc
1763 905 1850 931 vocati

1047 947 1131 974 estis:
1149 948 1202 974 illic
1223 954 1265 975 est
1280 956 1402 981 merces,
1420 949 1474 976 illic
1487 949 1680 976 remuneratio.
1696 950 1765 982 Quid
1784 956 1849 975 vero

1047 993 1104 1019 est?
1114 992 1276 1020 Considerate
1287 994 1458 1028 apostolumet
1468 994 1539 1028 ponti
1540 994 1614 1029 [icem
1627 995 1850 1030 confcssionisno-

1046 1042 1106 1064 stra:
1115 1037 1131 1063 Ι
1135 1046 1203 1064 esum
1219 1037 1348 1064 Christum
1365 1046 1374 1065 :
1387 1039 1432 1073 qui
1447 1039 1530 1073 ﬁdelis
1544 1043 1579 1065 est
1600 1040 1622 1065 ei
1635 1040 1678 1073 qui
1691 1040 1749 1075 [erit
1764 1040 1849 1071 illum,

1047 1085 1112 1111 sicut
1128 1090 1150 1111 et
1168 1085 1269 1119 Moyses
1284 1085 1308 1111 in
1326 1085 1394 1111 omni
1416 1085 1491 1112 domo
1505 1086 1570 1120 ejus.
1588 1085 1656 1118 Quid
1672 1090 1724 1117 est,
1750 1086 1799 1118 Qui
1814 1091 1851 1112 est

1048 1131 1132 1166 ﬁdelis
1143 1132 1164 1158 ei
1175 1132 1218 1167 qui
1229 1132 1288 1166 facit
1300 1132 1371 1158 illum
1382 1132 1394 1158 1’
1407 1132 1455 1165 Qui
1473 1132 1604 1166 providet,
1617 1133 1660 1166 qui
1673 1132 1729 1158 suis
1742 1138 1849 1166 prmcst,

1048 1182 1075 1204 et
1090 1185 1143 1204 non
1159 1178 1224 1204 sinit
1239 1183 1265 1204 ut
1283 1183 1384 1205 temere
1401 1178 1522 1204 ferantur
1539 1182 1566 1205 et
1586 1182 1709 1212 agantur.
1735 1178 1808 1205 Sicut
1827 1183 1851 1205 et

1048 1223 1152 1258 Moyses
1165 1223 1191 1249 in
1214 1224 1283 1250 οηιηί
1299 1223 1374 1249 domo
1390 1224 1455 1257 ejus.
1472 1223 1528 1250 lloc
1546 1228 1604 1255 est,
1619 1223 1778 1258 Cognoscitc
1791 1223 1852 1258 quis

1049 1276 1076 1298 ct
1092 1270 1243 1305 cojusmodi
1257 1271 1291 1297 sit
1305 1270 1435 1305 pontifex,
1451 1274 1478 1297 et
1498 1277 1551 1297 non
1569 1277 1636 1305 opus
1652 1270 1786 1297 habebitis
1799 1270 1850 1297 alia

1049 1317 1244 1349 consolatione,
1270 1325 1320 1344 nec
1348 1317 1548 1344 adhortatione.
1576 1316 1734 1350 Apostolum
1761 1320 1851 1343 autem

1049 1370 1127 1392 vocat
1142 1372 1175 1391 eo
1188 1363 1259 1399 quod
1283 1366 1319 1390 sit
1333 1363 1449 1395 missus;
1465 1367 1492 1389 et
1507 1362 1660 1397 pontiﬁcem
1674 1362 1852 1389 confessionis

1050 1415 1161 1441 nostrze,
1178 1410 1228 1436 hoc
1250 1413 1308 1440 est,
1334 1409 1404 1435 ﬁdei.
1421 1408 1504 1435 Recte
1532 1407 1609 1439 dixit,
1635 1407 1707 1434 Sicut
1729 1407 1852 1442 Moyses:

1049 1459 1111 1480 nam
1126 1457 1149 1479 et
1166 1452 1228 1479 huic
1242 1453 1310 1478 sicut
1322 1452 1357 1478 illi
1376 1452 1425 1480 fuit
1439 1453 1584 1480 commissa
1602 1453 1691 1487 populi
1705 1453 1851 1488 pra-fectu-

1048 1510 1077 1529 ra
1090 1506 1118 1529 et
1130 1501 1328 1528 administratio
1341 1522 1349 1535 ,
1363 1501 1410 1529 sed
1428 1501 1523 1536 major,
1540 1505 1568 1529 et
1594 1501 1619 1528 in
1635 1501 1715 1528 rebus
1740 1501 1851 1536 majori—

1047 1548 1106 1575 bus.
1122 1547 1228 1583 Moyses
1243 1548 1315 1575 enim
1331 1552 1360 1575 ut
1380 1548 1495 1576 famulus
1507 1552 1563 1575 erat
1577 1555 1584 1580 ;
1615 1546 1739 1575 Christus
1761 1553 1788 1575 ul
1805 1547 1851 1575 Fi—

1047 1593 1099 1621 lius
1116 1603 1124 1621 :
1140 1593 1185 1621 ille
1200 1594 1319 1626 alienos,
1336 1594 1381 1621 hic
1403 1602 1467 1621 suos
1493 1593 1614 1620 curabat.
1632 1592 1665 1620 In
1681 1594 1851 1620 testimonium

1047 1648 1133 1666 eorum
1161 1648 1217 1675 quin
1239 1640 1347 1667 dicenda
1362 1646 1444 1667 erant.
1471 1640 1539 1674 Quid
1555 1639 1641 1667 dicis?
1668 1640 1851 1667 testimonium

1047 1687 1187 1715 hominum
1212 1688 1284 1715 Deus
1307 1688 1424 1722 accipit?
1447 1687 1572 1714 Maxime.
1603 1686 1630 1714 Si
1655 1687 1727 1714 enim
1755 1687 1851 1714 etelum

1047 1738 1161 1761 testatur
1176 1738 1203 1761 et
1217 1738 1316 1761 terram
1331 1740 1358 1761 et
1381 1734 1465 1761 colles
1475 1755 1481 1766 ,
1499 1733 1592 1761 dicens
1608 1741 1657 1768 per
1677 1733 1849 1768 prophetam,

1045 1779 1112 1806 Audi
1139 1780 1241 1813 calum,
1265 1785 1287 1807 et
1303 1781 1419 1807 ausculta
1433 1785 1511 1812 terra,
1524 1780 1644 1815 quonith
1665 1779 1792 1807 Dominus
1813 1782 1852 1806 Io-

1046 1830 1138 1859 quutue
1154 1831 1210 1858 est;
1237 1830 1275 1859 et,
1291 1826 1382 1853 Audite
1396 1826 1486 1858 uallet,
1504 1826 1670 1861 fundamenta
1686 1831 1759 1853 terra
1773 1822 1850 1861 (Iani:

1046 1871 1071 1897 1.
1088 1871 1115 1897 2.
1145 1870 1226 1898 Mich.
1242 1872 1269 1899 6.
1286 1871 1326 1906 ‘2),
1342 1879 1468 1906 quoniam
1482 1871 1615 1906 judicium
1630 1876 1673 1898 est
1687 1871 1801 1898 Domino
1816 1872 1850 1898 ad

1049 1918 1177 1953 populum
1193 1926 1270 1946 suum
1288 1927 1296 1946 :
1311 1919 1396 1946 multo
1412 1919 1496 1954 magis
1511 1918 1644 1946 homines.
1661 1918 1730 1952 Quid
1744 1922 1799 1951 est,
1815 1918 1851 1946 In

1046 1965 1242 1992 testimonium?
1259 1966 1313 1993 lloc
1329 1970 1381 1999 est,
1398 1971 1426 1993 ut
1450 1966 1505 1993 sint
1519 1970 1601 1993 testes
1612 1986 1619 1999 ,
1634 1965 1742 2000 quando
1756 1966 1804 2001 ipsi
1821 1973 1851 1993 se

1047 2011 1217 2045 impudenter
1232 2013 1367 2047 gesserint
1382 2021 1391 2039 ξ
1417 2012 1542 2039 Christus
1556 2019 1622 2039 vero
1646 2017 1782 2046 tamquam
1805 2012 1849 2039 Fi-

1047 2057 1108 2084 lius.
1125 2057 1191 2084 Nam
1216 2058 1261 2085 ille
1276 2057 1385 2093 quidem
1406 2062 1482 2085 curat
1496 2057 1600 2084 alienos
1610 2077 1617 2088 ,
1637 2056 1681 2084 hic
1695 2064 1759 2083 vero
1774 2065 1848 2085 suos.

1046 2103 1081 2130 Et
1102 2104 1279 2139 gloria/lanam
1293 2104 1357 2139 spei.
1383 2103 1466 2131 Recte
1489 2102 1568 2136 dixit,
1591 2102 1664 2137 Spei,
1679 2103 1806 2137 quoniam
1824 2103 1849 2130 in

1045 2157 1093 2184 spe
1108 2150 1197 2176 omnia
1221 2154 1300 2177 erant
1315 2149 1397 2177 bona.
1413 2149 1458 2177 Sic
1474 2155 1564 2176 autem
1580 2156 1639 2176 cam
1656 2152 1764 2182 oportet
1784 2149 1849 2176 reti-

1047 2204 1122 2228 nere,
1148 2201 1176 2224 ut
1197 2196 1252 2231 jam
1268 2196 1417 2231 gloriemur
1432 2200 1568 2230 tamquam
1591 2195 1626 2222 ob
1650 2202 1680 2222 ea
1699 2202 1759 2229 qua:
1783 2194 1849 2222 facta

1046 2248 1118 2271 sunt.
1136 2243 1282 2278 Propterea
1297 2243 1362 2270 dicit
1372 2243 1569 2275 ,Gtoriationem
1582 2242 1646 2277 spei,
1661 2247 1688 2269 et
1702 2242 1851 2277 subjungit,

1046 2289 1085 2316 Ad
1096 2290 1172 2323 [inetn
1188 2290 1289 2323 ﬁrmum
1305 2289 1458 2316 retineamus
1474 2296 1483 2315 .'
1497 2296 1559 2315 nam
1573 2295 1621 2323 spe
1636 2287 1704 2315 salvi
1724 2287 1786 2315 facti
1802 2295 1849 2315 su-

1046 2344 1116 2364 mus.
1134 2335 1161 2363 Si
1178 2342 1242 2370 ergo
1255 2342 1304 2370 spe
1320 2335 1386 2362 salvi
1403 2334 1465 2362 facti
1488 2341 1593 2367 sumus,
1610 2339 1637 2361 et
1658 2342 1707 2368 per
1731 2334 1850 2361 toleran-

1046 2383 1110 2410 tiam
1124 2386 1326 2416 exspectamus,
1344 2389 1378 2408 ne
1394 2387 1505 2416 propter
1520 2387 1664 2416 prarsentta
1681 2387 1799 2408 mterore
1813 2381 1852 2407 af—

1045 2428 1178 2460 ﬁciamur,
1204 2435 1292 2463 neque
1317 2427 1372 2462 jam
1398 2435 1552 2463 quzcramus
1577 2435 1638 2463 quae
1663 2431 1756 2462 postea
1788 2433 1852 2455 sunt

1046 2475 1187 2510 promissa.
1205 2474 1270 2510 Spes
1291 2474 1368 2507 enim,
1385 2474 1480 2510 inquit,
1492 2482 1549 2510 quae
1561 2474 1667 2506 videtur,
1680 2482 1732 2501 non
1746 2478 1781 2502 est
1794 2483 1851 2509 spes

1046 2521 1136 2556 (Rcui.
1154 2521 1181 2549 8.
1196 2520 1256 2556 2i).
1281 2520 1347 2548 Nam
1360 2522 1487 2556 quoniam
1505 2520 1575 2547 bona
1594 2524 1658 2547 sunt
1679 2528 1786 2555 magna,
1807 2520 1852 2548 hic

1046 2575 1078 2595 ea
1103 2575 1156 2594 non
1173 2574 1317 2602 possumus
1330 2567 1455 2601 accipere
1477 2566 1502 2593 in
1518 2566 1571 2593 vita
1584 2566 1666 2599 fluxa,
1681 2570 1708 2593 et
1724 2567 1751 2594 in
1770 2574 1851 2602 quant

1045 2613 1118 2641 cadit
1130 2614 1264 2641 interitus.
1283 2613 1406 2647 Quanam
1418 2619 1482 2646 ergo
1496 2611 1529 2639 de
1545 2619 1625 2639 causa
1637 2620 1667 2640 ea
1687 2612 1765 2640 nobis
1778 2620 1850 2647 pras-

1046 2659 1125 2693 dixit,
1138 2667 1199 2687 cum
1222 2660 1266 2687 hic
1280 2666 1311 2686 ea
1327 2666 1380 2686 non
1396 2658 1432 2685 sit
1452 2657 1588 2686 daturus?
1609 2657 1644 2686 Ut
1670 2658 1853 2693 promissione

1047 2710 1152 2734 recreet
1166 2705 1287 2738 animos,
1301 2710 1331 2732 ut
1356 2704 1439 2732 animi
1463 2704 1630 2732 alacritatem
1656 2704 1799 2732 conﬁrmet
1820 2712 1852 2731 ac

1047 2753 1206 2780 corroboret
1221 2751 1429 2786 pollicitatione,
1445 2756 1474 2778 ut
1490 2756 1608 2779 mentem
1627 2755 1748 2778 nostram
1763 2751 1853 2786 erigat

1047 2804 1075 2826 et
1089 2799 1197 2826 excitet.
1218 2797 1366 2832 Propterea
1382 2798 1454 2825 cnitn
1470 2798 1528 2825 hate
1542 2798 1632 2825 omnia
1648 2797 1717 2825 facta
1740 2802 1812 2824 sunt.

1085 2846 1112 2873 4.
1127 2844 1242 2880 Improbi
1257 2843 1396 2879 aliquando
1410 2851 1530 2879 prospere
1543 2847 1622 2879 agunt
1635 2843 1662 2870 in
1676 2842 1725 2870 hac
1737 2843 1800 2870 vita.
1814 2857 1849 2862 —

1049 2892 1088 2921 Ne
1102 2899 1166 2929 ergo
1188 2891 1352 2919 turbcmnr:
1373 2897 1453 2919 nemo
1478 2889 1572 2918 videns
1593 2890 1679 2917 malos
1702 2890 1772 2916 bene
1793 2896 1850 2916 rem
