4208 6472
549 309 611 366 5|
1294 314 1347 371 s.
1390 305 2175 373 summatm-sessum
2214 302 2531 378 suculae.
2571 324 3104 390 CONSTANTINOP.
3782 342 3849 390 εξ)

563 409 719 449 suam
766 410 959 490 gerere
1001 402 1371 461 conturbetur.
1418 408 1534 464 Non
1572 411 1660 467 hic
1697 424 1780 470 est
1810 433 1981 490 neque
2011 421 2159 489 vitii,

495 544 500 549 ,
564 500 744 556 neque
770 488 986 548 virtutis
1023 500 1385 554 remuneratio
1415 518 1428 553 :
1459 502 1502 556 si
1536 506 1750 574 quando
1777 488 1956 567 autem
1987 513 2077 567 fiat
2105 488 2161 572 et

489 632 495 647 ί
569 578 681 633 vitii
702 588 764 635 et
789 585 1001 639 virtutis
1029 590 1422 656 remuneratio,
1458 609 1564 649 non
1606 604 1784 655 tamen
1816 601 1873 656 lit
1915 619 2012 674 pro
2041 622 2144 664 me-

550 670 704 737 ritis,
733 674 1196 770 sedsriittmmodo
1227 691 1495 755 tamquam
1534 699 1722 759 gustus
1745 670 1952 762 judicii,
1984 708 2041 753 ut
2068 701 2157 770 qui

565 767 947 861 resurrectioni
975 771 1151 827 minus
1177 774 1426 843 credunt,
1458 778 1545 835 hic
1570 798 1781 854 quoque
1809 767 2154 861 castigentur.

559 853 787 920 Quando
802 873 934 928 ergo
962 859 1251 920 viderimus
1273 869 1592 926 sceleratum
1616 853 1858 945 divitem,
1886 853 2157 937 ttevanimo

553 951 945 1019 eotreidamus;
973 957 1188 1025 quando
1218 961 1508 1019 viderimus
1536 966 1734 1025 bonum
1766 971 1904 1028 male
1944 975 2154 1045 patien-

558 1051 668 1097 tem
690 1084 704 1107 ,
739 1060 805 1098 ne
832 1049 1221 1108 conturbcmur
1251 1071 1264 1108 :
1293 1070 1417 1111 nam
1462 1057 1572 1115 illic
1612 1073 1737 1119 sunt
1764 1080 1979 1122 corona:
1999 1110 2015 1136 ,
2048 1070 2154 1126 illic

552 1135 840 1225 supplicia.
869 1141 1120 1214 Alioquin
1149 1157 1329 1204 autem
1357 1152 1470 1207 ileri
1502 1170 1607 1209 non
1637 1166 1812 1225 potest
1831 1202 1844 1223 .
1871 1170 1927 1216 ut
1960 1135 2015 1219 et
2042 1180 2153 1219 ma-

552 1222 643 1325 ius
667 1226 737 1281 sit
763 1231 908 1325 omni
937 1247 1004 1287 ex
1036 1245 1188 1303 parte
1226 1239 1429 1309 malus,
1465 1243 1559 1299 sed
1592 1222 1766 1315 potest
1795 1248 1911 1320 ipse
1940 1267 2154 1325 quoque

552 1314 757 1375 habere
803 1322 940 1378 bona
985 1325 1203 1397 aliqua;
1252 1347 1424 1402 neque
1466 1345 1523 1389 ut
1566 1340 1740 1395 bonus
1782 1314 1852 1397 sit
1897 1314 2043 1401 omni
2066 1314 2152 1403 ἐκ

550 1421 710 1480 parte
735 1413 929 1484 bonus,
957 1419 1051 1473 sed
1082 1431 1259 1489 potest
1285 1424 1445 1480 etiam
1471 1426 1588 1498 ipse
1611 1430 1811 1488 habere
1831 1434 2005 1503 aliqua
2031 1453 2155 1507 pec-

548 1513 695 1559 cata.
728 1508 955 1574 Quando
981 1525 1111 1581 ergo
1136 1526 1252 1568 rem
1286 1530 1436 1571 suam
1466 1518 1607 1575 bene
1642 1523 1780 1593 gerit
1820 1526 2112 1583 sceleratus
2134 1571 2149 1594 ,

548 1595 691 1651 scito
734 1597 838 1653 hoc
884 1601 1101 1657 evenire
1145 1604 1199 1659 in
1245 1607 1444 1664 malum
1486 1610 1604 1680 ejus
1647 1614 1839 1683 capitis
1868 1636 1882 1674 :
1910 1626 1967 1671 ut
2007 1619 2146 1674 enim

548 1700 845 1757 paucorum
882 1690 1097 1749 illorum
1136 1695 1225 1752 hic
1266 1709 1483 1770 accepta
1530 1706 1996 1773 remuneratione,
2040 1709 2151 1765 illic

546 1779 748 1837 deinde
775 1784 1013 1854 perfecte
1050 1790 1320 1858 puniatur,
1348 1808 1411 1848 ea
1440 1794 1506 1850 de
1534 1811 1695 1852 causa
1724 1796 1812 1855 hic
1835 1800 2050 1872 accipit.
2082 1802 2151 1858 Et

548 1873 644 1929 ille
671 1885 756 1930 est
794 1878 1029 1935 maxime
1066 1881 1257 1937 beatus
1292 1885 1383 1954 qui
1426 1885 1516 1942 hic
1545 1889 1782 1957 punitur,
1813 1901 1872 1945 ut
1900 1893 2148 1949 omnibus

544 1963 811 2055 depositis
841 1968 1073 2037 peccatis
1093 2014 1107 2037 ,
1143 1974 1398 2043 probatus
1422 1978 1553 2035 hinc
1590 1981 1779 2048 abeat,
1808 1993 1861 2038 et
1899 2000 2066 2055 purus
2096 1996 2149 2043 et

546 2051 679 2105 nulli
705 2052 877 2122 culpa:
902 2054 1101 2111 affinis.
1127 2057 1193 2111 Et
1220 2058 1323 2115 hoc
1348 2076 1446 2116 nos
1468 2063 1665 2119 Paulus
1692 2051 2144 2137 quoque-docens,

547 2138 676 2195 dicit
696 2157 711 2196 :
730 2140 1010 2214 Propterea
1035 2148 1087 2201 iu
1116 2148 1252 2205 vobis
1275 2153 1423 2207 multi
1448 2157 1628 2225 «grati
1649 2165 1694 2210 et
1715 2158 1928 2227 inﬁrmi,
1953 2171 1999 2217 et
2021 2160 2144 2215 dor-

543 2232 708 2285 miant
730 2237 1006 2302 permulti;
1026 2248 1079 2292 et
1107 2254 1313 2305 rursus,
1338 2238 1552 2299 Tradite
1577 2246 1872 2317 huiusmodi
1890 2250 2144 2307 hominem

545 2332 763 2389 solante,
791 2326 846 2379 in
871 2328 1131 2383 interitum
1156 2333 1347 2395 carnis.
1380 2344 1435 2388 ut
1464 2337 1675 2406 spiritus
1700 2339 1870 2395 salvus
1894 2342 1958 2396 sit
1986 2343 2037 2397 in
2065 2345 2147 2399 die

542 2412 638 2466 illo
669 2414 748 2484 (ἰ.
772 2415 891 2470 Cor.
920 2417 1010 2473 2i.
1043 2420 1131 2475 50.
1161 2431 1207 2476 et
1236 2423 1291 2479 5.
1319 2423 1400 2494 5).
1431 2425 1500 2480 Et
1528 2428 1785 2498 propheta
1811 2430 1961 2498 dicit,
1984 2432 2143 2489 Acce-

546 2506 626 2575 pit
648 2522 676 2559 e
690 2522 853 2560 manu
868 2506 1078 2566 Domini
1097 2513 1325 2584 duplicia
1336 2522 1550 2581 peccata
1566 2515 1615 2583 (1
1622 2518 1706 2571 sai
1713 2560 1723 2571 .
1738 2517 1829 2573 40.
1846 2518 1924 2590 2);
1945 2529 2001 2576 ει
2019 2537 2141 2577 rur-

548 2611 647 2653 sus
672 2594 871 2663 David,
904 2598 1034 2653 Vide
1060 2600 1303 2656 inimicos
1335 2619 1477 2659 meos
1505 2607 1634 2677 quia
1653 2610 1998 2680 multiplicati
2015 2624 2140 2669 sunt

542 2704 706 2759 super
722 2691 949 2760 capillos
969 2693 1161 2761 capitis
1182 2696 1307 2760 mei;
1316 2703 1367 2749 et
1387 2696 1506 2750 odio
1528 2700 1708 2769 iniquo
1726 2702 1950 2759 oderunt
1973 2722 2076 2772 me;
2089 2714 2139 2760 et

544 2780 761 2836 dimitte
771 2786 951 2838 omnia
957 2794 1175 2853 peccata
1195 2802 1311 2841 mea
1322 2787 1498 2860 (Psal.
1508 2791 1599 2845 24.
1626 2795 1707 2850 l9.
1732 2796 1817 2866 l8)
1833 2814 1846 2864 ;
1861 2805 1916 2853 ει
1938 2813 2138 2857 rursus

543 2875 708 2937 Ilius.
737 2873 951 2929 Domine
979 2875 1113 2931 Deus
1139 2888 1333 2947 noster,
1362 2896 1536 2949 pacem
1566 2885 1633 2939 da
1661 2888 1804 2943 nobis
1840 2905 1857 2944 :
1883 2906 2000 2944 nam
2027 2907 2143 2945 om-

554 2970 641 3028 nia
677 2968 941 3028 reddidisti
984 2974 1127 3029 nobis
1152 2975 1171 3045 (
1192 2972 1320 3029 Isai.
1356 2973 1444 3031 26.
1480 2976 1608 3047 i2).
1639 2977 1744 3033 Sed
1776 2979 1890 3033 lucc
1922 2979 2139 3050 quidem

554 3074 679 3121 sunt
701 3065 1034 3121 ostendentis
1065 3065 1234 3121 bonos
1257 3065 1344 3121 hic
1362 3081 1551 3137 pmnas
1573 3069 1719 3124 luere
1746 3083 1846 3139 pro
1864 3070 2098 3140 peccatis
2121 3087 2136 3125 :

553 3156 697 3229 quod
721 3168 901 3213 autem
941 3157 1068 3213 mali
1107 3158 1319 3228 plurimi
1361 3158 1448 3214 hic
1493 3159 1818 3229 accipientes
1855 3161 1993 3215 bona
2033 3161 2142 3216 illic

554 3250 792 3317 perfecte
822 3249 1127 3319 puniantur,
1161 3249 1285 3304 audi
1330 3251 1597 3305 Abraham
1637 3251 1904 3306 dicentem
1931 3250 2086 3307 diviti
2122 3268 2137 3306 :

555 3341 808 3412 Recepisti
834 3342 965 3395 bona
989 3351 1075 3395 tua
1100 3342 1153 3394 in
1179 3345 1279 3396 vita
1303 3350 1410 3409 tua,
1433 3352 1480 3397 et
1501 3340 1728 3396 Lazarus
1753 3344 1983 3398 similiter
2000 3342 2140 3397 ntala

549 3435 567 3502 (
604 3431 733 3487 Luc.
767 3434 858 3489 i6.
889 3432 960 3488 25
989 3433 1029 3504 ).
1063 3432 1319 3501 Quanam
1373 3432 1550 3487 bona?
1581 3433 1775 3488 Dicens
1843 3433 2137 3496 hic,Rece-

556 3527 695 3593 γῆμε,
725 3540 833 3581 non
864 3534 1062 3591 autem,
1091 3526 1379 3594 Accepisti,
1403 3525 1634 3580 ostendit
1662 3534 1947 3595 utrumque
1975 3525 2140 3582 fuisse

534 3602 801 3673 allectum
824 3632 919 3687 pro
938 3616 1140 3685 debito,
1164 3626 1223 3672 et
1242 3617 1389 3671 illum
1414 3617 1499 3671 cui
1522 3615 1740 3672 fuerunt
1759 3632 1844 3673 res
1866 3616 2134 3684 secundae,

547 3718 605 3762 et
637 3709 778 3764 hunc
808 3710 893 3764 cui
922 3709 1197 3773 adversus;
1230 3717 1284 3765 et
1308 3709 1441 3764 dicit
1470 3727 1484 3765 :
1518 3709 1805 3779 Propterea
1837 3709 1938 3764 llic
1962 3726 2140 3765 conso-

550 3799 789 3854 lationem
818 3801 901 3854 hic
924 3801 1107 3871 accipit
1135 3816 1156 3856 :
1179 3801 1331 3856 vides
1358 3802 1500 3855 enim
1527 3815 1649 3854 eum
1679 3816 1800 3857 esse
1827 3802 2082 3857 mundum
2107 3816 2138 3856 a

548 3891 814 3961 peccatis;
842 3900 894 3945 tu
917 3907 1031 3946 vero
1059 3893 1322 3947 cruciaris.
1346 3891 1421 3946 Ne
1444 3907 1573 3962 ergo
1599 3891 1778 3947 tristes
1803 3893 1994 3959 simus,
2014 3907 2137 3948 cum

551 3983 844 4039 viderimus
867 3993 1178 4053 peccatores
1206 3983 1295 4039 hic
1314 3984 1470 4039 bonis
1489 3984 1633 4039 affici
1655 4001 1668 4051 ;
1692 3984 1785 4040 sed
1807 3985 2018 4055 quando
2041 3999 2136 4041 nos

547 4072 653 4143 ipsi
682 4074 819 4130 male
847 4073 1099 4145 patimur,
1131 4074 1374 4130 ltetemur
1402 4093 1414 4128 :
1446 4090 1510 4131 ea
1538 4075 1680 4131 enim
1708 4092 1797 4132 res
1823 4086 1908 4131 est
1947 4091 2138 4145 pecca-

550 4176 725 4222 torum
773 4159 1057 4223 exsolutio.
1106 4165 1184 4221 Ne
1226 4182 1530 4238 quaeramus
1592 4168 1824 4239 quietem
1854 4167 2138 4224 :Christns

545 4260 692 4313 enim
720 4257 1063 4315 alﬂictionem
1100 4261 1344 4329 m'omisit
1371 4260 1486 4316 suis
1515 4260 1792 4331 discipulis
1820 4280 1836 4316 :
1863 4270 1916 4316 et
1944 4261 2138 4317 Paulus

546 4350 700 4412 dicit.
730 4349 918 4405 Omnes
939 4352 1024 4419 qui
1051 4351 1134 4421 pie
1157 4350 1329 4405 volunt
1354 4352 1519 4405 viuere
1544 4352 1597 4405 in
1627 4351 1829 4407 Christo
1851 4351 1999 4416 Iesu,
2024 4368 2138 4421 pero

545 4440 892 4511 aequationem
921 4442 1179 4513 patientur
1208 4439 1298 4512 (2.
1332 4440 1468 4495 Tim.
1508 4441 1562 4496 5.
1596 4441 1720 4511 i2).
1762 4443 1947 4498 Nullus
1984 4442 2139 4497 fortis

545 4535 748 4590 athleta
780 4535 831 4588 in
862 4534 1158 4590 certamine
1184 4533 1378 4605 quierit
1408 4534 1617 4591 lavacra
1639 4575 1655 4602 ,
1683 4545 1739 4590 et
1773 4550 2013 4590 mensam
2044 4551 2135 4589 re-

547 4629 745 4696 pletam
777 4625 909 4681 cibis
935 4636 989 4682 et
1024 4626 1150 4681 vino
1180 4642 1195 4681 :
1228 4625 1331 4680 hoc
1357 4642 1464 4681 non
1506 4637 1589 4682 est
1618 4626 1836 4681 athletae
1857 4668 1871 4692 ,
1913 4625 2009 4681 sed
2035 4626 2136 4681 viri

547 4721 724 4775 mollis
748 4730 805 4775 et
828 4719 1118 4774 eileminati
1146 4736 1159 4774 :
1194 4733 1316 4774 nam
1344 4718 1545 4774 athleta
1574 4727 1775 4788 pugnat
1798 4733 1923 4774 cum
1954 4719 2138 4787 pulve-

545 4826 628 4877 re,
656 4812 801 4875 oleo,
831 4810 1012 4865 calore
1036 4809 1192 4872 radii.
1224 4824 1346 4865 cum
1382 4809 1549 4865 multo
1574 4809 1792 4879 sudore,
1820 4809 2130 4878 afﬂictione,

546 4914 601 4958 et
640 4904 881 4976 angustia
919 4902 1247 4959 certaminis.
1296 4902 1408 4957 Hoc
1448 4911 1532 4958 est
1576 4910 1787 4973 tempus
1826 4901 2132 4973 pugnandi;

547 5011 678 5068 ergo
705 5007 758 5054 et
784 4998 1004 5053 vulnera
1032 4996 1351 5065 accipiendi,
1380 5005 1436 5051 et
1462 4996 1776 5067 sanguinem
1805 4997 2134 5065 eil‘uudendi,

547 5099 602 5144 et
626 5087 863 5144 dolendi.
892 5088 1028 5143 Audi
1050 5088 1175 5159 quid
1193 5087 1338 5142 dicat
1364 5088 1553 5145 beatus
1574 5088 1769 5144 Paulus
1792 5107 1805 5143 :
1832 5089 1921 5145 Sic
1942 5108 2132 5162 pugno,

548 5196 649 5234 non
680 5190 936 5248 tamquam
965 5196 1132 5233 aerem
1157 5179 1420 5234 verberans
1449 5180 1523 5252 (i.
1554 5178 1673 5235 Cor.
1703 5180 1754 5235 9.
1785 5180 1899 5250 26).
1943 5182 2139 5238 Existi-

549 5286 759 5326 tncmns
805 5277 971 5325 totam
1004 5269 1167 5325 vitam
1206 5285 1326 5327 esse
1353 5272 1420 5327 ad
1449 5284 1721 5329 certamen
1755 5275 2127 5344 constitutam,

543 5361 597 5406 et
625 5368 914 5425 numquam
945 5371 1248 5426 quaeremus
1276 5358 1542 5431 requiem,
1573 5376 1885 5436 numquam,
1916 5367 1965 5424 si
1992 5368 2129 5424 allii-

540 5458 751 5509 gamur.
780 5444 979 5514 aliquid
1010 5447 1131 5503 novi
1159 5456 1216 5505 et
1242 5448 1402 5508 alieni
1433 5453 1588 5508 nobis
1613 5454 1875 5514 accidisse
1914 5460 2122 5529 putabi-

541 5550 658 5589 mus
684 5552 700 5590 :
724 5537 987 5605 siquidem
1015 5555 1190 5611 neque
1215 5543 1358 5615 pugil
1384 5545 1582 5616 aliquid
1613 5548 1734 5604 novi
1758 5560 1813 5604 et
1841 5549 2002 5608 alieni
2024 5550 2125 5607 sibi

541 5634 692 5692 putat
731 5627 991 5684 accidisse
1011 5671 1026 5695 ,
1055 5634 1268 5702 quando
1294 5646 1375 5692 est
1417 5636 1470 5692 in
1500 5640 1813 5696 certamine.
1857 5638 2017 5697 Aliud
2046 5654 2127 5697 cst

543 5723 753 5786 tempus
778 5718 972 5789 quietis
1002 5740 1014 5779 :
1045 5740 1141 5797 per
1165 5726 1508 5787 afﬂictionem
1541 5747 1639 5789 nos
1677 5742 1889 5804 oportet
1917 5733 2123 5805 perlici.

3782 380 3850 400 L‘ai

2247 430 2468 487 Etiamsi
2501 449 2608 489 non
2635 434 2705 490 sit
2731 437 3097 509 persequutio,
3116 452 3219 493 nec
3242 435 3483 508 afﬂictio,
3502 450 3627 497 sunt
3653 450 3829 499 tamen

2245 522 2363 577 alia:
2386 523 2725 592 afﬂictiones,
2754 543 2873 596 qua:
2895 527 3050 583 nobis
3076 529 3313 600 quotidie
3337 531 3625 591 accidunt:
3650 534 3695 588 si
3718 533 3831 591 lucc

2244 628 2422 673 autem
2450 634 2555 672 non
2584 618 2824 683 ferimus.
2859 622 2945 676 vix
2985 623 3103 678 illas
3134 624 3432 681 tulerimus.
3464 622 3717 694 Tentatio,
3742 629 3830 684 in-

2244 708 2389 778 quit,
2421 725 2508 764 vos
2536 726 2637 765 non
2664 713 3013 781 apprehendat
3032 756 3047 779 ,
3088 715 3185 769 nisi
3224 715 3448 771 humana
3476 717 3561 789 (i.
3591 718 3712 773 Cor.
3742 721 3829 777 il).

2248 800 2361 870 i3).
2386 799 2554 856 Deum
2582 817 2711 872 ergo
2736 819 2973 871 oremus,
2999 821 3064 860 ne
3087 806 3346 862 intremus
3368 810 3419 863 in
3442 812 3829 870 tcntationcm:

2245 889 2327 943 sin
2368 899 2545 945 autem
2589 890 2964 949 intraverimus
2989 939 3005 963 ,
3039 895 3161 951 forti
3199 898 3376 953 animo
3410 899 3665 956 feramus.
3699 902 3830 959 Nam

2234 980 2374 1037 ‘illud
2406 982 2618 1053 quidem
2647 996 2729 1040 est
2756 985 2994 1041 virorum
3022 988 3320 1060 sapientum
3352 999 3407 1046 et
3432 992 3831 1051 moderatorum

2245 1087 2305 1127 se
2335 1073 2386 1126 in
2419 1073 2652 1143 pericula
2684 1089 2790 1130 non
2821 1086 3024 1133 temere
3064 1077 3321 1147 injicere;
3360 1080 3464 1137 hoc
3502 1091 3679 1137 autem
3718 1083 3833 1139 for-

2247 1165 2377 1219 tium
2406 1174 2461 1219 et
2490 1164 2951 1236 philosophorum,
2987 1168 3215 1225 ﬁrmiter
3245 1181 3409 1237 stare,
3440 1173 3484 1227 si
3514 1173 3832 1232 incidamus.

2246 1255 2429 1326 Neque
2457 1272 2584 1327 ergo
2610 1272 2709 1312 nos
2737 1266 2939 1315 temere
2962 1259 3307 1330 projiciamus
3331 1277 3345 1328 ;
3378 1272 3460 1318 est
3489 1264 3632 1319 enim
3666 1266 3835 1321 auda-

2245 1349 2345 1405 ciae
2368 1359 2423 1405 et
2449 1351 2769 1407 temeritatis
2801 1369 2814 1406 :
2848 1368 3019 1426 neque
3046 1354 3091 1409 si
3121 1354 3399 1421 ducamur,
3427 1373 3527 1413 nos
3552 1359 3713 1414 rebus
3742 1375 3838 1415 vo-

2244 1443 2492 1498 cantibus
2519 1444 2808 1512 cedamus;
2841 1455 2924 1502 est
2948 1448 3089 1503 enim
3119 1447 3450 1517 timiditatis;
3483 1451 3575 1505 sed
3605 1452 3649 1505 si
3684 1462 3837 1508 vocet

2246 1534 2461 1604 quidem
2508 1536 2814 1604 praedicatio
2834 1578 2849 1601 ,
2887 1553 2995 1591 non
3024 1554 3368 1606 recusemus;
3399 1540 3443 1594 si
3472 1557 3602 1597 vero
3631 1554 3738 1597 non
3766 1543 3840 1597 sit

2247 1641 2431 1695 causa,
2456 1642 2553 1683 nec
2573 1644 2705 1685 usus
2731 1631 2986 1701 postulet,
3014 1647 3114 1688 nec
3139 1633 3431 1688 necessitas
3454 1634 3839 1690 convenienter

2248 1719 2434 1788 pietati
2456 1734 2555 1776 nos
2575 1730 2751 1789 Vocet,
2782 1739 2889 1777 non
2924 1734 3126 1780 temere
3155 1741 3573 1797 procurramus;
3603 1745 3664 1783 ea
3692 1729 3837 1783 enim

2248 1822 2337 1863 res
2361 1817 2446 1864 est
2469 1812 2758 1867 ostentatio
2776 1854 2792 1880 ,
2822 1822 2878 1868 ct
2904 1813 3077 1870 inanis
3102 1831 3164 1871 ac
3189 1831 3588 1887 supervacanea
3617 1818 3841 1873 honoris

2249 1901 2526 1970 appetitio.
2569 1903 2663 1959 Sin
2709 1914 2888 1960 autem
2933 1906 3205 1977 quidpiam
3247 1908 3443 1964 factum
3492 1909 3651 1967 fuerit
3693 1911 3840 1981 quod

2252 1992 2410 2048 laedat
2428 1996 2699 2065 pietatem,
2731 1996 2939 2052 etiamsi
2961 2009 3204 2069 oporteat
3231 2002 3379 2057 mille
3406 2011 3606 2059 mortes
3631 2004 3841 2071 subire,

2252 2087 2387 2142 nihil
2417 2104 2746 2146 recusemus.
2775 2091 2851 2147 Ne
2880 2107 3136 2163 provoces
3167 2097 3516 2161 tentationes,
3547 2097 3590 2150 si
3619 2112 3683 2151 ex
3710 2107 3843 2153 voto

2250 2177 2346 2232 tibi
2376 2180 2628 2249 procedat
2662 2183 2830 2251 pietas
2860 2200 2873 2239 :
2898 2199 2994 2238 cur
3017 2199 3415 2255 supervacanea
3444 2187 3670 2244 attrabis
3702 2190 3845 2261 peri-

2254 2272 2396 2339 cula,
2424 2288 2542 2340 qum
2571 2274 2703 2328 lucri
2737 2275 2863 2329 nihil
2890 2274 3159 2331 alierum?

2316 2358 2373 2415 5.
2408 2354 2511 2410 Pro
2536 2357 2722 2426 pietate
2748 2354 2918 2407 omnia
2947 2354 3285 2421 suscipienda.
3312 2376 3384 2391 ——
3409 2351 3535 2406 Ητεε
3558 2350 3681 2407 dico
3702 2391 3717 2416 ,
3744 2363 3845 2404 vo-

2247 2449 2363 2504 lens
2406 2460 2503 2502 vos
2544 2459 2761 2501 servare
2807 2444 2952 2514 leges
2992 2441 3227 2508 Christi,
3258 2442 3349 2512 qui
3386 2442 3538 2510 jubet
3572 2455 3728 2496 orare
3768 2456 3842 2495 ne

2246 2538 2457 2594 intretis
2486 2539 2541 2593 in
2570 2537 2919 2592 tentationcm
2945 2575 2961 2602 ,
3002 2543 3055 2587 et
3094 2533 3242 2603 jubet
3278 2540 3493 2603 accepta
3522 2546 3681 2587 cruce
3711 2546 3839 2587 eum

2246 2631 2418 2704 sequi.
2441 2630 2569 2686 Hmc
2589 2629 2786 2699 quippe
2807 2642 2914 2682 non
2943 2635 3065 2681 sunt
3091 2625 3378 2689 contraria,
3410 2623 3504 2680 sed
3529 2623 3685 2679 valde
3700 2639 3846 2679 con-

2246 2731 2443 2794 gruunt
2464 2735 2527 2776 ac
2546 2720 2887 2790 conveniunt.
2918 2717 3049 2773 Nam
3075 2726 3128 2771 tu
3156 2716 3395 2787 quidem,
3419 2730 3539 2771 cum
3562 2725 3841 2787 tamquam

2246 2813 2403 2871 miles
2430 2808 2584 2868 fortis
2611 2820 2662 2865 te
2695 2810 2901 2882 pararis
2925 2820 2980 2865 et
3007 2808 3355 2875 instruxeris,
3387 2818 3504 2863 esto
3535 2808 3750 2863 assidue
3785 2808 3841 2863 iu

2246 2906 2432 2970 armis,
2460 2904 2695 2970 sobrius,
2725 2902 2971 2973 vigilans,
3004 2900 3210 2955 hostem
3242 2914 3454 2969 semper
3480 2911 3841 2969 empectans;

2246 2995 2387 3052 bella
2412 3005 2592 3050 autem
2620 3009 2687 3048 ne
2719 3007 2968 3064 procrees
3001 3010 3014 3045 :
3047 2989 3152 3046 hoc
3189 2991 3330 3044 enim
3363 3004 3468 3045 non
3500 2998 3583 3045 est
3610 2990 3838 3057 militis,

2245 3088 2339 3145 sed
2364 3087 2629 3144 seditiosi.
2653 3087 2748 3142 Sin
2775 3093 2952 3141 autem
2980 3094 3034 3140 te
3052 3083 3258 3139 vocarit
3280 3083 3401 3138 tuba
3429 3083 3662 3154 pietatis,
3690 3083 3841 3139 illico

2244 3178 2502 3250 egredere
2525 3219 2540 3245 ,
2569 3186 2623 3232 et
2660 3177 2891 3231 animam
2922 3175 3139 3246 despice
3158 3216 3173 3241 ,
3200 3182 3258 3229 et
3285 3188 3407 3228 cum
3446 3188 3636 3243 magna
3667 3173 3840 3228 animi

2240 3268 2515 3324 alacritate
2544 3266 2838 3323 certamina
2868 3265 3161 3336 aggredere
3179 3305 3194 3328 ,
3237 3262 3505 3334 perfringe
3533 3263 3703 3318 aciem
3733 3262 3841 3318 ad-

2241 3360 2643 3427 versariorum,
2690 3358 2890 3414 diaboli
2941 3358 3146 3413 vultum
3192 3356 3484 3413 conscinde
3509 3398 3525 3424 ,
3571 3367 3837 3427 troptcum

2241 3454 2408 3525 erige.
2452 3452 2549 3507 Sin
2592 3462 2769 3505 autem
2816 3449 2946 3504 nihil
2989 3449 3213 3504 laedatur
3245 3449 3449 3518 pietas,
3477 3462 3653 3517 neque
3678 3448 3837 3518 quis-

2240 3559 2399 3616 quam
2430 3552 2614 3597 nostra
2640 3539 2927 3595 labelactet
2952 3538 3218 3609 dogmata,
3249 3537 3411 3608 quod,
3441 3538 3677 3607 inquam,
3708 3537 3841 3593 atti-

2242 3644 2334 3691 net
2366 3633 2435 3690 ad
2474 3633 2740 3697 animam,
2783 3645 2956 3701 neque
2983 3630 3270 3701 quidquam
3310 3629 3522 3698 cogaris
3561 3627 3741 3682 facere
3768 3644 3840 3683 ex

2236 3725 2307 3783 iis
2333 3740 2451 3795 qua:
2477 3724 2587 3779 Deo
2612 3738 2718 3778 non
2740 3721 2973 3793 placent,
3004 3737 3075 3775 ne
3102 3734 3531 3791 supervacaneus
3569 3719 3634 3773 sit
3680 3718 3841 3774 labor

2240 3826 2384 3874 tuus.
2410 3815 2635 3888 Oportet
2659 3813 2951 3871 Christiani
2981 3813 3140 3869 vitam
3167 3826 3288 3867 esse
3314 3811 3525 3882 plenam
3549 3812 3834 3881 sanguine,

2237 3912 2517 3984 sanguine,
2548 3911 2786 3980 inquam,
2817 3923 2923 3962 non
2950 3908 3000 3960 in
3031 3905 3302 3961 fundendo
3330 3905 3523 3971 alieno,
3554 3904 3648 3960 sed
3680 3905 3734 3958 in
3765 3920 3839 3960 co

2236 4005 2379 4076 quod
2424 4004 2498 4058 sis
2542 4010 2761 4072 paratus
2804 4008 2950 4054 tuum
2991 3997 3289 4053 eﬂ‘undere.
3333 3995 3466 4052 Cum
3515 4004 3660 4051 tanta
3701 4010 3837 4067 ergo

2236 4095 2403 4150 animi
2455 4092 2729 4148 alacritate
2775 4090 3049 4161 proprium
3097 4087 3409 4157 sanguinem
3454 4086 3833 4153 efl‘nndamus,

2235 4184 2450 4257 quando
2481 4183 2584 4238 hoc
2609 4180 2771 4236 fuerit
2799 4193 2893 4251 pro
2920 4178 3155 4241 Christo,
3182 4190 3306 4233 cum
3326 4184 3523 4247 quanta
3547 4177 3835 4247 quisquam

2236 4290 2429 4347 aquam
2454 4271 2708 4329 effuderit
2734 4270 2957 4341 (ctenim
2990 4283 3126 4339 aqua
3152 4278 3239 4322 est
3269 4267 3485 4337 sanguis
3513 4265 3602 4336 qui
3631 4280 3837 4334 corpus

2235 4364 2605 4437 circumluit),
2632 4373 2831 4419 etcum
2855 4373 3000 4417 tanta
3029 4360 3281 4416 facilitate
3305 4373 3522 4414 carnem
3544 4371 3834 4423 eruamus,

2235 4472 2358 4513 cum
2396 4465 2595 4528 quanta
2637 4463 2861 4510 vestem.
2910 4452 3024 4509 Hoc
3064 4461 3242 4506 autem
3272 4449 3377 4505 erit
3398 4490 3413 4516 ,
3443 4449 3486 4502 si
3519 4463 3626 4502 non
3659 4448 3840 4517 simus

2235 4547 2433 4620 alligati
2466 4546 2726 4618 pecuniis,
2756 4545 2801 4600 si
2833 4559 2940 4600 non
2967 4544 3305 4600 detineamur
3328 4540 3397 4596 ab
3426 4540 3650 4605 adibus,
3678 4555 3707 4593 a
3737 4556 3841 4596 vo-

2235 4641 2438 4712 luptate
2461 4683 2476 4706 ,
2513 4656 2544 4696 a
2584 4639 2938 4710 praesentibus
2978 4637 3249 4693 omnibus.
3287 4635 3344 4691 Si
3381 4634 3525 4690 enim
3559 4634 3649 4704 qui
3690 4631 3839 4688 hanc

2237 4732 2401 4787 vitam
2428 4729 2630 4802 degunt
2654 4729 2967 4796 militarem,
2998 4727 3250 4782 omnibus
3276 4725 3609 4791 renuntiant,
3641 4734 3698 4780 et
3721 4740 3837 4794 quo

2235 4825 2435 4882 bellum
2461 4823 2737 4880 vocaverit
2765 4822 2875 4877 illic
2900 4821 3095 4886 adsunt
3121 4828 3175 4873 et
3209 4819 3312 4874 iter
3339 4818 3552 4880 ineunt,
3576 4826 3632 4871 et
3659 4816 3836 4870 alacri

2231 4918 2413 4974 animo
2440 4917 2618 4972 omnia
2647 4916 2877 4971 tolerant
2908 4931 2922 4967 τ
2949 4912 3118 4967 multo
3146 4910 3316 4981 magis
3344 4924 3440 4963 nos
3465 4950 3480 4975 ,
3510 4908 3599 4978 qui
3639 4921 3838 4963 sumus

2230 5010 2429 5068 Christi
2459 5009 2677 5071 milites,
2708 5007 2779 5062 ita
2807 5015 3021 5076 paratos
3049 5012 3103 5058 et
3130 5003 3418 5057 instructos
3438 5014 3563 5055 esse
3587 5006 3834 5069 oportet,

2229 5110 2285 5160 et
2310 5103 2479 5158 aciem
2510 5109 2720 5157 struere
2756 5097 3015 5153 adversus
3052 5094 3248 5149 bellum
3284 5092 3558 5148 vitiorum.
3598 5089 3714 5145 Non
3741 5098 3836 5145 est

2228 5209 2370 5251 nunc
2410 5190 2789 5264 persrquutio,
2831 5197 2887 5244 et
2915 5186 3055 5241 absit
3089 5194 3149 5240 ut
3186 5185 3256 5240 sit
3298 5196 3583 5253 umquam;
3614 5180 3710 5235 sed
3741 5189 3836 5235 est

2229 5284 2372 5341 aliud
2398 5284 2615 5349 bellum,
2637 5279 2943 5351 cupiditatis
2963 5277 3331 5347 pecuniarum,
3357 5274 3560 5329 bellum
3586 5271 3830 5338 invidiae,

2228 5377 2430 5434 bellum
2478 5375 2702 5430 aliarum
2747 5369 2910 5426 animi
2955 5352 3434 5439 pertuibationum.
3474 5365 3589 5420 Hoc
3620 5364 3828 5418 bellum

2231 5475 2457 5519 narrans
2483 5461 2613 5516 dicit
2635 5458 2833 5514 Paulus
2856 5473 2870 5510 :
2896 5453 3017 5510 Non
3046 5464 3120 5508 est
3147 5454 3294 5508 nobis
3315 5450 3609 5507 colluctatio
3638 5445 3833 5501 adrer-

2228 5571 2314 5609 sus
2339 5568 2541 5608 carnem
2567 5559 2614 5604 et
2643 5546 2939 5619 sanguinem
2968 5543 3182 5617 (Ephes.
3212 5543 3268 5599 6.
3304 5543 3392 5597 i2.
3421 5538 3537 5610 ιι).
3564 5538 3677 5595 Hoc
3703 5537 3834 5594 bel-

2230 5642 2340 5698 lum
2371 5656 2587 5712 semper
2628 5640 2810 5694 instat.
2855 5637 3145 5707 Propterea
3173 5633 3287 5688 vult
3317 5647 3415 5689 nos
3441 5641 3587 5687 stare
3612 5644 3839 5699 semper-

2233 5744 2508 5792 armatos:
2544 5733 2688 5789 State
2725 5746 2873 5804 ergo,
2904 5728 3112 5799 inquit,
3142 5725 3386 5782 succincti
3416 5738 3435 5778 :
3460 5721 3603 5795 quod
3648 5721 3832 5793 ipsum
