4208 6458
350 327 416 393 Μ
1246 324 1313 388 ΙΝ
1356 328 1572 389 EPIST.
1607 329 1696 386 AD
1732 327 1964 386 IIEBRA

2067 327 2105 386 ὃ.
2145 328 2298 386 CAP.
2339 327 2425 388 111.
2465 330 2697 388 1103111..
2735 331 2799 388 V.
3607 332 3672 388 r‘i‘2

347 441 726 512 πλουτοῦντα,
749 446 826 519 μὴ
853 447 1304 520 καταπίπτωμεν
1325 470 1338 484 ·
1361 454 1492 508 ὅταν
1525 454 1728 526 ίδωμεν
1759 453 1970 522 ἀγαθὸν

347 533 545 596 κακῶς
575 534 886 604 πάσχοντα,
918 534 998 606 μὴ
1041 535 1405 608 θορυϐὡμεθα
1425 556 1440 570 ·
1477 541 1596 593 ἐκεῖ
1620 541 1731 611 γάρ
1767 541 1815 592 οἱ
1846 539 1970 592 στέ-

347 633 537 684 φανοι,
569 619 692 670 ἐκεῖ
716 618 814 670 καὶ
844 620 902 671 al
935 618 1212 682 κολάσεις.
1239 623 1351 674 Καὶ
1379 621 1556 686 άλλως
1588 623 1646 676 δὲ
1681 623 1781 675 οὐκ
1819 621 1969 674 ἐστιν

350 698 474 752 οὒτε
522 700 623 753 τὸν
677 701 877 769 κακὸν,
909 703 1092 774 πάντῃ
1125 699 1270 757 εἶναι
1313 708 1488 759 κακὸν
1537 706 1654 760 ἀλλ’
1683 707 1800 760 ἐστι
1842 706 1969 759 τινὰ

351 785 496 854 ἐχειν
523 787 700 840 αὐτὸν
730 788 826 841 καὶ
856 786 1040 854 ἀγαθά
1063 803 1076 817 ·
1112 785 1236 841 οὕτε
1269 790 1363 843 τὸν
1392 792 1597 859 ἀγαθὸν
1625 792 1803 865 πάντῃ
1826 786 1967 845 εἶναι

355 867 579 936 ἀγαθὸν,
637 869 761 926 ἀλλ’
803 871 955 940 ἔχειν
1014 871 1140 924 τινὰ
1192 873 1288 926 καὶ
1351 875 1754 947 ἁμαρτήματα.
1793 874 1967 927 ’Ὅταν

351 947 445 1005 οῦν
477 953 746 1024 εύπραγῇ
783 953 812 1005 6
839 954 1103 1024 πονηρὸς,
1132 954 1243 1009 ίσθι
1285 956 1369 1009 ὅτι
1392 958 1485 1010 ἐπὶ
1519 958 1679 1028 κακῷ
1710 957 1809 1027 τῆς
1833 958 1962 1009 hau-

347 1034 443 1087 τοῦ
485 1035 780 1106 κεφαλῆς·
816 1037 904 1090 ἴνα
941 1038 1054 1109 γὰρ
1080 1039 1311 1092 ἐκείνων
1336 1040 1446 1093 τῶν
1488 1041 1688 1108 ὀλίγων
1739 1039 1965 1108 ἀγαθῶν

345 1118 446 1189 τὴν
477 1119 770 1174 ἀντίδοσιν
819 1120 1067 1175 ἐνταῦθα
1109 1122 1317 1191 λαϐὼν,
1368 1125 1490 1177 ἐκεῖ
1534 1125 1730 1178 λοιπὸν
1778 1123 1965 1178 τέλεον

344 1200 678 1272 κολάζηται,
711 1203 908 1256 τούτου
943 1206 1109 1275 χάριν
1145 1205 1385 1260 ἐνταῦθα
1413 1207 1818 1278 ἀπολαμϐάνει.
1855 1208 1965 1260 Καὶ

346 1285 633 1356 μακάριος
662 1288 882 1350 ἐκεῖνος
906 1289 1152 1358 μάλιστά
1190 1291 1340 1342 ἐστιν
1384 1293 1412 1344 6
1467 1292 1707 1346 ἐνταῦθα
1738 1291 1964 1357 κολαζό-

345 1383 539 1436 μενος,
572 1369 664 1422 ἵνα
696 1370 880 1423 πάντα
910 1372 1254 1443 ἀποθέμενος
1285 1373 1354 1428 τὰ
1385 1375 1786 1448 ἁμαρτήματα,
1820 1376 1966 1429 εὑδό-

342 1467 516 1519 κιμος
549 1452 651 1505 καὶ
693 1453 942 1522 καθαρὸς
963 1455 1124 1529 ἀπίῃ.
1157 1459 1253 1511 καὶ
1291 1457 1607 1522 ἀνεύθυνος.
1660 1460 1770 1512 Καὶ
1803 1458 1967 1512 τοῦτο

340 1532 627 1588 διδάσκων
654 1537 810 1606 ήμᾶς
845 1539 874 1590 6
902 1539 1141 1601 Παῦλος,
1170 1540 1304 1611 φησί
1327 1556 1339 1569 ·
1365 1539 1470 1594 Διὰ
1515 1541 1694 1596 τοῦτο
1724 1543 1796 1596 ἐν
1819 1544 1964 1613 ὑμῖν

341 1619 576 1672 πολλοὶ
629 1621 922 1686 ἀσθενεῖς
962 1622 1066 1676 καὶ
1116 1623 1443 1692 ἄρρωστοι,
1485 1626 1583 1680 καί
1636 1625 1961 1696 κοιμῶνται

342 1702 557 1755 ἱκανοί
580 1717 596 1733 ⁸
638 1705 738 1758 καὶ
784 1704 975 1770 πάλιν,
1031 1706 1342 1775 Παράδοτε
1401 1707 1511 1760 τὸν
1565 1711 1841 1764 τοιοῦτον
1879 1709 1962 1776 τῷ

342 1783 596 1853 Σατανᾶ
627 1789 720 1854 είς
761 1789 1018 1857 ὀλεθρον
1041 1789 1153 1862 τῆς
1181 1793 1432 1860 σαρκὸς,
1473 1795 1577 1848 ἵνα
1615 1794 1680 1848 τὸ
1721 1794 1962 1864 πνεῦμα

343 1864 524 1939 σωθῇ
553 1867 629 1920 ἐν
662 1867 738 1937 τῇ
769 1867 966 1938 ἡμέρᾳ
995 1870 1224 1939 ἐκείνῃ.
1252 1873 1365 1926 Καὶ
1393 1875 1421 1926 6
1453 1876 1745 1944 προφήτης
1770 1877 1960 1946 φησιν,

340 1951 431 2004 δτι
485 1950 777 2018 Ἐδέξατο
794 1953 862 2007 ἐκ
886 1955 1090 2022 χειρὸς
1125 1959 1346 2023 Κυρίου
1389 1957 1578 2012 διπλᾶ
1600 1959 1671 2012 τὰ
1701 1959 1963 2028 ἁμαρτή-

334 2051 508 2104 ματα
529 2051 544 2065 ·
583 2037 683 2090 καὶ
715 2036 880 2094 πάλιν
913 2038 942 2090 6
968 2037 1159 2103 Δαυῒδ,
1192 2039 1316 2094 Ἴδε
1350 2040 1492 2109 τοὺς
1520 2042 1777 2112 ἐχθρούς
1803 2061 1958 2112 μου,

341 2118 438 2173 ὅτι
460 2119 953 2190 ἐπληθύνθησαν
973 2121 1131 2192 ὑπὲρ
1162 2123 1265 2190 τὰς
1295 2125 1504 2195 τρίχας
1534 2125 1645 2194 τῆς
1685 2126 1964 2196 κεφαλῆς

333 2222 486 2274 μου,
525 2207 630 2260 καὶ
674 2206 864 2277 μῖσος
913 2208 1132 2264 ἄδικον
1190 2210 1502 2279 ἐμίσησαν
1542 2229 1640 2282 με,
1674 2213 1775 2266 καὶ
1810 2213 1962 2282 ἄφες

337 2288 560 2357 πάσας
589 2291 699 2356 τὰς
719 2293 1019 2363 ἁμαρτίας
1050 2313 1174 2364 μου
1196 2311 1210 2324 ·
1234 2297 1330 2350 καὶ
1358 2295 1524 2350 πάλιν
1547 2297 1756 2369 ἔτερος,
1782 2299 1962 2366 Κύριε

338 2375 374 2426 ὀ
412 2375 571 2441 Θεὸς
595 2375 787 2444 ἡμῶν,
819 2379 1080 2446 εἰρήνην
1102 2378 1211 2445 δός
1242 2381 1418 2450 ἡμῖν·
1477 2379 1678 2434 πάντα
1711 2383 1824 2451 γὰρ
1849 2383 1962 2437 ἁπ-

340 2455 583 2525 έδωκας
761 2460 935 2529 ἡμῖν.
973 2461 1139 2514 Ἀλλὰ
1165 2463 1341 2516 ταῦτα
1383 2463 1483 2534 μὲν
1500 2464 1811 2530 δεικνύντος
1841 2466 1962 2519 ἐστὶ

339 2544 478 2605 τοὺς
536 2544 746 2607 καλοὺς
801 2545 902 2609 τὰς
965 2547 1115 2618 ὑπὲρ
1154 2548 1265 2600 τῶν
1321 2549 1750 2620 ἁμαρτημάτων
1803 2551 1961 2616 δίκας

335 2625 590 2681 ἐνταῦθα
611 2628 1110 2700 ἀπολαμϐάνοντας
1135 2648 1149 2661 ·
1179 2632 1282 2686 ποῦ
1313 2632 1372 2685 δὲ
1399 2633 1470 2686 τὰ
1505 2634 1690 2702 ἀγαθά
1715 2637 1764 2689 οἱ
1794 2652 1963 2707 πονη-

342 2713 436 2784 ροὶ
478 2713 978 2783 ἀπολαμϐάνοντες
1006 2715 1269 2782 ἐνταῦθα,
1323 2719 1444 2770 ἐκεῖ
1471 2716 1658 2771 τέλεον
1701 2718 1961 2784 κολάζον-

336 2813 474 2864 rat;
508 2799 721 2852 Ἀκουε
741 2797 840 2851 τοῦ
875 2798 1137 2871 Ἀϐραάμ
1170 2799 1429 2869 λέγοντος
1470 2803 1611 2874 πρὸς
1661 2803 1755 2857 τὸν
1799 2804 1963 2859 πλού⁴

342 2897 494 2934 σιοψ
562 2881 902 2949 Ἀπέλαϐες
956 2884 1030 2938 τὰ
1075 2884 1270 2955 ἀγαθά
1311 2900 1432 2940 σου
1478 2887 1548 2940 ἐν
1571 2885 1648 2955 τῇ
1673 2887 1788 2958 ζωῇ
1819 2906 1959 2955 σου,

339 2967 444 3019 καὶ
474 2964 752 3034 Λάζαρος
803 2968 1025 3035 ὁμοίως
1076 2968 1150 3022 τὰ
1200 2969 1374 3023 κακά.
1436 2970 1597 3042 [Ποῖα
1649 2973 1833 3040 ἀγαθά
1866 2975 1960 3049 ﬂ;]

355 3049 640 3104 Ἐνταῦθα
665 3050 781 3122 γὰρ
835 3049 918 3115 τὸ,
980 3051 1337 3121 Ἀπέλασες,
1387 3053 1524 3109 ἀλλά
1593 3056 1688 3127 μή,
1744 3057 1957 3124 ἐλαϐες,

345 3135 548 3200 εἰπὼν,
583 3135 837 3188 δείκνυσι
871 3135 1020 3190 κατά
1066 3136 1294 3210 ὀφειλὴν
1339 3138 1638 3211 ἑκατέρους
1665 3141 1957 3208 παθόντας,

343 3220 560 3274 καὶτὸν
597 3219 702 3290 μὲν
736 3221 794 3273 ἐν
829 3219 1133 3294 εὐπραγίᾳ,
1154 3223 1246 3276 τὸν
1279 3223 1335 3277 δὲ
1371 3225 1428 3278 ἐν
1459 3225 1776 3299 δυσπραγίᾳ
1803 3228 1960 3296 γενόα

347 3318 549 3374 μενονο
583 3304 681 3358 καί
704 3321 862 3375 φησι,
893 3304 982 3359 διά
998 3305 1161 3360 τοῦτο
1185 3303 1379 3374 Οὗτος
1401 3309 1665 3364 ἐνταῦθα
1693 3326 1964 3380 παρακα-

343 3389 586 3444 λεῖταιο
648 3390 788 3460 ὁρᾷς
820 3389 933 3460 γὰρ
983 3391 1156 3444 αὐτὸν
1194 3391 1442 3466 καθαρὸν
1493 3394 1919 3466 ἁμαρτημάτων
1945 3414 1959 3428 ·

344 3473 448 3526 καὶ
473 3471 560 3526 σὺ
607 3471 934 3527 ὀδυνᾶσαι.
992 3472 1088 3544 Μὴ
1129 3475 1313 3529 τοίνυν
1361 3475 1645 3548 ἀλύωμεν,
1687 3479 1820 3532 ὅταν
1869 3480 1963 3532 εὑ-

343 3556 668 3621 παθοῦντας
699 3556 922 3628 ὁρῶμεν
953 3559 1195 3613 ἐνταῦθα
1228 3561 1356 3624 τοὺς
1395 3561 1790 3632 ἁμαρτωλοὺς,
1841 3563 1962 3617 ἀλλ’

341 3641 478 3695 ὅταν
504 3640 700 3704 κακῶς
734 3641 1042 3713 πάσχωμεν
1069 3642 1245 3707 αὐτοὶ,
1301 3644 1586 3714 χαίρωμεν
1605 3661 1620 3676 ·
1674 3646 1962 3718 ἁμαρτιῶν

342 3727 458 3797 γάρ
493 3727 618 3780 ἐστι
655 3725 717 3778 τὸ
752 3727 996 3796 πρᾶγμα
1031 3725 1246 3790 ἐκτισις
1273 3744 1287 3758 ο
1324 3727 1404 3798 μὴ
1453 3728 1713 3800 ζητῶμεν
1738 3730 1924 3785 ἄνεσιν
1947 3747 1963 3763 .

343 3810 540 3880 θλίψιν
572 3810 690 3881 γὰρ
707 3809 1087 3878 ἐπηγγείλατο
1119 3809 1233 3874 τοῖς
1260 3811 1429 3864 αὑτοῦ
1454 3813 1733 3883 μαθηταῖς
1768 3817 1796 3869 6
1828 3816 1966 3885 Χρι-

343 3895 478 3958 στός
497 3911 512 3923 ·
541 3895 641 3947 καί
671 3911 841 3964 φησιν
873 3896 902 3948 6
932 3893 1168 3956 Παῦλοςο
1202 3893 1436 3962 Πάντες
1458 3899 1513 3949 οί
1537 3896 1824 3965 θέλοντες
1857 3897 1966 3969 ζῇν

339 3978 623 4045 εὐσεϐῶς
648 3980 718 4033 ἐν
739 3978 977 4048 Χριστῷ
1012 3978 1236 4047 Ἰησοῦ,
1269 3977 1742 4050 διωχθήσονται.
1773 3983 1967 4049 Οὐδεὶς

339 4068 606 4137 γενναῖος
642 4064 888 4136 ἀθλητὴς
923 4065 983 4116 ἐν
1020 4064 1098 4135 τῷ
1133 4059 1424 4135 σκάμματι
1455 4064 1662 4136 λουτρά
1689 4066 1961 4141 ἐπιζητεῖ,

340 4151 446 4206 καὶ
477 4151 774 4221 τράπεζαν
804 4147 1118 4218 πλήθουσαν
1149 4149 1344 4212 σιτίοις
1368 4149 1463 4202 καὶ
1487 4151 1616 4221 οῐνῳ
1643 4168 1656 4180 ·
1685 4151 1848 4207 τοῦτο
1864 4155 1966 4208 οὐκ

341 4237 501 4289 ἐστιν
520 4230 791 4303 ἀθλητοῦ,
821 4232 960 4285 ἀλλὰ
983 4231 1216 4300 βλακός·
1247 4235 1275 4285 6
1306 4231 1416 4304 γὰρ
1451 4233 1693 4308 ἀθλητὴς
1729 4237 1966 4309 μάχεται

342 4319 525 4383 κόνει,
543 4317 734 4388 ἐλαίῳ,
753 4318 979 4380 ἀκτῖνος
994 4313 1316 4388 θερμότητι,
1341 4315 1526 4388 ἱδρῶτι
1539 4319 1744 4390 πολλῷ,
1765 4323 1966 4393 Θλίψει,

343 4406 448 4460 καὶ
474 4401 821 4472 στενοχωρίᾳ
845 4400 1086 4468 ἀγῶνος.
1103 4395 1273 4465 Οὗτός
1293 4402 1526 4456 ἐστικαὶ
1548 4403 1644 4456 τοῦ
1668 4407 1968 4462 πυκτεύειν

341 4488 376 4541 6
407 4485 646 4557 καιρός⁹
673 4484 878 4539 οὐκοῦν
910 4482 1009 4538 καὶ
1064 4484 1160 4537 τοῦ
1200 4484 1500 4556 τραύματα
1529 4485 1838 4558 λαμϐάνειν
1871 4491 1968 4544 καλ.

343 4567 728 4642 αῖμάττεσθαι
782 4569 880 4622 καὶ
911 4568 1122 4636 ἀλγεῖν.
1163 4569 1439 4622 ’Δκουσον
1471 4569 1525 4624 τί
1584 4587 1752 4643 φησιν
1810 4575 1840 4628 6
1863 4593 1969 4646 μα-

343 4656 555 4726 κάριος
579 4651 799 4714 Παῦλος
820 4653 1018 4705 Ὀὕτω
1040 4653 1322 4707 πυκτεύω
1341 4653 1422 4720 ὡς
1449 4655 1562 4707 οὐκ
1585 4655 1732 4723 ἀέρα
1755 4655 1964 4726 δέρων.

345 4738 548 4792 Πάντα
579 4736 676 4789 τδν
706 4735 823 4805 βίον
855 4735 1154 4804 ἐναγώνιον
1204 4734 1347 4789 εἶναι
1375 4736 1718 4808 νομίσωμεν,
1750 4741 1847 4794 καὶ
1877 4743 1969 4795 ού-

341 4821 554 4876 δέποτε
585 4818 902 4872 ἀνάπαυσιν
958 4817 1300 4889 ζητήσομεν,
1357 4817 1617 4872 οὐδέποτε
1653 4819 1968 4894 θλιϐόμενοι

346 4902 851 4974 ξενοπαθήσομενσ
885 4902 1048 4973 είπερ
1094 4902 1230 4974 μηδέ
1293 4901 1531 4974 πύκτης,
1564 4903 1653 4956 ὅτε
1705 4905 1764 4958 ἐν
1796 4907 1969 4976 ἀγῶνί

345 4990 496 5050 ἐστι,
518 4986 838 5054 ξενοπαθεῖ.
871 4986 1106 5060 Ἕτερός
1123 4987 1273 5039 ἐστιν
1298 4987 1329 5039 6
1353 4986 1451 5056 τῆς
1473 4987 1716 5052 ἀνέσεως
1741 4991 1932 5062 καιρός
1950 5008 1965 5022 ·

347 5072 444 5127 διὰ
475 5071 722 5140 θλίψεως
751 5072 903 5141 ἡμᾶς
931 5070 1291 5141 τελειωθῆναι
1337 5071 1440 5126 δεῖ.
1494 5071 1555 5125 El
1605 5073 1702 5126 καὶ
1733 5073 1809 5145 μὴ
1841 5076 1968 5129 διω⁹

345 5159 501 5230 γμύς
531 5159 656 5212 ἐστι
677 5156 815 5227 μηδὲ
850 5156 1052 5225 θλῖψις,
1106 5155 1224 5210 ἀλλ’
1255 5157 1394 5209 εἰσὶν
1421 5156 1609 5228 ἕτεραι
1644 5157 1874 5229 θλίψεις,
1910 5163 1966 5214 αἱ

345 5241 484 5296 καθ’
523 5239 772 5311 ἑκάστην
820 5242 1043 5312 ἡμέραν
1095 5242 1232 5311 ήμῖν
1295 5241 1751 5310 συμπίπτουσαν
1806 5245 1856 5296 εί
1911 5244 1969 5299 δὲ

343 5325 568 5388 ταύτας
618 5325 684 5378 οὐ
721 5325 986 5396 φέρομεν,
1044 5324 1209 5396 σχολῇ
1267 5340 1332 5393 γε
1377 5325 1599 5390 ἐκείνας
1645 5326 1968 5399 ἐνέγκοιμεν

346 5411 444 5465 ἂν.
490 5408 839 5477 Πειρασμὸς
878 5406 1039 5478 ὑμᾶς
1093 5409 1205 5462 οὐκ
1255 5407 1494 5478 εἴληφε,
1561 5411 1752 5482 φησὶν,
1787 5415 1840 5466 εὶ
1881 5413 1970 5482 μὴ

345 5488 765 5557 ἀνθρώπινος.
806 5485 1114 5556 Εὐχώμεθα
1157 5489 1256 5557 μὲν
1293 5484 1388 5542 οῦν
1417 5488 1494 5559 τῷ
1527 5489 1648 5560 Θεῷ
1681 5491 1755 5561 μὴ
1799 5493 1973 5546 εἰσελ-

346 5573 476 5627 θεῖν
501 5573 593 5636 είς
638 5571 954 5640 πειρασμόν
980 5587 994 5602 ο
1036 5572 1384 5634 εἰσελθόντες
1424 5572 1506 5642 δὲ,
1551 5573 1816 5646 φέρωμεν
1847 5593 1970 5644 γεν-

346 5655 555 5720 ναίως.
613 5653 825 5708 Ἐκεῖνο
883 5655 986 5728 μὲν
1019 5656 1129 5728 γὰρ
1181 5657 1481 5728 σωφρόνων
1527 5659 1760 5731 ἀνδρῶν,
1797 5661 1858 5716 τὸ
1896 5661 1972 5734 μὴ

413 5826 444 5856 ⁸
483 5821 654 5874 Verba
683 5825 802 5873 ποῖα
835 5825 909 5886 ἀγ.
931 5837 946 5886 ;
977 5836 1074 5874 non
1094 5823 1242 5876 habet
1269 5825 1418 5876 Sam.

2077 453 2347 518 κινδύνοις
2390 455 2750 526 ἐπιρῤίπτειν
2783 451 3045 517 ἑαυτούς’
3081 453 3241 507 τοῦτο
3292 452 3350 507 δέ
3403 455 3670 520 γενναίων

2071 539 2168 590 καὶ
2207 539 2544 608 φιλοσόφων,
2575 538 2636 593 τὸ
2667 537 2922 591 ἵστασθαι
2971 538 3336 608 ἐμπεσόντας.
3388 537 3544 609 Μήτε
3575 539 3669 590 οὖν

2071 621 2495 694 ἐπιρρίπτωμεν
2556 623 2792 686 ἑαυτοὺς
2850 621 3068 685 ἁπλῶς·
3131 622 3474 692 θρασύτητος
3515 622 3668 691 γάρ’

2073 706 2214 776 μήτε
2274 708 2558 777 ἀγόμενοι,
2622 707 2719 760 καὶ
2765 705 2874 760 τῶν
2939 706 3288 776 πραγμάτων
3332 705 3667 769 καλούντων,

2069 787 2365 860 ἐνδιδῶμεν
2396 807 2408 819 ’
2441 790 2648 852 δειλίας
2679 791 2788 861 γάρ
2819 806 2830 820 ·
2865 789 2979 842 ἀλλ’
3005 789 3100 842 ἐὰν
3149 789 3248 859 μὲν
3294 787 3356 841 τδ
3400 790 3670 861 κήρυγμα

2070 872 2233 942 καλῇ.
2272 873 2345 942 μὴ
2371 872 2778 943 παραιτώμεθα
2799 890 2812 903 ·
2851 872 3040 935 ἁπλῶς
3062 872 3139 935 δὲ,
3171 872 3353 937 αἰτίας
3377 872 3449 943 μὴ
3471 872 3663 942 οῦσης,

2071 957 2210 1026 μήτε
2237 955 2351 1028 [59]
2385 958 2595 1028 χρείας,
2625 957 2764 1028 μήτε
2794 958 3039 1026 ἀνάγκης
3055 957 3157 1025 τῆς
3179 956 3324 1010 κατὰ
3349 957 3667 1010 θεοσέϐειαν

2068 1039 2367 1112 καλούσης,
2411 1043 2485 1111 μὴ
2521 1043 2944 1112 ἐπιτρέχωμεν·
2991 1040 3253 1105 ἐπίδειξις
3286 1041 3394 1112 γάρ
3433 1043 3550 1093 ἐστι
3594 1040 3658 1093 τὸ

2069 1125 2330 1194 πρᾶγμα,
2363 1124 2458 1178 καὶ
2491 1124 2776 1195 φιλοτιμία
2814 1127 3066 1197 περιττή.
3111 1125 3236 1177 Ἐἀν
3267 1124 3325 1176 δέ
3357 1143 3408 1177 τι
3429 1123 3536 1176 τῶν
3559 1125 3663 1194 τὴν

2067 1207 2356 1262 εὐσέϐειαν
2409 1209 2923 1280 παραϐλαπτόντων
2974 1209 3216 1278 γίνηται,
3265 1207 3372 1261 κᾶν
3431 1207 3660 1278 μυρίους

2069 1288 2376 1361 ὑποστῆναι
2405 1292 2501 1365 δέῃ
2544 1293 2836 1359 θανάτους,
2893 1293 3060 1364 μηδὲν
3111 1291 3529 1362 παραιτώμεθα.
3565 1292 3664 1361 Μὴ,

2067 1376 2382 1446 προσκαλοῦ
2416 1379 2542 1442 τοὺς
2572 1378 2939 1449 πειρασμοὺς,
2970 1379 3100 1431 ὅταν
3136 1393 3216 1430 σοι
3249 1376 3314 1430 τά
3368 1376 3509 1428 κατά
3558 1375 3658 1446 τὴν

2066 1460 2351 1515 εὐσέϐειαν
2383 1464 2646 1533 προχωρῇ
2681 1461 2756 1526 ὡς
2803 1462 3021 1526 ποθεῖς⁸
3074 1462 3126 1514 τί
3190 1461 3488 1532 περιττοὺς
3537 1461 3658 1512 ἐπι-

2066 1547 2273 1599 σπᾶσαι
2307 1545 2592 1610 κινδύνους
2623 1546 2778 1601 οὐδὲν
2809 1546 3003 1618 κέρδος
3043 1546 3302 1617 ἔχονταςς

2136 1705 2197 1763 ε’.
2219 1707 2407 1762 Ταῦτα
2423 1709 2568 1777 λέγω
2590 1709 2917 1780 βουλόμενος
2941 1710 3087 1780 ὑμᾶς
3105 1708 3398 1778 φυλάττειν
3418 1709 3544 1772 τοὺς
3574 1707 3661 1761 νό-

2067 1807 2203 1861 μους
2227 1791 2323 1844 τοῦ
2359 1792 2601 1862 Χριστοῦ
2640 1793 2961 1857 κελεύοντος
2994 1791 3254 1862 εῦχεσθαι
3292 1793 3367 1862 μὴ
3396 1791 3662 1845 εἰσελθεῖν

2065 1877 2145 1937 εἰς
2176 1874 2504 1944 πειρασμὸν,
2549 1877 2646 1928 καὶ
2691 1877 3013 1940 κελεύοντος
3067 1876 3233 1929 πάλιν
3285 1876 3379 1929 τὸν
3423 1875 3660 1946 σταυρὸν

2065 1957 2330 2023 λαϐόντας
2353 1957 2675 2015 ἀκολουθεῖν
2698 1961 2869 2031 αὐτῷ.
2899 1959 3087 2014 Ταῦτα
3115 1961 3214 2028 μὲν
3240 1959 3352 2029 γὰρ
3377 1960 3478 2012 οὐκ
3508 1958 3658 2011 ἔστιν

2066 2046 2308 2111 ἐναντία,
2334 2043 2471 2100 ἀλλὰ
2517 2047 2611 2098 καὶ
2662 2047 2870 2117 σφόδρα
2915 2046 3235 2116 συνᾴδοντα.
3296 2043 3370 2094 Σὺ
3419 2044 3519 2112 μὲν
3563 2039 3666 2096 οῦν

2064 2128 2208 2181 οὕτω
2233 2131 2620 2201 παρεσκεύασο
2651 2129 2728 2192 ὡς
2761 2126 3108 2197 στρατιώτης
3147 2128 3418 2194 γενναῖος,
3452 2129 3512 2178 ὲν
3543 2124 3662 2189 τοῖς

2063 2213 2252 2277 ὅπλοις
2293 2214 2388 2267 ἔσο
2433 2214 2717 2286 διηνεκῶς,
2762 2213 2974 2284 νήφων,
3033 2209 3380 2283 ἐγρηγορὼς,
3431 2211 3521 2263 ἀεὶ
3565 2210 3662 2262 τὸν

2065 2297 2328 2367 πολέμιον
2370 2297 2727 2367 προσδοκῶν·
2773 2295 3047 2364 πολέμους
3101 2294 3288 2364 μέντοι
3357 2294 3430 2363 μὴ
3465 2292 3653 2345 τίκτε*

2062 2381 2221 2434 τοῦτο
2241 2381 2350 2452 γὰρ
2376 2382 2475 2434 οὐκ
2497 2381 2611 2435 ἔστι
2627 2379 2983 2452 στρατιώτου,
3003 2371 3138 2432 άλλά
3162 2377 3511 2430 στασιαστοῦ.
3533 2375 3661 2429 Ἐάν

2061 2466 2118 2518 δὲ
2143 2467 2175 2536 ὴ
2207 2467 2308 2536 τῆς
2342 2465 2627 2528 εὐσεϐείας
2657 2463 2898 2532 σάλπιγξ
2923 2463 3088 2533 καλῇ.
3118 2461 3324 2524 εὐθέως
3357 2461 3517 2527 ἔξιθι,
3563 2462 3663 2514 καὶ

2062 2549 2484 2618 καταφρόνησον
2515 2549 2613 2618 τῆς
2637 2549 2838 2618 ψυχῆς,
2877 2547 2975 2600 καὶ
3025 2543 3226 2615 ἔμϐηθι
3260 2546 3402 2615 μετά
3453 2544 3659 2615 πολλῆς

2061 2633 2161 2703 τῆς
2185 2633 2503 2706 προθυμίας
2529 2635 2610 2696 είς
2637 2633 2764 2695 τοὺς
2793 2631 3037 2700 ἀγῶνας,
3069 2629 3234 2702 ῥῆξον
3267 2629 3366 2701 τὴν
3399 2629 3659 2698 φάλαγγα

2059 2719 2172 2772 τῶν
2197 2717 2480 2782 ἐναντίων,
2515 2717 2794 2787 σύγκοψον
2818 2715 2879 2769 τὸ
2903 2716 3197 2786 πρόσωπον
3241 2715 3338 2768 τοῦ
3381 2714 3662 2775 διαϐόλου.

2064 2802 2265 2872 στῆσον
2295 2801 2357 2854 τὺ
2383 2801 2646 2874 τρόπαιον
2668 2817 2679 2828 °
2716 2799 2812 2853 ἐὰν
2840 2799 2897 2852 δὲ
2927 2798 3093 2870 μηδὲν
3124 2800 3160 2869 ή
3182 2799 3437 2851 εὐσέϐεια
3474 2816 3662 2869 παρα-

2063 2883 2399 2954 ϐλάπτηται,
2438 2884 2576 2954 μηδὲ
2603 2882 2781 2954 πορθῇ
2837 2901 2918 2946 τις
2967 2882 3036 2935 τά
3090 2883 3338 2953 ἡμέτερα
3385 2881 3657 2952 δόγματα.

2060 2968 2130 3022 τά
2162 2967 2306 3022 κατά
2337 2969 2439 3040 τὴν
2469 2968 2650 3040 ψυχὴν
2674 2967 2840 3036 λέγω,
2882 2966 3018 3036 μηδὲ
3049 2966 3337 3037 ἀναγκάζῃ
3387 2983 3440 3018 τι
3481 2968 3668 3018 ποιεῖν

2061 3051 2169 3106 τῶν
2204 3051 2279 3122 μὴ
2310 3051 2615 3104 δοκούντων
2645 3051 2725 3122 τῷ
2754 3049 2897 3119 Θεῷ,
2935 3049 3011 3120 μὴ
3051 3048 3308 3116 περιττὸς
3331 3047 3444 3103 ἔσο.
3478 3049 3662 3119 Αἱμά·

2062 3152 2170 3188 των
2207 3135 2289 3188 δεῖ
2316 3133 2510 3206 γέμειν
2557 3134 2654 3188 τὸν
2693 3132 2787 3187 τοῦ
2824 3130 3162 3203 Χριστιανοῦ
3196 3131 3334 3202 βίον,
3383 3132 3658 3201 αἱμάτων,

2063 3221 2166 3273 οὐκ
2189 3220 2248 3272 ἐν
2270 3219 2351 3288 τῷ
2389 3218 2458 3272 τὰ
2483 3217 2745 3289 ἀλλότρια
2790 3218 2998 3286 ἐκχεῖν,
3059 3215 3174 3268 ἀλλ’
3227 3216 3287 3267 ἐν
3321 3214 3398 3286 τῷ
3433 3216 3656 3286 ’ἐτοιμον

2064 3298 2204 3356 εἶναι
2229 3301 2288 3355 τδ
2320 3301 2518 3355 ἐαυτοῦ
2553 3304 2754 3372 ἐκχεῖν.
2774 3299 2928 3354 Μετά
2956 3299 3229 3370 τοσαύτης
3253 3299 3432 3353 τοίνυν
3460 3301 3659 3370 προθυο

2067 3387 2197 3457 μίας
2227 3387 2290 3440 τὸ
2311 3387 2443 3441 ἴδιον
2471 3382 2611 3456 αἷμα
2662 3386 2968 3456 ἐκχέωμεν,
3009 3385 3150 3438 ὅταν
3197 3385 3340 3457 ὑπὲρ
3393 3384 3488 3439 τοῦ
3522 3387 3663 3454 Χρι-

2068 3472 2196 3525 στοῦ
2223 3471 2382 3525 τοῦτο
2434 3467 2494 3542 ᾖ,
2537 3471 2657 3541 μεθ’
2697 3470 2832 3539 δσης
2879 3468 2946 3523 ἂν
2987 3469 3138 3540 ὕδωρ
3185 3487 3272 3534 τις
3326 3471 3508 3540 ἐκχέοι
3543 3471 3664 3537 (καὶ

2067 3557 2176 3628 γάρ
2201 3555 2348 3627 ὕδωρ
2363 3556 2481 3608 ἐστὶ
2498 3556 2561 3608 τὸ
2589 3552 2732 3626 αἷμα
2749 3553 3042 3625 περιρρέον
3071 3553 3134 3606 τὸ
3153 3551 3339 3625 σῶμα)
3362 3570 3376 3584 ο
3397 3555 3492 3607 καὶ
3521 3553 3666 3622 μετά

2065 3639 2340 3711 τοσαύτης
2365 3640 2619 3704 εὐκολίας
2645 3641 2746 3709 τὴν
2769 3641 2950 3710 σάρκα
2976 3637 3362 3709 ἀωδυιῦμεθα,
3390 3639 3509 3709 μεθ’
3527 3641 3662 3708 ὅσης

2066 3724 2134 3781 ἂν
2158 3726 2252 3781 καὶ
2276 3725 2338 3778 τὸ
2379 3720 2618 3797 ἱμάτιον.
2643 3723 2816 3777 Τοῦτο
2840 3723 2897 3774 δὲ
2927 3722 3110 3787 ἔσται,
3139 3723 3236 3777 ἐάν
3274 3722 3349 3794 μὴ
3379 3725 3671 3796 χρήμασιν·

2067 3805 2219 3882 ὦμεν
2251 3805 2696 3880 προσδεδεμένοι,
2744 3807 2810 3861 ἂν
2846 3805 2921 3878 μὴ
2962 3807 3186 3870 οίκίαις,
3241 3806 3307 3859 ἂν
3367 3807 3443 3877 μὴ
3491 3823 3668 3877 προσ-

2068 3893 2274 3964 παθείᾳ
2289 3891 2398 3944 τῶν
2429 3893 2718 3961 παρόντων
2738 3884 2890 3961 ὦμεν
2907 3889 2934 3928 ι)
2956 3889 3362 3960 ἀπηρτημένοι.
3395 3890 3456 3942 Εἰ
3480 3890 3590 3960 γὰρ
3610 3891 3661 3942 οἱ

2067 3977 2157 4030 τὸν
2185 3976 2585 4047 στρατιωτικὸν
2613 3974 2808 4028 τοῦτον
2832 3972 2947 4042 βίον
2980 3971 3186 4037 ζῶντες
3223 3975 3390 4027 πᾶσιν
3414 3973 3664 4027 ἀποτάσ-

2069 4070 2279 4120 σονται,
2313 4058 2409 4111 καὶ
2449 4058 2580 4112 ἔνθα
2612 4059 2727 4112 ἃνό
2766 4056 3005 4126 πόλεμος
3047 4055 3210 4128 καλῇ,
3249 4058 3369 4110 ἐκεῖ
3408 4057 3658 4128 παραγί-

2068 4157 2251 4194 νονται
2282 4143 2379 4195 καὶ
2417 4139 2788 4209 ὁδοιποροῦσι,
2825 4141 2919 4192 καὶ
2952 4139 3133 4192 πάντα
3175 4139 3316 4209 μετά
3348 4140 3668 4209 προθυμίας

2070 4225 2407 4294 ὑπομένουσι
2434 4239 2450 4254 ·
2481 4221 2667 4292 πολλῷ
2706 4220 2908 4292 μᾶλλον
2939 4222 3092 4292 ἡμᾶς
3121 4223 3248 4284 τοὺς
3277 4221 3373 4274 τοῦ
3420 4221 3671 4294 Χριστοῦ

2070 4305 2414 4379 στρατιώτας
2435 4305 2582 4361 οὕτω
2617 4305 3152 4375 παρασκευάζεσθαι
3181 4303 3308 4376 χρὴ,
3349 4305 3447 4359 καὶ
3479 4323 3668 4377 παρα·

2067 4393 2368 4447 τάττεσθαι
2396 4391 2535 4463 πρὸς
2567 4389 2660 4444 τὸν
2697 4388 2940 4459 πόλεμον
2975 4387 3090 4442 τῶν
3122 4388 3342 4442 παθῶν..
3390 4390 3504 4443 Οὐκ
3548 4390 3670 4443 ἐστι

2067 4476 2312 4548 διωγμὸς
2333 4475 2450 4543 νῦν,
2482 4474 2617 4547 μηδέ
2647 4474 2858 4542 γένοιτο
2879 4471 3136 4542 γενέσθαι
3156 4473 3310 4526 ποτέο
3332 4473 3446 4527 ἀλλ’
3475 4475 3561 4528 ἒτε
3574 4491 3671 4546 ρος

2070 4559 2310 4630 πόλεμός
2333 4560 2506 4623 ἐστιν,
2532 4560 2560 4612 6
2585 4557 2688 4628 τῆς
2708 4556 2820 4610 τῶν
2841 4556 3144 4628 χρημάτων
3161 4557 3484 4628 ἐπιθυμίας,
3515 4559 3543 4612 6
3564 4559 3666 4628 τῆς

2071 4643 2188 4718 [60]
2243 4641 2568 4715 βασκανίας,
2607 4644 2635 4695 6
2676 4641 2786 4694 τῶν
2836 4640 3014 4695 ἀλλων
3060 4641 3273 4698 παθῶν.
3318 4641 3521 4697 Τοῦτον
3571 4643 3673 4696 τὸν

2071 4729 2306 4800 πόλεμον
2353 4727 2715 4798 διηγούμενος
2771 4729 2799 4780 6
2841 4725 3052 4791 Παῦλός
3096 4744 3294 4800 φησιν·
3331 4731 3455 4783 Οὐκ
3493 4731 3668 4784 ἐστιν

2069 4813 2218 4882 ἡμῖν
2243 4813 2282 4881 ἡ
2319 4810 2484 4880 πάλη
2522 4810 2672 4880 πρὸς
2711 4805 2858 4882 αἷμα
2903 4810 3002 4864 καί
3045 4810 3267 4879 σάρκα.
3313 4811 3423 4865 Ἀεὶ
3446 4807 3600 4877 οὗτος
3639 4815 3669 4865 δ

2072 4896 2313 4968 πόλεμος
2347 4897 2634 4965 ἐνέστηκε.
2668 4895 2768 4947 Διά
2791 4895 2952 4948 τοῦτο
2981 4895 3070 4948 ἀεί
3107 4895 3494 4965 ὡπλισμένους
3516 4898 3670 4968 ἡμᾶς

2072 4980 2298 5035 ἑστάναι
2335 4978 2606 5050 βούλεται.
2642 4977 2831 5046 Στῆτε
2877 4974 3014 5042 οὖν,
3054 4978 3212 5047 φησὶ,
3259 4977 3670 5046 περιζωσάμε-

2071 5082 2166 5118 νοι
2195 5081 2209 5097 ο
2261 5065 2401 5135 ὅπερ
2455 5063 2551 5117 καὶ
2585 5062 2721 5116 αὐτὸ
2765 5061 3066 5123 ἐνεστῶτος
3123 5061 3241 5112 ἐστι
3281 5059 3478 5130 καιροῦ
3509 5075 3523 5088 ο
3571 5062 3670 5114 καὶ

2072 5147 2356 5219 ἐνέφηνεν,
2381 5149 2465 5201 ὅτι
2506 5146 2596 5200 ἀεὶ
2639 5145 2723 5198 δεῖ
2755 5143 3100 5208 ὁπλίζεσθαι.
3152 5141 3329 5206 Πολὺς
3359 5145 3470 5215 γὰρ
3508 5146 3536 5197 6
3565 5145 3669 5199 πὸο

2071 5233 2239 5304 λεμος
2267 5233 2355 5286 διὰ
2381 5229 2659 5302 γλώσσης,
2681 5229 2850 5292 πολὺς
2878 5227 2946 5280 δι’
2970 5227 3270 5298 ὀφθαλμῶν
3299 5244 3312 5258 ·
3344 5229 3536 5283 τοῦτον
3563 5233 3670 5283 τοί-

2073 5335 2171 5371 νυν
2195 5317 2518 5388 κατέχωμεν
2547 5332 2562 5345 ο
2599 5314 2770 5378 πολὺς
2798 5314 2831 5366 6
2857 5313 2965 5367 τῶν
3012 5312 3342 5382 ἐπιθυμιῶν.
3377 5313 3477 5366 Διά
3506 5315 3668 5369 τοῦτο

2071 5401 2284 5457 ἐκεῖθεν
2344 5399 2575 5472 ἄρχεται
2627 5396 2983 5462 καθοπλίζειν
3035 5397 3128 5450 τὸν
3176 5395 3525 5469 στρατιώτην
3571 5399 3677 5452 τοῦ·

2071 5485 2340 5561 Χριστοῦ.
2395 5482 2585 5552 Στῆτε
2642 5483 2778 5553 γὰρ,
2831 5481 2989 5552 φησὶ,
3040 5480 3505 5550 περιζωσάμενοι
3555 5481 3678 5548 τὴν*

2073 5570 2278 5642 ὀσφὺν
2314 5566 2527 5639 ὑμῶν·
2581 5568 2676 5622 καὶ
2716 5569 3021 5639 ἐπήγαγεν,
3088 5569 3192 5622 Ἐν
3241 5566 3515 5636 ἀληθείᾳ.
3568 5567 3672 5621 Διά

2135 5769 2164 5809 b
2199 5766 2382 5833 Begg"
2426 5764 2669 5833 Cqmmel.
2701 5772 2753 5818 et
2786 5779 2943 5831 marg.
2972 5765 3148 5830 Savil.,
3171 5765 3228 5815 ἂν
3253 5765 3318 5828 μὴ
3350 5761 3667 5828 προπαθείᾳ,

2079 5831 2136 5879 ἂν
2170 5829 2234 5892 μή
2261 5828 2450 5876 πάντων
2472 5829 2616 5893 ὦμεν.
