4208 6472
366 299 433 354 55
1205 294 1271 353 IN
1309 295 1525 355 EPIST.
1567 296 1658 351 AD
1697 293 2057 357 IIEBRAEOS.
2101 291 2256 350 CAP.
2298 291 2386 346 Ill.
2429 290 2661 345 IIOilil..
2705 288 2796 341 Vl.
3616 280 3683 333 Si

353 416 573 473 quoque
625 410 710 457 est
764 401 1049 470 prmsentis
1096 402 1357 471 temporis
1397 418 1416 455 γε
1456 413 1509 456 et
1554 409 1789 458 ostendit
1834 406 1978 474 quod

352 502 602 563 oporteat
619 507 840 561 semper
866 491 1361 562 armariJlagnum
1381 492 1524 546 enim
1545 504 1628 547 est
1654 494 1854 549 bellqu
1880 512 1978 567 per

352 589 618 657 linguam,
652 600 909 655 maguum
938 600 1037 654 per
1064 586 1253 640 oculos
1277 602 1289 638 :
1309 585 1412 640 hoc
1435 602 1563 655 ergo
1590 588 1939 642 cohibeamus
1962 607 1975 644 :

350 694 603 747 maguum
631 677 942 731 estbellum
973 677 1347 746 cupiditatum.
1368 678 1820 746 Proptercailliuc
1840 682 1968 735 inci,-

353 773 430 839 pit
451 786 667 825 artnare
694 771 925 825 militem
957 770 1160 826 Christi
1199 790 1211 825 :
1248 772 1394 827 State
1416 773 1583 837 enim,
1607 773 1777 841 inquit
1802 817 1816 839 ,
1851 793 1968 829 suc-

353 866 495 916 cincti
518 864 729 917 lumbos
754 873 1057 927 vestros;et
1086 865 1384 932 subiunxit,
1410 863 1473 917 In
1508 866 1734 920 veritate.
1765 867 1965 937 Quare,

354 955 416 1007 In
442 956 697 1009 veritate?
728 954 992 1009 Esteuim
1023 955 1486 1024 cupitlimsillusio
1512 966 1567 1010 et
1602 957 1966 1027 mendacium,

350 1058 402 1101 ut
418 1048 548 1101 dicit
577 1047 784 1101 alicubi
815 1046 981 1102 David
1007 1068 1020 1098 ;
1048 1046 1231 1100 Lumbi
1259 1048 1356 1101 mei
1396 1048 1593 1117 impleti
1621 1060 1739 1103 sunt
1766 1049 1971 1105 illusio—

346 1142 493 1193 nibus
509 1138 692 1209 (Psal.
715 1140 813 1195 57.
842 1138 919 1209 8).
940 1139 1057 1194 Non
1074 1152 1156 1194 est
1186 1155 1245 1194 ea
1269 1155 1356 1194 res
1379 1142 1645 1209 voluptas,
1670 1141 1762 1196 sed
1782 1143 1973 1213 umbra

347 1233 667 1301 voluptatis.
691 1232 841 1296 Ideo,
862 1232 1148 1296 Succincti,
1166 1233 1357 1300 inquit,
1379 1233 1579 1285 lumbos
1607 1243 1798 1288 vestros
1825 1234 1875 1287 in
1897 1252 1970 1289 ve-

339 1327 531 1379 ritate:
549 1327 660 1379 hoc
687 1334 794 1391 est,
829 1325 880 1379 iu
900 1341 1029 1379 vera
1045 1325 1339 1394 voluptate,
1362 1325 1965 1393 modestia,honestate.

408 1418 507 1471 Ira
550 1432 627 1471 est
657 1419 773 1485 [era
817 1418 1057 1487 quantum
1085 1417 1390 1473 cohibenda.
1414 1447 1487 1456 ——
1519 1418 1811 1488 Propterea
1845 1420 1961 1478 hanc

338 1515 559 1577 suadet,
582 1512 783 1567 videns
816 1511 1022 1581 peccati
1050 1511 1470 1578 absurditatem,
1493 1523 1546 1567 et
1573 1513 1758 1570 volens
1789 1514 1969 1569 omnia

336 1606 593 1662 membra
647 1614 838 1659 nostra
886 1618 1013 1659 esse
1072 1604 1496 1675 circumquaque
1560 1606 1763 1659 munita
1811 1625 1823 1660 :
1878 1605 1969 1659 Ira

337 1702 490 1756 enim
517 1741 534 1766 ,
571 1700 756 1768 inquit
779 1741 793 1761 ,
824 1698 1019 1765 iniusta
1050 1713 1154 1750 non
1205 1698 1297 1752 erit
1324 1699 1500 1752 insons
1530 1698 1719 1768 (Eccli.
1750 1700 1801 1755 1.
1830 1698 1921 1768 22)
1953 1718 1966 1755 :

336 1801 397 1847 et
429 1791 545 1846 vult
571 1806 676 1845 nos
708 1788 863 1845 indui
888 1789 1055 1843 lorica
1083 1798 1139 1843 et
1169 1799 1344 1844 scuto.
1375 1791 1457 1845 lra
1481 1791 1625 1845 enim
1648 1801 1731 1845 est
1752 1791 1861 1846 fera
1889 1792 1970 1846 fa-

335 1888 449 1941 cile
494 1886 752 1939 insiliens
787 1900 801 1938 :
836 1892 893 1937 et
937 1883 1087 1937 mille
1125 1882 1280 1937 nobis
1330 1884 1483 1937 vallis
1510 1894 1567 1939 et
1611 1886 1781 1955 septis
1833 1900 1969 1955 opus

335 1978 450 2031 erit
468 1977 539 2030 ad
567 1992 693 2030 eam
724 1975 1089 2044 superandam
1117 1983 1171 2028 et
1192 1974 1573 2029 cohibendum.
1591 1976 1660 2030 Et
1685 1985 1967 2046 prepterea

337 2070 584 2124 maxime
640 2068 784 2122 hanc
846 2078 1055 2137 partem
1119 2066 1410 2121 :ediﬁcavit
1474 2068 1632 2125 nobis
1699 2069 1845 2123 Deus
1898 2085 1965 2124 ex

332 2163 588 2229 ossibus,
624 2170 906 2232 tamquam
935 2177 1002 2215 ex
1033 2161 1359 2231 quibusdam
1392 2162 1683 2232 lapidibus,
1718 2162 1888 2217 fulcro
1916 2173 1968 2219 et

331 2256 693 2309 munimento
728 2254 777 2307 ei
805 2253 1225 2323 circumposita,
1260 2269 1326 2309 ne
1357 2252 1443 2308 his
1489 2253 1782 2323 aliquando
1821 2253 1971 2311 diru-

330 2348 452 2418 ptis
489 2356 554 2403 et
594 2346 878 2411 dissectis,
916 2355 1087 2401 totum
1122 2346 1415 2415 perimeret
1455 2346 1677 2401 animal.
1711 2346 1852 2416 Ignis
1883 2355 1967 2402 est

329 2443 489 2497 enim
517 2484 532 2506 ,
567 2442 783 2511 inquit,
831 2450 888 2496 et
935 2455 1132 2511 magna
1178 2449 1516 2510 tempestas,
1559 2448 1613 2494 et
1666 2456 1776 2496 non
1824 2439 1969 2495 aliud

2088 398 2393 454 membrum
2415 396 2553 452 hanc
2580 399 2684 452 vim
2707 397 3045 453 sustinuerit.
3080 398 3271 454 Dicunt
3305 404 3467 455 etiam
3495 402 3690 458 medici

2086 508 2148 546 ea
2198 490 2265 546 de
2309 506 2471 545 causa
2502 489 2653 545 cordi
2694 491 3028 545 substratum
3076 506 3197 545 esse
3247 492 3597 562 pulmonem,
3632 506 3693 549 ut

2088 585 2265 654 ipsum
2296 598 2390 637 cor
2413 625 2425 645 ,
2457 599 2576 636 cum
2624 584 2697 635 sit
2730 582 2780 635 iu
2814 583 2961 637 molli
2991 625 3004 647 ,
3037 592 3308 653 tamquam
3351 584 3403 637 in
3453 585 3687 653 aliquam

2085 676 2330 730 insiliens
2358 676 2637 745 spongiam
2666 717 2679 737 ,
2711 676 3048 744 requiescat;
3101 690 3206 729 non
3257 686 3436 731 autem
3467 678 3517 729 in
3550 678 3689 731 resi—

2084 779 2236 822 stens
2264 777 2321 822 et
2358 768 2551 821 durum
2581 778 2766 837 pertus
2788 809 2804 833 ,
2836 782 2905 821 ue
2936 766 3161 820 latdatur
3188 767 3393 836 impetu
3425 766 3683 822 saltuum.

2083 864 2229 933 Opus
2254 872 2339 920 est
2365 878 2493 932 ergo
2525 863 2681 917 nobis
2703 862 2866 915 lorica
2887 860 3085 925 valida,
3118 868 3177 915 ut
3206 860 3344 915 hanc
3372 862 3539 916 feram
3560 876 3689 937 per-

2082 964 2243 1024 petuo
2288 963 2574 1009 conservet
2622 957 2673 1008 in
2725 956 2947 1023 quiete:
2983 969 3119 1023 opus
3172 962 3255 1007 est
3292 962 3471 1006 autem
3522 952 3681 1005 nobis

2090 1054 2253 1106 etiam
2299 1050 2474 1122 galea.
2505 1050 2636 1104 Nam
2680 1049 2934 1119 quoniam
2968 1050 3079 1104 illic
3102 1058 3187 1104 est
3219 1048 3447 1105 facultas
3474 1047 3691 1102 ratioci-

2084 1144 2282 1209 nandi,
2316 1154 2371 1199 et
2414 1160 2479 1198 ex
2513 1144 2615 1198 hoc
2659 1152 2842 1213 potest
2887 1144 2971 1197 vel
3016 1143 3253 1206 servari,
3302 1141 3519 1213 quando
3555 1141 3691 1223 fiunt

2082 1253 2204 1307 qum
2250 1244 2499 1307 oportet;
2533 1237 2616 1291 vel
2668 1236 2846 1307 perire
2872 1279 2885 1297 ,
2911 1235 3125 1306 quando
3155 1250 3313 1291 secus
3348 1254 3360 1291 :
3401 1246 3689 1305 propterea

2086 1329 2278 1399 inquit,
2318 1328 2381 1382 Et
2409 1329 2609 1400 galeam
2635 1328 2838 1382 salutis.
2870 1327 3001 1381 Nam
3032 1328 3317 1381 cerebrum
3343 1327 3560 1399 quidem
3593 1341 3691 1391 na-

2086 1432 2201 1476 tura
2235 1432 2319 1476 est
2348 1422 2547 1487 molle;
2579 1432 2633 1476 ct
2663 1422 2783 1475 ideo
2816 1421 3044 1489 quadam
3081 1422 3241 1475 veluti
3278 1430 3410 1475 testa
3449 1434 3684 1488 superne

2085 1517 2287 1585 tegitur
2311 1516 2573 1571 calvaria.
2609 1516 2707 1571 Est
2735 1525 2913 1569 autem
2944 1513 3099 1569 nobis
3131 1530 3291 1569 causa
3323 1514 3561 1567 omnium
3596 1514 3693 1567 bo-

2074 1627 2277 1664 norum
2311 1620 2364 1663 et
2394 1610 2658 1665 malorum
2682 1650 2696 1673 ,
2732 1610 2875 1679 quod
2920 1618 3212 1678 cognoscat
3258 1617 3309 1662 et
3358 1598 3691 1677 qumjuvant

2073 1720 2129 1767 ct
2188 1721 2305 1772 qum
2343 1715 2541 1756 nocere
2580 1712 2825 1769 possunt.
2850 1702 2967 1755 Jan]
3012 1718 3141 1754 vero
3189 1700 3351 1769 pedes
3392 1714 3605 1768 quoque
3636 1707 3691 1751 et

2082 1811 2275 1851 manus
2304 1798 2456 1853 nobis
2486 1799 2654 1853 armis
2685 1798 2926 1869 indigent
2958 1816 2972 1852 :
3003 1814 3112 1853 non
3142 1797 3228 1853 lue
3280 1812 3469 1854 manus
3514 1812 3690 1868 neque

2084 1888 2136 1941 hi
2171 1889 2334 1958 pedes
2362 1931 2376 1953 ,
2410 1889 2504 1944 sed
2557 1904 2745 1943 rursus
2776 1889 2939 1960 pedes
2993 1900 3048 1944 et
3098 1904 3289 1945 manus
3330 1890 3525 1946 anima:
3556 1907 3568 1943 :
3604 1889 3691 1942 hce

2086 1980 2303 2050 quidem
2334 1998 2453 2052 quze
2484 1991 2700 2050 oportet
2733 1981 3089 2045 meditantes,
3120 1980 3192 2034 illi
3242 1992 3423 2034 autem
3455 1990 3512 2034 ut
3556 1989 3683 2035 cant

2086 2088 2193 2142 quo
2220 2073 2399 2129 decet.
2428 2072 2519 2128 Sic
2541 2088 2670 2143 ergo
2701 2088 2799 2126 nos
2824 2088 3121 2137 armemus,
3155 2080 3208 2126 et
3238 2072 3535 2142 poterimus
3559 2070 3630 2126 bo
3659 2099 3686 2111 -

2084 2174 2194 2221 stes
2210 2180 2491 2235 superare,
2516 2176 2569 2221 et
2592 2181 2791 2220 corona
2817 2164 3057 2220 victoria!
3087 2164 3351 2227 redimiri,
3388 2164 3439 2217 in
3470 2164 3688 2218 Christo

2081 2255 2209 2312 Jesu
2232 2258 2462 2313 Domino
2495 2266 2706 2322 nostro,
2737 2272 2858 2311 cum
2888 2272 2993 2327 quo
3017 2257 3185 2319 Patri,
3206 2257 3473 2327 simulque
3498 2267 3688 2310 saneto

2081 2349 2305 2419 Spiritui
2333 2349 2539 2420 gloria,
2570 2358 2833 2419 potestas,
2866 2348 3073 2413 honor,
3105 2364 3248 2403 nunc
3269 2357 3322 2403 et
3349 2364 3565 2417 semper
3586 2388 3599 2412 ,
3632 2358 3687 2401 et

2082 2440 2134 2494 in
2159 2442 2354 2495 sarcula
2384 2443 2729 2500 saeculorum.
2763 2445 2958 2499 Amen.

1765 2628 2119 2691 HOMILIA
2161 2630 2267 2690 VI.

332 2784 469 2839 Cu».
497 2786 555 2837 5.
593 2799 645 2836 v.
685 2783 739 2835 '7.
778 2781 1125 2849 QuaprOpter,
1158 2777 1286 2830 sicut
1332 2776 1454 2828 dicit
1483 2774 1713 2843 Spiritus
1739 2782 1968 2841 sanctus,

417 2877 595 2931 Hodie
614 2877 659 2930 si
683 2891 854 2929 vocem
882 2875 992 2945 ejus
1020 2870 1310 2935 audieritis,
1332 2868 1385 2923 8.
1418 2868 1572 2922 nolite
1587 2867 1839 2921 obdurare
1858 2883 1973 2921 cor-

411 2972 481 3025 da
526 2980 737 3030 uestra,
775 2968 905 3020 sicut
949 2967 1004 3019 in
1056 2962 1475 3029 exacerbatione,
1522 2960 1801 3015 secundum
1834 2959 1971 3013 diem

418 3063 725 3117 tentationis
753 3062 806 3113 in
831 3060 1032 3112 deserto
1051 3098 1065 3123 ,
1090 3056 1177 3109 ubi
1219 3060 1538 3109 tentaverunt
1584 3067 1663 3106 me
1691 3059 1861 3121 patres
1885 3066 1972 3103 vc-

410 3158 508 3209 stri
529 3172 549 3216 ;
583 3155 932 3224 probaverunt
960 3166 1056 3215 me,
1087 3159 1132 3201 et
1156 3147 1391 3201 viderunt
1422 3160 1577 3217 Opera
1601 3160 1711 3197 mea
1735 3143 1970 3213 quadra-

418 3253 567 3321 ginta
598 3248 774 3300 annis.
802 3246 893 3300 10.
936 3241 1159 3312 Propter
1201 3240 1338 3311 quod
1368 3237 1595 3305 o/fensus
1634 3237 1710 3305 fui
1754 3250 1973 3307 genera-

415 3344 545 3396 tioni
575 3342 716 3404 huic,
747 3350 793 3391 et
826 3338 935 3390 diri
974 3353 992 3389 :
1024 3336 1243 3405 Semper
1262 3343 1434 3387 errant
1458 3332 1610 3383 corde
1636 3346 1655 3383 :
1681 3330 1780 3399 ipsi
1801 3337 1972 3381 autent

417 3455 521 3491 non
552 3441 908 3506 cognoverunt
938 3430 1045 3482 vias
1066 3444 1225 3481 meas.
1254 3427 1339 3480 il.
1368 3422 1629 3493 Utjm'avi
1660 3423 1710 3475 in
1733 3422 1810 3474 ira
1835 3438 1968 3486 mea,

417 3530 482 3584 Si
528 3526 819 3581 introibant
851 3524 903 3575 in
932 3522 1156 3593 requiem
1186 3536 1369 3572 meam.
1924 3528 1925 3531 ‘

417 3623 473 3675 1.
498 3621 638 3675 Cum
665 3618 730 3671 de
761 3631 858 3686 spe
885 3612 1231 3668 disseruisset
1251 3610 1471 3669 Paulus.
1505 3616 1557 3663 et
1583 3606 1970 3676 dixissetquod

342 3716 551 3770 Domus
577 3714 686 3785 ejus
713 3727 908 3772 sumus,
943 3709 983 3762 si
1019 3705 1265 3774 ﬁduciam
1295 3713 1339 3757 et
1370 3703 1728 3774 gloriationem
1757 3700 1867 3769 spei
1903 3700 1971 3752 ad

336 3812 505 3879 ﬁnem
529 3810 737 3875 ﬁrmam
761 3804 1074 3858 retineamus
1105 3816 1123 3853 :
1148 3798 1251 3869 iam
1281 3797 1521 3853 ostendit
1548 3795 1687 3866 quod
1720 3802 1969 3864 oporteat

336 3910 579 3966 firmiter
638 3914 992 3977 exspectare,
1056 3902 1216 3970 idque
1272 3899 1465 3969 probat
1528 3912 1594 3951 ex
1652 3893 1967 3962 Scripturis.

334 4002 629 4060 Attendite
684 4008 868 4053 autem
900 4013 914 4050 :
945 3995 1221 4050 difficilius
1266 3992 1409 4049 enim
1451 3989 1581 4045 illud
1611 3989 1751 4043 dixit
1790 3996 1844 4043 et
1903 3987 1970 4042 ad

333 4090 925 4166 comprehendendum
958 4086 1264 4142 obscurius.
1312 4082 1676 4152 Quamobrem
1730 4088 1970 4149 oportet,

334 4204 465 4244 cum
522 4201 650 4257 qua:
706 4192 893 4238 nostra
952 4187 1080 4234 sunt
1129 4176 1451 4241 dixerimus,
1513 4182 1757 4227 cttotmn
1814 4187 1972 4241 argu-

339 4290 594 4337 mentum
623 4292 719 4332 vos
751 4274 986 4328 breviter
1018 4269 1389 4332 docuerimus,
1424 4267 1495 4321 ita
1548 4264 1821 4320 deducere
1850 4278 1973 4316 ora-

340 4377 552 4429 tionem
603 4369 673 4423 ad
719 4384 781 4423 ea
815 4382 937 4437 qum
992 4364 1194 4431 scripta
1250 4370 1377 4415 sunt
1416 4376 1431 4411 :
1486 4356 1643 4411 nobis
1683 4356 1827 4410 enim
1861 4368 1970 4407 non

338 4468 587 4535 annilius
619 4461 879 4533 egebitis,
912 4457 962 4513 si
996 4470 1221 4525 scopum
1252 4463 1308 4507 et
1338 4450 1642 4505 institutum
1674 4446 1975 4502 didiceritis

336 4558 741 4630 apostolicum.
772 4552 857 4606 Ab
882 4566 948 4605 co
989 4549 1057 4602 de
1084 4560 1179 4616 spe
1217 4543 1511 4613 agebatur,
1543 4552 1596 4595 et
1624 4538 1765 4609 quod
1800 4536 1976 4591 futura

343 4655 581 4721 sperare
635 4653 924 4716 Oporteat,
980 4650 1033 4695 et
1066 4636 1211 4709 quod
1244 4635 1309 4691 iis
1356 4634 1446 4706 qui
1481 4633 1567 4687 hic
1610 4630 1978 4686 laboraverint

343 4745 455 4799 erit
486 4753 716 4798 merces
761 4737 944 4806 aliqua
977 4742 1033 4787 et
1078 4730 1290 4784 fruetus
1332 4738 1390 4783 et
1416 4726 1651 4797 requies.
1679 4724 1793 4778 lloc
1840 4738 1971 4792 ergo

344 4835 602 4893 ostendit
651 4846 720 4887 ex
767 4827 1029 4899 pmphcta
1068 4836 1167 4879 :et
1207 4822 1337 4894 quid
1380 4819 1556 4875 dicit?
1606 4817 1936 4886 QuaprOpter
1961 4858 1976 4882 ,

343 4934 480 4987 sicut
510 4928 645 4983 dicit
678 4924 909 4989 Spiritus
935 4930 1163 4983 sanctus,
1192 4915 1381 4983 Hodie,
1412 4915 1457 4969 si
1488 4930 1656 4967 vocem
1680 4913 1792 4982 ejus
1806 4912 1981 4963 audie-

346 5022 465 5077 ritis
488 5062 503 5084 ,
541 5016 705 5071 nolite
726 5014 990 5076 obdurare
1013 5011 1176 5066 corda
1203 5020 1369 5065 vestra
1390 5051 1405 5074 ,
1436 5008 1566 5062 sicut
1612 5009 1664 5061 in
1695 5005 1974 5063 exacerba-

345 5118 512 5173 tioue,
546 5107 837 5165 secundum
868 5105 1004 5159 diem
1029 5102 1319 5157 tentationis
1349 5101 1405 5153 in
1442 5101 1665 5165 deserto,
1694 5099 1779 5153 ubi
1809 5109 1975 5152 tenta-

345 5212 538 5261 Ierunt
582 5216 667 5254 me
705 5207 875 5269 patres
919 5194 1106 5259 vestri,
1150 5194 1485 5258 probaverunt
1527 5207 1626 5260 me,
1656 5201 1701 5244 et
1745 5190 1977 5243 viderunt

345 5317 514 5362 opera
565 5311 683 5350 mea
734 5290 1081 5359 quadraginta
1110 5284 1539 5355 minisaPrOpter
1568 5285 1707 5353 quod
1750 5282 1975 5350 offensus

347 5395 422 5461 {tu
458 5384 797 5461 generationi
841 5383 961 5437 huic
986 5423 1001 5447 ,
1055 5388 1101 5433 et
1142 5380 1251 5433 dixi
1280 5394 1297 5432 :
1325 5374 1543 5443 Semper
1570 5387 1744 5432 errant
1778 5379 1930 5430 corde
1960 5390 1978 5429 :

348 5488 452 5553 ipsi
484 5494 669 5536 autem
706 5494 809 5530 non
844 5482 1188 5547 cognoverunt
1238 5470 1345 5527 vias
1392 5486 1548 5523 meas.
1578 5468 1770 5536 Quibus
1801 5468 1977 5537 juravi

346 5563 399 5632 in
424 5579 511 5631 ira
542 5588 663 5626 mea
681 5612 695 5633 ,
724 5568 787 5625 Si
819 5563 1173 5621 introibuntin
1198 5563 1422 5635 requiem
1450 5577 1617 5615 meam
1684 5558 1856 5627 (Psal.
1882 5559 1971 5613 9i.

376 5670 531 5737 —H).
560 5668 574 5696 '
594 5664 742 5724 Dicit
773 5672 886 5717 tres
913 5676 1037 5716 esse
1060 5657 1268 5728 quietes
1300 5674 1313 5710 :
1349 5671 1510 5711 unam
1534 5653 1764 5719 sabbati,
1794 5653 1974 5722 inqua

424 5814 431 5839 ⁸
471 5806 566 5855 ilic
592 5800 733 5851 Cnlh.
761 5793 1015 5845 homiiiam
1038 5790 1226 5853 incipit.

671 5924 950 5982 Parnm”
1011 5917 1129 5974 (in.
1189 5917 1409 5977 LXIII.

2092 2774 2231 2830 Deus
2250 2772 2450 2844 quievit
2467 2770 2533 2825 ab
2552 2768 2806 2839 operibus
2819 2767 2931 2821 suis
2956 2785 2969 2821 :
2991 2765 3280 2848 secundam
3299 2764 3688 2827 Palzestinaa,in

2088 2883 2247 2939 quam
2282 2858 3109 2934 ingressiJudteierantquieturi
3135 2873 3165 2912 a
3194 2855 3361 2910 multa
3390 2854 3689 2911 afﬂictione

2090 2970 2143 3014 et
2163 2958 2469 3013 laboribus:
2490 2949 2701 3009 tertiani
2724 2995 2739 3017 ,
2770 2967 2891 3022 qua:
2919 2966 3050 3006 vere
3078 2958 3160 3004 est
3189 2949 3362 3018 quies,
3384 2962 3579 3018 nempe
3607 2962 3694 3001 rc-

2088 3068 2251 3122 gnum
2266 3050 2709 3117 cmlorum,quam
2726 3044 3000 3114 assequuti
3016 3058 3142 3097 vere
3154 3043 3477 3112 quiescunta
3494 3041 3695 3095 labori-

2091 3146 2189 3200 bus
2218 3153 2270 3198 et
2298 3142 2697 3197 amietionihus.
2715 3139 2897 3193 Trium
2916 3154 3044 3208 ergo
3068 3137 3155 3191 hic
3174 3136 3436 3191 meminit.
3458 3136 3524 3191 Et
3563 3150 3694 3205 qua-

2092 3254 2214 3293 nam
2240 3237 2306 3291 de
2323 3250 2484 3291 causa
2498 3234 2564 3289 de
2587 3248 2690 3288 uua
2716 3232 2941 3301 loquens
2968 3231 3125 3284 trium
3142 3229 3418 3283 meminit?
3433 3228 3498 3283 Ut
3510 3241 3696 3283 osten-

2091 3333 2242 3388 deret
2263 3328 2668 3402 pr0phetam'de
2700 3327 2798 3381 hac
2824 3326 2988 3395 loqui.
3018 3325 3150 3379 Nam
3184 3323 3250 3378 de
3274 3324 3466 3393 prima,
3501 3322 3692 3391 inquit,

2095 3442 2198 3479 nou
2219 3424 2353 3479 dixit
2374 3419 2673 3492 :quomodo
2693 3419 2834 3473 enim
2858 3417 2925 3471 de
2955 3433 3014 3470 ea
3038 3432 3155 3486 qua:
3173 3415 3269 3469 fuit
3294 3415 3457 3470 olim?
3474 3413 3567 3467 sed
3597 3428 3697 3468 nec

2093 3519 2159 3575 de
2186 3516 2422 3573 secunda
2449 3531 2568 3587 quae
2615 3513 2713 3567 fuit
2742 3512 2792 3565 in
2829 3510 3111 3564 [‘alzestina
3144 3507 3458 3578 :quomodo
3500 3506 3694 3562 enim?

2095 3614 2206 3681 ipsa
2239 3609 2381 3664 enim
2416 3608 2481 3661 ad
2514 3606 2717 3661 exitum
2744 3602 2996 3672 perducta
3038 3610 3138 3656 est.
3168 3599 3363 3654 Restat
3393 3607 3449 3653 ut
3488 3598 3600 3669 jam
3627 3599 3698 3652 sit

2098 3703 2212 3756 ha‘c
2270 3700 2445 3755 tertia.
2505 3697 2737 3752 Necesse
2797 3703 2976 3746 autem
3021 3701 3103 3745 cst
3157 3690 3435 3745 historiam
3484 3704 3701 3759 quoque

2098 3795 2410 3864 οχιιιὶρηνο,
2468 3800 2528 3844 ut
2584 3786 2955 3841 dilucidiorem
3016 3782 3303 3836 reddamus
3372 3782 3694 3836 orationem.

2094 3886 2228 3940 Nam
2295 3892 2576 3953 postquam
2652 3894 2718 3933 ex
2787 3875 3027 3946 [Egypto
3080 3872 3319 3942 egressi,
3374 3872 3545 3927 multa
3613 3873 3698 3926 via

2097 3979 2380 4040 confecta,
2429 3985 2485 4030 et
2539 3974 2632 4028 Dei
2682 3973 2895 4026 virtutis
2927 3966 3412 4023 innumerabilibus
3462 3967 3700 4034 acceptis

2098 4071 2308 4127 iudiciis
2329 4078 2385 4124 et
2413 4068 2464 4120 in
2490 4065 2726 4135 Egypto
2753 4072 2810 4117 et
2838 4063 2892 4115 in
2925 4060 3058 4114 mari
3082 4059 3271 4115 Rubro
3293 4067 3348 4114 et
3374 4059 3428 4112 in
3459 4057 3699 4123 deserto,

2103 4164 2395 4216 voluerunt
2428 4158 2642 4211 mittere
2673 4154 3069 4224 speculatores,
3106 4161 3351 4205 naturam
3388 4160 3547 4205 terra;
3579 4166 3704 4217 spc-

2090 4243 2365 4298 eulaturos
2406 4264 2418 4293 :
2454 4240 2529 4294 illi
2576 4249 2758 4293 autem
2802 4239 3008 4308 egressi
3058 4236 3376 4303 redierunt,
3416 4237 3695 4306 regionem

2088 4333 2305 4402 quidem
2337 4332 2671 4386 admirantes
2694 4373 2708 4397 ,
2742 4339 2796 4385 et
2822 4330 3193 4400 praestantium
3239 4330 3517 4387 fructuum
3548 4331 3691 4385 iera-

2088 4442 2205 4481 cem
2234 4441 2354 4481 esse
2381 4425 2646 4488 dicentes,
2694 4423 2789 4478 sed
2826 4423 3323 4494 iucxpugnabilium
3366 4425 3609 4481 virorum
3636 4434 3695 4480 et

2089 4517 2366 4573 fortiorum
2385 4532 2504 4571 esse
2533 4517 2806 4587 regionem
2840 4534 2854 4570 :
2888 4517 3079 4585 ingrati
3106 4525 3287 4572 autem
3317 4527 3370 4573 et
3397 4517 3544 4573 nullo
3565 4533 3696 4573 scn-

2088 4626 2152 4665 su
2186 4609 2394 4680 przediti
2425 4608 2597 4663 Judaei
2626 4651 2640 4673 ,
2671 4624 2794 4664 cum
2835 4618 3114 4678 oporteret
3157 4624 3253 4664 eos
3282 4610 3524 4679 priorum
3577 4626 3689 4671 nte-

2090 4702 2317 4757 tninisse
2337 4702 2430 4755 Dei
2452 4701 2863 4763 beneﬁciorum,
2884 4702 3226 4771 etquomodo
3243 4716 3338 4759 eos
3362 4704 3696 4773 interceptos

2092 4795 2144 4849 in
2176 4792 2356 4848 medio
2388 4802 2662 4847 tantorum
2710 4792 3155 4864 .Egyptiacorum
3207 4797 3541 4852 exercituum
3584 4796 3699 4852 crio

2093 4887 2205 4956 puit
2258 4901 2287 4939 a
2319 4886 2572 4955 periculis
2592 4926 2606 4949 ,
2635 4894 2693 4953 et
2740 4901 2932 4941 eorum
2964 4887 3144 4943 effecit
3173 4889 3330 4956 potiri
3377 4888 3697 4959 spolilspac

2092 4979 2366 5049 quomodo
2390 4994 2579 5034 rursus
2606 4979 2657 5033 in
2689 4979 2909 5035 deserto
2933 4989 3140 5049 petram
3157 4980 3318 5049 rupit,
3353 4991 3405 5035 et
3435 4996 3697 5049 aquarum

2094 5071 2317 5126 donavit
2346 5070 2736 5126 abundantiam
2759 5080 2814 5126 et
2844 5086 3039 5124 manna
3067 5072 3316 5139 praebuit,
3350 5082 3404 5125 et
3436 5071 3541 5126 alia
3565 5071 3699 5131 elle-

2094 5167 2166 5221 eit
2194 5165 2486 5233 mirabilia,
2517 5174 2576 5220 ut
2618 5164 2727 5219 Deo
2756 5164 3043 5218 crederent
3065 5181 3079 5218 :
3098 5164 3289 5219 horum
3320 5164 3538 5236 quidem
3566 5166 3699 5222 nihil

2095 5259 2173 5312 eis
2199 5258 2345 5312 venit
2390 5258 2441 5311 in
2470 5264 2704 5312 mentem
2732 5296 2745 5319 ,
2778 5265 3049 5325 tamquam
3082 5254 3217 5310 nihil
3244 5257 3468 5313 omnino
3498 5258 3698 5313 factum

2096 5359 2279 5413 esset,
2306 5347 2400 5404 sed
2432 5348 2645 5403 attoniti
2686 5357 2741 5402 et
2771 5347 3053 5417 stupefacti
3075 5391 3089 5414 ,
3136 5349 3389 5405 volebant
3419 5351 3619 5407 reverti
3649 5353 3701 5406 in

2097 5441 2409 5514 (Egyptum,
2437 5440 2718 5496 dicentes:
2747 5439 2946 5496 Eduxit
2976 5455 3077 5495 nos
3108 5442 3211 5497 huc
3230 5442 3397 5507 Deus,
3427 5452 3485 5498 ut
3513 5457 3613 5499 nos
3635 5443 3703 5499 de

2100 5536 2279 5591 medio
2310 5534 2523 5589 tolleret
2551 5549 2674 5588 eum
2710 5532 2836 5588 ltliis
2863 5542 2918 5588 et
2945 5535 3227 5591 uxoribus.
3260 5536 3403 5592 Deus
3428 5551 3560 5608 ergo
3606 5536 3703 5591 ira-

2100 5641 2277 5686 scens.
2311 5624 2454 5695 quod
2480 5640 2673 5683 eorum
2698 5641 2822 5697 quae
2846 5626 2981 5682 facta
3012 5626 3228 5683 fuerant
3273 5637 3380 5684 tam
3429 5630 3539 5685 cito
3562 5630 3701 5701 ami-

2100 5718 2299 5774 sissent
2326 5718 2680 5782 memoriam,
2708 5719 2915 5787 juravit
2956 5721 3359 5790 generationem
3407 5722 3552 5777 illam
3581 5739 3702 5791 qua:

2104 5814 2219 5865 lucc
2249 5812 2476 5879 dixerat,
2512 5830 2615 5867 non
2650 5813 3015 5881 ingrcssm'am
3049 5811 3101 5867 in
3134 5816 3412 5883 requiem;
3442 5824 3705 5875 ctomues

3326 5918 3361 5975 [ι
