4208 6558
575 305 642 362 εῖῖὶ
1245 321 1302 378 s.
1346 324 1623 381 JOANNIS
1661 310 2138 384 CIIM’SOSTOMI
2180 327 2496 389 ARCIIIEP.
2538 333 3073 397 CONSTANTINOP.
3794 341 3865 397 56

568 431 838 497 perierunt
864 428 914 485 in
943 428 1181 486 deserto.
1210 429 1339 484 Nam
1366 429 1530 485 David
1550 438 1754 501 postea,
1780 441 1901 503 post
1932 432 2147 490 illorum

564 525 966 591 aestimationem
997 524 1219 595 loquens
1241 565 1256 587 ,
1286 524 1495 577 dicebat
1521 566 1533 587 ,
1570 523 1739 580 Hodie
1763 527 1808 580 si
1841 542 2007 581 uocem
2039 530 2149 600 ejus

566 615 830 669 audieritis
853 656 869 681 ,
900 616 1096 685 inquit,
1129 614 1285 668 nolite
1315 614 1566 670 obdurare
1612 616 1769 671 corda
1798 627 1990 684 uestra,
2023 621 2153 674 sicut

575 706 627 758 in
676 705 1062 759 cxacerbatioue
1092 721 1112 769 ;
1140 707 1347 775 quare?
1380 721 1446 759 ne
1492 707 1677 762 eadem
1709 710 1979 778 patiamini
2027 728 2147 781 qua:

570 795 801 865 majores
853 797 1052 861 vestri,
1105 806 1159 851 et
1204 797 1481 863 privcmini
1542 801 1726 870 requie
1782 818 1794 854 :
1846 811 1991 857 certe
2052 802 2153 857 hoc

584 886 712 941 dicit
737 902 803 942 eo
831 886 970 957 quod
1012 878 1085 942 sit
1105 904 1230 942 vere
1259 888 1486 958 requies.
1537 890 1667 944 Nam
1707 892 1750 945 si
1797 893 2155 962 accepissent,

570 982 764 1051 inquit,
789 981 1031 1051 requiem
1055 1023 1070 1046 ,
1102 997 1333 1052 quanam
1367 981 1436 1036 de
1462 997 1622 1037 causa
1650 986 1729 1038 eis
1756 1000 1944 1039 rursus
1974 986 2097 1039 (lit'il
2135 1003 2148 1038 :

561 1074 752 1159 :Hodie
779 1082 855 1153 (a)
917 1082 960 1136 si
1014 1098 1181 1136 vocem
1231 1083 1342 1151 ejus
1388 1082 1670 1148 audieritis,
1710 1068 1865 1135 nolite
1914 1079 2164 1134 obdurare

582 1174 740 1231 corda
759 1183 940 1239 vestra,
971 1176 1102 1230 sicut
1129 1176 1177 1226 in
1206 1174 1584 1229 rxucerbntione
1608 1175 1632 1228 ?

562 1262 571 1280 ¹
656 1266 940 1323 Sabbatum
960 1276 1034 1321 est
1055 1267 1198 1337 regni
1229 1266 1464 1321 actorum
1496 1277 1670 1337 typus.
1698 1297 1766 1306 —
1797 1265 2050 1331 Qmenam
2083 1272 2168 1318 est

558 1352 712 1431 ergo
742 1362 843 1415 alia
868 1361 1080 1430 requies
1110 1376 1267 1430 quam
1297 1374 1518 1429 regnum
1548 1359 1824 1424 caelorum,
1858 1358 2008 1426 cujus
2036 1357 2168 1410 ima-

564 1438 648 1521 .gn
682 1462 735 1507 ct
767 1462 927 1522 typus
951 1463 1027 1505 est
1052 1450 1381 1505 sabbatum?
1411 1449 1610 1503 Deinde
1637 1490 1651 1513 ,
1693 1464 1814 1504 cum
1851 1448 2161 1501 universum

552 1536 855 1617 punisset
880 1544 1247 1600 testimonium
1278 1544 1295 1610 (
1324 1541 1425 1597 hoc
1446 1551 1622 1596 autem
1654 1550 1738 1595 est
1762 1583 1775 1603 ,
1810 1539 1981 1593 Hodie
2004 1539 2047 1593 si
2079 1552 2166 1591 vo-

582 1659 689 1694 cem
720 1640 828 1708 ejus
851 1637 1135 1700 audieritis,
1160 1636 1314 1689 nolite
1340 1634 1590 1689 obdurare
1618 1635 1771 1687 corda
1801 1641 1964 1685 uestra
1987 1672 2002 1693 ,
2032 1632 2161 1685 sicut

581 1737 633 1786 in
652 1731 1031 1786 exacerbatione
1050 1772 1065 1787 .
1094 1726 1367 1782 secundum
1390 1727 1521 1779 diem
1550 1725 1839 1779 tentationis
1861 1725 1914 1777 in
1935 1724 2155 1786 deserto,

582 1825 664 1879 ubi
686 1824 1103 1878 tentaret-mittite
1130 1831 1299 1891 patres
1324 1819 1514 1885 restri;
1539 1821 1873 1889 probaverunt
1904 1831 1983 1869 me
2012 1825 2059 1868 et
2082 1813 2160 1868 vi-

580 1917 760 1970 derunt
785 1928 938 1985 opera
978 1926 1086 1965 mea
1115 1911 1456 1982 quadraginta
1487 1909 1654 1962 annis.
1679 1907 1902 1978 PrOpter
1926 1906 2063 1977 quod
2081 1907 2160 1977 οῙσ

557 2012 565 2020 ’
580 2012 759 2077 fensus'
778 2007 855 2077 [ui
880 1996 1190 2076 μετιένταῐὶυηὶ
1216 2001 1315 2067 illi,
1338 2012 1383 2056 et
1402 2000 1531 2067 dixi,
1556 1999 1768 2071 Sentper
1786 2009 1957 2054 errant
1975 1999 2160 2054 corde:

554 2090 673 2167 'ipsi
710 2109 876 2153 autent
913 2085 1013 2151 non
1043 2106 1381 2168 cognoverunt
1410 2094 1518 2149 vias
1547 2108 1682 2148 meas
1710 2112 1728 2160 ;
1775 2095 1954 2164 quibus
1984 2093 2162 2165 juravi

573 2193 625 2243 in
656 2191 733 2243 ira
758 2205 889 2256 mea,
922 2188 981 2243 Si
1004 2188 1278 2241 introibant
1299 2186 1351 2240 in
1378 2183 1598 2256 requiem
1620 2183 1813 2255 meam)
1839 2224 1854 2250 ,
1886 2193 2011 2238 tunc
2035 2183 2165 2239 sub-

568 2281 746 2351 jungit
801 2299 816 2334 :
859 2279 945 2334 12.
989 2277 1165 2331 Videte
1190 2294 1204 2342 ,'
1233 2280 1439 2349 fratres,
1465 2290 1529 2329 ne
1549 2275 1682 2344 forte
1709 2275 1773 2329 sit
1800 2277 1856 2329 in
1880 2275 2052 2342 aliquo
2079 2290 2159 2329 ve-

572 2384 730 2427 struut
755 2388 842 2426 cor
869 2371 1058 2426 malum
1089 2368 1462 2424 incredulitatis
1493 2367 1795 2422 discedendo
1828 2383 1860 2421 a
1886 2366 1996 2421 Deo
2025 2368 2156 2421 vivo.

574 2465 653 2518 lix
694 2463 892 2517 duritie
936 2461 1080 2517 enim
1123 2460 1183 2515 lit
1225 2457 1572 2514 incredulitas
1609 2477 1621 2513 :
1660 2468 1715 2513 et
1758 2458 1899 2513 sicut
1934 2472 2159 2528 corpora

570 2574 689 2625 qua:
721 2556 1083 2609 occalluerunt
1110 2562 1165 2607 et
1194 2551 1448 2607 duritiem
1477 2560 1863 2606 contraxerunt
1886 2590 1901 2614 ,
1931 2566 2039 2604 non
2071 2565 2161 2604 ce—

571 2651 705 2702 dunt
737 2647 983 2703 manibus
1009 2645 1370 2701 medicorum:
1393 2646 1462 2699 ita
1489 2645 1649 2699 etiam
1680 2643 1939 2699 induratae
1965 2644 2160 2697 animai

544 2756 676 2795 non
703 2739 903 2795 cedunt
929 2737 1091 2793 verbo
1122 2737 1215 2791 Dei
1249 2755 1263 2791 :
1297 2744 1380 2791 est
1405 2736 1545 2791 enim
1574 2734 1865 2789 verisimile
1895 2732 2157 2805 quosdam

541 2833 677 2906 tiam
703 2844 807 2885 non
841 2827 1066 2885 credeie
1097 2869 1110 2892 ,
1147 2837 1415 2899 tamquam
1442 2841 1548 2881 non
1574 2841 1698 2881 vera
1732 2825 1843 2880 sint
1872 2840 1989 2895 qua)
2021 2823 2158 2879 facta

544 2932 716 2977 sunt.
747 2920 1036 2990 Propterea
1064 2918 1229 2973 dicit:
1270 2916 1443 2971 Videte
1465 2934 1528 2971 ne
1551 2917 1682 2987 forte
1706 2916 1770 2970 sit
1795 2916 1847 2970 in
1871 2916 2042 2986 aliqua
2070 2931 2151 2970 ve-

534 3054 537 3057 -
568 3028 728 3071 stram
757 3030 846 3069 cor
872 3013 1065 3067 malum
1086 3011 1456 3066 incredulitatis
1483 3008 1790 3065 discedendo
1817 3025 1847 3062 η
1886 3007 1995 3063 Deo
2022 3010 2153 3064 viro.

564 3106 700 3163 Nam
729 3105 982 3177 quoniam
1008 3118 1186 3159 sermo
1214 3102 1279 3158 de
1308 3102 1496 3157 tuturis
1526 3117 1629 3155 non
1659 3110 1743 3155 est
1767 3100 1900 3154 adeo
1925 3098 2157 3155 credibi-

528 3238 535 3243 -
568 3201 654 3266 lis,
690 3210 742 3254 ut
772 3199 862 3270 qui
885 3209 965 3253 est
993 3198 1062 3253 de
1096 3196 1399 3267 praeteritis,
1433 3194 1514 3251 eis
1537 3192 1815 3247 historiam
1856 3200 2075 3247 revocat
2099 3192 2154 3247 in

568 3294 883 3350 memoriam
915 3333 931 3360 ,
965 3291 1015 3345 in
1043 3306 1143 3361 qua
1171 3289 1275 3344 ﬁde
1304 3296 1588 3359 eguerunt.
1619 3285 1751 3340 Nam
1780 3285 1823 3338 si
1846 3292 2027 3354 patres
2056 3298 2153 3339 ve-

565 3387 662 3441 stri
693 3429 707 3451 ,
755 3385 965 3456 inquit,
1009 3382 1261 3453 quoniam
1295 3398 1399 3436 non
1432 3387 1786 3450 speraverant
1833 3387 1891 3432 ut
1935 3391 2156 3448 sperare

564 3482 838 3550 oportuit,
872 3477 985 3533 haec
1010 3476 1157 3548 passi
1187 3484 1350 3538 sunt,
1379 3474 1550 3529 multo
1579 3470 1750 3541 magis
1779 3483 1874 3525 vos
1908 3486 1922 3524 :
1955 3468 2021 3523 ad
2050 3484 2144 3526 eos

568 3580 714 3634 enim
747 3579 862 3632 haec
882 3574 1046 3631 verba
1080 3575 1235 3631 ﬁunt.
1282 3571 1413 3628 Illud
1444 3571 1586 3627 enim
1617 3611 1630 3634 ,
1685 3568 1854 3624 Hodie
1880 3610 1897 3636 ,
1938 3568 2151 3640 inquit,

562 3687 779 3742 semper
804 3678 886 3725 est
900 3668 1164 3741 quamdiu
1192 3665 1424 3722 mundus
1450 3662 1777 3719 constiterit.
1808 3662 1896 3720 15.
1930 3662 2039 3717 Sed
2056 3661 2151 3717 ad-

566 3764 837 3818 hortamini
874 3763 1199 3833 vosmetipsos
1230 3775 1318 3829 per
1345 3756 1575 3827 singulos
1600 3754 1713 3808 dies
1744 3795 1760 3821 ,
1803 3755 1963 3809 donec
2004 3749 2155 3807 hodie

565 3859 968 3929 cognominatur.
1018 3855 1131 3910 Hoc
1167 3861 1283 3916 est,
1317 3849 1607 3906 [Ediﬁcate
1653 3863 1746 3902 vos
1789 3848 2108 3902 alterutrum
2131 3881 2149 3914 ,

565 3949 756 4019 erigite
783 3964 879 4003 vos
910 3948 1055 4020 ipsos
1079 3986 1094 4009 ,
1123 3954 1178 3998 ut
1209 3958 1317 3999 non
1350 3941 1478 3996 fiant
1507 3938 1718 3996 eadem.
1756 3937 1829 3994 Ut
1858 3954 1959 3993 non
1989 3937 2151 3991 obdu-

564 4049 704 4094 retnr
720 4039 832 4109 quis
855 4054 917 4092 ea:
939 4036 1078 4092 vobis
1098 4033 1312 4104 fallacia
1334 4030 1550 4103 peccati.

637 4131 692 4187 9.
742 4130 908 4185 Vides
950 4127 1092 4199 quod
1142 4134 1419 4197 peccatum
1468 4124 1632 4180 iaciat
1675 4119 2153 4179 incredulitatem?

568 4223 700 4279 Nam
751 4232 810 4278 ut
848 4219 1195 4278 incredulitas
1224 4218 1420 4273 malam
1464 4216 1605 4287 parit
1644 4214 1807 4269 vitam
1831 4254 1846 4280 ,
1876 4213 1947 4267 ita
1992 4212 2152 4266 etiam

554 4324 765 4381 'amma,
788 4327 913 4369 cum
934 4311 990 4365 in
1013 4309 1347 4381 profundum
1369 4307 1636 4362 malorum
1649 4305 1886 4368 venerit,
1908 4312 2154 4357 contem-

559 4408 675 4474 nit;
705 4415 1068 4462 contemnens
1093 4412 1277 4457 autem
1299 4417 1369 4455 ne
1392 4399 1629 4455 sustinet
1650 4395 1875 4465 quidem
1901 4393 2151 4457 credere,

566 4507 627 4552 nt
652 4512 710 4554 se
733 4512 763 4552 a
790 4504 940 4550 metu
965 4494 1188 4548 liberet.
1213 4491 1477 4546 Dixerunt
1502 4488 1672 4549 enim,
1704 4485 1902 4555 inquit,
1929 4483 2048 4538 Non
2074 4501 2155 4539 ui-

560 4590 704 4643 debit
724 4588 1004 4651 Dominus,
1026 4601 1119 4638 nec
1144 4581 1400 4653 intelliget
1419 4580 1560 4635 Deus
1574 4577 1736 4633 Iacob
1760 4576 1928 4647 (Psal.
1948 4578 2036 4632 95.
2064 4575 2148 4647 7);

565 4690 623 4735 et
648 4684 863 4743 rursus,
892 4675 1056 4731 Labia
1085 4681 1334 4728 nostrae
1359 4670 1504 4725 nobis
1526 4678 1685 4735 sunt;
1712 4669 1825 4740 quis
1854 4677 2029 4723 noster
2049 4667 2156 4721 Do-

564 4773 742 4827 minus
771 4778 846 4824 est
880 4767 1052 4840 (Psal.
1082 4766 1169 4821 11.
1199 4764 1289 4838 5)?
1319 4764 1650 4834 iterumque,
1673 4759 1780 4818 Cur
1806 4762 2035 4817 irritavit
2058 4761 2159 4814 im-

568 4865 687 4936 pius
704 4858 878 4918 Deum
902 4859 1073 4935 (Psal.
1101 4857 1188 4913 l0.
1211 4858 1295 4913 15.
1313 4852 1661 4928 sec.ﬂeb‘r.).?
1697 4862 1755 4911 et
1779 4864 1993 4918 rursus,
2011 4852 2158 4908 Dixit

562 4954 822 5026 insipiens
846 4953 902 5006 in
921 4950 1077 5006 corde
1092 4966 1223 5006 suo:
1241 4949 1359 5006 Non
1385 4959 1460 5004 est
1484 4946 1645 5003 Deus.
1673 4944 1925 5018 Corrupti
1943 4953 2087 5010 sunt,
2108 4958 2157 4997 et

569 5045 953 5103 abominabiles
971 5045 1098 5116 facti
1121 5052 1241 5099 sunt
1264 5045 1321 5098 in
1339 5042 1528 5098 studiis
1545 5042 1655 5097 suis
1682 5035 1853 5112 (Psal.
1880 5036 1968 5092 15.
1996 5036 2071 5106 i).
2092 5034 2159 5089 Et
2206 5113 2215 5118 _

572 5134 1007 5202 runcatione“
1032 5136 1191 5190 timor
1202 5133 1296 5190 Dei
1312 5143 1435 5191 ante
1451 5132 1627 5189 oculos
1640 5143 1852 5207 eorum;
1874 5137 1931 5184 et
1946 5140 2156 5191 rursus,

570 5227 838 5292 Quoniam
865 5224 1042 5281 dolose
1071 5228 1174 5298 egit
1192 5228 1249 5281 in
1263 5235 1541 5299 conspectu
1565 5224 1701 5295 ejus,
1724 5228 1782 5274 ut
1808 5216 2163 5272 inveniatini-
2208 5292 2211 5295 _

572 5317 828 5387 quitatem
839 5316 1190 5388 ejusetoderit
1205 5317 1376 5390 (Psal.
1398 5318 1486 5374 55.
1503 5317 1556 5374 2.
1576 5316 1656 5388 5).
1670 5314 1925 5372 Christus
1941 5328 2161 5385 quoque

571 5407 681 5464 hoc
703 5407 771 5464 ad
788 5407 965 5480 ipsum
987 5409 1147 5466 dicit:
1164 5410 1350 5467 Omnis
1366 5411 1457 5482 qui
1466 5407 1619 5464 male
1634 5406 1894 5478 agit,,odit
1910 5406 2097 5474 lucent,
2113 5415 2161 5459 et

577 5530 681 5569 non
709 5514 839 5568 vertit
858 5511 927 5566 ad
955 5511 1115 5566 lucem
1134 5507 1152 5579 (
1172 5505 1332 5560 Joan.
1364 5503 1419 5556 5.
1447 5499 1521 5554 20
1541 5499 1581 5568 ).
1610 5495 1813 5552 Deinde
1848 5494 2116 5565 subjungit
2145 5510 2158 5548 :

496 5618 505 5625 '
581 5604 1084 5677 l’nrticipes-Christi
1109 5598 1276 5668 θῆρειὶ
1295 5608 1488 5663 sumus.
1518 5589 1656 5658 Quid
1686 5588 1788 5645 hoc
1817 5597 1922 5665 est,
1952 5586 2163 5641 Portici-

641 5744 711 5807 (ιι)
736 5742 827 5792 llic
858 5741 1038 5801 ingens
1070 5704 1151 5782 est
1179 5706 1340 5778 hiatus
1379 5722 1429 5772 in
1462 5694 1740 5772 Colberliuo
1771 5713 1990 5779 quinque
2027 5709 2167 5799 pagig

577 5821 762 5859 narum.

2281 466 2369 521 pes
2397 449 2585 505 Christi
2614 447 2780 516 effecti
2806 464 2980 502 sumus
3003 448 3030 503 2
3056 446 3230 504 Unum
3264 448 3439 505 en‘ecti
3470 456 3657 510 sumus
3688 469 3787 512 nos
3806 460 3862 514 et

2281 541 2396 612 ipse
2425 557 2440 595 :
2473 539 2737 611 siquidem
2787 540 2900 609 ipse
2942 537 3158 609 quidem
3188 551 3346 610 caput
3369 583 3385 608 ,
3416 557 3514 598 nos
3542 552 3720 601 autem
3746 563 3866 603 cor-

2278 648 2400 704 pus,
2434 631 2732 687 coheredes
2751 673 2766 698 ,
2799 639 2855 685 et
2875 632 3311 699 concorporales.
3340 633 3514 689 Unum
3541 649 3740 706 corpus
3764 656 3859 695 su-

2278 742 2400 783 mus
2433 741 2497 781 ex
2546 739 2709 779 carne
2745 723 2861 793 ejus
2884 764 2899 789 ,
2940 723 3152 794 inquit,
3187 734 3240 778 et
3287 740 3356 780 ex
3388 727 3601 782 ossibus
3634 730 3772 800 ejus.
3802 733 3865 788 Si

2278 829 2442 874 tamen
2465 815 2669 869 initium
2696 814 2993 868 substantite
3021 815 3131 884 ejus
3168 830 3326 885 usque
3353 818 3421 869 ad
3446 818 3601 884 ﬁnem
3639 822 3858 876 retinea-

2275 927 2409 965 mus.
2439 906 2576 977 Quid
2604 917 2687 961 est
2707 946 2722 971 ,
2770 904 2984 960 Initium
3010 906 3311 962 substantiis
3338 910 3447 979 ejus
3467 911 3493 965 .9
3528 911 3714 966 Fidem
3766 931 3861 983 per

2276 1013 2438 1071 quum
2466 998 2828 1065 constitimus,
2859 1006 2914 1053 et
2934 996 3102 1068 geniti
3132 1011 3318 1051 sumus
3339 1036 3355 1063 ,
3380 1006 3437 1052 et
3457 1004 3517 1052 ut
3545 998 3617 1052 its
3642 999 3820 1054 dicam
3844 1036 3863 1066 ,

2276 1088 2745 1144 consubstantiati.
2776 1088 2977 1143 Deinde
3004 1087 3277 1158 subiungit
3308 1103 3326 1142 :
3367 1087 3455 1143 15.
3488 1084 3629 1143 Dum
3654 1088 3866 1156 dicitur,

2283 1179 2451 1235 Hodie
2475 1180 2519 1235 si
2548 1195 2717 1234 vocem
2756 1180 2867 1251 ejus
2892 1179 3158 1233 audieritis
3186 1219 3200 1243 ,
3231 1178 3389 1233 nolite
3413 1178 3668 1235 obdurare
3703 1181 3865 1235 corda

2274 1281 2458 1337 vestra,
2488 1272 2616 1325 sicut
2646 1271 2697 1324 in
2719 1269 3120 1324 eaacerbatione.
3147 1268 3272 1324 Hinc
3299 1270 3517 1325 inverso
3546 1269 3737 1325 ordine
3766 1284 3865 1341 ρα-

2275 1375 2475 1420 nuntur
2501 1406 2516 1431 ,
2549 1363 2748 1419 deinde
2773 1362 3058 1432 adjicitur:
3085 1361 3236 1435 (Cap.
3265 1361 3320 1432 4)
3355 1363 3403 1415 1.
3432 1362 3723 1418 Timeamus
3749 1380 3867 1435 ergo

2274 1475 2338 1513 ne
2363 1462 2493 1528 forte
2511 1457 2690 1511 relicta
2714 1456 3080 1526 pollicitatione
3099 1454 3390 1509 introeundi
3412 1455 3465 1509 in
3483 1455 3706 1527 requiem
3729 1456 3861 1527 ejus,

2268 1550 2589 1606 existimetur
2612 1548 2800 1619 aliquis
2828 1564 2892 1602 ex
2916 1547 3051 1601 vobis
3073 1546 3263 1600 deesse.
3287 1546 3342 1601 2.
3370 1544 3575 1601 Etenim
3605 1547 3748 1601 nobis
3772 1564 3866 1601 au-

2274 1642 2565 1696 nuntiatum
2596 1650 2668 1694 est
2689 1681 2705 1708 ,
2734 1639 3160 1710 quemadmodum
3188 1647 3234 1691 et
3280 1639 3407 1693 illis.
3452 1637 3589 1692 Dum
3631 1639 3818 1692 dicitur
3845 1679 3861 1705 ,

2261 1732 2448 1789 ’lloaie
2474 1735 2518 1787 si
2544 1748 2714 1786 vocem
2740 1733 2850 1801 ejus
2874 1730 3157 1784 audieritis.
3193 1729 3324 1784 Illud
3356 1730 3500 1784 enim
3528 1728 3694 1783 Hodie
3723 1746 3866 1786 sem-

2258 1838 2371 1898 ‘per
2400 1836 2502 1880 est.
2530 1824 2733 1881 Deinde
2759 1825 2836 1877 ait
2862 1841 2876 1877 :
2910 1822 3019 1878 Sed
3037 1839 3137 1895 non
3165 1822 3357 1893 profuit
3383 1822 3491 1876 illis
3508 1838 3672 1877 sermo
3706 1824 3863 1877 audi-

2260 1914 2373 1986 tus,
2398 1935 2498 1973 non
2516 1918 2772 1971 admiauus
2791 1918 2911 1985 ﬁdei
2928 1931 2994 1970 ea:
3018 1916 3081 1970 iis
3106 1930 3221 1986 qua:
3238 1915 3542 1979 audierunt;
3568 1916 3862 1971 ostendens

2260 2009 2545 2082 quomodo
2593 2023 2698 2063 non
2743 2006 2943 2077 proluit
2991 2022 3008 2063 :
3054 2015 3337 2077 propterea
3387 2006 3532 2061 enim
3585 2021 3690 2060 non
3733 2021 3861 2077 pro-

2271 2100 2370 2156 luit
2423 2101 2545 2173 quia
2592 2099 2780 2155 deerat
2816 2097 2970 2153 ﬁdes.
3012 2097 3218 2153 Deinde
3258 2096 3446 2152 volens
3480 2112 3573 2153 eos
3617 2106 3860 2165 terrere,

2258 2185 2377 2247 'hoc
2406 2193 2579 2263 ipsum
2620 2189 2859 2246 ostendit
2901 2204 3000 2259 per
3048 2202 3112 2245 ea
3157 2202 3281 2260 quae
3325 2186 3479 2242 dicit.
3513 2188 3603 2243 16.
3635 2188 3862 2256 Quidam

2250 2284 2405 2340 ‘enim
2424 2283 2689 2338 audientes
2712 2280 3161 2348 exacerbaveruut,
3188 2278 3280 2334 sed
3300 2295 3401 2333 non
3427 2296 3601 2335 outnes
3625 2283 3712 2355 qui
3732 2299 3828 2354 pro
3853 2315 3863 2323 -

2252 2368 2389 2457 :fecti
2415 2386 2533 2431 sunt
2559 2391 2623 2429 ea:
2650 2373 2884 2445 .Egypto
2930 2388 3021 2441 per
3059 2371 3308 2443 Noysem.
3346 2372 3434 2427 17.
3471 2372 3666 2439 Quibus
3689 2380 3859 2427 autem

2268 2470 2502 2540 infensus
2531 2468 2628 2540 {uit
2656 2466 2999 2537 quadraginta
3023 2466 3173 2519 annis
3198 2464 3223 2517 ?
3248 2465 3533 2520 nonneillis
3561 2467 3648 2537 qui
3674 2482 3858 2537 pecca-

2268 2571 2467 2628 uerunt,
2497 2574 2715 2633 quorum
2739 2557 2989 2611 cadavera
3017 2557 3245 2626 projecta
3272 2565 3391 2610 sunt
3420 2556 3474 2610 in
3501 2556 3742 2611 deserto?
3768 2556 3858 2613 18.

2273 2654 2468 2724 Quibus
2493 2662 2662 2708 autem
2692 2651 2891 2722 jurarit
2922 2665 3025 2704 non
3051 2648 3262 2703 introire
3304 2650 3360 2703 in
3400 2648 3626 2719 requiem
3652 2650 3817 2720 ipsius
3840 2691 3859 2717 ,

2271 2747 2372 2804 nisi
2398 2746 2464 2801 iis
2487 2745 2573 2818 qui
2593 2742 2845 2798 increduli
2868 2745 3073 2813 {uerunt
3094 2742 3121 2797 7
3142 2740 3230 2796 19.
3262 2739 3330 2794 Et
3361 2741 3584 2796 videmus
3602 2741 3738 2812 quod
3758 2758 3862 2795 non

2269 2840 2523 2916 potuerint
2549 2837 2758 2893 introire
2786 2836 2841 2890 in
2862 2835 3083 2907 requiem
3103 2834 3265 2906 ipsius
3293 2843 3501 2906 propter
3525 2834 3860 2889 incredulita-

2271 2943 2393 2988 tem.
2440 2932 2578 2987 Cum
2619 2928 2851 2983 dixisset
2891 2943 3085 2983 rursus
3133 2926 3530 2990 testimonium,
3579 2923 3865 2994 subiungit

2269 3025 2435 3081 etiam
2474 3020 2962 3091 interrogationem
2982 3059 2999 3083 ,
3030 3016 3175 3090 quod
3209 3017 3426 3087 quidem
3469 3017 3671 3070 claram
3698 3013 3866 3070 eﬂicit

2270 3114 2599 3171 orationem.
2633 3110 2783 3164 Dixit
2827 3110 2995 3174 enim,
3029 3108 3234 3177 inquit,
3272 3107 3442 3162 Hodie
3471 3108 3517 3160 si
3547 3122 3719 3161 vocem
3747 3104 3866 3174 ejus

2271 3206 2567 3270 audieritis,
2594 3202 2753 3257 nolite
2797 3201 3056 3257 obdurare
3085 3201 3249 3255 corda
3290 3209 3460 3255 vestra
3497 3201 3631 3255 sicut
3677 3199 3730 3254 in
3771 3214 3871 3254 eat-

2271 3299 2623 3355 acerbatione.
2652 3294 3026 3362 Quorumnam
3046 3335 3060 3358 ,
3102 3293 3300 3364 inquit,
3332 3294 3576 3349 meminit
3605 3290 3696 3363 qui
3732 3301 3867 3346 sunt

2271 3390 2548 3448 indurati?
2579 3401 2942 3459 quorumnam
2976 3385 3067 3457 qui
3106 3401 3213 3441 non
3254 3384 3643 3440 crediderunt?
3668 3382 3867 3440 Nonne

2269 3480 2621 3539 Iudaeorum?
2650 3478 2806 3546 Quod
2838 3488 3019 3534 autem
3054 3478 3207 3542 dicit,
3241 3484 3326 3532 est
3363 3473 3675 3543 hujusmodi
3710 3472 3867 3526 :Au—

2271 3573 2490 3629 dierunt
2515 3570 2591 3626 illi
2621 3584 2840 3642 quoque
2863 3568 3006 3624 sicut
3038 3582 3138 3621 nos
3170 3567 3444 3628 audimus,
3475 3562 3569 3618 sed
3593 3561 3726 3617 nihil
3755 3561 3868 3617 illis

2270 3665 2495 3738 profuit.
2522 3663 2599 3720 Ne
2627 3678 2758 3734 ergo
2781 3660 3107 3716 existimetis
3139 3658 3283 3729 quod
3307 3658 3549 3712 futurum
3581 3654 3651 3708 sit
3686 3664 3742 3706 ut
3769 3654 3864 3722 ju-

2272 3755 2472 3812 vemini
2523 3752 2796 3809 audiendo
2835 3749 3276 3822 praadicationem
3316 3764 3329 3800 :
3373 3764 3497 3803 nam
3535 3747 3606 3801 illi
3644 3762 3869 3817 quoque

2272 3849 2583 3913 audierunt,
2602 3846 2696 3902 sed
2725 3845 2862 3900 nihil
2894 3844 3001 3898 illis
3021 3842 3245 3913 profuit,
3270 3843 3526 3913 quoniam
3551 3857 3659 3895 non
3683 3840 3868 3894 credi-

2272 3939 2492 3997 derunt.
2511 3939 2716 3995 Chaleb
2740 3945 2921 3993 autem
2943 3943 2998 3990 et
3013 3932 3175 3992 Jesus
3206 3935 3465 4006 quoniam
3494 3951 3601 3990 non
3626 3949 3869 3989 consen-

2284 4040 2471 4088 serunt
2491 4030 2557 4086 iis
2577 4029 2665 4101 qui
2696 4043 2802 4081 non
2823 4026 3191 4087 crediderunt,
3213 4023 3316 4077 illis
3341 4023 3551 4076 illatum
3569 4021 3880 4090 effugerunt

2283 4124 2626 4196 supplicium.
2654 4121 2718 4176 Et
2741 4118 2862 4174 vide
2890 4116 3015 4188 quid
3043 4115 3362 4170 admirabile
3396 4131 3409 4166 :
3444 4130 3549 4168 non
3568 4112 3728 4178 dixit,
3753 4112 3877 4168 Non

2283 4221 2692 4278 consenserunt,
2723 4211 2838 4274 sed,
2873 4207 2993 4263 Non
3020 4207 3266 4261 commisti
3292 4215 3447 4269 sunt;
3472 4205 3573 4259 hoc
3599 4213 3702 4269 est,
3737 4206 3875 4258 citra

2284 4309 2603 4366 Seditionem
2633 4315 2759 4360 sunt
2790 4300 3023 4380 separati
3050 4342 3063 4366 ,
3095 4314 3222 4354 cum
3255 4298 3330 4353 illi
3355 4300 3513 4352 unius
3538 4306 3594 4353 et
3622 4297 3873 4366 ejusdem

2284 4403 2510 4458 fuissent
2536 4398 2842 4454 sententiae.
2883 4395 2980 4449 llic
3008 4392 3138 4447 mihi
3166 4390 3376 4445 videtur
3404 4390 3565 4444 etiam
3594 4387 3754 4443 tacite
3792 4389 3879 4442 in-

2283 4508 2449 4549 nuere
2489 4491 2826 4547 seditionem.
2855 4492 2908 4547 5.
2940 4490 3268 4561 lngredimur
3294 4488 3449 4553 enim,
3480 4486 3671 4556 inquit,
3698 4484 3754 4538 in
3794 4497 3886 4536 re-

2279 4591 2448 4657 quiem
2470 4586 2557 4655 qui
2581 4585 2909 4638 credidimus.
2934 4582 3137 4638 Deinde
3159 4581 3261 4637 hoc
3288 4578 3615 4635 confirmans
3641 4575 3873 4657 subij-

2276 4677 2356 4731 xit
2382 4696 2396 4731 :
2431 4675 2863 4744 Quemadmodum
2882 4675 3011 4728 dixit
3039 4689 3058 4729 :
3088 4670 3419 4746 Sicutjuravi
3456 4672 3509 4724 in
3546 4670 3629 4723 ira
3656 4652 3800 4733 'mea,
3831 4666 3883 4724 si

2278 4767 2551 4822 introibant
2601 4769 2654 4822 in
2698 4767 2919 4839 requiem
2955 4782 3120 4821 meum
3143 4779 3163 4819 :
3194 4762 3504 4835 etquidem
3543 4759 3798 4832 operibus
3844 4772 3879 4811 a

2279 4858 2660 4915 constitutione
2702 4858 2889 4914 mundi
2940 4857 3274 4913 constitutis.
3326 4853 3591 4923 Quoniam
3627 4852 3875 4907 dicturus

2281 4950 2421 5005 forte
2458 4948 2722 5020 quiSpiam
2770 4958 2923 5013 erat,
2956 4947 3116 5018 Atqui
3160 4946 3263 5002 hoc
3307 4960 3415 5000 non
3452 4943 3721 5014 signiﬁcat
3767 4957 3874 4998 nos

2282 5043 2640 5111 ingressums,
2674 5039 2769 5095 sed
2799 5040 2921 5095 illos
2949 5053 3054 5094 non
3083 5052 3205 5092 esse
3236 5038 3508 5107 ingressos
3540 5053 3556 5091 :
3586 5034 3714 5106 quid
3742 5050 3879 5104 ergo

2282 5134 2405 5188 facit
2426 5131 2449 5187 7
2472 5130 2700 5188 Interim
2735 5131 2918 5186 studet
2955 5129 3245 5185 ostendere
3265 5170 3278 5194 ,
3309 5126 3452 5198 quod
3500 5128 3641 5181 sicut
3670 5126 3760 5180 illa
3788 5140 3882 5178 rc-

2281 5226 2433 5297 quies
2461 5239 2566 5280 non
2591 5223 2839 5294 prohibet
2857 5222 3014 5277 aliam
3037 5221 3142 5276 dici
3169 5221 3435 5289 requiem,
3457 5220 3527 5273 ita
3557 5232 3731 5288 neque
3759 5214 3887 5273 iure

2283 5317 2524 5386 requiem
2551 5316 2832 5371 caelorum.
2861 5313 3078 5368 Interim
3120 5326 3251 5382 ergo
3291 5311 3406 5365 vult
3435 5308 3729 5365 ostendere
3755 5308 3889 5363 illos

2283 5408 2522 5477 requiem
2568 5421 2668 5462 nos
2708 5415 3028 5475 assequutos
3056 5420 3196 5460 esse.
3236 5402 3307 5459 Ut
3347 5402 3485 5458 scias
3521 5412 3700 5457 autem
3731 5402 3891 5472 quod

2285 5499 2386 5555 hoc
2414 5499 2557 5556 dicat
2582 5542 2595 5563 ,
2624 5499 2775 5554 addit
2800 5517 2813 5554 :
2846 5499 2900 5554 4.
2934 5497 3079 5552 Dixit
3116 5497 3251 5551 enim
3300 5496 3524 5566 quodam
3555 5492 3667 5549 loro
3698 5495 3764 5548 de
3791 5495 3887 5549 die

2283 5591 2495 5663 septima
2524 5590 2597 5646 sic
2624 5606 2645 5646 :
2671 5601 2718 5645 et
2745 5590 2988 5662 requievit
3023 5587 3164 5644 Deus
3194 5589 3277 5642 die
3314 5589 3528 5659 septimo
3558 5587 3622 5640 ab
3648 5586 3898 5643 omnibus

2284 5684 2524 5754 operibus
2560 5683 2709 5739 suis:
2739 5684 2795 5740 5.
2843 5692 2890 5737 et
2925 5683 2978 5736 in
3015 5682 3111 5737 isto
3144 5696 3355 5735 rursum
3377 5694 3397 5734 .'
3423 5678 3486 5735 Si
3512 5678 3791 5733 introibant
3826 5678 3903 5737 ita

2287 5778 2506 5846 requiem
2538 5792 2720 5835 meam.
2770 5773 2934 5830 Vides
2973 5771 3244 5837 quomodo
3285 5770 3401 5827 lum:
3445 5786 3551 5814 Mn
3598 5762 3906 5832 '\"""ih"al
