4208 6454
556 466 626 519 59
1329 446 1386 500 S.
1426 440 1701 498 JOANNIS
1737 429 2202 493 ωιιιιδυδιυιιι
2243 429 2555 483 Αιιιᾷιιιει».
2597 425 3126 484 CONSTANTINOP.
3761 432 3832 483 ϐυ

546 553 712 602 tullus
733 548 807 600 tui
830 547 1040 600 vesceris
1062 562 1195 615 pune
1215 555 1321 609 tuo,
1347 560 1523 615 neque
1543 545 1727 613 spinas
1751 586 1766 611 ,
1810 561 1987 617 neque
2032 547 2131 602 tri-

550 640 703 693 notos
724 638 1048 709 germinabit
1081 638 1196 692 tibi.
1230 636 1345 691 Non
1373 646 1459 692 est
1483 639 1716 708 amplius
1737 679 1753 704 ,
1782 636 1850 692 In
1875 639 2135 696 doloribus

550 732 712 795 paries
736 731 873 798 ﬁlios
899 742 1030 793 tuos,
1064 736 1141 792 et,
1172 728 1254 780 Ad
1281 729 1446 781 virum
1469 738 1614 781 tuum
1642 730 1901 784 conversio
1932 740 2018 784 tua
2038 773 2054 797 ,
2088 741 2133 785 rt

550 837 654 889 ipse
674 820 762 874 tibi
782 818 1126 873 dominabitur
1153 817 1321 886 (Gen.
1356 820 1410 873 5.
1444 819 1533 872 19.
1568 820 1654 873 l8.
1684 820 1792 890 16)
1817 836 1834 878 z
1858 836 2034 875 omnta
2063 822 2136 877 ibi

550 923 673 969 sunt
695 928 824 982 pax,
852 912 1129 983 gaudium,
1164 911 1370 974 lmtitia,
1401 912 1670 980 voluptas,
1701 912 1914 966 bonitas
1939 955 1954 979 ,
1984 928 2136 966 man-

548 1003 802 1068 suetudo,
834 1002 1083 1072 aequitas,
1114 1002 1334 1056 caritas.
1368 1000 1482 1055 Non
1512 1011 1593 1056 est
1624 1001 1734 1056 illic
1762 1003 2034 1057 :L-mulatio
2082 1013 2137 1058 et

551 1098 769 1164 invidia,
804 1112 908 1152 non
935 1096 1155 1151 morbus
1178 1136 1192 1158 ,
1225 1110 1331 1149 non
1360 1093 1475 1149 hzec
1521 1109 1667 1149 mors
1709 1095 1983 1165 corporis,
2033 1112 2137 1149 non

551 1192 641 1246 illa
691 1204 839 1246 mors
884 1189 1117 1254 animm,
1170 1202 1275 1241 non
1324 1197 1450 1242 sunt
1496 1189 1729 1243 tenebras
1777 1204 1948 1259 neque
1995 1204 2139 1244 nox:

548 1282 730 1336 omnia
759 1290 886 1335 sunt
913 1280 1051 1346 dies,
1086 1279 1264 1333 omnia
1297 1281 1382 1332 lux
1405 1320 1418 1343 ,
1452 1279 1633 1334 omnia
1674 1279 1849 1349 quies.
1891 1278 2010 1333 Non
2059 1296 2144 1340 est

554 1376 661 1429 illis
691 1373 1026 1443 defatigatio,
1056 1388 1161 1427 non
1192 1373 1447 1428 satietas:
1476 1388 1693 1443 semper
1716 1374 1922 1429 erimus
1948 1373 2001 1428 in
2025 1390 2147 1445 per-

557 1467 1016 1539 petnobonorum
1048 1464 1345 1521 desiderio.
1379 1464 1626 1521 Vultisne
1673 1464 1793 1521 dem
1843 1466 2002 1520 etiam
2050 1467 2147 1521 ali-

540 1576 717 1631 ,quam
752 1560 1035 1628 imaginem
1067 1559 1185 1627 ejus
1211 1560 1300 1627 qui
1338 1558 1447 1612 illic
1489 1568 1571 1612 est
1612 1560 1821 1613 status?
1856 1559 1995 1614 Fieri
2042 1577 2146 1614 non

561 1662 774 1724 potest;
805 1660 1176 1708 verumtamen
1197 1694 1212 1719 ,
1240 1651 1414 1721 quoad
1435 1651 1555 1721 ejus
1581 1652 1695 1707 ﬁeri
1728 1655 1922 1721 poterit
1946 1694 1961 1719 ,
2011 1652 2116 1708 ima

561 1747 742 1817 ginem
770 1746 921 1801 vobis
948 1745 1182 1815 aliquam
1213 1745 1429 1801 tentabo
1458 1744 1765 1800 ostendere.
1787 1746 2153 1817 Snspieiamus

561 1838 783 1903 casiam,
814 1836 1031 1907 quando
1062 1835 1207 1891 nulla
1240 1835 1382 1891 nube
1426 1836 1814 1893 interturbante
1861 1855 2010 1892 suam
2059 1854 2151 1893 os-

566 1929 735 1986 tendit
779 1944 1035 1985 coronam
1062 1945 1075 1981 :
1107 1929 1302 1985 deinde
1337 1944 1460 1983 cum
1493 1928 1656 2000 longo
1689 1941 1931 2000 tempore
1960 1933 2154 1989 immo-

564 2022 667 2077 rali
698 2020 960 2076 fuerimus
989 2022 1041 2075 in
1069 2021 1471 2091 pulchritudine
1501 2024 1618 2094 ejus
1647 2033 1900 2094 aspectus
1926 2066 1940 2089 ,
1974 2030 2155 2081 consi-

565 2115 818 2169 deremus
845 2113 987 2183 quod
1014 2114 1192 2170 solum
1226 2130 1439 2187 quoque
1470 2116 1788 2174 habebimus
1809 2161 1824 2185 ,
1858 2136 1964 2174 non
2001 2121 2159 2191 quale

571 2205 854 2267 habemus.
883 2204 977 2259 sed
1007 2206 1152 2275 quod
1180 2216 1263 2261 est
1285 2216 1433 2262 tanto
1462 2208 1755 2277 pulchrius,
1787 2219 1986 2279 quanto
2007 2213 2161 2267 tectis

577 2297 735 2351 luteis
764 2306 848 2352 est
876 2312 1064 2351 aurum
1105 2298 1381 2367 pulchrius
1405 2339 1421 2363 ,
1471 2307 1527 2353 et
1564 2309 1689 2369 post
1734 2301 1864 2355 illud
1890 2344 1903 2366 ,
1964 2311 2160 2358 tectum

572 2403 763 2455 rursus
794 2388 1066 2459 superius.
1104 2388 1312 2444 Deinde
1338 2390 1559 2460 angelos
1584 2431 1600 2454 ,
1630 2391 2006 2463 archangelos,
2043 2395 2162 2449 inﬁ-

573 2481 715 2536 nitos
744 2480 973 2551 populos
999 2480 1437 2550 incorporearum
1466 2482 1796 2538 Potestatnm
1824 2525 1838 2547 ,
1874 2486 2039 2555 ipsam
2073 2488 2162 2542 llei

576 2574 774 2642 regiam
799 2613 814 2636 ,
845 2572 1097 2627 thronum
1123 2573 1437 2630 Paternum.
1468 2573 1574 2629 Sed
1603 2589 1710 2629 non
1736 2584 1928 2645 potest.
1955 2587 2012 2631 ut
2033 2579 2161 2645 dixi,

532 2712 537 2717 ι
580 2673 1102 2729 oratiounirersum
1154 2679 1540 2739 repra-sentare
1581 2678 1636 2722 et
1681 2666 1949 2735 eitplieare
1980 2679 1993 2715 :
2028 2678 2162 2732 opus

585 2773 670 2817 est
694 2762 1021 2831 experientia
1043 2802 1058 2824 ,
1089 2770 1143 2816 et
1166 2760 1470 2829 cognitione
1496 2775 1613 2828 quae.
1643 2768 1727 2813 est
1756 2772 1851 2827 per
1876 2756 2164 2825 experien-

588 2858 739 2907 tiam.
767 2851 1070 2919 Quomodo,
1094 2851 1182 2905 dic
1208 2849 1360 2916 mihi,
1384 2848 1701 2903 existimatis
1716 2848 1979 2901 Adamum
2001 2845 2169 2901 fuisse

586 2946 640 3000 iu
690 2944 981 3015 paradiso?
1021 2945 1193 2998 Tanto
1241 2944 1434 2998 melior
1477 2958 1638 3012 quam
1670 2943 1759 2996 illa
1789 2952 1870 2996 est
1899 2938 2014 2995 haec
2042 2941 2167 2996 vita:

583 3034 842 3106 degendae
880 3035 1035 3098 ratio,
1067 3044 1266 3104 quanto
1297 3034 1484 3088 caelum
1501 3042 1584 3087 est
1601 3041 1743 3088 terra
1759 3032 1970 3088 melius.
1995 3032 2169 3087 Caue-

597 3144 714 3183 rum
744 3126 901 3182 aliam
932 3141 1143 3196 quoque
1184 3126 1511 3196 inquirantus
1537 3125 1842 3194 imaginem.
1873 3123 1929 3179 Si
1956 3123 2167 3177 contin-

584 3226 738 3287 geret
778 3231 901 3271 eum
923 3216 1011 3285 qui
1043 3230 1186 3271 nunc
1227 3216 1435 3271 obtinet
1476 3215 1755 3284 imperium
1778 3256 1794 3281 ,
1824 3216 1987 3269 totius
2012 3213 2162 3269 orbis

588 3319 747 3363 terra:
774 3316 956 3362 tenere
980 3306 1344 3373 dominatum;
1374 3307 1568 3363 deinde
1599 3323 1696 3363 nec
1735 3308 1890 3362 bellis
1938 3307 2118 3362 vexari
2144 3346 2159 3373 ,

583 3413 685 3457 uec
713 3396 1177 3462 sollicitudinibus,
1210 3397 1304 3453 sed
1334 3399 1507 3455 solum
1553 3398 1804 3454 honorari
1855 3407 1912 3453 et
1959 3397 2166 3467 degere

582 3488 643 3543 in
667 3486 895 3549 deliciis,
927 3495 982 3540 et
1011 3486 1205 3542 multos
1232 3488 1448 3558 quidem
1478 3488 1677 3545 habere
1719 3488 1979 3543 satellites
2007 3529 2023 3553 ,
2070 3502 2166 3541 au-

589 3596 707 3636 rum
738 3588 914 3634 autem
944 3580 1176 3650 undique
1202 3580 1268 3635 ad
1295 3596 1415 3635 eum
1441 3579 1659 3636 alllnere
1678 3621 1691 3646 ,
1722 3588 1778 3636 et
1821 3594 1942 3635 esse
1986 3579 2166 3648 διιερί-

591 3671 860 3737 ciendum,
893 3671 1102 3743 qualem
1130 3673 1243 3741 ejus
1269 3673 1502 3728 animum
1535 3674 1767 3729 futurum
1797 3687 1917 3728 esse
1946 3671 2161 3741 putatis,

582 3764 629 3819 si
660 3763 855 3834 ubique
886 3772 1154 3819 terrarum
1184 3764 1385 3819 videret
1407 3765 1548 3821 bella
1572 3764 1852 3820 cessasse?
1878 3763 2004 3817 Tale
2038 3763 2165 3832 quid

584 3864 710 3908 tunc
734 3853 870 3908 erit:
903 3854 1016 3909 imo
1040 3869 1167 3910 vero
1193 3856 1421 3911 necdum
1469 3857 1613 3912 illam
1659 3856 1929 3925 asseqnuti
1977 3870 2164 3911 sumus

583 3942 866 4021 imaginem
899 3962 913 3997 :
942 3947 1290 4015 quamobrem
1322 3956 1536 4018 Oportet
1565 3947 1741 4001 adhuc
1782 3947 1940 4001 aliam
1987 3946 2162 4017 inqui-

585 4052 723 4092 rere.
752 4036 935 4108 Itaque
963 4039 1137 4110 cogita
1164 4041 1291 4095 mihi
1325 4040 1582 4095 infantem
1613 4040 1954 4107 imperatoris
1973 4083 1988 4105 ,
2019 4040 2162 4110 quod

580 4127 839 4197 quamdiu
880 4128 1094 4199 quidem
1128 4130 1286 4186 fuerit
1333 4132 1386 4185 in
1429 4139 1611 4196 utero,
1664 4131 1792 4185 nihil
1837 4132 2030 4197 sentit;
2078 4133 2161 4187 sin

579 4231 757 4276 autem
786 4223 1070 4292 contigerit
1097 4224 1244 4278 illum
1277 4232 1499 4294 repente
1530 4239 1833 4293 egressum,
1866 4225 2161 4281 ascendere

581 4312 830 4391 thronum
855 4315 1278 4385 imperatorium,
1315 4327 1371 4372 et
1396 4333 1501 4371 non
1526 4318 1820 4388 paulatim,
1864 4320 1958 4375 sed
2004 4321 2161 4375 simul

574 4433 777 4444 M

780 4432 2569 4449 W'W

2246 544 2299 591 et
2323 543 2547 606 repente
2577 534 2755 589 omnia
2784 533 3066 602 accipere:
3090 531 3169 586 sic
3190 536 3293 587 erit
3317 531 3402 586 hic
3423 540 3478 587 et
3503 530 3591 587 ille
3619 542 3823 588 status:

2246 638 2337 683 aut
2365 638 2421 682 ut
2447 628 2490 682 si
2521 627 2640 698 quis
2664 627 2752 696 qui
2785 625 2943 680 fuerit
2969 625 3020 679 in
3048 624 3273 680 vinculis
3293 665 3310 690 ,
3341 624 3479 679 mala
3511 640 3700 694 passus
3741 626 3827 680 in-

2249 719 2621 783 numerabilia,
2655 726 2877 788 repente
2904 717 2968 770 ad
3000 715 3183 770 sedem
3212 724 3395 785 raptus
3424 724 3571 771 esset
3600 716 3825 786 regiam.

2247 810 2351 866 Sed
2379 825 2551 881 neque
2580 811 2657 864 sic
2675 809 2957 879 imaginem
2978 824 3096 862 sum
3120 817 3306 863 exacte
3329 816 3671 879 assequutus.
3695 809 3829 863 Nam

2252 902 2340 958 hic
2368 903 2582 973 quidem
2613 903 2874 958 bonorum
2898 917 3018 972 qua:
3053 900 3215 956 fuerit
3237 909 3554 972 asseqnutus
3575 942 3591 968 ,
3620 902 3830 957 etiamsi

2248 996 2418 1065 ipsum
2443 994 2643 1049 dixeris
2669 1011 2912 1063 regnum,
2938 994 3110 1064 primo
3131 994 3220 1049 die
3250 1004 3303 1050 et
3324 994 3559 1049 secundo
3585 1003 3639 1049 et
3669 995 3830 1050 tertio

2248 1086 2431 1156 vigens
2453 1085 2608 1140 habet
2628 1084 2953 1139 desiderium
2980 1101 2993 1149 ;
3021 1085 3343 1155 procedente
3364 1094 3543 1141 autem
3566 1096 3825 1155 tempore,

2247 1187 2428 1232 manet
2453 1176 2664 1247 quidem
2693 1178 2745 1231 in
2772 1177 3045 1247 voluptate
3072 1218 3087 1242 ,
3118 1176 3215 1232 sed
3260 1192 3363 1231 non
3410 1187 3555 1232 tanta
3590 1196 3603 1232 :
3633 1178 3832 1235 desinit
3886 1224 3891 1229 .

2246 1286 2372 1325 vero
2403 1284 2615 1339 semper
2658 1269 2727 1323 ob
2763 1267 3205 1324 consuetudinem
3253 1268 3660 1338 qualiscumque
3707 1270 3824 1326 sit:

2249 1362 2359 1419 illic
2383 1373 2560 1418 autem
2594 1380 2698 1419 non
2726 1363 2897 1419 solum
2932 1379 3035 1419 non
3065 1362 3319 1417 minuitur
3340 1403 3354 1428 ,
3400 1360 3495 1415 sed
3523 1362 3682 1416 etiam
3712 1375 3833 1416 cre-
3902 1377 3907 1382 ’

2249 1458 2369 1511 scit.
2403 1454 2590 1526 Cogita
2617 1459 2757 1511 enim
2786 1466 3044 1526 quantum
3094 1455 3165 1509 sit
3210 1455 3441 1509 animam
3465 1498 3479 1520 ,
3534 1470 3656 1510 cum
3703 1455 3831 1511 illuc

2249 1548 2462 1614 abierit,
2496 1563 2602 1602 non
2633 1548 2861 1617 amplius
2891 1556 3205 1616 exspectare
3233 1547 3393 1602 ﬁnem
3424 1547 3634 1602 illorum
3666 1546 3835 1603 bono-

2250 1655 2368 1694 rum
2388 1680 2404 1705 ,
2441 1654 2539 1693 nec
2566 1639 2912 1692 mutationem
2939 1679 2954 1705 ,
2986 1637 3079 1691 sed
3110 1637 3497 1694 incrementum
3524 1677 3539 1701 ,
3573 1648 3627 1692 et
3668 1638 3832 1692 vitam

2251 1744 2371 1800 quae
2403 1744 2507 1783 non
2543 1729 2703 1784 habet
2731 1729 2922 1794 linem,
2954 1728 3021 1782 ab
3051 1729 3195 1784 omni
3224 1728 3435 1796 quidem
3480 1728 3717 1798 periculo
3765 1729 3835 1784 li-

2252 1820 2464 1888 beram,
2492 1829 2548 1875 et
2571 1822 2638 1875 ab
2668 1821 2814 1875 omni
2841 1821 3003 1876 animi
3029 1820 3343 1890 aegritudine
3366 1829 3420 1875 et
3448 1820 3832 1887 sollicitudine,

2254 1911 2465 1981 plenam
2492 1911 2653 1965 animi
2680 1911 2874 1982 gaudio
2898 1922 2952 1964 et
2988 1911 3139 1966 bonis
3167 1911 3479 1966 innumeris.
3511 1910 3567 1966 Si
3594 1911 3737 1965 enim
3780 1912 3836 1965 in

2254 2018 2502 2072 campum
2533 2015 2823 2070 exeuntes,
2859 2004 2944 2058 ubi
2970 2003 3209 2059 videmus
3240 2004 3467 2059 militum
3496 2005 3838 2061 tabernacula

2256 2094 2524 2165 tapetibus
2543 2095 2750 2148 conﬁxa
2770 2136 2785 2159 ,
2817 2105 2872 2149 et
2911 2095 3121 2149 lanceas
3148 2105 3203 2149 et
3240 2095 3420 2164 galeas
3445 2105 3500 2149 et
3526 2096 3837 2166 clypeorum

2258 2185 2515 2239 umbones
2537 2184 2961 2254 resplendentes,
2989 2196 3263 2256 stupentes
3305 2195 3360 2241 et
3403 2201 3692 2257 suspensos
3738 2203 3840 2241 nos

2259 2284 2404 2331 tenet
2437 2275 2749 2341 admiratio;
2776 2278 2821 2331 si
2845 2288 3024 2331 autem
3053 2278 3336 2348 contigerit
3365 2279 3546 2335 videre
3572 2295 3750 2350 regem
3783 2281 3837 2334 in

2258 2368 2432 2425 media
2458 2378 2782 2435 currentem,
2811 2379 2903 2423 aut
2931 2370 3090 2423 etiam
3114 2385 3234 2425 cum
3264 2372 3426 2425 armis
3448 2373 3622 2427 aureis
3641 2388 3840 2443 equum

2256 2471 2523 2531 agentem,
2549 2461 2680 2516 nihil
2702 2461 2854 2516 nobis
2874 2462 3063 2517 deesse
3086 2464 3489 2518 existimamus:
3511 2467 3635 2535 quid
3664 2477 3839 2535 punis.

2258 2553 2471 2624 quando
2499 2554 2790 2609 viderimus
2818 2566 3018 2609 aeterna
3041 2563 3347 2609 sanctorum
3376 2556 3713 2612 tabernacula
3738 2561 3843 2615 lixa

2260 2647 2312 2701 in
2340 2646 2527 2701 caelis?
2555 2645 2848 2715 Suscipient
2878 2647 3044 2713 enim,
3069 2648 3256 2719 inquit,
3282 2664 3368 2704 vos
3396 2650 3448 2703 in
3467 2661 3655 2706 (eterna
3679 2652 3847 2708 taber-

2261 2740 2446 2794 nacula
2474 2738 2641 2810 (Luc.
2674 2738 2763 2794 16.
2795 2738 2866 2812 9)
2893 2756 2906 2793 :
2936 2740 3146 2810 quando
3175 2740 3373 2796 videris
3409 2758 3846 2816 unumquemque

2261 2831 2691 2901 resplendentem
2719 2831 2843 2901 plus
2867 2846 3028 2901 quam
3058 2831 3192 2885 radii
3217 2833 3345 2887 solis
3370 2872 3383 2897 ,
3412 2849 3518 2888 non
3546 2850 3613 2889 ex
3642 2851 3752 2891 tere
3792 2847 3848 2892 et

2261 2924 2426 2988 ferro,
2457 2921 2550 2977 sed
2578 2938 2646 2978 ex
2672 2923 2760 2977 illa
2786 2923 2976 2992 gloria,
3000 2922 3152 2991 cujus
3173 2921 3407 2993 fulgores
3431 2939 3538 2980 non
3567 2934 3741 2994 potest
3764 2928 3848 2982 vi-

2261 3014 2391 3069 dere
2419 3013 2685 3068 humanus
2714 3012 2939 3068 oculus?
2968 3013 3171 3082 Ethzcc
3186 3014 3400 3083 quidem
3429 3014 3483 3069 in
3502 3015 3842 3073 hominibus:

2262 3106 2389 3179 quid
2418 3122 2547 3162 vero
2576 3106 2777 3161 dixeris
2804 3105 2967 3160 multa
3007 3106 3318 3175 angelorum
3367 3107 3531 3162 millia
3556 3146 3573 3175 ,
3617 3111 3852 3164 archan-

2263 3201 2525 3270 gelorum,
2547 3197 2854 3262 Cherubim,
2881 3196 3181 3266 Seraphim,
3210 3196 3567 3264 Thronorum,
3598 3200 3853 3256 Domina-

2267 3293 2493 3359 tionum,
2525 3291 2948 3361 Principatuum,
2979 3290 3332 3357 Potestatum,
3360 3307 3585 3362 quorum
3616 3293 3853 3361 pulchri-

2268 3386 2393 3441 tudo
2420 3400 2633 3441 omnem
2659 3392 2876 3454 superat
2898 3382 3306 3453 intelligentiam
3328 3383 3351 3437 ?
3372 3383 3479 3439 Sed
3526 3387 3667 3439 enim
3708 3402 3846 3455 quo-

2268 3493 2435 3549 usque
2467 3493 2570 3532 non
2617 3476 2871 3530 desistam
2917 3490 2979 3529 ea
3027 3475 3271 3545 persequi
3314 3490 3434 3545 quae
3474 3491 3580 3531 non
3630 3486 3854 3544 possunt

2266 3567 2691 3639 comprehendi?
2719 3564 2900 3637 Neque
2927 3566 3071 3620 enim
3096 3566 3269 3621 oculus
3296 3566 3437 3633 ridit,
3474 3566 3664 3637 inquit,
3694 3584 3855 3637 neque

2266 3664 2408 3718 auris
2446 3662 2674 3727 audivit,
2709 3676 2867 3727 neque
2890 3659 2942 3712 in
2961 3674 3048 3712 cor
3100 3658 3318 3712 hominis
3361 3659 3694 3714 ascenderunt
3739 3677 3857 3729 qua:

2268 3754 2408 3810 Deus
2432 3751 2735 3823 preparavit
2755 3752 2817 3805 iis
2842 3752 2926 3821 qui
2951 3751 3121 3820 ipsum
3157 3748 3377 3819 diligunt
3404 3749 3423 3821 (
3447 3750 3496 3804 1.
3524 3749 3642 3806 Cor.
3668 3750 3724 3804 2.
3753 3751 3852 3822 9).

2269 3846 2408 3904 Nihil
2439 3854 2521 3902 est
2546 3860 2674 3915 ergo
2700 3841 3057 3899 miserabilius
3087 3842 3151 3896 iis
3177 3841 3268 3911 qui
3310 3856 3417 3895 non
3461 3852 3852 3911 assequuntur.

2271 3955 2446 4010 neque
2475 3940 2682 3996 beatius
2703 3940 2770 3995 iis
2788 3939 2879 4010 qui
2906 3945 3285 4008 assequuntur.
3316 3935 3496 3991 Simus
3521 3950 3651 4004 ergo
3671 3948 3771 3988 nos
3793 3949 3863 3988 ex

2271 4031 2462 4098 beatis,
2494 4040 2550 4087 ut
2578 4043 2781 4087 aeterna
2810 4043 3201 4099 consequamur
3228 4027 3387 4094 bona,
3415 4025 3470 4081 in
3492 4025 3706 4081 Christo
3733 4023 3864 4079 Jesu

2278 4123 2503 4177 Domino
2531 4132 2724 4177 nostro
2743 4162 2759 4188 ,
2787 4122 3000 4192 quicum
3024 4119 3164 4175 Patri
3187 4134 3289 4173 una
3310 4133 3431 4173 cum
3452 4126 3639 4173 sancto
3660 4115 3863 4185 Spiritu

2274 4237 2465 4309 gloria.
2493 4231 2801 4305 imperium,
2821 4230 3013 4291 honor,
3041 4239 3185 4279 nunc
3207 4230 3263 4278 et
3283 4235 3517 4292 semper,
3538 4222 3663 4276 etin
3687 4232 3830 4273 sa‘cu
3845 4247 3870 4266 .

2273 4331 2324 4385 la
2352 4325 2695 4382 seculorum.
2725 4322 2919 4376 Amen.

2574 4434 3865 4457 ..ο-*Ἢ*-

1891 4485 2243 4549 HOMILIA.
2281 4488 2416 4550 Vll.

572 4606 702 4661 Ωιι».
733 4607 786 4662 4.
827 4623 878 4662 v.
914 4608 998 4662 ll.
1058 4606 1375 4662 Festiuemus
1420 4624 1538 4678 ergo
1585 4607 1786 4677 ingredi
1821 4608 1873 4661 iu
1909 4608 2052 4661 illam
2088 4625 2170 4663 re-

644 4699 810 4767 quiem
833 4738 848 4763 ,
891 4709 944 4751 ut
992 4714 1054 4752 ne
1103 4700 1155 4752 in
1192 4699 1412 4768 idipsum
1441 4698 1555 4767 quis
1582 4697 1774 4751 incidat
1799 4699 2170 4754 incredulitatis

644 4788 953 4859 exentplum.
985 4789 1073 4845 12.
1116 4788 1271 4843 Visus
1299 4799 1374 4842 est
1404 4788 1538 4842 enim
1565 4805 1733 4843 sermo
1760 4787 1855 4843 Dei
1880 4799 1929 4844 et
1971 4791 2162 4861 efﬁcax.

644 4891 692 4935 et
717 4880 1076 4951 penetrabilior
1122 4880 1260 4934 omni
1288 4880 1462 4951 gladio
1492 4880 1702 4949 ancipiti
1727 4921 1742 4943 ,
1789 4890 1837 4935 et
1880 4884 2168 4953 pertingens

641 4989 802 5041 usque
825 4974 892 5026 ad
916 4972 1211 5026 divisionem
1233 4972 1419 5026 animt:
1443 4981 1489 5025 et
1509 4971 1738 5041 spiritus,
1761 4988 2167 5045 compagumque

645 5081 706 5118 ac
730 5063 1067 5118 medullarum
1094 5104 1109 5129 ,
1141 5070 1188 5115 et
1219 5062 1465 5116 discretor
1500 5063 1859 5135 cogitationum
1899 5074 1945 5118 et
1997 5064 2166 5118 inten-

649 5161 844 5214 tionum
868 5158 1072 5212 cordis:
1091 5157 1176 5212 l5.
1211 5165 1386 5212 etnon
1405 5167 1477 5212 est
1502 5157 1612 5212 ulla
1639 5168 1875 5214 creatura
1897 5159 2167 5214 invisibilis

644 5252 697 5305 iu
728 5258 997 5316 tonspectu
1020 5249 1170 5318 ejus;
1199 5249 1371 5303 omnia
1400 5260 1568 5305 autem
1595 5250 1733 5305 nuda
1756 5260 1804 5307 et
1829 5261 2008 5323 aperta
2044 5260 2164 5306 sunt

643 5343 802 5397 oculis
822 5342 954 5412 ejus,
976 5340 1045 5395 ad
1064 5357 1211 5411 quem
1236 5342 1377 5397 nobis
1402 5361 1588 5400 sermo.

646 5543 698 5594 l.
745 5538 903 5593 Fides
949 5553 1036 5594 res
1079 5549 1163 5595 est
1203 5556 1389 5611 magna
1442 5554 1497 5598 et
1534 5543 1808 5608 salutaris,
1862 5552 1917 5598 et
1961 5545 2164 5614 absque

572 5646 636 5685 ea
677 5629 795 5686 ﬁeri
837 5645 941 5684 non
991 5638 1166 5701 potest
1201 5643 1257 5689 ut
1290 5634 1421 5688 salvi
1472 5635 1660 5690 simus.
1714 5637 1783 5689 At
1832 5650 1937 5688 non
1980 5643 2158 5704 potest

573 5735 671 5792 per
696 5733 757 5775 se
777 5719 892 5775 sola
916 5720 968 5777 id
990 5721 1228 5790 efﬁcere,
1262 5724 1356 5779 sed
1384 5725 1549 5793 proba
1573 5725 1732 5780 etiam
1778 5723 1884 5779 vita
1928 5724 2161 5795 requiri-

574 5820 682 5867 tur.
717 5809 840 5867 ldeo
871 5811 1066 5870 Paulus
1092 5830 1305 5887 quoque
1334 5830 1428 5871 eos
1453 5816 1708 5869 admonet
1751 5816 1838 5885 qui
1878 5816 1986 5884 jam
2037 5825 2165 5873 sunt

572 5900 772 5974 dignati
800 5906 1087 5981 mysteriis,
1115 5906 1297 5963 dicens
1328 5925 1341 5961 :
1371 5904 1685 5960 Festinamus
1713 5906 1909 5979 ingredi
1936 5901 1988 5960 iu
2014 5906 2158 5961 illam

2277 4605 2517 4673 requiem.
2537 4603 2873 4667 Festinamus,
2904 4604 3094 4674 inquit,
3125 4618 3187 4659 ac
3210 4603 3521 4658 studeamus
3547 4611 3729 4672 utpote
3744 4617 3868 4658 cum

2274 4694 2406 4749 lides
2430 4709 2535 4749 non
2571 4694 2819 4759 suflieiat,
2838 4694 2932 4750 sed
2964 4696 3123 4750 etiam
3143 4694 3335 4750 debeat
3353 4693 3457 4749 vita
3475 4694 3652 4763 adjici,
3678 4704 3726 4747 et
3745 4711 3865 4748 ma-

2271 4803 2432 4859 gnum
2459 4788 2702 4843 adhiberi
2732 4789 2985 4843 studium.
3020 4787 3226 4842 Revera
3244 4790 3386 4843 enim
3424 4787 3591 4840 multo
3621 4802 3755 4855 opus
3785 4798 3871 4839 est

2271 4878 2451 4933 studio
2469 4879 2888 4934 utascendamus
2906 4879 2956 4933 in
2977 4864 3185 4933 cadum.
3204 4878 3259 4934 Si
3281 4879 3423 4934 enim
3443 4887 3581 4933 terra
3603 4894 3706 4932 non
3734 4888 3861 4932 sunt

2272 4968 2469 5040 dignati
2493 4971 2581 5041 qui
2612 4979 2786 5025 tantas
2803 4970 3045 5025 miserias
3060 4970 3115 5025 et
3132 4969 3461 5025 calamitates
3478 4972 3712 5040 perpessi
3741 4980 3868 5025 sunt

2274 5062 2328 5117 in
2346 5062 2582 5130 deserto,
2612 5072 2667 5118 et
2697 5074 2893 5119 terram
2924 5078 3031 5117 non
3054 5065 3587 5133 potueruntasseqni,
3609 5065 3865 5135 quoniam

2276 5165 2745 5212 murmuraruntet
2767 5158 3019 5228 quoniam
3041 5167 3164 5211 sunt
3181 5157 3452 5213 fornicati:
3474 5160 3742 5227 quomodo
3763 5177 3863 5215 nos

2270 5264 2435 5319 regno
2462 5250 2711 5306 caelorum
2727 5249 2873 5321 digni
2896 5249 3230 5317 habebimur,
3250 5251 3337 5321 qui
3368 5250 3529 5305 vitam
3557 5252 3863 5307 inconside-

2271 5351 2384 5396 rate
2408 5342 2701 5413 ignavaque
2726 5350 2783 5397 et
2822 5343 3057 5412 segniter
3084 5343 3325 5413 agimus?
3346 5343 3509 5399 Multo
3544 5360 3673 5415 ergo
3708 5347 3864 5401 nnhis

2268 5449 2405 5504 opus
2440 5443 2528 5491 est
2550 5434 2747 5491 studio.
2794 5433 2927 5491 Vide
2949 5446 3129 5493 autem
3162 5437 3305 5508 mind
3336 5451 3442 5491 non
3473 5437 3728 5494 damnum
3773 5458 3868 5494 co-

2272 5541 2441 5596 usque
2460 5527 2815 5594 constituerit,
2844 5528 2989 5599 quod
3019 5544 3123 5584 non
3145 5529 3508 5601 ingrediamur
3536 5549 3552 5587 :
3583 5546 3686 5587 non
3716 5534 3862 5587 enim

2275 5629 2430 5692 dixit,
2456 5628 2777 5685 Studeamus
2803 5628 3008 5699 ingredi
3040 5628 3089 5683 in
3122 5628 3269 5683 illam
3298 5628 3558 5698 requiem,
3590 5645 3658 5684 ne
3685 5645 3713 5683 a
3743 5639 3867 5685 tau-

2278 5724 2349 5778 tis
2394 5721 2548 5778 bonis
2587 5721 2931 5787 exeidamus;
2962 5720 3056 5777 sed
3098 5721 3150 5776 id
3194 5720 3400 5775 addidit
3439 5720 3579 5792 quod
3614 5721 3863 5777 homines

2275 5830 2600 5887 magnopere
2639 5816 2865 5871 excitat.
2890 5815 3154 5883 Quidnam
3191 5823 3274 5870 est
3313 5813 3462 5871 hoc?
3497 5814 3565 5870 Ut
3594 5833 3656 5870 ne
3692 5815 3745 5870 in
3774 5816 3860 5870 id-

2274 5913 2440 5984 ipsum
2470 5915 2583 5984 quis
2612 5911 2806 5967 incidat
2847 5909 3216 5985 incredulitatis
3251 5910 3535 5983 exemplum
3559 5926 3579 5977 ;
3614 5910 3714 5966 hoc
3740 5919 3822 5966 est
3847 5952 3863 5975 ,
