4208 6464
607 437 676 493 53

621 545 858 600 magnum
894 530 979 598 qui
1017 525 1290 597 penetravit
1331 524 1481 577 cwlos
1517 537 1534 574 :
1572 530 1625 575 et
1666 520 1926 588 majorem
1969 517 2203 573 ostendit

619 639 822 683 curam,
859 638 924 676 eo
951 621 1090 692 quod
1120 634 1213 674 eos
1245 628 1512 686 tamquam
1555 629 1683 669 suos
1718 612 1972 669 defendat
1997 620 2049 666 et
2083 627 2205 680 pro-

619 726 779 783 tegat,
813 729 910 768 nec
936 713 1061 766 velit
1101 722 1153 765 ut
1197 710 1293 781 ipsi
1322 707 1531 762 cadant.
1561 706 1694 760 Nam
1724 704 1936 777 Moyses
1961 702 2198 775 quidem,

615 814 807 884 inquit,
840 827 943 866 non
973 812 1246 879 ingressus
1275 815 1358 861 est
1384 806 1436 859 in
1477 805 1740 873 requiem,
1776 803 1889 871 ipse
1914 809 2092 855 autem
2119 798 2201 851 est

612 908 884 973 ingressus
915 920 928 957 :
959 910 1012 956 et
1038 898 1330 970 quomodo,
1356 912 1457 967 ego
1485 896 1682 951 dicam.
1707 892 1860 961 Quod
1887 901 2065 945 autem
2099 887 2201 941 hoc.

613 1009 869 1062 nusquam
912 991 1178 1063 posuerit,
1215 1005 1320 1042 non
1353 996 1436 1042 est
1473 984 1789 1040 admirabile
1818 999 1834 1036 :
1868 997 1989 1035 nam
2020 980 2103 1035 vel
2133 992 2201 1033 ne

610 1084 890 1139 videantur
920 1081 1163 1136 invenire
1196 1079 1586 1140 defensionem,
1617 1076 1789 1145 ipsum
1822 1088 1924 1127 una
1952 1085 2199 1140 compre-

611 1173 834 1234 hendit;
868 1172 952 1226 vel
998 1186 1066 1225 ne
1108 1170 1281 1223 virum
1328 1167 1603 1221 videretur
1640 1178 1915 1227 accusare,
1948 1160 2051 1215 hoc
2092 1174 2198 1214 non

609 1264 746 1319 tlixit
773 1272 981 1333 aperte.
1023 1261 1155 1316 Nam
1184 1260 1252 1324 si,
1300 1274 1421 1313 eum
1466 1256 1599 1311 nihil
1644 1255 1831 1308 horum
1864 1251 2063 1305 dictum
2105 1249 2196 1316 sit,

614 1346 727 1410 hm‘é
750 1354 1100 1423 objiciebant,
1133 1351 1394 1414 dicentes,
1436 1348 1552 1417 lpse
1589 1346 1726 1400 dixit
1753 1343 2015 1397 adversus
2047 1339 2197 1411 Moy-

610 1462 725 1502 sem
768 1455 824 1501 et
865 1446 1121 1500 adversus
1174 1444 1342 1512 legem
1376 1458 1390 1497 :
1421 1440 1587 1494 multo
1632 1437 1819 1507 magis,
1865 1434 1911 1489 si
1948 1433 2197 1502 dixisset,

611 1540 728 1595 Non
754 1549 834 1595 est
861 1539 1144 1594 Palaestina
1166 1580 1179 1602 ,
1213 1534 1305 1590 sed
1334 1534 1542 1599 caelum,
1577 1532 1661 1585 his
1688 1530 1885 1599 majora
1910 1526 2198 1581 dixissent.

611 1624 714 1692 Sed
744 1650 846 1690 non
878 1633 1185 1688 universum
1219 1629 1402 1683 tribuit
1430 1624 1716 1689 sacerdoti,
1751 1622 1844 1676 sed
1888 1621 2045 1675 etiam
2077 1632 2198 1689 qum

610 1744 641 1783 a
674 1728 825 1783 nobis
870 1734 993 1781 sunt
1041 1720 1341 1793 praestanda
1388 1715 1632 1784 requirit,
1678 1711 2073 1767 confessionem
2116 1710 2196 1763 in-

612 1836 790 1891 quam.
849 1816 1103 1871 Habentes
1159 1813 1323 1871 enim.
1375 1807 1566 1879 inquit,
1611 1806 1902 1877 pontificem
1932 1818 2193 1873 magnum,

609 1913 697 1980 qui
741 1909 1015 1980 penetravit
1061 1905 1232 1967 cwlos,
1290 1901 1321 1956 J
1330 1917 1470 1956 esum
1524 1898 1569 1951 ιθ
1572 1899 1717 1951 ilium
1769 1895 1887 1958 Dei,
1939 1902 2197 1948 teneamus

609 2000 995 2072 confessionem.
1047 1997 1342 2064 Quamnam
1393 1991 1521 2045 dicit
1567 1984 2001 2043 confessionem?
2043 1982 2196 2053 Quod

608 2092 679 2145 sit
711 2088 1053 2149 resurrectio,
1085 2084 1226 2156 quod
1253 2085 1320 2137 sit
1354 2080 1735 2145 remuneratio,
1758 2077 1900 2148 quod
1928 2076 2064 2131 bona
2088 2076 2197 2131 sint

610 2180 1034 2243 innumerabilia,
1065 2176 1207 2247 quod
1236 2175 1483 2230 Christus
1510 2174 1579 2227 sit
1607 2174 1767 2235 Deus,
1796 2170 1938 2241 quod
1967 2169 2037 2223 sit
2061 2167 2196 2223 ﬁdes

610 2283 753 2328 recta
783 2290 796 2326 :
831 2271 946 2325 haec
974 2269 1349 2331 confiteanmr,
1382 2266 1495 2319 haec
1525 2273 1818 2320 teneamus.
1843 2261 1994 2330 Quod
2017 2269 2193 2315 autem

610 2364 726 2419 hate
749 2379 874 2418 vera
915 2361 1041 2428 sint,
1072 2369 1154 2416 est
1195 2359 1533 2429 perspicuum
1565 2373 1630 2412 ex
1673 2372 1737 2411 eo
1766 2355 1909 2426 quod
1953 2357 2098 2410 intus
2127 2355 2197 2410 sit

610 2457 867 2527 pontifex.
913 2456 1055 2526 Ergo
1098 2453 1238 2524 quod
1274 2468 1378 2507 non
1425 2451 1740 2517 excidimus,
1786 2448 2139 2504 confiteamur
2177 2463 2192 2504 :

607 2548 816 2603 etiamsi
849 2562 935 2601 res
966 2553 1081 2600 non’
1112 2544 1318 2609 adsint,
1368 2557 1464 2597 nos
1509 2549 1684 2597 tamen
1723 2539 2071 2595 confiteamur
2099 2556 2112 2593 :
2144 2538 2194 2594 si

610 2637 771 2693 modo
797 2637 1063 2700 adessent,
1094 2633 1283 2688 falsum
1328 2641 1488 2687 esset.
1534 2630 1892 2699 Quamobrem
1924 2629 2026 2685 hoc
2050 2643 2187 2698 quo-

608 2747 714 2799 que
762 2742 949 2782 verum
998 2735 1081 2781 est
1128 2723 1268 2794 quod
1319 2723 1679 2777 differantur:
1714 2720 1911 2774 etenim
1958 2719 2194 2789 pontifex

611 2830 796 2876 noster
834 2827 918 2874 est
957 2832 1177 2888 magnus
1208 2835 1221 2870 :
1259 2815 1380 2870 Non
1424 2815 1557 2868 enim
1596 2814 1835 2866 habemus
1872 2812 2192 2882 pontiﬁcem,

609 2914 694 2976 qui
721 2927 822 2966 non
854 2910 1008 2976 possit
1035 2908 1259 2973 compali
1296 2904 1672 2976 inﬁrmitatibus
1711 2905 1914 2958 nostris.
1944 2902 2060 2958 Non
2089 2913 2191 2968 est,

612 3003 800 3073 inquit,
832 3000 920 3071 qui
951 3015 1035 3055 res
1065 3008 1277 3055 nostras
1311 2998 1539 3067 ignoret,
1569 2995 1706 3048 sicut
1737 2993 1885 3048 multi
1919 2993 2195 3063 pontifices

608 3098 698 3167 qui
750 3095 992 3150 nesciunt
1038 3109 1133 3148 eos
1170 3093 1260 3161 qui
1304 3091 1413 3145 sint
1461 3089 1512 3143 in
1562 3086 1964 3154 afﬂictionibus,
2020 3102 2195 3154 neque

609 3187 864 3258 quidnam
907 3186 976 3240 sit
1015 3184 1258 3238 afflictio.
1308 3181 1440 3237 Nam
1485 3180 1624 3250 apud
1671 3179 1916 3233 homines
1943 3179 2055 3233 ﬁeri
2088 3193 2193 3232 non

612 3289 786 3352 potest
814 3289 872 3334 ut
897 3279 1037 3349 ejus,
1071 3278 1158 3348 qui
1204 3275 1361 3329 malis
1389 3282 1631 3337 vexatur,
1676 3272 1817 3325 norit
1855 3270 2191 3326 vexationem

609 3373 656 3428 is
682 3371 770 3443 qui
801 3386 906 3426 non
936 3366 1068 3425 fecit
1107 3365 1429 3439 periculum,
1460 3372 1515 3417 et
1542 3378 1646 3417 non
1686 3361 1895 3416 transiit
1934 3376 2031 3431 per
2066 3375 2192 3416 sett-

556 3526 565 3531 ,
609 3462 998 3523 sibilia.0mnia
1015 3462 1157 3517 enim
1178 3456 1625 3514 sustinuitnoster
1642 3453 1906 3528 pontifex:
1927 3466 2048 3509 nam
2068 3467 2194 3523 pro-

482 6166 585 6319 κ

610 3567 792 3629 pterea
824 3555 1052 3626 primum
1082 3548 1354 3613 sustinuit,
1385 3558 1438 3604 et
1464 3557 1588 3602 tunc
1616 3548 1878 3613 ascendit,
1915 3553 1973 3599 ut
2013 3551 2196 3614 posset

608 3646 1002 3706 commiserari.
1054 3642 1321 3699 Tentatum
1352 3651 1517 3696 autem
1548 3656 1638 3711 per
1666 3640 1837 3694 omnia
1884 3652 1975 3708 pro
2016 3635 2198 3690 simili-

609 3742 784 3797 tudine
807 3739 992 3808 absque
1017 3744 1244 3808 pcccato.
1279 3732 1408 3788 Vide
1428 3732 1698 3804 quomodo
1724 3731 1884 3786 etiam
1912 3741 2070 3799 supra
2099 3741 2195 3798 po-

613 3843 742 3902 suit.
773 3839 973 3901 Simile,
1007 3845 1062 3891 et
1086 3835 1195 3901 hic,
1234 3822 1335 3887 Pro
1360 3832 1713 3889 similitudine.
1743 3830 1853 3884 lloc
1878 3838 1983 3893 est,
2013 3843 2199 3899 passus

613 3942 697 3988 est
726 3930 1221 4002 persequutionem,
1267 3924 1360 3980 fuit
1399 3934 1714 3994 consputus,
1741 3929 2043 3984 accusatus,
2075 3919 2205 3974 irri-

614 4039 729 4090 sus,
783 4019 1069 4078 calumniis
1116 4020 1402 4089 appetitus,
1458 4018 1685 4087 ejectus,
1735 4022 2011 4083 postremo
2057 4012 2205 4069 cruci

613 4119 829 4172 affixus.
865 4112 969 4168 Pro
1014 4112 1343 4167 similitudine
1385 4108 1569 4180 absque
1620 4117 1844 4178 peccato.
1901 4106 1998 4161 ilic
2041 4106 2202 4161 etiam

614 4208 759 4263 aliud
792 4206 1114 4272 subindicat,
1150 4221 1341 4276 nempe
1365 4201 1506 4274 quod
1542 4201 1653 4255 fieri
1682 4209 1877 4270 potest,
1909 4211 1965 4255 ut
2003 4200 2091 4269 qui
2121 4206 2206 4253 est

618 4299 669 4353 in
701 4296 1098 4363 afflictionibus,
1130 4313 1222 4352 eas
1252 4295 1484 4368 perferat
1508 4293 1708 4362 absque
1737 4302 1973 4361 peccato.
1996 4292 2193 4359 Quam-

617 4387 802 4442 obrem
834 4387 991 4442 etiam
1020 4389 1231 4459 quando
1259 4387 1408 4448 dicit,
1438 4382 1502 4437 In
1524 4385 1854 4438 similitudine
1879 4384 2065 4447 carnis,
2096 4397 2202 4436 non

616 4478 722 4534 hoc
746 4478 894 4545 dicit,
924 4480 1062 4550 quod
1098 4479 1366 4550 acceperit
1409 4476 1586 4529 carnis
1629 4474 2057 4537 similitudinem,
2104 4472 2201 4528 sed

616 4586 854 4626 carnem.
896 4571 1002 4627 Cur
1030 4588 1159 4643 ergo
1201 4570 1353 4633 dixit,
1404 4566 1471 4621 In
1522 4566 1896 4620 similitudine?
1939 4565 2199 4630 Quoniam

616 4662 750 4717 dixit
780 4662 848 4718 de
890 4679 1051 4719 carne
1096 4660 1396 4732 pcccntrice
1431 4677 1443 4713 :
1477 4670 1593 4713 erat
1636 4658 1777 4712 enim
1813 4667 2010 4710 nostra:
2046 4656 2201 4712 simi-

616 4753 701 4809 lis.
753 4753 882 4809 Nam
934 4764 1120 4809 natura
1175 4752 1390 4822 quidem
1440 4759 1556 4805 erat
1607 4749 1792 4802 eadem
1835 4764 1952 4817 qua:
1995 4757 2200 4816 nostra,

616 4855 834 4917 peccato
863 4852 1041 4900 autem
1071 4852 1403 4911 nequaquam
1437 4840 1641 4893 eadem.
1679 4839 1762 4894 16.
1794 4839 2046 4893 Adeamus
2086 4856 2204 4910 ergo

614 4955 728 4992 cum
757 4938 945 5006 fiducia
974 4937 1041 4989 ad
1070 4935 1310 4987 thronum
1345 4934 1528 5003 gratia:
1555 4935 1683 5003 ejus,
1719 4942 1770 4985 ut
1802 4932 2203 4987 misericbrdiam

610 5044 993 5099 consequantur,
1027 5035 1075 5081 et
1101 5024 1319 5096 gratiam
1346 5023 1656 5078 inveniamus
1694 5024 1747 5077 in
1780 5025 1973 5079 auxilio
2012 5040 2203 5097 oppor-

611 5131 755 5176 tuno.
787 5120 1083 5188 Quemnam
1111 5116 1241 5172 dicit
1268 5117 1519 5171 thronum
1551 5119 1778 5187 gratia}?
1805 5119 2079 5175 Thronum
2109 5134 2200 5175 rc-

612 5214 775 5283 gium,
826 5211 893 5266 de
936 5224 1044 5278 quo
1088 5209 1262 5263 dicit:
1296 5208 1441 5264 Dixit
1481 5209 1729 5266 Dominus
1776 5211 1994 5268 Domino
2044 5229 2153 5268 meo
2182 5230 2203 5268 :

614 5304 749 5359 Sede
771 5301 1024 5356 a‘dextris
1054 5299 1201 5367 meis,
1241 5301 1399 5355 donec
1443 5318 1630 5372 ponam
1670 5303 1900 5358 inimicos
1941 5313 2050 5358 tuos
2089 5320 2203 5359 sca-

613 5396 801 5451 bellum
830 5392 1015 5464 pedum
1049 5401 1252 5446 tuorum
1289 5391 1462 5462 (Psal.
1493 5394 1613 5449 109-
1647 5394 1726 5463 1).
1763 5395 1841 5449 Ac
1884 5395 1927 5449 si
1971 5396 2195 5464 diceret,

612 5488 885 5542 Adeamus
908 5498 1030 5538 cum
1061 5484 1276 5551 fiducia,
1307 5486 1560 5557 quoniam
1594 5486 1852 5541 habemus
1887 5489 2199 5557 pontificem

615 5581 742 5635 nulli
788 5586 1008 5647 peccato
1037 5578 1290 5647 al‘llnem,
1326 5580 1416 5651 qui
1460 5581 1735 5650 superavit
1762 5580 1946 5636 orbem
1993 5591 2150 5641 terra:
2186 5600 2200 5639 :

610 5670 863 5741 Conﬁdite
892 5670 1052 5738 enim,
1098 5672 1287 5744 inquit,
1318 5678 1412 5745 ego
1456 5675 1552 5728 vici
1598 5673 1841 5727 nnmdum
1881 5673 2063 5744 (Joan.
2112 5674 2199 5731 16.

612 5761 728 5825 55).
756 5760 866 5816 Hoc
895 5762 1038 5819 enim
1061 5772 1166 5833 est,
1195 5765 1375 5820 omnia
1402 5779 1524 5821 esse
1555 5781 1793 5835 passum,
1821 5765 2076 5821 mundum
2107 5782 2205 5823 au-

616 5860 722 5908 tem
752 5867 872 5911 esse
899 5868 925 5908 a
957 5864 1197 5928 peccato.
1224 5855 1360 5924 Etsi,
1397 5856 1589 5926 inquit,
1615 5871 1711 5913 nos
1737 5870 1920 5914 sumus
1944 5857 2046 5915 sub
2073 5874 2200 5930 pec-

1367 430 1426 487 s.
1466 396 1742 485 mixtus
1780 392 2249 479 cnnvsosroui
2281 413 2597 469 sncrnsr.
2638 384 3171 470 causrsurtu'or.

3850 423 3925 484 64

2328 505 2470 563 cato,
2490 504 2546 552 et
2558 499 2669 567 ipse
2683 506 2862 554 tamen
2883 516 2987 555 non
3002 512 3083 555 est
3106 514 3325 572 peccato
3339 506 3627 578 obnoxius,
3647 527 3920 584 quomodo

2315 604 2634 661 accedamus
2681 624 2804 664 cum
2858 610 3098 668 ﬁducia?
3156 614 3309 673 Nunc
3353 627 3436 673 est
3492 619 3650 677 sedes
3702 623 3908 693 gratim,

2325 712 2431 752 non
2453 698 2609 753 sedes
2629 701 2839 770 judicii.

2389 791 2741 848 Misericordia
2779 795 2875 851 Dei
2901 798 3093 852 donum
3122 802 3310 870 regale.
3330 803 3538 860 --ldeo
3576 805 3910 874 Act-edamus,

2316 880 2506 952 inquit,
2535 900 2652 938 cum
2677 886 2888 955 ﬁducia,
2931 899 2986 943 ut
3013 891 3324 961 accipiamus
3350 896 3752 950 misericordiam
3780 916 3906 966 qua-

2313 972 2412 1027 lem
2436 976 2725 1041 qumrimus.
2770 978 3146 1037 Muniticentia:
3174 984 3316 1038 enim
3345 1000 3434 1040 res
3460 997 3563 1053 est,
3589 987 3787 1042 donum
3823 1006 3898 1043 re-

2311 1066 2447 1136 gale.
2476 1067 2772 1140 Etgralium
2796 1072 3109 1129 inveniamus
3136 1076 3187 1128 in
3209 1076 3400 1130 auxilio
3427 1090 3735 1148 opportuno.
3765 1079 3915 1135 Bene

2311 1158 2459 1223 dicit,
2509 1160 2576 1216 In
2617 1163 2812 1218 auxilio
2839 1178 3147 1236 Opportuna.
3177 1169 3231 1225 Si
3264 1186 3422 1236 nunc,
3458 1172 3649 1242 inquit,
3684 1174 3909 1241 adieris,

2310 1251 2543 1320 accipies
2587 1264 2637 1309 et
2692 1258 2917 1325 gratiam
2975 1269 3030 1314 et
3082 1261 3544 1330 misericordiam;
3596 1277 3907 1336 opportune

2312 1358 2542 1414 namque
2587 1347 2799 1403 accedis
2842 1366 2855 1402 :
2898 1352 2981 1405 sin
3033 1361 3211 1409 autem
3263 1365 3389 1410 tunc
3427 1356 3648 1420 adieris,
3697 1374 3908 1430 nequa-

2309 1449 2509 1505 quam;
2558 1439 2896 1509 importunus
2936 1445 3078 1499 enim
3123 1455 3204 1501 est
3240 1458 3364 1502 tunc
3408 1448 3625 1513 aditus;
3673 1465 3779 1506 non
3824 1461 3915 1508 est

2308 1527 2453 1582 enim
2484 1538 2608 1584 tunc
2639 1531 2869 1587 thronus
2903 1537 3108 1605 gratize.
3151 1537 3398 1608 Eousque
3444 1541 3587 1594 enim
3628 1554 3708 1597 est
3748 1542 3914 1599 sedes

2306 1620 2513 1688 gratiae,
2543 1636 2821 1693 quousque
2853 1626 3008 1682 sedet
3048 1627 3159 1683 Rex
3202 1629 3336 1686 dans
3378 1634 3604 1701 gratiam
3640 1652 3653 1692 :
3687 1635 3909 1705 quando

2307 1721 2487 1767 autem
2518 1724 2598 1769 est
2624 1718 3041 1785 consummatio,
3068 1730 3193 1776 tunc
3219 1724 3484 1779 excitatur
3510 1726 3577 1781 ad
3594 1727 3853 1797 judicium
3886 1747 3904 1785 :

2308 1802 2544 1875 Exsurge
2571 1809 2737 1874 enim,
2774 1809 2966 1881 inquit,
2996 1811 3154 1880 Deus,
3180 1815 3356 1883 iudica
3386 1828 3575 1873 terram
3603 1819 3778 1890 (Psal.
3808 1823 3903 1876 81.

2308 1895 2341 1950 8
2367 1897 2406 1965 ).
2442 1898 2596 1952 Aliud
2625 1901 2788 1956 etiam
2819 1902 3104 1959 dicendum
3142 1915 3241 1962 est.
3267 1909 3539 1977 Adeamus,
3571 1912 3765 1983 inquit,
3785 1930 3904 1969 cum

2307 1990 2534 2058 ﬁducia;
2564 1992 2614 2045 id
2644 2003 2747 2058 est,
2778 1994 2977 2051 nullius
3009 1999 3084 2053 rei
3128 2000 3286 2056 mala:
3327 2003 3482 2058 nobis
3525 2008 3748 2073 conscii,
3790 2023 3901 2063 non

2306 2082 2614 2139 dubitantes
2647 2100 2661 2138 :
2694 2101 2816 2141 nam
2839 2089 2929 2158 qui
2961 2099 3044 2144 est
3067 2091 3355 2161 ejusmodi,
3390 2111 3495 2149 non
3526 2107 3701 2167 potest
3740 2114 3900 2153 acce-

2305 2174 2432 2231 dere
2462 2191 2584 2231 cnm
2614 2177 2828 2234 fiducia.
2862 2179 2987 2235 Ideo
3027 2183 3151 2237 alibi
3193 2200 3406 2256 quoque
3449 2188 3617 2243 dicit:
3649 2188 3903 2261 Tempore

2304 2281 2591 2338 opportuno
2617 2266 2856 2327 exaudiri
2883 2281 2949 2338 te,
2984 2284 3031 2328 et
3058 2276 3113 2329 in
3143 2277 3225 2331 die
3253 2280 3431 2333 salutis
3459 2281 3636 2348 adjuri
3663 2293 3710 2336 te
3740 2282 3871 2352 (lsa.

2304 2364 2392 2418 49.
2427 2361 2505 2435 8).
2555 2364 2685 2420 Nam
2716 2368 2856 2436 quod
2905 2385 3048 2422 nunc
3089 2388 3300 2441 quoque
3344 2377 3431 2445 qui
3479 2386 3591 2445 post
3627 2377 3898 2434 lavacrum

2305 2466 2549 2525 peccant,
2596 2458 2874 2514 inveniant
2921 2463 3313 2529 paenitentiam,
3346 2476 3425 2521 cst
3456 2469 3658 2537 gratim.
3690 2469 3766 2525 Nc
3802 2486 3899 2525 au-

2306 2557 2412 2604 tem
2439 2550 2667 2606 audiens
2698 2553 3027 2620 pontificem,
3061 2555 3339 2612 existimes
3364 2572 3489 2614 eum
3514 2568 3677 2623 stare,
3715 2562 3898 2616 Statim

2302 2628 2450 2698 ducit
2477 2642 2543 2695 ad
2570 2642 2753 2697 sedem
2783 2659 2798 2696 :
2833 2644 3087 2700 sacerdos
3112 2656 3291 2703 autem
3317 2664 3420 2703 non
3451 2649 3623 2717 sedet,
3650 2651 3743 2707 sed
3767 2661 3897 2707 stat.

2306 2731 2468 2788 Vides
2496 2734 2771 2804 quimiam,
2802 2735 2945 2806 quod
2972 2737 3142 2795 factus
3167 2740 3237 2795 sit
3267 2741 3525 2810 pontifex,
3557 2757 3661 2797 non
3693 2755 3774 2798 est
3799 2760 3897 2798 na-

2316 2839 2467 2897 tura),
2518 2833 2611 2888 sed
2655 2839 2841 2902 gratia:
2887 2851 2940 2893 et
2986 2840 3327 2896 demissionis
3375 2854 3429 2896 et
3472 2844 3899 2898 exinanitionis?

2313 2920 2425 2979 Hoc
2451 2925 2606 2980 nobis
2632 2943 2842 2997 quoque
2882 2945 3238 3003 opportunum
3272 2945 3354 2989 est
3384 2935 3584 3003 dicere,
3628 2936 3898 2992 Adeamus

2312 3029 2433 3067 cum
2467 3015 2658 3070 ﬁducia
2689 3028 2934 3088 petentes
2965 3038 2978 3077 :
3012 3024 3185 3077 solum
3214 3024 3371 3079 ﬁdem
3402 3025 3710 3090 offeramus,
3733 3037 3788 3081 et
3807 3027 3904 3084 dat

2312 3105 2512 3162 omnia.
2541 3106 2695 3163 Nunc
2718 3120 2807 3166 est
2832 3120 3043 3182 tempus
3081 3114 3227 3180 doui,
3259 3133 3417 3172 nemo
3443 3118 3511 3173 de
3539 3134 3598 3172 se
3623 3118 3899 3188 deslieret.

2312 3194 2461 3250 Tunc
2487 3206 2567 3253 est
2595 3206 2803 3270 tempus
2830 3202 3241 3273 desperationis,
3267 3209 3483 3277 quando
3502 3208 3715 3265 clausus
3737 3209 3904 3268 fuerit

2313 3285 2596 3358 thalamus,
2628 3293 2840 3362 quando
2871 3294 2981 3350 Rex
3013 3295 3173 3352 fuerit
3215 3298 3487 3369 ingressus
3524 3299 3591 3354 ad
3636 3300 3902 3358 videndos

2310 3392 2403 3432 eos
2441 3380 2531 3449 qui
2571 3383 2910 3451 accumbunt,
2960 3388 3173 3456 quando
3215 3388 3365 3444 sinus
3407 3391 3724 3461 patriarchas
3766 3403 3902 3448 sunt

2310 3475 2578 3540 accepturi
2622 3491 2716 3531 eos
2753 3478 2840 3547 qui
2899 3479 2962 3534 iis
3007 3488 3133 3534 sunt
3179 3481 3426 3552 diguandi
3471 3502 3485 3538 :
3530 3497 3672 3539 nunc
3713 3493 3897 3541 autent

2313 3564 2546 3618 nondum
2583 3585 2594 3619 :
2628 3567 2803 3623 adhuc
2827 3571 2969 3624 enim
3012 3572 3257 3626 consistit
3285 3573 3572 3641 theatrum,
3604 3574 3779 3630 adhuc
3806 3576 3897 3630 iu-

2307 3665 2412 3711 stat
2442 3670 2732 3725 certamen,
2763 3662 2940 3718 adhuc
2971 3666 3162 3733 pendet
3194 3667 3495 3736 prtemium.

2377 3751 2434 3806 5.
2474 3750 2812 3808 Festinemus
2838 3768 2966 3826 ergo
2997 3772 3009 3809 :
3042 3756 3241 3812 Paulus
3267 3758 3408 3813 enim
3433 3759 3583 3824 dicit,
3611 3759 3699 3814 Sic
3719 3776 3896 3827 curro,

2309 3859 2406 3896 non
2433 3846 2580 3910 quasi
2610 3848 2660 3898 in
2683 3847 2928 3900 incertum
2955 3848 3031 3921 (1.
3065 3847 3184 3903 Cor.
3212 3850 3266 3904 9.
3294 3850 3410 3921 26).
3435 3850 3605 3906 Cursu
3633 3867 3766 3922 Opus
3787 3863 3899 3919 est,

2309 3950 2481 4006 eoque
2508 3937 2831 3992 vehementi.
2864 3939 2965 4007 Qui
2993 3940 3182 4005 currit,
3215 3938 3418 3996 nullum
3448 3942 3590 3997 ridet
3615 3958 3681 3998 ex
3714 3943 3899 3998 omni-

2310 4027 2423 4093 bus,
2455 4030 2663 4085 etiamsi
2705 4031 3032 4101 ingrediatur
3067 4048 3163 4104 per
3194 4045 3366 4104 prata,
3410 4035 3620 4090 etiamsi
3656 4049 3749 4105 per
3775 4028 3897 4092 loc:

2305 4119 2452 4173 arida
2482 4129 2535 4174 et
2565 4136 2754 4190 aspera
2786 4137 2798 4174 :
2830 4123 2919 4191 qui
2969 4124 3158 4189 currit,
3190 4140 3297 4179 non
3341 4126 3532 4195 aspicit
3566 4126 3632 4180 ad
3679 4136 3897 4195 snecta-

2308 4221 2469 4275 tores,
2498 4210 2593 4265 sed
2623 4212 2689 4266 ad
2721 4213 2996 4281 praemium
3025 4232 3039 4279 ;
3073 4216 3281 4269 etiamsi
3312 4215 3421 4270 sint
3444 4215 3657 4280 divites,
3697 4215 3896 4271 etiam-

2305 4303 2348 4356 si
2399 4318 2679 4373 pauperes,
2734 4306 2944 4360 etiamsi
2997 4308 3116 4374 quis
3159 4308 3397 4372 irrideat,
3436 4310 3643 4364 etiamsi
3690 4309 3895 4378 laudet,

2305 4394 2513 4448 etiamsi
2540 4396 2862 4452 contumelia
2893 4397 3104 4463 alliciat,
3137 4398 3343 4453 etiamsi
3368 4400 3630 4469 lapidibus
3655 4411 3893 4471 appetat,

2306 4487 2514 4541 etiamsi
2539 4489 2756 4542 domum
2781 4489 3016 4560 diripiat,
3046 4490 3255 4545 etiamsi
3279 4491 3473 4547 viderit
3500 4493 3657 4557 filios,
3681 4494 3899 4549 etiamsi

2307 4593 2552 4645 uxorem,
2585 4580 2793 4636 etiamsi
2825 4582 3121 4653 quodlibet,
3153 4600 3258 4639 non
3282 4585 3570 4653 avertitur;
3596 4586 3646 4640 in
3679 4586 3780 4641 hoc
3806 4602 3902 4642 so-

2306 4669 2414 4724 lum
2443 4681 2525 4724 cst
2552 4682 2607 4725 ut
2642 4684 2842 4738 currat,
2876 4683 2933 4729 ut
2969 4677 3243 4744 pra-mium
3282 4676 3528 4747 accipiat.
3567 4678 3666 4745 Qui
3701 4679 3897 4741 currit.

2306 4778 2564 4831 nusquam
2612 4773 2710 4818 stat
2750 4784 2762 4818 :
2796 4782 2917 4819 nam
2965 4768 3007 4821 si
3058 4768 3139 4821 vel
3191 4785 3373 4836 parum
3428 4770 3607 4839 segnis
3640 4770 3793 4824 fuerit
3841 4781 3899 4825 et

2303 4853 2479 4920 deses,
2508 4863 2676 4910 totum
2707 4857 2910 4925 perdet.
2934 4852 3032 4926 Qui
3058 4858 3243 4923 currit,
3290 4875 3392 4913 non
3420 4861 3592 4913 solum
3632 4860 3760 4913 nihil
3804 4875 3896 4915 re-

2305 4946 2464 4999 mittit
2501 4958 2626 5002 ante
2668 4948 2851 5014 linem,
2897 4948 2990 5003 sed
3021 4950 3345 5004 etiamtunc
3387 4953 3619 5005 maxime
3668 4965 3886 5005 cursum

2305 5038 2546 5093 intendit.
2596 5038 2709 5094 Hoc
2747 5055 2777 5093 a
2821 5055 2907 5094 me
2928 5039 3125 5094 dictum
3149 5050 3229 5094 est
3258 5041 3323 5094 ad
3353 5056 3445 5095 eos
3469 5042 3556 5111 qui
3588 5040 3790 5104 dicunt,
3837 5043 3890 5095 In

2298 5132 2574 5202 jnventute
2600 5150 2700 5188 ttos
2735 5134 3092 5196 exercuimns,
3123 5133 3173 5187 in
3207 5134 3887 5203 juventulejejunavimus,

2306 5241 2446 5280 nunc
2473 5224 2872 5280 censenuimns.
2915 5225 3069 5279 Nunc
3113 5226 3343 5279 maxime
3386 5235 3599 5295 oportet
3635 5225 3888 5294 pietatem

2305 5318 2601 5373 intendere.
2647 5315 2722 5372 Ne
2764 5317 2891 5370 mihi
2942 5332 3225 5372 enumeres
3270 5332 3389 5387 qua:
3436 5317 3562 5370 olim
3589 5331 3616 5369 a
3650 5326 3701 5370 te
3746 5325 3891 5370 recte

2303 5420 2428 5466 sunt
2455 5420 2602 5480 gesta
2628 5427 2642 5474 ;
2678 5425 2819 5464 nunc
2846 5420 2896 5464 te
2924 5410 3103 5480 prmbe
3127 5410 3382 5479 juvenem
3409 5409 3800 5479 ﬂorentemque
3838 5418 3895 5464 et

2304 5513 2572 5569 vegetum.
2604 5500 2734 5556 Nam
2762 5503 2993 5557 maxime
3019 5502 3234 5573 quidem
3262 5502 3349 5571 qui
3379 5501 3716 5571 corporalem
3751 5500 3896 5555 hunc

2304 5596 2472 5650 currit
2508 5610 2746 5661 cursum,
2792 5605 3071 5666 postquam
3120 5610 3243 5652 eum
3285 5594 3702 5666 apprehenderit
3743 5595 3893 5649 cani-

2306 5687 2426 5752 ties,
2467 5701 2571 5740 non
2610 5697 2787 5758 potest
2833 5703 2984 5759 teque
3029 5703 3248 5745 currere
3292 5706 3308 5744 :
3351 5704 3473 5744 nam
3520 5688 3775 5761 quidquid
3805 5697 3892 5745 est

2304 5780 2634 5849 certaminis,
2659 5789 2745 5836 est
2772 5781 2823 5835 in
2851 5795 3099 5851 corpore.

2373 5882 2528 5940 Senes
2560 5894 2612 5940 ut
2631 5886 2843 5956 juvenes
2873 5900 3073 5942 currere
3093 5883 3273 5964 debent
3304 5884 3354 5937 in
3386 5883 3465 5937 via
3491 5880 3690 5937 salutis.
3709 5907 3778 5921 «-
3810 5878 3888 5932 Tu
