4208 6454
370 269 449 323 1³55

368 381 556 423 autem
589 382 828 438 quanam
860 368 929 421 de
956 380 1118 423 causa
1144 382 1358 424 cursum
1385 368 1615 422 minuis?
1642 368 1817 422 anima
1842 371 1985 422 extim

370 461 459 514 hic
492 476 635 529 opus
658 470 762 524 est,
792 460 971 525 anima
996 459 1227 515 excitata
1257 469 1312 514 et
1340 469 1521 513 erecta
1554 476 1566 512 :
1599 461 1775 513 anima
1808 470 1988 514 autem

372 555 670 608 roboratur
691 556 744 605 in
776 563 1094 619 senectute;
1126 554 1233 607 imo
1266 562 1395 608 tunc
1425 554 1658 609 maxime
1682 554 1843 622 viget,
1866 564 1989 609 tun.

376 648 635 701 exsultat.
656 647 813 703 Sicut
836 648 979 700 enim
1012 661 1232 717 corpus,
1268 646 1520 715 quamdiu
1537 647 1752 716 quidem
1777 656 1991 699 tenetur

384 740 625 795 febribus
676 738 1002 809 crebrisque
1050 748 1104 792 et
1151 737 1256 792 sibi
1296 736 1531 793 invicem
1577 737 1992 792 succedentibus

384 832 605 897 morbis,
661 831 881 884 etiamsi
930 831 1000 884 sit
1045 829 1184 885 forte
1231 838 1288 885 et
1339 831 1655 895 robustum,
1696 839 1990 884 esttamen

385 922 681 987 afﬂictum;
735 931 1020 992 postquam
1070 931 1249 976 autem
1294 919 1460 975 fuerit
1493 920 1777 975 liberatum
1806 920 1874 973 ab
1905 921 1991 972 illa

386 1014 706 1079 obsidione,
759 1028 884 1066 suas
938 1014 1079 1066 vires
1128 1022 1455 1081 recuperat:
1490 1012 1561 1065 ita
1606 1013 1768 1065 etiam
1813 1012 1991 1065 anima

382 1094 660 1162 febricitat
709 1108 762 1159 in
806 1106 1125 1175 juventute,
1177 1116 1232 1159 et
1259 1122 1377 1160 eam
1404 1105 1641 1159 maxime
1674 1116 1813 1159 tenet
1842 1120 1994 1156 amor

380 1202 567 1270 gloria:
597 1212 655 1255 et
684 1200 1003 1255 deliciarum
1034 1208 1089 1254 ct
1114 1199 1188 1254 rei
1208 1214 1452 1253 venereae
1475 1207 1530 1251 et
1549 1199 1779 1252 aliorum
1797 1197 1994 1251 multo-

382 1311 499 1349 rum
543 1294 842 1347 affectuum
867 1310 881 1356 ;
913 1308 1035 1347 cum
1065 1292 1347 1346 advenerit
1377 1300 1555 1345 autem
1582 1299 1866 1354 senectus,
1930 1304 1992 1341 ea

378 1385 612 1457 expellit
663 1384 781 1438 lucc
814 1384 990 1437 omnia
1022 1399 1150 1452 qua:
1180 1391 1303 1436 sunt
1329 1382 1576 1451 corporis
1597 1423 1611 1446 ,
1645 1381 1839 1449 partim
1882 1379 2000 1448 qui—

382 1478 508 1531 dem
540 1492 665 1553 cum
700 1485 945 1543 tempore
968 1516 983 1539 ,
1022 1475 1216 1543 partim
1247 1482 1425 1528 autem
1458 1489 1553 1542 per
1581 1472 1995 1541 philosophiam.

376 1570 674 1625 latensum
703 1570 850 1622 enim
884 1569 1050 1621 rohttr
1082 1566 1326 1634 corporis
1366 1567 1675 1635 deprimens
1701 1574 1951 1624 senectus
1981 1605 1995 1629 ,

387 1679 463 1717 ne
505 1662 595 1716 his
627 1662 852 1730 quidem
887 1661 1157 1713 volentem
1188 1660 1262 1713 uti
1291 1658 1414 1712 sinit
1445 1660 1716 1722 animam;
1742 1655 1833 1709 sed
1867 1666 2001 1708 Iam-

388 1774 559 1827 quam
584 1774 750 1813 omne
782 1773 953 1828 genus
982 1756 1232 1810 hostibus
1263 1756 1620 1824 compressis.
1648 1770 1766 1808 eam
1796 1752 1999 1806 consti-

393 1852 497 1905 tuit
541 1851 593 1903 in
642 1851 763 1903 loco
808 1865 943 1919 puro
976 1865 1005 1901 a
1054 1848 1399 1923 tumultibus,
1448 1856 1501 1901 et
1551 1863 1796 1917 magnam
1839 1844 2004 1899 efﬁcit

384 1932 869 2013 tranquillitatem,
895 1950 951 1993 et
978 1938 1239 2009 majorem
1277 1939 1431 1992 affert
1473 1939 1741 1992 timorem.
1773 1938 1827 1991 Si
1856 1936 1999 1990 enim

395 2037 583 2090 nullus
607 2033 752 2088 alius
772 2073 791 2100 ,
822 2042 878 2088 at
905 2048 1066 2089 senes
1102 2033 1321 2104 quidem
1341 2041 1489 2087 certe
1524 2041 1721 2085 not‘ttnt
1744 2046 1803 2085 se
1831 2031 2001 2094 mori-

395 2141 574 2189 turos,
618 2137 673 2181 et
701 2126 865 2181 morti
918 2126 1146 2181 omnino
1202 2142 1323 2180 es~e
1382 2124 1730 2194 pmpinquos.
1781 2123 2005 2189 Quando

394 2225 564 2292 igitur
584 2238 706 2292 quae
732 2222 800 2275 ad
848 2222 988 2275 hanc
1020 2222 1184 2275 vitam
1230 2221 1505 2290 pertinent
1557 2221 1813 2274 recedunt
1853 2218 2004 2287 cupi-

396 2316 607 2369 ditates
650 2328 716 2367 ac
770 2313 1047 2379 libidines,
1106 2312 1286 2367 subito
1331 2323 1511 2366 autem
1569 2312 1767 2381 ingruit
1812 2324 2005 2378 (ἐχεμυ-

392 2408 573 2463 ctatio
630 2405 862 2475 judicii,
937 2406 1298 2476 pervicaciam
1373 2406 1568 2458 animae
1632 2403 1877 2457 molliens
1948 2411 2001 2456 ct

394 2499 867 2564 inobedientiam,
916 2514 1097 2552 annon
1142 2497 1200 2550 ﬁt
1251 2498 1504 2553 attentior
1565 2498 1610 2551 si
1660 2497 1819 2550 velit?
1871 2495 2004 2563 Quid

388 2607 531 2646 vero
561 2633 575 2655 ,
612 2591 825 2659 inquit,
856 2590 999 2660 quod
1050 2590 1294 2643 videmus
1340 2604 1498 2643 senes
1536 2588 1824 2656 juvenibus
1856 2590 2001 2641 dete—

394 2684 624 2738 riores?
670 2682 953 2738 Summam
998 2682 1128 2735 mihi
1174 2681 1310 2735 dicis
1351 2680 1463 2733 vitii
1495 2679 1959 2749 exsuperationem
1995 2696 2006 2730 :

397 2791 528 2829 nam
571 2784 629 2829 et
669 2773 903 2827 furiosos
936 2772 1183 2826 videmus
1239 2772 1385 2825 nullo
1439 2771 1747 2839 impellente
1792 2786 1850 2824 se
1880 2769 2009 2823 dare

398 2867 741 2936 prrecipites.
792 2864 1020 2931 Quando
1062 2879 1195 2934 ergo
1251 2863 1335 2917 vel
1389 2877 1557 2916 senex
1614 2862 1822 2915 laborat
1870 2875 2007 2913 mor-

398 2961 486 3012 bis
511 2960 778 3028 juventtm
804 3001 817 3019 ,
867 2957 917 3011 id
950 2972 1219 3010 summum
1250 2964 1331 3008 est
1357 2954 1546 3007 vilium
1576 2972 1590 3007 :
1625 2968 1722 3006 nec
1752 2952 2012 3021 injuveu-

396 3052 519 3105 tute
556 3044 779 3119 quidem
804 3090 817 3113 ,
871 3050 959 3116 qui
996 3056 1080 3102 est
1116 3045 1464 3116 hujttsmodi,
1496 3045 1894 3098 excusationem
1925 3043 2019 3095 ha-

401 3141 589 3195 buerit
620 3160 634 3195 :
667 3157 775 3193 non
825 3147 1006 3209 potest
1047 3138 1190 3192 enim
1231 3136 1452 3203 dicere,
1502 3136 1701 3189 Delicta
1737 3136 2018 3205 juventutis

405 3242 537 3290 mea
565 3226 614 3291 et
642 3236 961 3306 ignorantias
989 3252 1126 3286 meus
1153 3250 1215 3286 ne
1245 3232 1532 3286 memineris
1580 3228 1766 3302 (Psal.
1801 3228 1892 3283 Eli.
1926 3228 2015 3298 7).

404 3336 542 3390 Nam
591 3339 681 3403 qui
736 3343 919 3386 manet
958 3331 1099 3385 idem
1142 3331 1194 3382 'ut
1240 3337 1549 3389 senectute,
1588 3318 1824 3377 ostendil
1882 3321 2024 3391 quod

407 3430 575 3483 etiam
611 3430 662 3481 in
689 3428 977 3496 juventute
1008 3439 1113 3477 non
1140 3430 1356 3491 propter
1384 3417 1803 3488 ignorationem,
1840 3429 2017 3481 neque

406 3530 639 3590 prepter
695 3516 1064 3587 imperitiam,
1112 3529 1284 3583 neque
1333 3520 1553 3581 prOpter
1593 3517 1808 3562 :etatem
1861 3506 2020 3560 fuerit

406 3610 711 3679 ejusmodi,
757 3609 853 3663 sed
898 3615 1123 3678 propter
1164 3605 1493 3659 socordiam.
1537 3602 1630 3654 Ille
1658 3602 1804 3654 enim
1840 3605 2020 3668 potest

405 3704 624 3761 dicere.
660 3697 857 3753 Delicta
878 3700 1163 3767 juvenlutis
1206 3710 1329 3747 mea:
1355 3705 1399 3746 et
1442 3691 1763 3762 ignorantiae
1790 3704 1929 3741 meas
1958 3704 2021 3739 ne

402 3795 727 3859 memineris,
769 3793 858 3859 qtti
894 3791 1157 3859 facitqucc
1189 3790 1302 3842 seni
1335 3787 1684 3861 conveniunt,
1720 3785 1807 3852 qui
1845 3792 2019 3835 mnta-

402 3899 500 3942 tur
524 3886 577 3941 in
610 3894 892 3941 senectute
919 3902 931 3938 :
958 3884 1000 3937 si
1034 3894 1211 3936 autem
1247 3881 1407 3935 etiam
1439 3880 1488 3932 in
1520 3860 1802 3932 senectute
1828 3864 2017 3929 eadem

404 3978 653 4031 admittit
689 3976 885 4045 probra
915 3986 970 4028 et
990 3973 1256 4028 dedecora
1282 4013 1295 4035 ,
1346 3969 1618 4041 quomodo
1653 3983 1747 4037 par
1778 3975 1858 4019 est
1888 3974 1945 4018 ttt
1976 3966 2020 4018 is

405 4074 732 4128 nominetur
759 4087 949 4133 senex,
983 4069 1071 4135 qui
1109 4084 1173 4122 ne
1199 4077 1410 4120 :elalem
1440 4063 1654 4134 quidem
1688 4068 1965 4116 reveretur
1997 4058 2019 4110 ?

405 4165 549 4220 Nam
584 4168 674 4233 qui
707 4162 834 4217 dicit
861 4204 875 4225 ,
928 4160 1130 4213 Delicta
1149 4159 1435 4229 juventntis
1470 4172 1593 4209 mea:
1626 4164 1670 4208 ct
1706 4153 2022 4224 ignorantia:

413 4274 561 4311 ἠεαδ
590 4274 654 4309 ne
676 4256 986 4317 memineris,
1016 4254 1131 4308 [nec
1162 4251 1325 4318 dicit,
1356 4262 1628 4320 tamquam
1660 4249 1713 4302 in
1738 4255 2022 4303 senectute

406 4366 473 4403 se
507 4356 660 4401 recte
690 4362 908 4415 gerens.

494 4439 638 4493 Vitia
666 4454 843 4491 senum
869 4445 1093 4506 tempore
1137 4434 1507 4504 Chrysostomi.
1539 4462 1610 4473 ——
1638 4432 1716 4486 Ne
1743 4444 1871 4501 ergo
1895 4444 2022 4500 pro-

400 4542 541 4601 :pter
567 4546 657 4596 ea,
689 4544 810 4599 qurc
841 4531 975 4583 fiunt
1004 4530 1054 4582 in
1086 4535 1384 4592 senectute,
1408 4526 1637 4595 teipsunt
1664 4526 1840 4595 privos
1863 4523 2025 4578 etiam

414 4626 577 4678 venia
609 4632 956 4693 peccatorum
981 4663 994 4684 ,
1026 4636 1145 4689 quae
1171 4619 1437 4673 admisisti
1472 4620 1522 4671 itt
1549 4618 1853 4687 juvenlute.
1880 4600 2060 4683 Quoo’

416 4717 590 4771 modo
622 4716 767 4770 enim
800 4716 850 4769 id
886 4730 989 4768 non
1033 4724 1115 4768 est
1153 4713 1447 4767 absurdum
1484 4724 1539 4767 et
1585 4712 1738 4781 pejus
1783 4726 1942 4780 quam
1974 4718 2033 4763 ut

418 4816 708 4864 mercatur
753 4807 1016 4861 veniam?
1056 4814 1222 4859 'senex
1267 4804 1451 4859 ebrius
1482 4813 1585 4869 est,
1636 4803 1789 4857 sedet
1816 4802 1868 4857 in
1899 4816 2030 4857 cau-

410 4902 610 4971 ponis,
654 4915 818 4954 senex
860 4908 1115 4969 properat
1146 4898 1213 4952 ad
1244 4911 1506 4967 equorum
1535 4897 1892 4961 curriculum,
1940 4910 2029 4948 se—

418 5010 527 5048 nex
558 4994 809 5047 ascendit
844 4995 896 5046 in
948 4993 1251 5057 theatrum,
1303 5002 1575 5062 tamquam
1627 5005 1761 5059 puer
1804 5002 2033 5044 currens

406 5101 546 5141 cum
591 5085 777 5155 vulgo.
809 5084 955 5138 Vere
992 5091 1073 5137 εει
1109 5072 1285 5153 pudor
1324 5092 1375 5137 et
1410 5095 1496 5135 res
1531 5080 1787 5145 ridicula,
1827 5079 2033 5135 extrin-

419 5193 586 5233 secus
621 5176 840 5246 quidem
876 5176 1061 5229 ornari
1094 5174 1313 5240 canitie,
1348 5174 1671 5228 intrinsecus
1694 5180 1871 5225 autem
1904 5162 2033 5225 scn-

412 5288 540 5325 sum
572 5270 776 5323 habere
808 5268 985 5337 pueri.
1021 5268 1087 5322 Et
1115 5258 1160 5323 si
1193 5268 1459 5338 quispiam
1492 5265 1709 5335 juvenis
1749 5279 1871 5320 eum
1904 5258 2035 5320 eou-

410 5362 645 5417 tumelia
677 5359 953 5425 olfecerit,
990 5361 1171 5417 Statim
1196 5359 1389 5429 objicit
1418 5374 1606 5413 canos.
1636 5352 1719 5411 Tu
1763 5374 1855 5411 eos
1885 5352 2031 5426 prior

412 5468 677 5509 reverere
731 5472 743 5506 :
795 5452 840 5507 si
892 5460 951 5505 tu
1000 5459 1178 5505 autem
1210 5460 1326 5504 tuos
1357 5465 1462 5503 nou
1495 5447 1795 5503 reverearis
1819 5490 1834 5513 ,
1866 5446 2030 5517 idQne

407 5563 539 5599 eum
597 5545 675 5599 sis
721 5558 931 5609 senex,
983 5542 1256 5612 quomodo
1287 5554 1499 5611 mquam
1524 5555 1713 5595 censes
1743 5540 2035 5609 utjuvenis

409 5637 543 5692 locs
574 5635 936 5690 revereatur?
966 5631 1081 5686 Non
1114 5626 1380 5689 revereris
1423 5646 1587 5686 canos
1607 5673 1621 5696 ,
1661 5630 1755 5685 sed
1781 5646 1875 5685 eos
1909 5644 2031 5698 pro-

408 5734 514 5785 ltro
547 5724 601 5782 et
644 5726 920 5783 dedecore
950 5718 1143 5779 alneis.
1187 5724 1333 5780 Deus
1377 5734 1430 5779 te
1468 5722 1756 5777 honoravit
1800 5720 2035 5774 candore

1281 265 1341 319 IN
1384 263 1599 320 EPIST.
1645 262 1736 317 AD
1777 257 2138 314 llEBBJEOS.
2180 256 2333 311 CAP.
2377 255 2465 309 IV.
2509 252 2745 309 HOMIL.
2790 251 2896 306 ΥΠ.
3619 258 3691 310 66

2090 379 2342 447 pilorum,
2378 387 2622 443 magnam
2653 370 2745 423 tibi
2774 367 2918 423 dedit
2950 364 3356 435 prterogativam
3388 375 3401 413 :
3448 373 3541 411 cur
3565 373 3689 426 pro-

2093 470 2175 523 dis
2198 467 2489 522 honorcm?
2512 460 2787 531 Quomodo
2814 469 2865 513 te
2888 455 3223 512 reverebitur
3246 452 3483 522 juvenis,
3510 462 3686 519 quan-

2096 563 2165 616 do
2193 578 2249 615 es
2279 576 2347 615 eo
2374 560 2529 624 longe
2557 553 2861 625 protervior
2886 562 2938 607 et
2970 543 3519 605 lascivior?C.anities
3544 541 3692 596 enim

2100 665 2226 711 tunc
2251 663 2334 710 est
2358 650 2651 707 reverenda
2678 693 2692 716 ,
2742 646 2957 718 quando
2985 644 3093 713 agit
3121 656 3240 710 quae
3272 646 3398 693 sunt
3424 637 3640 690 canitiei
3673 650 3693 688 ε.

2101 747 2312 819 quando
2342 757 2520 799 autem
2549 744 2655 812 agit
2677 757 2796 810 qua:
2821 746 2948 792 sunt
2976 738 3254 805 juvenem,
3282 732 3453 799 magis
3482 730 3585 782 erit
3617 726 3693 781 ri-

2102 842 2275 896 dicula
2325 852 2483 909 quam
2526 838 2769 904 juvenes.
2815 828 3099 900 Quomodo
3131 842 3258 895 ergo
3291 823 3535 892 poteritis
3580 822 3699 873 lucc

2104 929 2654 999 suaderejtn'enilnts,
2685 941 2779 979 vos
2823 938 2981 977 senes
3017 907 3293 975 temulenti
3327 916 3395 969 ob
3428 913 3696 968 immode-

2106 1025 2304 1083 stiam?
2330 1024 2447 1079 Non
2476 1037 2634 1077 senes
2661 1032 2923 1074 accusans
2958 1017 3072 1069 lucc
3104 1014 3228 1067 dico
3251 1054 3264 1075 ,
3296 1009 3455 1072 absit,
3494 1005 3591 1061 sed
3613 1006 3701 1073 ju-

2111 1133 2296 1172 venes.
2328 1114 2459 1169 Nam
2486 1114 2574 1183 qui
2610 1112 2725 1163 lucc
2751 1116 2935 1178 agunt,
2964 1104 3172 1160 etiamsi
3201 1102 3266 1156 ad
3293 1114 3488 1153 annum
3519 1105 3704 1151 cente-

2110 1211 2302 1264 simum
2333 1206 2696 1278 pervenerint,
2724 1201 2850 1256 mihi
2876 1207 2996 1253 sunt
3016 1198 3274 1267 juvenes:
3300 1192 3708 1262 sicutjuvenes,

2112 1302 2319 1357 etiamsi
2351 1298 2634 1365 sint,parvi
2666 1294 2839 1364 pueri.
2872 1294 2979 1346 sint
3021 1299 3199 1342 autem
3231 1285 3458 1341 modesti
3485 1293 3540 1338 et
3568 1293 3671 1335 tem
3692 1311 3704 1319 -

2116 1402 2389 1464 parantes,
2413 1399 2540 1445 sunt
2570 1388 2823 1441 meliores
2853 1383 3092 1438 senibus.
3123 1380 3233 1434 Nec
3260 1392 3436 1431 meum
3458 1382 3538 1429 est
3566 1374 3705 1442 quod

2119 1487 2334 1548 dicitur,
2384 1482 2478 1536 sed
2522 1482 2660 1533 hanc
2708 1490 2919 1547 quoque
2960 1472 3340 1527 discretionem
3376 1468 3523 1520 novit
3561 1464 3706 1519 Seri—

2122 1587 2273 1648 ptura
2311 1594 2323 1629 :
2358 1573 2603 1628 Senectus
2632 1567 2952 1631 venerabilis,
2986 1563 3175 1629 inquit,
3208 1578 3311 1614 non
3341 1559 3578 1613 diuturna
3602 1596 3615 1621 ,
3665 1565 3713 1607 et

2121 1684 2244 1723 mtas
2273 1665 2538 1721 senectutis
2567 1664 2669 1715 vita
2697 1660 3027 1713 immaculata
3053 1654 3211 1725 (Sap.
3238 1655 3290 1707 4.
3315 1651 3393 1721 9).

2194 1763 2247 1815 4.
2294 1760 2395 1826 Qui
2441 1758 2505 1811 sit
2536 1758 2698 1809 honor
2726 1750 3017 1806 senectutis.
3043 1778 3113 1788 —
3142 1746 3319 1805 Canos
3350 1743 3495 1798 enim
3541 1740 3715 1795 bono-

2125 1867 2336 1915 ramus,
2385 1864 2489 1903 non
2523 1848 2645 1916 quia
2677 1846 2855 1898 album
2888 1842 3125 1895 colorem
3164 1838 3317 1907 nigro
3345 1834 3716 1905 prml'erimus,

2127 1946 2218 2000 sed
2251 1945 2372 2014 quia
2401 1952 2484 1996 est
2511 1940 2721 2009 signum
2750 1937 2872 1989 vita:
2904 1949 3022 2002 qua:
3054 1947 3118 1985 ex
3156 1930 3352 1982 virtute
3399 1926 3576 1995 agitur
3599 1965 3615 1990 ,
3669 1933 3722 1976 et

2127 2054 2248 2091 enm
2282 2034 2547 2093 videmus,
2591 2032 2830 2083 internos
2860 2039 3026 2079 canos
3054 2038 3118 2076 ex
3149 2037 3213 2073 eo
3245 2018 3565 2087 conjicimus
3601 2017 3720 2069 :sin

2129 2139 2305 2183 autem
2335 2141 2396 2179 ea
2419 2132 2608 2195 gerunt
2636 2136 2754 2189 qum
2783 2116 2997 2173 canitiei
3024 2111 3464 2174 sunt'contraria,
3488 2115 3724 2177 propter-

2130 2238 2193 2277 ea
2240 2220 2408 2289 magis
2454 2218 2588 2270 liunt
2614 2212 2848 2268 ridiculi.
2894 2208 3025 2263 Nam
3056 2216 3111 2262 et
3143 2212 3323 2275 regem
3357 2204 3684 2257 honoramus
3708 2242 3724 2265 ,

2130 2322 2187 2369 et
2215 2323 2527 2383 purpuram,
2561 2315 2613 2360 et
2645 2302 2913 2365 diadema,
2943 2298 3199 2367 quoniam
3230 2305 3354 2349 sunt
3380 2293 3531 2361 signa
3555 2293 3725 2360 impc-

2136 2407 2200 2461 rii
2238 2424 2251 2459 :
2282 2403 2374 2457 sed
2416 2402 2458 2455 si
2495 2416 2616 2453 eum
2649 2396 2941 2450 viderimus
2970 2407 3091 2446 cum
3127 2404 3361 2458 purpura
3387 2386 3647 2455 conspui,
3700 2401 3728 2435 a

2135 2497 2456 2556 satellitibus
2485 2489 2813 2552 conculcari,
2837 2484 3108 2546 suil'ocari,
3140 2482 3190 2535 in
3216 2495 3488 2534 carcerem
3513 2477 3728 2545 conjici,

2136 2590 2367 2659 discerpi
2391 2601 2454 2640 ac
2471 2582 2721 2645 convelli,
2755 2576 3012 2647 numquid
3042 2573 3410 2629 reverebimur
3438 2580 3734 2639 purpuram

2138 2690 2232 2736 aut
2259 2678 2537 2741 diadema,
2590 2687 2689 2727 nec
2733 2670 2893 2725 etiam
2948 2667 3121 2733 ipsum
3154 2662 3391 2716 habitum
3423 2659 3734 2729 drplorahi-

2142 2772 2300 2828 mus?
2338 2770 2416 2825 Nc
2442 2768 2579 2823 velis
2605 2779 2733 2833 ergo
2762 2758 3016 2814 honorari
3044 2765 3264 2826 propter
3287 2753 3539 2807 canitiem
3565 2792 3578 2813 ,
3614 2766 3735 2801 eum

2142 2886 2197 2929 tu
2228 2876 2341 2944 ipse
2387 2872 2436 2926 ei
2480 2867 2644 2921 facias
2688 2864 2937 2931 injttriam
2985 2873 2997 2908 :
3050 2870 3172 2909 nam
3198 2858 3308 2920 ipsa
3337 2863 3551 2917 quoque
3580 2844 3646 2897 de
3682 2852 3736 2895 te

2140 2935 2297 3020 ilcbet
2320 2976 2508 3033 punias
2527 2971 2766 3020 sumere,
2794 2951 2935 3023 quod
2962 2947 3203 3002 habitum
3231 2943 3365 2996 adeo
3396 2935 3737 3007 splendidum

2138 3068 2188 3113 et
2214 3057 2507 3127 pretiosmn
2544 3049 2739 3118 probro
2770 3043 2992 3097 allicias.
3031 3036 3145 3091 Non
3179 3034 3294 3087 hme
3329 3039 3514 3083 contra
3547 3028 3761 3112 omnes

2139 3150 2368 3204 dicimus
2392 3187 2406 3213 ,
2446 3158 2545 3197 nec
2576 3140 2819 3195 absolute
2848 3152 2877 3187 a
2906 3149 2990 3187 me
3022 3128 3184 3183 verba
3216 3126 3349 3178 ﬁunt
3372 3121 3629 3176 adversus
3652 3132 3741 3169 se-

2140 3248 2441 3298 nectutem;
2473 3251 2579 3288 non
2608 3249 2726 3285 sum
2758 3228 2893 3282 adeo
2918 3228 3168 3284 insanus;
3194 3216 3286 3271 sed
3309 3210 3739 3278 adversusjuve-

2141 3334 2301 3386 uilem
2359 3329 2615 3390 animam,
2672 3338 2789 3392 qute
2835 3316 3103 3373 dedecore
3149 3310 3316 3363 allicit
3357 3311 3739 3363 senectutem:

2141 3440 2315 3493 neque
2344 3423 2409 3476 de
2439 3421 2502 3474 iis
2533 3419 2620 3488 qui
2644 3418 3043 3470 consenuerunt
3070 3404 3187 3458 lucc
3213 3402 3458 3456 dolentes
3486 3394 3737 3454 dicimus,

2141 3516 2236 3572 sed
2264 3516 2331 3570 de
2366 3514 2430 3567 iis
2456 3511 2541 3580 qui
2575 3507 2828 3564 canitiem
2856 3501 3210 3557 dedecorant.
3264 3493 3438 3548 Senex
3473 3489 3616 3544 enim
3657 3493 3742 3539 est

2143 3624 2255 3672 rex,
2288 3607 2330 3660 si
2362 3579 2519 3667 velit,
2544 3610 2598 3655 et
2630 3616 2694 3654 eo
2721 3597 2809 3667 qui
2840 3602 2923 3649 est
2948 3591 3168 3645 indutus
3193 3598 3424 3657 purpura
3457 3579 3625 3649 magis
3649 3591 3737 3631 re-

2141 3702 2296 3773 galis,
2318 3699 2360 3753 si
2393 3697 2618 3765 imperet
2640 3690 2798 3744 animi
2827 3679 3338 3756 perturbationibus,
3365 3684 3417 3729 et
3443 3673 3569 3726 vitia
3600 3680 3739 3724 tam-

2143 3763 2302 3861 quam
2338 3763 2599 3841 satellites
2629 3781 2729 3835 sibi
2762 3776 3015 3845 subjiciat
3047 3791 3059 3826 :
3093 3772 3173 3825 sin
3199 3780 3380 3821 autem
3416 3763 3656 3817 trahatur
3686 3768 3742 3814 et

2142 3899 2172 3938 a
2201 3881 2328 3936 sede
2357 3877 2657 3946 dejiciatur,
2692 3882 2747 3927 et
2778 3867 3040 3939 peettniar,
3073 3862 3296 3925 amoris,
3326 3857 3511 3927 glori-.c
3542 3852 3738 3917 inanis,

2142 3986 2197 4031 et
2240 3976 2426 4029 fucatae
2471 3967 2752 4043 elegantiae
2801 3960 3226 4026 deliciarumque
3268 3960 3321 4007 et
3364 3947 3641 4005 ebrietatis
3687 3953 3743 4000 ct

2145 4060 2238 4121 ira:
2265 4075 2319 4121 et
2344 4065 2419 4119 rei
2449 4076 2696 4115 venerea:
2730 4057 2817 4109 liat
2850 4067 3040 4107 servus
3063 4091 3076 4110 ,
3102 4058 3157 4103 et
3189 4045 3325 4113 pilos
3354 4043 3555 4095 inl'ucet
3585 4039 3737 4098 oleo,

2146 4167 2200 4212 et
2224 4156 2477 4211 ostendat
2508 4150 2720 4206 mtatem
2748 4164 2773 4198 a
2806 4146 2979 4199 libero
3012 4138 3178 4194 animi
3211 4134 3436 4189 arbitrio
3460 4136 3739 4183 contume-

2147 4250 2217 4304 lia
2245 4247 2489 4302 all‘ectam
2510 4286 2522 4308 ,
2560 4257 2665 4309 quo
2696 4253 2803 4293 non
2836 4234 2992 4289 fuerit
3025 4232 3068 4285 is
3098 4229 3291 4298 dignus
3333 4221 3597 4294 supplicio
3620 4218 3742 4290 (a)?

2146 4340 2250 4396 Sed
2280 4354 2394 4401 vos,
2436 4338 2689 4406 juvenes,
2723 4345 2789 4384 ne
2825 4326 2943 4382 sitis
2975 4323 3107 4377 tales
3143 4339 3156 4375 :
3191 4333 3364 4390 neque
3411 4316 3554 4370 enim
3592 4312 3743 4365 vobis

2148 4429 2439 4504 ignoscitur
2491 4426 2534 4480 si
2582 4420 2837 4493 peccatis.
2885 4411 3282 4485 Quamobrem?
3323 4408 3587 4477 Quoniam
3615 4405 3745 4458 licet

2146 4541 2269 4581 esse
2301 4537 2483 4578 senem
2519 4521 2568 4573 in
2597 4518 2877 4587 juventutc
2908 4529 2922 4577 ;
2975 4525 3038 4563 ac
3082 4509 3222 4561 sicut
3269 4513 3390 4558 sunt
3422 4502 3648 4573 juvenes
3688 4499 3743 4551 in

2145 4624 2423 4674 senectute
2446 4653 2459 4677 ,
2495 4612 2563 4665 ita
2592 4619 2645 4664 et
2676 4618 2885 4663 contra.
2920 4602 3070 4657 Sicut
3106 4600 3248 4654 enim
3281 4596 3386 4650 illic
3428 4594 3564 4663 pilus
3590 4589 3743 4645 deal-

2150 4713 2304 4765 hatus
2336 4708 2603 4762 neminem
2634 4711 2850 4766 servat,
2896 4699 2975 4751 sic
3020 4710 3119 4749 nec
3158 4692 3247 4747 hic
3275 4692 3425 4760 niger
3474 4685 3743 4741 neminem

2149 4801 2387 4872 impedit.
2436 4797 2567 4852 Nam
2605 4794 2707 4850 etsi
2741 4793 2859 4846 haec
2886 4805 3007 4860 qua:
3038 4786 3148 4841 dixi
3176 4798 3365 4840 senem
3398 4780 3633 4835 reddunt
3663 4777 3746 4830 in-

2148 4894 2512 4952 honestiorem
2543 4890 2711 4944 multo
2738 4885 2907 4954 magis
2935 4896 3092 4952 quam
3116 4880 3367 4948 juvenem
3393 4891 3406 4939 ;
3441 4873 3533 4928 sed
3569 4883 3746 4924 tamen

2149 5005 2249 5045 nec
2291 4986 2503 5059 juvenis
2550 4983 2686 5037 liber
2730 4986 2811 5035 es‘t
2848 4994 2875 5030 a
2924 4971 3371 5044 reprehensione.
3404 4966 3535 5021 Nam
3562 4965 3747 5034 juveni

2149 5095 2276 5139 tunc
2313 5081 2487 5136 solum
2534 5075 2709 5131 danda
2744 5082 2827 5127 est
2860 5069 3037 5133 venia,
3068 5064 3286 5135 quando
3318 5071 3542 5115 vocatur
3569 5059 3633 5113 ad
3667 5075 3750 5113 re-

2150 5193 2267 5231 rum
2293 5170 2836 5228 administrationem,
2869 5178 2990 5217 cum
3021 5161 3090 5212 sit
3117 5156 3417 5228 imperitus,
3454 5170 3572 5209 cum
3617 5162 3751 5208 tetu-

2150 5284 2282 5339 pore
2330 5282 2464 5337 opus
2528 5262 2725 5315 haheat
2771 5266 2826 5312 et
2874 5250 3207 5322 experientia
3258 5268 3271 5305 :
3311 5247 3525 5319 quando
3571 5257 3751 5300 autem

2150 5366 2363 5429 Oportet
2410 5352 2697 5409 ostendere
2748 5346 3053 5400 virilitatem
3103 5339 3511 5410 temperantiza,
3551 5353 3753 5405 nequa-

2151 5468 2310 5524 quam
2331 5493 2345 5515 ,
2379 5465 2553 5519 neque
2581 5443 2794 5515 quando
2818 5448 3035 5510 oportet
3062 5435 3302 5509 pecuniis
3333 5436 3618 5503 imperare.
3658 5431 3754 5485 Est

2151 5546 2293 5601 enim
2324 5544 2408 5597 ubi
2435 5539 2648 5612 juvenis
2680 5535 2850 5605 magis
2897 5529 3312 5602 reprehenditur
3355 5542 3515 5596 quam
3560 5540 3747 5579 senex.

2154 5641 2283 5696 Nam
2312 5653 2473 5692 senex
2501 5614 2719 5703 quidem
2754 5628 2919 5684 multa
2952 5641 3089 5697 opus
3121 5623 3280 5677 habet
3308 5621 3605 5684 curatione,
3630 5632 3750 5672 cum

2202 5750 2275 5813 (α)
2300 5750 2354 5799 in
2380 5752 2483 5796 inec
2510 5747 2659 5794 verba
2684 5744 2865 5794 desinit
2889 5744 2993 5792 inec
3029 5740 3225 5791 ltomilia
3249 5740 3298 5789 itt
3322 5738 3457 5790 Colb.
