4208 6498
586 280 656 335 67
1285 272 1341 325 S.
1381 267 1659 325 JOA‘NNIS
1695 264 2164 323 CllllYSOS'l‘OMI
2205 262 2522 321 ARCHIEP.
2561 265 3094 323 CONSTANTINOP.
3812 283 3885 339 ως

614 386 736 425 etnn
790 370 1118 426 imbecillum
1166 368 1359 425 reddat
1401 376 1652 422 senectus
1703 384 1716 421 :
1757 365 1970 436 juvenis
2013 378 2177 423 auten

602 479 725 519 cum
752 463 938 534 possit,
969 463 1015 518 si
1048 462 1193 526 velit,
1240 460 1337 516 sibi
1374 457 1646 523 sufficere,
1694 473 1982 528 quamnam
2039 475 2179 514 asse-

600 579 796 640 qnetur
836 568 1081 631 veniam,
1135 562 1353 634 quando
1376 563 1545 634 magis
1572 562 1714 633 rapit,
1759 575 1920 629 quam
1971 572 2135 614 ,επακ
2175 566 2235 585 ι.-

595 660 807 731 quando
847 668 1083 728 accepta:
1129 656 1299 726 magis
1339 664 1423 710 est
1467 668 1675 708 memor
1702 651 1936 722 injuria,
1963 646 2178 719 quando

591 752 839 820 despicit,
888 748 1103 819 quando
1150 762 1253 800 non
1304 745 1474 816 magis
1520 744 1760 800 defendit
1782 757 1943 814 quam
1969 754 2173 796 senex.

592 844 807 912 quando
838 842 1002 896 multa
1036 840 1274 911 loquitur
1303 839 1626 908 importune,
1660 835 1872 906 quando
1898 843 2178 888 contume-

593 935 663 988 lia
687 933 872 996 afficit,
904 931 1116 1002 quando
1145 930 1431 988 maledicto
1457 928 1678 999 appetit,
1708 925 1922 997 quando
1944 921 2175 977 inebria-

593 1026 723 1080 tur?
756 1026 810 1080 Si
846 1036 1026 1080 autem
1058 1026 1109 1077 in
1152 1022 1505 1092 temperantia
1547 1031 1603 1074 et.
1628 1018 1954 1075 continentia
1984 1014 2171 1069 existi-

591 1129 701 1172 mat
728 1134 786 1172 se
816 1133 920 1171 non
954 1131 1115 1186 posse
1143 1114 1500 1185 reprehendi,
1549 1112 1668 1167 vide
1696 1127 1817 1166 eum
1850 1110 1936 1164 hic
1962 1120 2174 1178 quoque

588 1211 752 1265 multa
783 1210 981 1265 habere
1006 1209 1337 1279 adiumenta,
1365 1209 1411 1262 si
1438 1207 1585 1262 velit.
1618 1205 1749 1260 Nam
1778 1203 1879 1259 etsi
1907 1200 2173 1271 cupiditas

586 1313 643 1357 et
671 1302 837 1358 libido
858 1302 907 1356 ei
931 1303 1099 1372 magis
1123 1311 1207 1356 est
1236 1301 1460 1356 molesta
1487 1316 1649 1370 quam
1674 1299 1812 1361 seni,
1842 1306 1967 1350 sunt
1994 1305 2172 1350 tamen

589 1396 757 1449 multa
787 1410 907 1465 quae
936 1395 1172 1464 potuerit
1204 1394 1372 1463 magis
1403 1392 1578 1448 facere
1603 1407 1762 1462 quam
1794 1405 1955 1444 senex
1977 1430 1992 1453 ,
2027 1398 2081 1443 et
2110 1390 2173 1444 il-

590 1485 693 1537 lam
727 1485 998 1538 incantare
1041 1484 1286 1538 bestiam.
1329 1483 1585 1549 Qua-nam
1613 1497 1675 1537 ea
1707 1480 1863 1536 sunt?
1899 1479 2171 1546 Labores,

588 1578 865 1642 lectiones,
897 1576 1198 1648 pervigilia,
1230 1576 1454 1644 jejunis.
1739 1580 1785 1614 "-

664 1670 738 1722 De
763 1669 1115 1723 monacln's.——
1134 1667 1242 1724 Cur
1266 1677 1441 1722 autem
1469 1667 1583 1723 hmc
1603 1666 1759 1721 nobis
1783 1665 1919 1720 dicis
1945 1664 2033 1735 qui
2057 1678 2164 1719 non

589 1773 776 1813 sumus
809 1757 1057 1813 monachi
1080 1758 1102 1811 ?
1135 1759 1259 1813 lltec
1280 1759 1408 1812 mihi
1436 1758 1613 1812 dicis?
1642 1757 1729 1812 dic
1756 1757 1922 1812 Paulo
1948 1798 1962 1820 ,
1993 1771 2169 1826 quan-

588 1850 658 1903 do
678 1849 809 1905 dicit
836 1867 851 1905 :
896 1848 1171 1920 Vigilantes
1191 1849 1245 1902 in
1273 1849 1411 1904 omni
1440 1848 1681 1918 patientia
1709 1855 1756 1901 et
1793 1846 2021 1900 oratione
2046 1843 2171 1918 (Co-

586 1943 708 1998 loss.
732 1944 781 1996 4.
811 1941 869 2013 2)
900 1959 914 1995 :
939 1941 1154 2013 quando
1181 1940 1333 2007 dicit,
1359 1940 1541 1995 Carnis
1570 1956 1748 1994 curant
1776 1955 1839 1991 ne
1872 1937 2090 2007 feceritis
2114 1937 2167 1990 in

583 2033 1003 2104 concupiscentiis
1033 2032 1210 2104 (Rom.
1238 2033 1322 2087 i3.
1354 2032 1467 2102 14).
1514 2030 1633 2086 Non
1661 2030 1806 2085 enim
1836 2028 1952 2082 hmc
1993 2028 2167 2083 solum

584 2127 801 2196 scripsit
832 2124 1131 2191 monachis,
1156 2125 1249 2180 sed
1272 2125 1523 2180 omnibus
1552 2125 1642 2195 qui
1672 2133 1795 2178 sunt
1836 2124 1889 2177 in
1918 2120 2166 2176 urbibus.

585 2217 697 2271 Non
719 2217 879 2272 debet
902 2216 1047 2272 enim
1089 2216 1395 2271 mundanus
1423 2234 1518 2271 seu
1541 2215 1814 2271 sreeularis
1834 2214 1954 2286 plus
1973 2214 2171 2269 habere

583 2323 742 2375 quam
781 2307 1100 2373 monachus,
1148 2308 1249 2362 nisi
1276 2308 1328 2361 in
1360 2307 1459 2362 hoc
1489 2308 1685 2369 solum,
1732 2306 1874 2378 quod
1898 2305 2172 2360 cubabitat

580 2414 707 2456 cum
727 2416 925 2455 uxore:
952 2400 1039 2455 hic
1061 2399 1220 2455 datur
1236 2400 1284 2454 ei
1308 2401 1483 2466 venia,
1509 2401 1560 2453 in
1584 2400 1704 2455 aliis
1722 2408 1902 2454 autem
1926 2397 2168 2463 minime,

585 2491 679 2546 sed
709 2493 885 2546 omnia
904 2507 1026 2547 eum
1042 2500 1254 2562 oportet
1274 2491 1450 2547 facere
1479 2507 1631 2560 teque
1647 2505 1806 2559 atque
1826 2491 2170 2545 monachum.

508 2626 513 2633 .
583 2583 702 2637 .lam
719 2598 849 2639 vero
863 2593 916 2638 ct
938 2583 1296 2639 beatitudines
1313 2599 1430 2652 qua:
1446 2599 1474 2637 a
1493 2582 1709 2638 Christo
1721 2581 1876 2637 dictae
1892 2590 2039 2648 sunt,
2063 2596 2169 2638 non

585 2673 744 2729 dictae
770 2683 892 2728 sunt
934 2674 1107 2728 solum
1136 2674 1417 2729 monachis
1441 2691 1456 2740 ;
1489 2689 1609 2727 nam
1643 2673 1890 2742 periisset
1919 2681 2060 2726 totus
2084 2688 2172 2726 or-

676 2774 1633 2787 ."s-BW~
1647 2778 1897 2787 ——_.._.—v-
1926 2778 2021 2785 .-.~.._

587 2978 713 3032 Car.
759 2980 811 3033 5.
871 2995 918 3031 v.
977 2981 1021 3035 Ι.
1066 2980 1248 3035 Omnis
1290 2982 1423 3035 enim
1496 2982 1727 3053 pontifex
1778 2996 1841 3034 ea:
1890 2980 2178 3035 hominibus

663 3083 969 3141 assumptus,
998 3090 1089 3143 pro
1121 3075 1409 3127 hominibus
1431 3074 1752 3128 constituitur
1780 3072 1829 3125 in
1855 3073 1917 3125 iis
1934 3087 2043 3142 qua:
2063 3081 2179 3125 sunt

660 3165 730 3217 ad
762 3165 919 3219 Deum
945 3208 961 3233 ,
994 3179 1047 3220 ut
1071 3166 1251 3234 o/ferat
1282 3167 1418 3221 dona
1445 3176 1491 3220 et
1516 3166 1768 3235 sacriﬁcia
1798 3182 1889 3236 pro
1917 3166 2136 3236 peccatis
2163 3181 2181 3219 :

663 3258 715 3312 2.
750 3261 834 3330 qui
864 3261 1130 3314 cont/olere
1146 3261 1301 3331 possit
1321 3261 1383 3313 iis
1405 3260 1490 3330 qui
1518 3260 1754 3327 ignorant
1777 3267 1823 3312 ct
1845 3267 2036 3325 errant,
2058 3272 2187 3327 quoe

663 3352 802 3405 niam
830 3362 876 3405 et
904 3353 1012 3422 ipse
1051 3352 1393 3405 circumdatus
1422 3360 1492 3405 est
1522 3351 1816 3419 inﬁrmitate
1847 3364 1866 3403 :
1896 3351 1947 3405 5.
1979 3358 2025 3403 et
2065 3362 2186 3419 pro-

667 3454 835 3514 pterea
862 3444 1024 3511 debet,
1073 3444 1501 3515 quemadmodum
1531 3460 1623 3513 pro
1656 3443 1878 3513 populo,
1909 3441 1981 3495 ita
2033 3441 2186 3494 etiam

665 3547 710 3589 ct
752 3552 845 3608 pro
874 3537 1142 3607 semetipso
1166 3533 1351 3602 offerre
1379 3552 1472 3607 pro
1504 3536 1745 3605 peccatis.

672 3629 722 3682 l.
751 3627 878 3682 Vult
896 3625 1154 3697 deinceps
1170 3627 1456 3683 ostendere
1482 3627 1671 3682 beatus
1690 3626 1905 3689 Paulus,
1925 3636 2066 3692 quod
2086 3624 2187 3678 hoc

597 3719 1003 3775 Testamentum
1034 3730 1115 3774 est
1134 3719 1292 3791 longe
1315 3719 1506 3774 melius
1532 3730 1586 3776 et
1607 3716 2139 3791 prmstantiusVeteri
2166 3731 2182 3783 ;

598 3811 785 3882 procul
811 3812 1047 3866 rationes
1072 3811 1219 3882 prius
1235 3811 1445 3881 jacicns
1468 3820 1737 3881 tamquam
1760 3808 2186 3863 fundamentum.

597 3903 732 3958 Nam
762 3903 1014 3974 quoniam
1044 3903 1177 3957 nihil
1205 3910 1322 3958 erat
1341 3902 1647 3974 corporale,
1667 3914 1841 3969 neque
1886 3899 2187 3969 imaginata,

600 4010 793 4065 nempe
827 4010 933 4049 non
967 3994 1257 4065 templum,
1312 4011 1419 4051 non
1455 4002 1640 4049 saneta
1692 4000 2025 4057 sanctormn,
2083 4006 2189 4045 non

599 4088 855 4145 sacerdos
887 4096 1092 4143 tantum
1121 4087 1324 4144 habens
1354 4095 1707 4159 apparatum,
1739 4100 1843 4138 non
1875 4083 2070 4153 legales
2096 4084 2193 4140 ob-

601 4181 954 4246 servationes,
1006 4179 1100 4235 sed
1148 4180 1452 4236 excelsiora
1478 4179 1656 4233 omnia
1688 4184 1743 4232 ct
1770 4176 2106 4247 perfectiora,
2139 4183 2196 4230 et

603 4272 733 4325 nihil
765 4287 830 4327 ex
853 4274 1012 4327 rebus
1041 4273 1443 4343 corporalibus:
1467 4278 1770 4325 eratantem
1801 4268 2107 4324 universum
2128 4269 2180 4321 in

603 4366 763 4421 rebus
790 4365 1185 4434 spiritualibus;
1217 4362 1509 4433 spiritualia
1537 4371 1715 4416 autem
1740 4360 2064 4414 infirmiores
2088 4375 2192 4413 non

603 4474 757 4528 atque
784 4458 1037 4513 inducunt
1065 4468 1226 4528 atque
1248 4455 1547 4526 corporalia
1584 4472 1596 4506 :
1624 4454 1745 4509 ideo
1774 4462 1943 4507 totum
1989 4452 2090 4505 hoc
2111 4451 2195 4504 di-

604 4551 758 4604 cendi
793 4562 1162 4620 argumentum
1191 4557 1370 4604 versat
1410 4558 1463 4603 et
1488 4548 1673 4618 agitat.
1699 4545 1832 4600 Vide
1858 4554 2037 4599 autem
2082 4542 2200 4613 ejus

612 4646 926 4715 sapientiam
964 4663 976 4697 :
1007 4644 1214 4700 initium
1250 4642 1394 4697 ducit
1434 4658 1462 4697 a
1496 4642 1797 4707 sacerdote,
1828 4652 1881 4695 et
1923 4644 2196 4697 contiuncu-

616 4749 693 4793 ter
725 4754 847 4794 cnm
876 4735 1112 4808 appellat
1140 4734 1469 4807 pontificem,
1499 4746 1554 4788 et
1581 4735 1648 4789 ab
1681 4735 1796 4803 ipso
1822 4735 1993 4803 primo
2014 4743 2200 4789 osten-

611 4835 688 4889 dit
717 4832 1096 4888 differentiam.
1143 4829 1435 4899 Proptcrea
1474 4828 1703 4899 primum
1749 4825 1937 4881 definit
1964 4828 2089 4900 quid
2135 4829 2201 4883 sit

612 4925 866 4983 sacerdos
887 4966 902 4989 ,
930 4933 987 4981 et
1011 4921 1248 4978 Ostendit
1290 4921 1333 4975 si
1361 4936 1462 4990 qua
1497 4921 1697 4975 habeat
1721 4921 2040 4986 sacerdotis,
2072 4932 2127 4978 et
2156 4922 2199 4978 si

613 5033 715 5089 qua
747 5017 855 5072 sint
880 5014 1123 5088 symbola
1164 5011 1473 5069 sacerdotii.
1504 5012 1564 5066 Ei
1592 5021 1770 5068 autem
1801 5014 2116 5070 occurrebat
2151 5026 2205 5069 et

615 5108 889 5174 ohstabat,
918 5103 1061 5176 quod
1087 5117 1258 5173 neque
1275 5114 1414 5158 esset
1432 5119 1495 5158 ex
1514 5119 1714 5174 genere
1732 5104 1917 5170 nobili,
1934 5122 2108 5177 neque
2139 5121 2201 5161 ex

618 5199 757 5254 trilm
787 5194 1133 5259 sacerdotali,
1167 5209 1341 5263 neque
1367 5195 1617 5251 sacerdos
1640 5210 1801 5267 super
1822 5208 2049 5265 terram;
2084 5196 2206 5252 hinc

620 5298 801 5342 autem
823 5285 1040 5357 quidam
1060 5283 1251 5339 dicturi
1276 5300 1397 5341 esse
1413 5284 1750 5353 videbantur,
1779 5287 2060 5357 Quomodo
2077 5305 2206 5359 ergo

618 5374 1083 5447 sacerdos?.quod
1116 5377 1165 5430 in
1194 5377 1433 5446 Epistula
1464 5378 1529 5434 ad
1558 5379 1830 5434 Ronnanos
1864 5382 1986 5436 fecit
2023 5381 2202 5447 (flant.

631 5472 712 5539 4),
738 5467 789 5522 id
821 5477 873 5521 et
902 5482 1043 5521 nunc
1086 5467 1226 5523 facit.
1257 5467 1387 5524 Nam
1419 5485 1541 5526 cum
1574 5472 1896 5544 suscepisset
1920 5489 2213 5543 argumen-

623 5576 735 5619 tum
790 5576 909 5616 non-
961 5563 1271 5633 probabile,
1319 5567 1361 5620 si
1420 5564 1522 5622 hoc
1566 5576 1827 5638 cperctur
1874 5566 2008 5621 fides
2060 5565 2203 5636 quod

621 5674 727 5714 non
758 5657 919 5712 valuit
953 5656 1100 5713 labor
1127 5657 1255 5730 legis
1276 5668 1330 5715 et
1357 5659 1409 5714 iu
1437 5660 1541 5714 vita
1574 5659 1894 5715 instituenda
1926 5659 2121 5721 sulor;
2157 5666 2212 5713 ut

622 5750 869 5807 ostemlat
899 5751 947 5804 id
991 5762 1043 5807 et
1089 5753 1200 5807 fieri
1234 5753 1471 5824 potuisse
1511 5764 1558 5806 et
1601 5751 1793 5806 factum
1838 5767 1977 5815 esse,
2022 5750 2210 5804 einfu-

1920 2834 2265 2897 HOMILIA
2305 2836 2477 2897 VIII.

2279 368 2362 423 bis
2384 377 2562 433 terrae,
2592 379 2648 424 et
2675 384 3056 428 accusaremus
3079 372 3247 426 Deum
3274 372 3630 430 crudelitatis.
3665 372 3722 432 Si
3762 391 3863 433 au-

2280 470 2391 517 tem
2414 461 2768 518 beatitudines
2784 462 2940 518 dictae
2956 470 3082 517 sunt
3094 464 3220 518 solis
3243 466 3539 534 monachis,
3556 474 3611 521 et
3626 466 3741 522 ﬁeri
3759 484 3866 523 non

2281 563 2457 622 potest
2501 565 2677 609 uteas
2716 566 3078 626 consequatur
3124 556 3464 623 mundanus;
3520 559 3635 629 ipse
3683 569 3865 616 autem

2281 646 2527 713 permisit
2552 648 2767 716 nuptias
2798 666 2813 702 :
2840 648 2955 718 ipse
2982 663 3110 720 ergo
3136 664 3327 706 omnes
3353 650 3606 720 perdidit.
3636 651 3692 708 Si
3720 654 3865 709 enim

2280 738 2393 793 fieri
2425 754 2529 794 non
2558 749 2734 809 potest
2760 749 2819 795 ut
2842 757 2963 795 cum
3011 743 3354 799 matrimonio
3383 745 3542 800 faciat
3566 760 3686 816 qua:
3741 756 3871 802 sunt

2280 831 2689 895 monachorum,
2720 832 2993 901 perierunt
3020 840 3075 888 et
3095 833 3159 888 ad
3189 834 3462 889 interitum
3492 835 3707 891 redacta
3738 846 3867 892 sunt

2278 922 2479 988 omnia,
2520 931 2570 976 et
2615 934 2799 977 coacta
2827 933 2911 979 est
2947 925 3117 979 virtus
3148 928 3203 980 in
3238 927 3533 995 angustias.
3583 927 3869 996 Quomodo

2277 1023 2456 1067 autem
2488 1025 2611 1068 sum
2642 1014 2985 1070 honorabiles
3035 1017 3234 1086 nuptim
3267 1016 3452 1089 (llebr.
3490 1018 3576 1073 15.
3607 1018 3719 1088 Η),
3745 1034 3867 1089 quze

2278 1105 2432 1160 nobis
2458 1114 2660 1159 tantum
2692 1106 2925 1162 afferunt
2956 1108 3395 1177 impedimentum
3421 1109 3604 1176 iQuid
3632 1124 3765 1181 ergo
3784 1111 3868 1165 di-

2277 1196 2506 1251 cendum
2534 1199 2655 1251 est?
2685 1198 2827 1252 Fieri
2861 1210 3056 1268 potest,
3095 1209 3256 1270 atque
3294 1199 3430 1255 adeo
3450 1200 3606 1255 valde
3636 1200 3773 1267 fieri,
3805 1208 3867 1254 ut

2278 1305 2366 1358 qui
2395 1287 2655 1346 habemus
2680 1307 2874 1350 uxores
2896 1337 2910 1363 ,
2940 1296 3194 1352 virtutem
3234 1308 3505 1355 sectemur
3532 1309 3590 1356 et
3614 1313 3873 1356 exercea-

2279 1396 2420 1446 mus,
2447 1382 2492 1437 si
2536 1385 2783 1442 velimus.
2815 1387 3141 1456 Quomodo?
3166 1390 3223 1448 Si
3261 1391 3524 1449 habentes
3551 1409 3750 1450 uxores
3797 1395 3875 1451 si-

2281 1486 2399 1526 mus
2422 1482 2691 1544 tamquam
2717 1493 2823 1533 non
2855 1480 3132 1549 habentes,
3166 1483 3211 1538 si
3242 1498 3349 1539 non
3371 1484 3615 1540 hetemur
3640 1485 3712 1542 ob
3741 1500 3874 1557 pos-

2281 1564 2576 1633 sessiones,
2601 1568 2646 1623 si
2696 1571 2896 1627 mundo
2945 1582 3158 1629 utamur
3194 1585 3467 1648 tamquam
3499 1593 3604 1634 non
3659 1587 3876 1636 utentes

2279 1655 2360 1727 (1.
2384 1655 2507 1713 Cor.
2537 1659 2592 1714 7.
2623 1662 2734 1731 51).
2763 1662 2819 1719 Si
2846 1664 2937 1735 qui
2958 1677 3137 1721 autem
3185 1668 3426 1738 impediti
3457 1668 3674 1726 fuerunt
3699 1687 3729 1725 a
3763 1687 3875 1726 nu-

2283 1746 2429 1815 ptiis,
2451 1749 2624 1804 sciant
2651 1752 2792 1821 quod
2814 1756 3014 1825 nuptias
3039 1772 3146 1812 non
3173 1757 3322 1814 fuere
3348 1759 3755 1832 impedimento,
3774 1760 3875 1816 sed

2281 1834 2509 1892 liberum
2535 1840 2816 1897 arbitrium
2845 1844 2991 1913 quod
3018 1846 3160 1903 male
3186 1862 3341 1904 usum
3363 1858 3447 1906 est
3474 1850 3674 1921 nuptiis
3701 1862 3716 1898 :
3743 1866 3873 1905 nam

2279 1941 2453 1999 neque
2478 1930 2662 1987 vinum
2686 1931 2817 1989 facit
2844 1936 3183 2002 ebrietatem,
3212 1939 3310 1994 sed
3351 1939 3550 1995 malum
3580 1939 3746 1995 animi
3778 1940 3873 1996 in-

2274 2034 2540 2099 stitutum,
2572 2045 2627 2088 et
2653 2033 2772 2102 ejus
2794 2046 2924 2088 usus
2950 2047 3113 2103 supra
3146 2033 3387 2089 modum.
3417 2034 3690 2093 Moderata
3718 2046 3878 2096 utere

2276 2123 2497 2192 nuptiis,
2539 2131 2594 2178 et
2621 2124 2731 2178 eris
2757 2123 2965 2193 primus
2991 2122 3046 2178 in
3081 2138 3251 2194 regno
3278 2126 3534 2182 calorum
3555 2166 3573 2191 ,
3595 2137 3651 2182 et
3673 2126 3874 2191 frueris

2276 2216 2434 2272 bonis
2457 2217 2708 2273 omnibus
2737 2235 2750 2271 :
2784 2231 2904 2290 quae
2936 2217 3094 2272 detur
3122 2218 3278 2274 nobis
3308 2219 3559 2276 omnibus
3587 2227 3873 2295 consequi,

2274 2309 2446 2379 gratia
2470 2321 2521 2365 et
2549 2309 2878 2380 benignitate
2906 2308 3119 2364 Domini
3150 2310 3320 2365 nostri
3343 2309 3471 2366 Jesu
3500 2309 3721 2378 Christi,
3746 2328 3872 2370 eum

2277 2416 2384 2471 quo
2428 2401 2572 2455 Patri
2625 2401 2892 2472 simulque
2921 2411 3111 2457 sancto
3140 2400 3366 2474 Spiritui
3390 2405 3581 2474 gloria,
3609 2416 3873 2477 potestas,

2280 2493 2474 2558 honor,
2524 2507 2667 2548 nunc
2708 2500 2763 2548 et
2803 2507 3047 2564 semper,
3099 2502 3155 2549 et
3182 2495 3236 2550 in
3284 2495 3480 2552 smeula
3526 2497 3871 2554 saeculorum.

2281 2586 2472 2639 Amen.

3636 2778 3856 2794 ...α-.-

2289 2984 2365 3055 git
2407 2982 2473 3037 ad
2521 2980 2902 3052 patriarcham,
2949 2994 3004 3039 et
3043 2985 3348 3041 universum
3399 2985 3610 3042 reduxit
3637 2987 3708 3042 ad
3749 2986 3881 3043 illud

2291 3083 2521 3144 tempus.
2549 3073 2621 3128 Ita
2653 3073 2741 3128 hic
2778 3089 2992 3145 quoque
3026 3076 3248 3132 alteram
3295 3077 3580 3133 sacerdotii
3616 3081 3754 3134 viam
3800 3081 3887 3135 in-

2291 3162 2553 3233 greditur,
2584 3178 2891 3233 proponens
2934 3179 2999 3219 ex
3031 3164 3098 3219 iis
3125 3181 3245 3236 qua
3271 3178 3683 3236 prmcesserunt.
3713 3169 3783 3225 Et
3809 3171 3887 3225 si—

2291 3263 2382 3308 cut
2429 3254 2483 3308 in
2521 3254 2798 3324 punitione
2844 3270 2950 3310 non
2982 3256 3156 3312 solum
3188 3258 3406 3313 adducit
3430 3261 3756 3331 gehennam,
3787 3263 3887 3319 sed

2292 3358 2355 3399 ea
2381 3345 2541 3400 etiam
2570 3361 2690 3416 qua:
2725 3347 3070 3417 contigerunt
3097 3357 3341 3418 tempore
3384 3362 3595 3420 patrum
3634 3356 3744 3407 :ita
3795 3353 3889 3409 hic

2296 3467 2505 3523 quoque
2533 3451 2762 3522 primum
2785 3449 3071 3505 confirmat
3094 3464 3123 3504 a
3148 3447 3524 3518 praesentibus.
3553 3444 3686 3499 Nam
3713 3458 3883 3512 oper-

2295 3546 2438 3601 tebat
2467 3544 2682 3616 quidem
2713 3544 3045 3599 terrestrium
3091 3542 3249 3597 fidem
3300 3541 3413 3595 fieri
3445 3555 3509 3595 ex
3541 3537 3885 3601 crelestihus;

2295 3637 2386 3692 sed
2413 3636 2629 3708 quando
2672 3636 2923 3691 imbecilli
2966 3644 3090 3690 sunt
3115 3628 3410 3699 auditores,
3444 3632 3502 3686 fit
3530 3630 3888 3685 contrarium.

2297 3730 2471 3797 Atque
2499 3728 2712 3783 interim
2731 3725 2946 3795 quidem
2979 3725 3147 3794 prima
3174 3725 3320 3794 ponit
3353 3739 3414 3778 ea
3442 3738 3562 3791 qua:
3587 3729 3710 3774 sunt
3736 3734 3893 3774 com-

2298 3818 2476 3874 munia
2502 3835 2516 3885 ;
2540 3827 2605 3873 et'
2621 3828 2747 3873 tunc
2775 3814 3011 3871 ostendit
3040 3815 3089 3869 id
3122 3813 3262 3884 quod
3285 3821 3590 3883 exsuperet.
3622 3810 3711 3867 Sic
3740 3810 3889 3863 enim

2297 3912 2354 3966 fit
2381 3910 2727 3981 exsuperatio
2759 3923 2853 3979 per
2892 3906 3376 3975 comparationem,
3405 3903 3619 3973 quando
3667 3901 3720 3955 in
3766 3901 3891 3954 aliis

2295 4001 2511 4074 quidem
2543 4011 2623 4056 est
2655 4001 2793 4055 inter
2814 4014 2907 4054 eos
2937 3999 3245 4051 communio
3265 4005 3320 4050 et
3346 3996 3576 4049 societas
3597 4035 3612 4061 ,
3668 3994 3719 4047 in
3766 3990 3891 4045 aliis

2297 4109 2424 4148 vero
2451 4100 2775 4161 exsuperat:
2802 4089 2883 4142 sin
2912 4090 3110 4152 minus,
3135 4100 3240 4140 non
3270 4084 3326 4139 fit
3351 4083 3580 4155 amplius
3610 4097 3704 4151 per
3733 4095 3890 4135 com-

2300 4183 2653 4253 parationem.
2687 4180 2865 4235 Omnis
2900 4179 3129 4248 pontifex
3159 4193 3222 4232 ea:
3255 4176 3545 4230 hominibus
3574 4181 3889 4242 assumptus,

2302 4275 2414 4329 lloc
2442 4283 2525 4327 est
2550 4271 2762 4327 Christo
2787 4285 3094 4325 commune.
3120 4267 3227 4322 Pro
3254 4266 3542 4321 hominibus
3568 4263 3895 4319 constituitur

2300 4369 2350 4423 in
2378 4370 2441 4423 iis
2469 4383 2581 4437 qua:
2612 4366 2680 4419 ad
2722 4365 2887 4419 Deum
2920 4363 3191 4433 pertinent.
3228 4362 3293 4416 Et
3320 4359 3448 4415 illud
3475 4373 3785 4413 commune.
3823 4352 3894 4409 Ut

2302 4459 2481 4527 o/Ierat
2508 4460 2643 4512 dona
2671 4468 2715 4511 ct
2757 4455 3012 4525 sacriﬁcia
3036 4471 3126 4525 pro
3152 4453 3361 4526 papufo.
3394 4452 3462 4507 Et
3508 4452 3609 4506 hoc
3636 4464 3851 4520 quoque
3874 4490 3893 4516 ,

2302 4553 2397 4609 sed
2440 4567 2548 4607 non
2582 4560 2750 4605 totum
2789 4567 2802 4601 :
2834 4566 2951 4619 quin
2996 4556 3206 4604 restant
3258 4555 3438 4600 autem
3463 4584 3478 4611 ,
3531 4555 3890 4613 nequaquam.

2307 4645 2406 4714 Qui
2433 4643 2701 4698 condolere
2728 4643 2895 4713 possit
2907 4642 2969 4695 iis
2993 4642 3078 4711 qui
3105 4640 3339 4711 ignorant
3368 4647 3413 4691 et
3436 4645 3626 4692 errant.
3664 4635 3757 4689 llic
3780 4634 3894 4704 jam

2303 4746 2382 4792 est
2398 4735 2755 4804 eXsnperatio.
2781 4733 3031 4799 Quoniam
3045 4733 3150 4803 ipse
3164 4731 3508 4785 circumdatus
3532 4738 3605 4782 est
3622 4726 3898 4795 inﬁrmita-

2305 4838 2373 4896 ιι,
2396 4839 2441 4883 et
2470 4837 2675 4898 prapter
2695 4843 2805 4880 eam
2830 4824 2994 4888 debet,
3013 4821 3438 4892 quemadmodum
3470 4836 3561 4890 pro
3579 4817 3790 4889 papula,
3823 4817 3897 4870 ita

2303 4920 2452 4975 etiam
2481 4936 2570 4990 pro
2584 4919 2747 4988 seipse
2765 4915 2945 4984 o/Terre
2967 4931 3061 4986 pro
3078 4915 3315 4982 peccatis.
3340 4912 3542 4966 Deinde
3556 4910 3702 4964 aliud
3718 4909 3892 4965 addit:

2303 5012 2411 5079 Fit,
2443 5011 2633 5081 inquit,
2666 5010 2733 5064 ab
2763 5009 2894 5070 alio,
2927 5015 2981 5061 et
3012 5010 3126 5076 ipse
3155 5020 3260 5060 non
3290 5002 3509 5060 invadit.
3537 5002 3650 5057 lloc
3682 5014 3897 5072 quoque

2305 5116 2387 5161 est
2408 5116 2712 5157 commune.
2743 5101 2795 5153 4.
2828 5097 2940 5152 Nec
2953 5098 3218 5167 quisquam
3239 5095 3335 5150 sibi
3352 5094 3505 5148 sumit
3524 5092 3896 5161 honorem,sed

2306 5197 2393 5270 qui
2420 5204 2624 5250 vocatur
2648 5210 2679 5245 a
2706 5191 2833 5257 Deo,
2864 5200 3119 5260 tamquam
3165 5189 3359 5243 Aaron.
3389 5186 3486 5242 llic
3522 5185 3667 5242 aliud
3701 5194 3895 5252 curat,

2305 5285 2597 5340 ostendi-ns
2622 5282 2763 5352 quod
2794 5298 2824 5335 a
2856 5281 2965 5336 Deo
2990 5280 3061 5335 sit
3095 5280 3312 5334 missus.
3341 5276 3494 5345 Quod
3524 5276 3742 5346 quidem
3774 5292 3896 5331 cum

2305 5380 2504 5436 Iudaeis
2526 5378 2799 5433 disserens
2825 5372 3039 5433 assidue
3069 5372 3284 5429 dicebat
3312 5371 3558 5427 Christus
3591 5386 3604 5423 :
3639 5369 3739 5438 Qui
3762 5370 3900 5422 mis-it

2305 5488 2405 5535 me,
2438 5473 2604 5537 maior
2633 5487 2711 5523 me
2739 5479 2810 5522 cst
2862 5466 3042 5538 (Joan.
3086 5466 3141 5523 8.
3170 5464 3300 5535 £2);
3333 5473 3409 5529 et,
3459 5463 3504 5518 Α
3533 5480 3611 5517 me
3656 5465 3769 5534 ipso
3797 5478 3900 5515 non

2306 5565 2438 5619 veni.
2471 5563 2565 5617 llic
2583 5562 2709 5616 mihi
2735 5560 2943 5615 videtur
2966 5559 3129 5615 etiam
3153 5560 3313 5613 tacite
3340 5555 3649 5613 Judazorum
3676 5554 3904 5610 innuere

2306 5655 2636 5717 sacerdotes,
2655 5655 2744 5725 qui
2777 5653 3120 5721 invadebant,
3141 5660 3197 5707 et
3218 5650 3390 5723 legem
3412 5648 3687 5704 violabant
3714 5662 3898 5701 sacer-

2308 5749 2458 5803 dotii.
2494 5748 2543 5802 ii.
2578 5748 2664 5801 Sir
2687 5757 2730 5801 rt
2759 5744 2991 5801 Christus
3022 5762 3133 5799 non.
3153 5743 3476 5811 semetipsum
3503 5740 3805 5809 glori/ienuit
3845 5749 3900 5795 tu
