4208 6456
377 326 449 383 69

1263 327 1327 384 ΙΝ
1368 324 1583 385 EPIST.
1628 329 1717 383 AD
1758 326 2107 390 ιιεθιυεοε
2164 336 2321 395 CAP.
2368 340 2428 400 ν.
2472 340 2706 398 HOMIL.
2755 340 2882 397 \ltl.

3617 359 3688 415 70

396 447 635 519 mnu-fex
665 447 827 517 ﬁer“.
863 448 969 506 Ub;
1000 444 1131 523 ergo
1173 452 1269 509 [υίι
1311 454 1589 512 ξηειίιιηης
1612 468 1665 514 ει
1689 460 1968 519 ordinatus
1994 465 2016 515 τ
2096 470 2277 516 mcum,
2304 460 2349 505 et
2378 460 2678 523 potestatem
2706 451 2864 505 habeo
2884 467 3059 505 rursus
3077 454 3357 524 recipiendi
3383 474 3494 511 eam
3520 476 3536 515 :
3576 462 3691 515 nuli

394 544 580 595 Aaron
597 542 743 596 enim
768 556 917 612 saepe
937 543 1036 598 fuit
1062 546 1337 602 instituIUS
1358 558 1412 603 et
1433 551 1735 619 ordinatus,
1759 563 1814 608 ut
1838 556 1889 611 in
1909 558 2007 611 vir«

2096 547 2173 598 lus
2204 545 2335 598 tollit
2364 562 2475 597 eam
2502 560 2533 596 a
2560 561 2656 610 me,
2687 545 2776 598 sed
2795 561 2888 615 ego
2917 562 3026 598 cam
3058 562 3191 616 pono
3219 564 3249 601 α
3276 550 3467 619 ntcipso
3508 551 3692 625 (Joan.

390 650 482 705 επ,
507 644 559 689 et
574 636 793 705 quando
818 639 957 707 ignis
977 639 1280 705 descendit,
1302 650 1354 697 et
1371 659 1462 698 eos
1481 646 1568 715 qui
1591 647 1909 704 invadebant
1928 666 2007 706 sa-

2091 638 2144 691 Ξ).
2178 640 2261 694 i9.
2294 647 2342 692 et
2373 638 2459 692 10.
2496 636 2605 709 18).
2637 637 2771 705 Quid
2806 646 2886 692 cst
2928 641 3094 708 ergo?
3122 657 3411 710 quamuam
3459 646 3528 700 ob
3558 662 3691 701 cau-

388 728 701 783 cerdotium
719 744 749 784 e
768 732 950 786 medio
972 735 1225 789 sustulit:
1248 736 1333 789 hic
1356 746 1535 792 autem
1562 748 1769 805 contra,
1790 759 1895 797 non
1919 759 2007 799 so-

2091 748 2203 785 sam
2239 731 2601 801 precabatur?
2632 730 2699 785 Et
2744 748 2929 787 rursus
2977 733 3192 788 dicebat
3222 753 3235 787 :
3271 735 3403 790 Ecce
3451 741 3661 794 ascendi

390 822 502 876 lum
532 823 611 877 eis
642 818 774 877 nihil
804 825 934 879 mali
964 827 1181 891 accidit,
1209 828 1304 883 sed
1338 828 1388 882 iu
1418 830 1556 884 bona
1586 843 1707 886 sunt
1736 834 2012 889 existima-

393 916 563 969 tione.
612 910 901 972 Undenam
944 920 1119 989 ergo?
1153 920 1262 976 Hoc
1305 923 1544 977 ostendit
1588 941 1654 979 ex
1701 927 2006 997 prophetia.

2091 842 2201 879 mus
2232 824 2629 897 Jerosolymam,
2663 835 2708 879 et
2739 822 2907 879 Filius
2932 828 3153 882 hominis
3185 832 3410 884 tradetur
3434 836 3688 903 pontiﬁci.

2087 918 2178 973 bus
2207 928 2254 972 et
2286 919 2485 984 scribis,
2516 926 2562 972 et
2591 919 2995 997 condemnabth
3023 938 3134 973 eum
3180 934 3358 988 morte,
3400 934 3449 977 et
3490 927 3693 981 tradent

389 1006 536 1062 Nihil
563 1008 729 1063 habet
756 1012 957 1066 sensile
989 1028 1089 1067 nec
1128 1015 1482 1082 aspectabile.
1517 1015 1642 1071 Ideo
1668 1017 1773 1073 hoc
1802 1020 2005 1075 conm-
2087 1029 2201 1065 eum
2230 1012 2460 1083 gentibus
2482 1009 2551 1065 ad
2581 1011 2901 1065 illudendum
2924 1022 2969 1066 et
2996 1012 3369 1083 ﬂagellandum
3400 1026 3445 1070 et
3477 1021 3689 1087 cruci/i-

385 1112 501 1155 mat
529 1106 596 1156 ex
623 1103 908 1171 prophetia
954 1100 1009 1161 et
1034 1116 1099 1161 cx
1128 1095 1322 1165 futuris
1356 1127 1369 1162 :
1404 1109 1513 1165 Sed
1545 1113 1632 1183 qui
1662 1114 1902 1183 loquutus
1927 1125 2003 1169 est

381 1193 449 1247 ad
486 1212 606 1247 eum
636 1205 655 1239 ἰ
692 1192 863 1251 Filius
904 1204 1046 1254 meus
1083 1218 1134 1256 es
1159 1212 1231 1263 tu.
1266 1221 1356 1275 ego
1396 1206 1547 1261 hodie
1572 1210 1722 1277 genui
1766 1221 1829 1264 te.
1858 1212 2001 1280 Quid

382 1284 492 1339 hoc
520 1287 586 1340 ad
616 1286 861 1343 Filium?
904 1290 1155 1360 Maxime,
1181 1293 1372 1365 inquit,
1399 1296 1501 1353 hoc
1520 1298 1588 1354 de
1610 1298 1748 1355 Filio
1771 1302 1997 1359 dictum.

380 1378 526 1447 Quid
554 1382 620 1435 ad
650 1385 1005 1453 qutesdonem
1028 1388 1284 1445 confert?
1312 1390 1535 1447 Mullum
1567 1413 1581 1449 :
1616 1390 1731 1451 hrec
1755 1414 1832 1456 est
1859 1388 1998 1455 enim

378 1474 707 1541 prtecedens
739 1477 989 1546 probatio
1018 1480 1163 1551 quod
1198 1485 1269 1538 sit
1296 1500 1327 1539 a
1375 1487 1486 1543 Dco
1519 1488 1792 1544 institutus
1817 1498 1870 1546 et
1909 1507 1999 1546 or-

376 1565 623 1623 dinatus.
653 1568 711 1626 6.
746 1570 1191 1637 Quemadmodum
1218 1587 1264 1629 et
1290 1578 1341 1631 in
1372 1580 1473 1632 alio
1506 1581 1617 1633 loco
1643 1582 1764 1635 dicit
1801 1601 1813 1636 :
1846 1578 1924 1635 Tu
1954 1598 2008 1636 es

375 1660 629 1714 sacerdos
668 1662 723 1715 in
755 1664 1009 1717 ceternum
1036 1667 1316 1721 secundum
1341 1668 1571 1725 ordinem
1601 1658 1995 1735 Melchisedech.

374 1751 480 1806 Cui
536 1762 725 1810 autem
778 1755 882 1811 hoc
921 1756 1125 1814 dictum
1150 1754 1279 1816 est?
1309 1765 1426 1832 quis
1448 1768 1538 1820 est
1580 1766 1881 1823 secundum
1910 1766 1995 1825 si.

374 1844 571 1899 dinem
632 1847 1078 1905 Melchisedech?
1131 1852 1322 1911 Nullus
1368 1857 1535 1925 alius;
1596 1874 1789 1917 omnes
1852 1854 2000 1918 enim

375 1947 543 1990 erant
584 1938 687 1992 sub
733 1941 873 2010 lege,
906 1956 1099 1999 omnes
1125 1944 1486 2003 observabant
1514 1952 1758 2017 sabbata,
1804 1948 1998 2013 Omnes

376 2031 935 2089 circumcidebantur.
994 2037 1115 2093 Non
1160 2048 1340 2109 potest
1390 2043 1655 2113 quiSpiam
1715 2046 1877 2101 alium
1916 2049 2000 2104 di-

376 2139 532 2178 cere.
557 2127 612 2179 7.
649 2125 749 2193 Qui
796 2128 849 2180 in
908 2118 1083 2185 diebus
1123 2132 1296 2188 carnis
1343 2128 1471 2203 sua},
1517 2138 1689 2207 preces
1726 2141 1998 2213 supplica-

382 2216 645 2283 tionesque
693 2219 761 2271 ad
792 2235 931 2286 eum,
964 2218 1053 2292 qui
1098 2225 1260 2293 possit
1310 2225 1459 2279 itlunt
1505 2224 1709 2283 solrum:
1759 2232 1929 2300 facere
1967 2251 2000 2288 a

388 2318 578 2373 morte,
620 2325 730 2363 cunt
771 2312 1004 2367 clamore
1044 2304 1218 2369 valido
1260 2326 1306 2370 et
1353 2306 1591 2391 lacrgmis
1618 2320 1858 2391 o/ferens,
1901 2326 1996 2381 ea:-

390 2398 603 2452 auditus
638 2414 711 2453 est
752 2418 847 2471 pro
896 2419 993 2457 sua
1028 2404 1343 2483 reverentia.
1398 2410 1453 2465 8.
1506 2409 1575 2465 Et
1624 2415 1829 2483 quidem
1879 2406 1996 2471 cum

382 2500 517 2543 esset
564 2489 731 2546 Filius
786 2482 908 2561 Dei,
949 2480 1132 2550 didicit
1182 2496 1244 2552 est:
1278 2498 1341 2554 iis
1387 2516 1501 2570 qua:
1531 2480 1710 2573 passus
1756 2515 1828 2560 cst
1873 2506 1994 2562 obe-

381 2581 649 2636 dientiam.
678 2581 845 2640 Vides
889 2588 1035 2656 quod
1078 2588 1212 2644 nihil
1256 2591 1400 2647 aliud
1452 2593 1595 2662 facit,
1646 2611 1807 2666 quam
1846 2598 1990 2670 quod

377 2674 805 2746 ostenditquam
838 2680 980 2748 gerit
1032 2688 1219 2735 curam
1270 2692 1324 2738 et
1375 2682 1641 2742 summam
1670 2690 1996 2747 caritatem?

376 2762 516 2832 Quid
549 2762 695 2819 enim
727 2768 831 2822 sibi
862 2769 980 2825 vult
1023 2770 1174 2838 illud,
1207 2772 1334 2829 Cum
1361 2776 1584 2831 clamore
1619 2781 1789 2835 valido
1812 2768 1837 2835 2
1862 2780 1994 2838 nus-

372 2871 537 2925 quam
571 2858 677 2913 hoc
721 2859 855 2916 dicit
894 2863 1271 2934 Evangelium,
1320 2884 1496 2939 neque
1541 2871 1682 2941 quod
1728 2889 1891 2931 orans
1922 2877 1993 2933 sit

374 2947 733 3019 lacrymatus,
782 2958 963 3025 neque
1007 2956 1152 3026 quo'd
1197 2959 1490 3016 clamorem
1542 2962 1792 3020 ediderit.
1830 2968 1993 3025 Vides

368 3044 519 3114 quod
552 3045 659 3102 hoc
679 3053 802 3100 erat
823 3049 905 3102 sui
936 3048 1003 3102 ad
1034 3052 1278 3105 uestrum
1304 3064 1519 3123 captum
1541 3054 1843 3114 demissio?
1873 3056 1991 3117 Non

369 3136 519 3191 enim
556 3139 693 3193 satis
716 3138 911 3194 habuit
941 3140 1122 3197 dicere
1146 3145 1287 3213 quod
1311 3150 1378 3198 sit
1407 3158 1674 3214 precatus,
1703 3152 1796 3205 sed
1829 3150 1991 3209 etiam

369 3230 515 3301 quod
544 3246 669 3286 cum
691 3232 937 3288 clamore
967 3234 1168 3289 valido.
1203 3229 1269 3290 Et
1296 3238 1525 3305 auditus,
1560 3242 1748 3312 inquit,
1775 3263 1866 3315 pro
1897 3244 1992 3301 sua

369 3324 679 3377 reverentia.
719 3321 946 3378 Etiamsi
974 3332 1101 3380 esset
1133 3326 1178 3382 F
1180 3322 1322 3393 ilius,
1350 3328 1531 3386 didicit
1561 3351 1622 3388 ex
1650 3336 1711 3389 iis
1734 3336 1848 3406 qua:
1867 3356 1989 3409 pas-

367 3433 457 3470 sus
488 3426 564 3469 est
591 3416 961 3471 obedientiam.
994 3418 1051 3473 9.
1080 3416 1145 3473 Et
1175 3414 1559 3479 consummatus
1583 3429 1747 3497 factus
1778 3443 1849 3481 cst
1876 3448 1990 3484 ont-

367 3511 522 3563 nibus
564 3510 1035 3580 obtemperantibus
1062 3514 1106 3565 ei
1134 3522 1288 3568 causa
1317 3514 1500 3570 salutis
1522 3516 1745 3584 teter-nte,
1778 3521 1861 3576 l0.
1897 3540 1992 3593 ap-

366 3601 599 3668 pellatus
624 3618 660 3655 α
700 3602 814 3656 Deo
860 3605 1096 3674 pontifex
1115 3606 1270 3675 juxta
1312 3609 1543 3661 ordinem
1586 3606 1985 3668 Melchisedech.

364 3695 505 3749 Esto
538 3710 667 3749 cum
695 3695 940 3749 clamore
974 3714 987 3747 :
1017 3710 1116 3750 cur
1142 3697 1303 3751 etiam
1337 3696 1561 3754 valido?
1593 3698 1790 3755 Etcum
1819 3704 1988 3775 iaCt‘y-

358 3790 501 3855 mis,
548 3790 749 3859 inquit,
799 3788 1059 3855 offerens,
1110 3791 1380 3844 exauditus
1426 3801 1499 3845 est
1542 3790 1634 3863 tiro
1686 3798 1985 3850 reuerentia.

360 3882 717 3936 Erubesca'nt
746 3880 1010 3944 ha'retici.
1067 3882 1157 3952 qui
1202 3878 1419 3938 carnem
1478 3896 1675 3953 negant
1710 3880 1805 3959 (α).
1849 3876 1987 3957 Quid

356 3974 505 4031 dicis
536 3974 562 4027 ?
603 3973 1005 4028 exaudiebatur
1052 3971 1225 4027 Filius
1272 3974 1364 4029 Dei
1412 3990 1511 4046 pro
1539 3981 1880 4033 reverentia?
1911 3981 1979 4035 Et

359 4077 491 4147 quid
522 4072 595 4131 de
627 4070 909 4144 prophetis
937 4069 1059 4140 plus
1087 4066 1370 4125 dix'critiS?
1398 4058 1656 4135 Quintiani
1696 4079 1876 4123 autem
1900 4078 1982 4124 est

362 4163 767 4238 consequentia
789 4156 993 4229 dicere,
1028 4159 1315 4216 Exauditae
1346 4177 1438 4231 pro
1460 4162 1737 4214 reverentia
1762 4179 1779 4223 ;
1807 4172 1858 4216 et
1890 4160 1984 4215 ad-

362 4260 519 4321 dere,
583 4255 809 4310 Etiamsi
855 4263 985 4308 esset
1019 4250 1210 4315 Filius,
1242 4252 1420 4305 didicit
1463 4268 1526 4305 ex
1567 4252 1630 4305 iis
1656 4268 1769 4322 qua:
1799 4268 1979 4322 passus

362 4362 435 4406 est
463 4344 811 4405 obedientidni
834 4346 859 4400 ?
884 4346 1075 4400 hmcne
1120 4343 1188 4399 de
1220 4344 1329 4398 Dco
1356 4344 1552 4398 dixerit
1581 4346 1889 4416 quispiam?
1932 4356 1984 4400 et

361 4444 484 4512 quis
511 4440 659 4495 adeo
700 4438 1026 4495 insanierit?
1057 4435 1175 4507 quis
1206 4446 1385 4490 autem
1416 4446 1610 4493 emota)
1639 4439 1833 4491 mentis
1867 4435 1984 4492 hinc

363 4536 531 4590 fuerit
558 4532 859 4603 lnq'uutus?
901 4529 1215 4595 Ea‘auditus,
1236 4531 1427 4598 inquit,
1457 4548 1551 4600 pro
1582 4532 1878 4593 reverentia,
1904 4530 1983 4583 di-

359 4630 487 4681 dicit
509 4632 577 4680 ex
604 4627 669 4679 iis
695 4618 811 4691 qua?
835 4638 1020 4695 passus
1042 4633 1113 4675 est
1132 4622 1489 4677 obedientiam.
1514 4622 1684 4688 Quam
1717 4623 1981 4677 obedien-

362 4722 524 4776 tiam?
556 4720 648 4790 qui
679 4732 850 4788 usque
878 4716 946 4770 ad
977 4714 1204 4771 mortem
1236 4726 1388 4771 antea
1418 4717 1673 4783 obcdivit,
1709 4727 1980 4787 tamquam

359 4814 506 4887 patri
543 4812 709 4875 lilius,
734 4804 1008 4880 quomodo
1037 4819 1219 4880 postea
1244 4808 1474 4862 didicit?

434 4906 494 4962 2.
528 4904 697 4959 Vides
738 4903 841 4957 huc
880 4896 1084 4958 diutum
1127 4916 1246 4957 esse
1275 4901 1342 4955 de
1371 4902 1584 4956 carne?
1622 4902 1761 4973 quod
1801 4896 1980 4959 autem

361 5001 499 5057 dicit
554 5000 642 5053 est
685 4987 1021 5065 hujdsmodi.
1074 4990 1171 5048 Dic
1215 4993 1368 5059 mihi,
1418 4990 1713 5063 rogabatne
1768 4992 1980 5049 Patrem

356 5106 418 5150 ut
464 5084 788 5149 sérvaretdi‘
842 5104 872 5141 a
926 5084 1125 5151 morte,
1181 5094 1236 5141 et
1284 5094 1570 5155 propterea
1613 5086 1729 5140 erat
1787 5086 1977 5152 tristis,

352 5186 412 5243 et
439 5184 666 5241 dicebat
697 5198 711 5235 :
747 5176 809 5237 Si
840 5176 1080 5249 possibile
1106 5188 1197 5244 est,
1228 5186 1453 5231 transeat
1500 5194 1533 5231 a
1570 5172 1659 5231 me
1704 5172 1842 5232 calix
1890 5178 1982 5232 iste

359 5276 615 5341 (Halm.
657 5273 754 5329 S16.
799 5264 869 5328 39
899 5272 955 5341 )?
1005 5274 1105 5341 pro
1155 5270 1557 5326 resurrectione
1606 5279 1785 5325 autem
1847 5262 1981 5325 nus-

354 5346 525 5441 quam
583 5360 765 5422 oravit
819 5360 1055 5429 Patrem,
1108 5362 1202 5417 sed
1240 5358 1437 5416 contra
1470 5362 1585 5431 ipse
1630 5360 1977 5431 pronuntiat,

355 5460 549 5521 dicens
580 5480 595 5517 :
630 5452 836 5515 Solvite
859 5455 1107 5526 templum
1152 5454 1266 5519 hac,
1299 5462 1343 5508 et
1370 5456 1421 5507 in
1451 5454 1610 5509 tribus
1636 5454 1814 5509 diebus
1845 5457 1982 5509 exci-

356 5559 477 5613 tabo
529 5559 744 5626 ipsum;
790 5558 876 5617 et,
930 5544 1238 5604 Potestatent
1279 5548 1440 5601 habeo
1485 5545 1709 5616 ponendi
1755 5548 1980 5601 animant

409 5726 490 5787 (α)
504 5713 760 5787 Βετείίεί
786 5708 854 5787 ί¹¹ί
877 5703 1978 5787 (ιυὲ,θὲἔῗῐὲῗῖῖἶἓῗὲἓ¹ὶὲ¹ἔὶν..ῖῖηίέἷέξ¹ί.εἶνῖθέΡῖῗῖ

346 5768 747 5841 ωλιῗῶὶίειωη
762 5768 935 5837 specie
949 5778 1136 5820 tantum
1149 5781 1348 5817 carnem
1359 5768 1701 5829 assumpsisse,
1714 5768 1778 5817 de
1800 5770 1978 5832 quibus

348 5863 517 5915 supra.

684 5953 968 6013 Ρλτκοῐ..
1020 5950 1138 6006 Gn.
1184 5943 1390 6002 LXllI.

2084 1104 2325 1177 gendum,
2357 1114 2402 1159 et
2440 1098 2586 1158 tertia
2608 1105 2690 1157 die
2715 1115 2945 1175 resurget
2969 1104 3187 1175 (Matth.
3218 1107 3311 1162 ΞΟ.
3346 1106 3454 1181 l8).
3487 1110 3550 1164 Et
3578 1127 3686 1166 non

2084 1198 2239 1263 dixit,
2270 1192 2431 1253 Pater
2459 1214 2547 1253 me
2590 1197 2747 1252 faciet
2791 1212 3095 1267 resurgere.
3128 1196 3410 1266 Quomodo
3454 1218 3581 1273 ergo
3618 1203 3686 1258 de

2082 1306 2148 1347 eo
2174 1290 2537 1362 precabatur?
2560 1290 2664 1346 Sed
2703 1306 2800 1362 pro
2845 1292 3039 1362 quibus
3087 1293 3412 1362 precabatur
3439 1295 3461 1349 ?
3492 1312 3586 1365 pro
3619 1297 3685 1353 iis

2081 1386 2169 1455 qui
2203 1386 2255 1440 iu
2284 1385 2459 1461 ipsum
2491 1386 2854 1441 crediderant.
2882 1386 3053 1454 Quod
3093 1397 3272 1441 autem
3301 1387 3432 1442 dicit
3476 1400 3557 1445 est
3587 1389 3686 1444 hu-

2083 1473 2320 1541 iusmodi
2356 1491 2367 1528 :
2397 1472 2576 1529 Facile
2624 1476 2931 1532 exauditur.
2984 1476 3118 1532 Nam
3174 1479 3428 1549 quoniam
3479 1480 3546 1533 de
3596 1472 3689 1533 illo

2086 1566 2325 1623 nondum
2373 1562 2642 1624 habebant
2687 1585 2805 1626 eam
2838 1585 2998 1641 quam
3046 1585 3143 1641 par
3186 1580 3303 1626 erat
3334 1570 3641 1641 opinionem
3668 1612 3685 1637 ,

2084 1659 2221 1715 dixit
2246 1676 2369 1715 eum
2405 1660 2571 1717 fuisse
2601 1662 2936 1728 exauditam,
2966 1662 3107 1717 sicut
3135 1661 3251 1732 ipse
3279 1676 3490 1734 quoque
3520 1660 3687 1717 disci-

2086 1753 2242 1822 pulos
2270 1754 2559 1809 consolans
2586 1753 2800 1809 dicebat
2836 1774 2847 1807 :
2884 1754 2945 1809 Si
2975 1772 3055 1808 me
3076 1756 3376 1824 diligeretis,
3401 1754 3689 1825 gaudet-etis

2085 1842 2277 1915 utique,
2308 1846 2549 1915 quoniam
2588 1846 2659 1899 ad
2699 1842 2910 1900 Patrem
2949 1863 3114 1900 meum
3164 1845 3315 1911 vado,
3362 1848 3483 1917 quia
3530 1842 3691 1899 Pater

2084 1937 2254 2008 major
2301 1954 2381 1992 me
2407 1938 2696 2006 est(Joan.
2731 1939 2819 1994 14.
2850 1939 2921 1995 28
2944 1938 2984 2005 ).
3018 1940 3301 2007 Quomodo
3347 1950 3525 1994 autem
3580 1955 3687 1993 non

2086 2032 2323 2099 seipsum
2366 2031 2706 2102 gloriﬁcavit,
2740 2033 2830 2103 qui
2876 2033 3114 2103 seipsum
3147 2034 3430 2090 exinaniit.
3476 2033 3565 2103 qui
3599 2048 3689 2086 sc-

2087 2121 2259 2191 ipsum
2308 2123 2562 2177 tradidit?
2604 2122 2838 2177 Tradidit
2888 2126 3053 2191 enim,
3085 2126 3290 2195 inquit,
3336 2134 3555 2199 seipsum
3594 2120 3690 2196 pro

2087 2216 2307 2287 peccatis
2353 2218 2539 2271 nostris
2580 2217 2722 2289 (Gal.
2757 2220 2806 2273 Ι.
2843 2219 2933 2290 i);
2980 2229 3034 2273 et
3062 2234 3272 2285 rursus,
3308 2219 3407 2285 Qut
3436 2219 3573 2273 dedit
3612 2236 3691 2273 se»

2086 2313 2254 2381 ipsum
2276 2312 2672 2381 redemptionem
2698 2331 2792 2384 pro
2816 2315 3048 2368 omnibus
3075 2314 3218 2368 nobis
3246 2314 3325 2385 (l.
3353 2314 3485 2369 Tim.
3516 2314 3572 2368 2.
3604 2313 3685 2379 6).

2088 2402 2225 2472 Quid
2271 2419 2400 2473 ergo
2428 2404 2555 2458 est?
2586 2404 2750 2461 Vides
2797 2406 2936 2476 quod
2984 2416 3206 2477 prepter
3252 2422 3471 2462 carnem
3518 2407 3584 2461 de
3631 2422 3692 2462 se

2089 2495 2327 2566 loquitur
2367 2498 2587 2551 humilia
2616 2499 2638 2551 ?
2667 2499 2739 2553 Ita
2773 2498 2859 2553 hic
2902 2515 3134 2569 queque,
3166 2500 3375 2555 etiamsi
3407 2510 3552 2555 esset
3598 2482 3689 2553 iii-

2088 2590 2212 2656 lius,
2244 2590 2530 2645 exauditus
2580 2590 2679 2645 fuit
2716 2607 2811 2661 pro
2862 2607 2952 2646 sua
3006 2592 3306 2647 reverentia
3343 2612 3356 2653 :
3388 2593 3501 2647 vult
3543 2593 3689 2647 enim

2088 2685 2373 2739 osrendere
2401 2684 2449 2738 id
2477 2684 2618 2754 quod
2646 2694 2856 2754 gestum
2890 2694 2969 2739 est
2996 2686 3162 2753 magis
3194 2699 3313 2739 esse
3342 2702 3477 2755 opus
3508 2701 3688 2749 suum,

2089 2794 2248 2849 quam
2278 2776 2372 2833 Dei
2417 2778 2625 2849 gratim.
2656 2777 2846 2844 Tanta,
2880 2780 3071 2849 inquit,
3103 2778 3199 2832 fuit
3224 2779 3343 2847 ejus
3388 2780 3691 2833 reverentia

2089 2887 2151 2927 ac
2178 2873 2371 2945 pietas,
2403 2880 2461 2924 ut
2490 2871 2613 2925 ideo
2643 2886 2765 2927 eum
2796 2881 3138 2927 revereretur
3166 2872 3328 2926 Deus.
3362 2872 3576 2938 Didicit,
3608 2872 3691 2925 iu-

2092 2966 2226 3034 quit,
2277 2960 2389 3019 D'eo
2420 2963 2661 3019 obedire.
2695 2960 2793 3019 llic
2836 2980 3022 3020 rursus
3053 2965 3289 3020 ostendit
3337 2975 3594 3036 quantum
3624 2966 3693 3019 sit

2090 3060 2299 3114 lucrum
2332 3059 2761 3126 perpessionum.
2787 3058 2852 3112 Et
2878 3068 3276 3123 consummatus,
3300 3060 3491 3131 inquit,
3526 3063 3692 3132 factus

2091 3162 2163 3208 est
2193 3151 2424 3206 omnibus
2453 3152 2911 3222 obtemperantibus
2940 3154 2984 3206 ei
3002 3170 3160 3206 causa
3190 3153 3388 3207 salutis.
3424 3152 3475 3208 Si
3509 3161 3691 3207 autem

2092 3245 2202 3309 ille,
2231 3260 2351 3300 cum
2381 3253 2527 3300 esset
2553 3242 2741 3309 Filius,
2772 3260 2835 3300 ex
2868 3245 3309 3316 perpessionibus
3347 3245 3584 3301 lucratus
3611 3256 3695 3300 est

2091 3342 2148 3391 ut
2197 3336 2462 3400 obediret,
2510 3337 2681 3392 multo
2729 3338 2898 3407 magis
2949 3354 3067 3392 nos.
3112 3336 3275 3392 Vides
3321 3354 3479 3405 quam
3527 3340 3693 3393 multa

2090 3427 2229 3484 dicat
2261 3429 2327 3483 de
2358 3428 2687 3494 obedientia,
2720 3440 2777 3483 ut
2809 3431 2904 3499 ipsi
2937 3431 3403 3500 persuadcanlur?
3435 3433 3695 3488 Videntur

2091 3521 2235 3575 enim
2286 3520 2414 3574 mihi
2448 3520 2753 3591 frequenter
2799 3521 3036 3577 habenas
3085 3532 3339 3578 excutere
3388 3541 3487 3579 nec
3536 3525 3698 3580 dictis

2091 3614 2469 3682 obtemperare
2502 3632 2513 3666 :
2548 3612 2650 3667 hoc
2672 3615 2815 3668 enim
2840 3613 3229 3683 subindicavit,
3255 3616 3467 3685 dicens,
3501 3618 3699 3689 chnes

2092 3705 2215 3777 facti
2242 3705 2359 3759 estis
2397 3700 2465 3756 ad
2510 3698 2842 3758 audiendum.
2878 3696 2953 3759 Ex
2988 3706 3050 3760 iis
3082 3723 3202 3777 qua:
3248 3723 3439 3777 paSsus
3468 3720 3571 3777 est,
3618 3712 3699 3764 in-

2092 3796 2226 3865 quit,
2249 3795 2589 3850 continenter
2626 3795 2814 3850 didicit
2841 3797 2950 3852 Deo
2978 3796 3220 3853 obedire.
3258 3799 3325 3852 Et
3369 3817 3697 3855 consumma-

2092 3896 2171 3940 tus
2214 3903 2232 3939 :
2278 3901 2373 3956 per
2401 3886 2698 3957 passiones,
2731 3888 2920 3957 inquit.
2947 3888 3061 3943 Hoc
3084 3898 3167 3944 est
3192 3905 3320 3959 ergo
3348 3907 3696 3947 consumma-

2093 3977 2190 4042 tio,
2219 3986 2274 4032 et
2301 3992 2395 4047 per
2427 3979 2530 4032 hoc
2560 3979 2742 4033 venire
2783 3991 2994 4048 oportet
3022 3981 3087 4035 ad
3136 3978 3544 4050 perfectionem.
3580 3986 3697 4042 Non

2100 4075 2272 4127 solum
2322 4074 2435 4141 ipse
2482 4072 2662 4125 salvus
2692 4068 2881 4134 erasit,
2930 4066 3027 4123 sed
3072 4068 3174 4122 hoc
3221 4068 3382 4121 etiam
3428 4066 3529 4121 fuit
3576 4066 3699 4121 aliis

2099 4167 2251 4234 capia
2285 4166 2503 4220 salutis:
2526 4165 2913 4218 Consummatus
2930 4163 3073 4218 enim
3107 4160 3202 4231 fuit
3222 4161 3692 4228 obtemperantibus

2100 4256 2197 4322 ipsi
2236 4272 2393 4309 causa
2434 4255 2613 4310 salutis
2652 4263 2873 4308 ceterum.
2908 4252 3230 4323 Appellatus,
3278 4252 3469 4323 inquit,
3507 4268 3538 4305 a
3586 4248 3694 4305 Dec

2102 4347 2334 4417 pontifex
2360 4345 2638 4400 secundum
2667 4345 2901 4399 ordinem
2932 4342 3325 4403 Melchisedech.
3368 4344 3451 4398 ll.
3489 4341 3564 4397 De
3597 4360 3695 4414 quo

2101 4437 2243 4492 nobis
2281 4435 2493 4509 grandis
2535 4454 2700 4491 sermo
2726 4445 2774 4489 et
2816 4436 3265 4507 ininterpretabilis
3308 4428 3377 4488 ad
3404 4433 3695 4488 dicendum.

2105 4528 2439 4584 Deducturus
2489 4528 2787 4583 orationem
2840 4529 2904 4582 ad
2955 4527 3312 4582 differentiam
3368 4527 3693 4587 sacerdotii,

2101 4624 2251 4693 prius
2279 4638 2373 4678 eos
2421 4623 2685 4692 increpat,
2730 4620 3024 4677 ostendens
3050 4622 3191 4690 quod
3225 4629 3335 4675 tam
3378 4636 3568 4692 magna
3614 4620 3698 4673 sui

2098 4716 2360 4771 demissio
2387 4717 2460 4770 sit
2496 4716 2618 4781 lac;
2652 4716 2867 4786 etquod
2904 4716 2975 4769 illi
3005 4716 3111 4769 sint
3134 4713 3580 4784 infantes,magis
3613 4723 3697 4767 est

2100 4807 2417 4863 immoratus
2448 4809 2499 4862 in
2534 4807 2720 4863 humili
2768 4808 2857 4878 qui
2884 4814 2967 4863 est
2997 4808 3292 4862 secundum
3339 4823 3559 4863 carnem
3589 4822 3693 4861 ser-

2098 4914 2276 4963 mone,
2310 4911 2363 4954 et
2396 4892 2631 4971 loquitur
2679 4911 2948 4971 tamquam
2992 4903 3059 4955 de
3098 4884 3328 4972 quodam
3354 4900 3518 4968 justo.
3559 4888 3695 4983 Vide

2093 5002 2272 5045 autent
2308 5010 2318 5045 :
2351 5006 2451 5046 nec
2491 4991 2712 5046 omnino
2764 4993 3021 5062 prieteriit
3068 5008 3178 5046 rem
3223 4992 3460 5055 silentio,
3516 5007 3692 5061 neque

2104 5087 2239 5140 dixit
2271 5104 2283 5138 :
2313 5101 2434 5139 nam
2468 5084 2596 5141 illud
2627 5087 2840 5156 quidem
2867 5085 2989 5140 fecit
3016 5092 3073 5137 ut
3101 5086 3334 5139 mentem
3367 5100 3552 5137 eorum
3582 5085 3693 5138 eri-

2089 5176 2259 5250 geret,
2290 5187 2342 5231 et
2392 5178 2740 5248 persuaderet
2785 5185 2841 5233 ut
2882 5185 3063 5232 essent
3112 5174 3364 5248 perfecti,
3397 5187 3451 5231 et
3479 5179 3685 5250 magnis

2089 5288 2195 5325 non
2241 5272 2580 5341 privarentur
2623 5269 3002 5338 dogmatibus;
3035 5269 3136 5323 hoc
3180 5277 3358 5345 autem
3408 5270 3554 5336 fecit,
3620 5288 3687 5328 ne

2086 5363 2342 5420 obrueret
2372 5379 2559 5420 eorum
2591 5362 3020 5433 intelligentiam.
3065 5360 3144 5416 De
3166 5377 3264 5433 quo
3292 5356 3435 5417 nobis
3472 5366 3686 5435 grandis

2084 5476 2271 5523 sermo,
2313 5457 2503 5527 inquit,
2537 5466 2583 5509 et
2620 5452 3070 5523 ininterpretabihs
3116 5455 3186 5507 ad
3229 5438 3519 5520 dicendum,
3549 5472 3683 5525 quo-

2083 5553 2223 5605 niam
2250 5549 2522 5603 imbecilles
2553 5549 2677 5618 facti
2703 5546 2823 5601 estis
2849 5547 2918 5600 ad
2957 5547 3287 5601 audiendum.
3316 5547 3581 5613 Quoniam
3608 5550 3682 5603 illi

2084 5660 2189 5699 non
2222 5643 2469 5707 audiunt,
2500 5651 2783 5712 prepterea
2834 5647 2921 5695 est
2949 5641 3122 5696 oratio
3150 5639 3387 5695 difﬁcilis
3419 5641 3483 5695 ad
3516 5641 3681 5696 inter-

2084 5735 2422 5807 pretandum.
2458 5734 2684 5803 Quando
2709 5734 2853 5789 enim
2883 5734 3040 5788 alicui
3070 5750 3157 5789 res
3183 5743 3267 5790 est
3296 5749 3416 5789 cum
3449 5734 3682 5790 homini-

2082 5830 2179 5886 bus
2198 5832 2286 5901 qui
2309 5846 2413 5885 non
2431 5840 2791 5901 assequuntur
2808 5845 2906 5886 nec
2929 5830 3237 5902 intelligunt
3258 5847 3378 5900 qua:
3400 5831 3671 5897 dicuntur,

3333 5938 3371 5999 ὕ
