4208 6468
549 304 612 362 τι
1262 310 1320 365 S.
1358 307 1633 364 JOANNlS
1668 307 2145 364 CllllYSOS'i‘Ulil
2183 310 2501 367 ARClllEP.
2529 312 3056 369 CONSTANTINOP.
3753 306 3819 363 7?.

561 422 606 471 is
637 436 742 475 non
790 429 966 490 potest
994 422 1073 476 eis
1098 406 1269 474 recte,
1296 418 1650 488 interpretari.
1679 417 1786 472 Sed
1835 418 1967 473 forte
1990 423 2139 489 quis-

561 514 700 577 piam
749 528 817 565 cx
867 512 1039 576 vobis,
1090 512 1178 580 qui
1211 509 1297 564 hic
1337 510 1509 573 statis,
1537 509 1753 578 caligat,
1803 519 1855 563 ct
1884 510 2139 563 damnum

558 622 669 658 rem
716 621 836 660 esse
867 605 1157 669 existimat,
1186 603 1229 656 si
1273 603 1388 671 ipse
1435 609 1655 671 propter
1683 600 1937 655 Heltricos
1982 600 2141 656 fuerit

558 697 846 766 impeditus
891 712 959 750 ne
1017 708 1321 750 sermonem
1373 692 1684 762 loqueretur
1739 692 2136 761 pet-tectiorem.

554 795 593 842 Λ
606 802 729 858 tque
751 791 883 842 forte
896 786 1108 856 quidem
1129 786 1214 840 ltic
1230 800 1463 856 quoque,
1486 791 1680 853 praeter
1700 798 1918 853 paucos,
1943 784 2140 840 multos

555 881 746 949 opinor
767 894 886 934 esse
916 879 1069 941 tales,
1091 888 1149 932 ut
1168 876 1270 930 hoc
1293 876 1453 931 etiam
1485 873 1554 929 de
1574 874 1722 928 vobis
1748 873 1989 929 dicatur:
2010 889 2140 944 pro-

555 982 669 1040 pter
697 985 892 1041 paucos
923 980 1102 1024 autem
1132 968 1329 1024 dicam.
1368 966 1635 1036 Numquid
1675 980 1803 1036 ergo
1833 980 2138 1021 sermonem

548 1062 764 1115 silentio
797 1060 1073 1130 praeteriit,
1100 1068 1194 1114 aut
1221 1074 1345 1114 eum
1376 1073 1564 1112 rursus
1586 1056 1815 1126 sumpsit
1841 1057 1895 1111 in
1920 1057 1987 1111 iis
2015 1074 2135 1128 quae

553 1151 805 1217 deinceps
832 1162 1149 1222 sequuntur,
1171 1161 1226 1208 et
1252 1152 1391 1206 idem
1424 1153 1712 1224 fecitquod
1734 1153 1788 1208 in
1817 1154 2056 1224 Epistola
2071 1152 2142 1207 ad

557 1242 873 1299 Romanos?
900 1259 1022 1299 nam
1056 1243 1167 1298 illic
1212 1258 1446 1314 quoque,
1493 1259 1615 1299 cum
1646 1257 1707 1300 os
1752 1242 1900 1314 prius
1921 1242 2145 1299 obstru-

553 1338 723 1392 xisset
752 1336 1267 1401 contradicentibus,
1302 1345 1356 1391 et
1399 1336 1650 1403 dixisset,
1686 1334 1731 1389 0
1752 1339 1921 1397 homo,
1953 1344 2005 1387 tu
2031 1349 2148 1403 quis

555 1444 606 1483 es
632 1428 717 1498 qui
760 1428 1067 1497 respondeas
1101 1425 1211 1481 Deo
1245 1425 1419 1498 (Rom.
1450 1426 1506 1482 9.
1548 1425 1687 1496 20)?
1715 1435 1842 1480 tunc
1871 1423 2148 1495 subjungit

556 1519 904 1575 solutionem.
940 1519 1050 1590 Ego
1093 1530 1273 1575 autem
1315 1528 1443 1588 puto
1488 1533 1663 1589 neque
1708 1517 1882 1588 ipsum
1924 1516 2147 1572 omnino

558 1611 773 1667 silentio
791 1612 1139 1682 prtetcriisse,
1164 1626 1336 1681 neque
1356 1610 1577 1676 dixisse,
1608 1620 1666 1664 ut
1688 1609 1962 1665 auditores
1989 1607 2147 1664 indu-

558 1712 645 1757 cat
675 1702 726 1756 in
757 1702 1102 1757 desiderium.
1130 1701 1261 1756 Nam
1285 1718 1405 1757 cum
1434 1702 1822 1767 admonuisset,
1848 1710 1902 1756 et
1920 1699 2147 1757 dixisset

558 1810 751 1866 magna
782 1796 1025 1864 qumdam
1052 1810 1173 1850 esse
1203 1796 1302 1849 sita
1334 1796 1386 1849 in
1415 1810 1685 1859 sermone,
1720 1794 1840 1850 vide
1870 1794 2143 1864 quomodo

558 1904 680 1942 cum
710 1888 865 1943 laude
903 1902 997 1943 eos
1025 1888 1283 1957 increpet.
1316 1887 1429 1940 lloc
1467 1886 1610 1941 enim
1633 1901 1847 1955 semper
1872 1893 1955 1940 est
1997 1886 2145 1941 Pauli

558 1983 854 2051 s-tpientite,
879 1981 1117 2036 difficilia
1141 1996 1203 2035 ac
1223 1981 1450 2034 molesta
1469 1981 1697 2034 miscere
1715 1993 1839 2032 cum
1862 1978 2140 2047 benignis:

558 2073 877 2141 quodetiam
904 2072 1026 2126 facit
1041 2071 1091 2125 in
1116 2070 1348 2140 Epistula
1367 2071 1432 2123 ad
1448 2069 1682 2134 Galatas,
1705 2069 1891 2123 dicens
1918 2084 1933 2120 :
1962 2066 2149 2123 Curre—

557 2163 685 2217 batis
712 2164 833 2217 bene
859 2177 877 2215 :
903 2162 1015 2232 quis
1048 2177 1134 2214 vos
1165 2160 1424 2231 impedivit
1446 2158 1642 2230 (Galat.
1666 2158 1720 2214 5.
1758 2158 1849 2227 7)?
1876 2166 1949 2221 ct,
1977 2156 2146 2211 Tanta

557 2257 693 2323 passi
723 2255 844 2310 estis
879 2256 990 2309 sine
1014 2253 1275 2307 causa?si
1300 2261 1468 2307 tamen
1510 2251 1618 2304 sine
1660 2265 1816 2303 causa
1851 2249 1869 2320 (
1892 2249 2062 2304 Galat.
2089 2251 2144 2305 5.

557 2345 613 2417 ι)
640 2363 656 2412 ;
687 2355 762 2411 et,
810 2345 921 2415 Ego
973 2345 1036 2398 de
1087 2343 1224 2398 vobis
1265 2342 1468 2411 can/ida
1496 2341 1548 2394 in
1596 2339 1815 2394 Domino
1860 2339 2059 2409 (Galat.
2088 2340 2145 2396 5.

558 2437 671 2508 10).
725 2436 879 2505 Quod
936 2435 1022 2490 his
1066 2448 1280 2505 quoque
1336 2432 1463 2487 dicit
1498 2449 1509 2485 :
1541 2430 1855 2499 Con/idiotas
1901 2430 1964 2484 de
2010 2430 2148 2485 vobis

555 2531 806 2591 meliora,
863 2537 910 2582 et
978 2527 1223 2581 viciniora
1289 2524 1446 2579 saluti
1508 2522 1711 2594 (Hebr.
1766 2522 1819 2576 6.
1876 2521 1974 2592 9).
2033 2522 2148 2578 Duo

553 2636 685 2691 ergo
732 2620 848 2674 hzec
904 2617 1028 2672 facit
1057 2636 1069 2670 :
1098 2632 1273 2687 neque
1325 2615 1484 2669 nimis
1531 2612 1794 2679 intendit,
1839 2628 2015 2683 neque
2069 2613 2148 2667 si-

555 2715 635 2768 nit
678 2728 773 2768 cos
820 2710 1125 2766 concidere.
1171 2709 1355 2763 Recte.
1388 2707 1521 2763 Nam
1553 2707 1598 2761 si
1634 2707 1859 2762 aliorum
1907 2708 2147 2777 exempla

554 2805 829 2859 sufﬁciunt
860 2803 925 2857 ad
963 2801 1303 2857 excitandum
1347 2801 1667 2864 auditorem,
1698 2810 1751 2855 et
1777 2800 1842 2854 ad
1869 2800 2145 2855 adducen-

555 2896 680 2948 dtnn
727 2895 794 2947 ad
826 2893 1224 2947 inundationem
1260 2909 1273 2945 :
1306 2890 1522 2961 quando
1561 2892 1679 2960 quis
1721 2890 1882 2945 habet
1910 2904 1939 2943 a
1969 2890 2148 2960 seipse

555 2988 884 3057 exetttplum,
918 2994 972 3041 et
998 2986 1217 3054 jubctur
1262 2984 1496 3055 scipsum
1537 2982 1799 3050 :cmnlari,
1837 2983 2005 3037 multo
2037 3000 2149 3038 ma-

555 3080 635 3145 gis
665 3078 933 3132 inducitur
980 3075 1246 3140 doctrina,
1292 3084 1350 3128 ut
1395 3072 1509 3128 ﬁeri
1554 3082 1749 3143 potest.
1788 3074 1852 3129 Et
1883 3074 1984 3129 hoc
2015 3091 2143 3145 ergo

555 3168 809 3232 ostendit,
858 3183 1029 3237 neque
1060 3166 1184 3219 sinit
1215 3179 1308 3220 eos
1349 3172 1619 3234 tamquam
1661 3164 1814 3219 valde
1860 3164 2143 3220 damnatos

556 3261 863 3325 concilcrc,
897 3274 996 3313 nec
1038 3266 1094 3311 ut
1135 3256 1224 3326 qui
1263 3272 1478 3326 semper
1524 3255 1634 3310 sint
1679 3255 1826 3324 mali,
1878 3256 1970 3311 scd
2001 3256 2143 3328 quod

555 3358 716 3411 etiam
744 3352 1026 3423 aliquando
1058 3352 1255 3406 fuerint
1277 3350 1421 3405 boni.
1453 3350 1538 3404 12.
1573 3348 1774 3403 Etenim
1805 3366 1917 3402 eum
1943 3349 2147 3404 debere-

555 3451 617 3502 tis
632 3464 738 3502 esse
755 3444 986 3517 magistri
1005 3454 1210 3515 prapter
1238 3452 1454 3513 tempus,
1476 3440 1666 3512 inquit.
1689 3439 1933 3496 Ostendit
1949 3441 2033 3496 hic
2054 3456 2149 3496 eos

558 3542 716 3609 longo
745 3546 869 3591 ante
902 3547 1142 3605 tempore
1171 3533 1465 3589 credidisse
1497 3551 1510 3587 :
1543 3531 1778 3586 ostendit
1817 3532 1979 3586 etiam
2007 3533 2148 3602 qttod

556 3636 714 3688 etiam
745 3630 880 3685 alios
908 3629 1140 3684 debeant
1170 3624 1616 3683 instituere.Vide
1642 3638 1771 3692 ergo
1788 3639 1909 3679 eum
1937 3624 2148 3679 assidue

575 3716 860 3786 parturire,
913 3727 969 3771 ιιι
1011 3717 1313 3771 introducat
1342 3731 1646 3771 sermonem
1690 3718 1758 3771 de
1789 3720 2059 3785 pontilicc,
2108 3725 2161 3769 et

573 3823 788 3862 sctnuct'
832 3807 1069 3862 differre.
1128 3807 1266 3862 Audi
1316 3810 1458 3862 enim
1513 3807 1784 3877 quomodo
1850 3807 2157 3876 inceperit:

578 3893 829 3950 [labentes
856 3898 1142 3966 pontiﬁcem
1171 3913 1434 3966 magnum,
1465 3898 1550 3964 qui
1588 3897 1863 3967 penetravit
1890 3898 2079 3961 etclos;
2106 3905 2163 3951 ct

572 4004 691 4040 eum
743 3988 1173 4057 praetermisisset
1213 3988 1397 4044 dicere
1425 3988 1698 4059 quomodo
1728 4004 2002 4058 magnum,
2035 4005 2158 4044 rur—

572 4094 662 4133 sus
685 4080 853 4133 dicit:
889 4078 1066 4133 Omnis
1092 4080 1226 4133 enim
1270 4080 1500 4148 ponti/ra:
1541 4096 1604 4134 ea:
1633 4080 1917 4135 hominibus
1958 4097 2161 4135 assum-

573 4182 704 4238 ptus,
732 4187 820 4238 pro
837 4172 1119 4225 lio-ninibus
1137 4172 1456 4226 constituitur
1472 4173 1522 4224 in
1540 4173 1602 4226 iis
1620 4188 1730 4241 qua:
1750 4183 1865 4227 sunt
1884 4174 1951 4225 atl
1973 4173 2160 4241 Deum;

573 4272 626 4314 et
655 4278 864 4326 rursus,
895 4263 984 4317 Sic
1015 4264 1165 4316 etiam
1212 4262 1445 4317 Christus
1476 4280 1576 4318 non
1600 4265 1820 4335 scipsttm
1852 4266 2160 4335 gloriﬁcavit

572 4361 627 4403 ut
658 4352 797 4419 [iet-et
828 4353 1075 4423 pontifex.
1108 4352 1172 4406 Et
1211 4354 1401 4407 iterum
1434 4369 1554 4407 cum
1601 4354 1844 4418 dixisset,
1884 4355 1959 4410 Tu
1998 4373 2049 4409 es
2075 4373 2163 4410 sa-

572 4443 748 4496 cerdos
790 4443 844 4496 in
881 4453 1123 4497 (sternunt
1166 4446 1439 4496 secundum
1467 4443 1695 4496 ordinem
1738 4443 2160 4508 Melchisedech;

573 4547 758 4586 rursus
784 4530 981 4598 dill'ert,
1006 4533 1190 4587 dicens
1224 4550 1237 4585 :
1271 4532 1371 4599 Qui
1399 4533 1451 4587 in
1473 4533 1647 4588 diebus
1667 4534 1835 4588 carnis
1860 4551 1966 4588 sua:
1989 4552 2159 4606 preces

573 4624 1063 4694 supplicationesque
1092 4624 1290 4676 obtulit.

645 4716 697 4768 5.
740 4715 1001 4782 Quoniam
1049 4727 1178 4783 ergo
1224 4715 1380 4768 toties
1412 4713 1507 4768 fuit
1544 4714 1825 4786 depulsus,
1856 4715 2019 4771 veluti
2068 4731 2160 4777 ts-

572 4808 843 4876 Spontlcns
888 4817 942 4862 et
984 4822 1043 4861 se
1086 4821 1372 4868 excusans,
1420 4806 1590 4861 dicit:
1628 4808 1685 4862 ln
1733 4825 1826 4864 vos
1874 4824 2032 4865 causa
2075 4820 2160 4867 est

573 4898 872 4954 referenda.
917 4898 1098 4968 Papte,
1129 4909 1322 4968 quanta
1349 4899 1688 4956 diﬂ‘erentia!
1734 4918 1853 4956 cum
1899 4904 2161 4960 deberent

572 4992 708 5044 alios
739 4990 951 5055 docere,
988 5000 1114 5043 sunt
1140 4989 1353 5059 quidem
1400 5006 1509 5046 non
1536 4992 1711 5047 solum
1743 4994 2015 5064 discipuli,
2063 4994 2160 5051 sed

572 5080 737 5157 etiam
764 5079 943 5133 ultimi
973 5079 1247 5150 discipuli.
1276 5079 1478 5135 Etenim
1509 5099 1621 5136 cum
1647 5083 1889 5139 deberetis
1915 5102 2024 5140 esse
2052 5102 2160 5140 ma-

573 5170 719 5241 gistri
759 5179 965 5241 propter
1002 5182 1219 5241 tenuius,
1266 5189 1437 5229 rursus
1479 5174 1719 5246 indigetis
1763 5187 1814 5229 ut
1853 5193 1938 5232 vos
1968 5179 2160 5232 doceo-

575 5263 697 5315 mini
739 5277 853 5333 qua:
896 5272 1009 5316 sunt
1047 5263 1290 5317 elementa
1320 5266 1510 5319 exordii
1556 5283 1843 5320 sermonum
1894 5268 2012 5322 Dei.
2063 5268 2160 5326 llic

577 5354 840 5407 elementa
871 5353 1074 5409 cmrdii
1103 5355 1229 5409 dicit
1264 5355 1668 5413 humanitatem.
1700 5355 1770 5414 Ut
1799 5361 1946 5413 enim
1977 5360 2026 5413 in
2058 5377 2159 5416 ex-

580 5445 743 5498 ternis
766 5444 931 5498 literis
946 5446 1176 5516 primum
1203 5457 1411 5516 oportet
1433 5448 1645 5503 discere
1666 5450 1954 5514 elementa,
1982 5452 2052 5505 ita
2074 5451 2162 5507 hic

578 5553 792 5605 quoque
838 5539 1067 5607 pritnnm
1120 5538 1301 5593 doceri
1348 5541 1634 5608 oportebat
1677 5540 1746 5595 de
1804 5542 2156 5599 humanitate.

577 5628 738 5684 Vides
777 5645 1019 5699 qurenatn
1071 5632 1140 5684 sit
1179 5646 1339 5685 causa
1371 5647 1467 5685 cur
1511 5631 1759 5702 loquatur
1791 5632 2054 5689 humilia?
2084 5634 2159 5689 lta

573 5723 731 5775 etiam
762 5720 886 5777 fecit
915 5722 1108 5775 Paulus
1147 5720 1419 5778 disserens
1462 5735 1583 5776 cum
1613 5721 2055 5789 Atheniensibus,
2104 5732 2161 5781 et

2235 420 2419 476 dicens
2450 436 2463 471 ε
2494 417 2561 472 Et
2604 428 2833 489 tempora
2858 418 3062 489 quidem
3097 417 3251 490 hujus
3293 417 3600 489 ignorantia:
3641 419 3815 488 despio

2233 512 2367 563 cicus
2395 509 2551 576 Deus,
2580 527 2713 562 nunc
2737 510 3007 563 annuntiat
3043 508 3331 563 hominibus
3358 517 3411 561 ut
3438 524 3611 563 omnes
3633 509 3819 579 ubique

2234 604 2575 672 paenitentiam
2589 613 2762 672 agant,
2785 619 2843 656 eo
2863 602 2999 673 quod
3019 603 3197 657 statuit
3225 602 3383 666 diem,
3411 603 3465 655 in
3489 618 3589 671 quo
3607 603 3818 672 judica-

2235 705 2376 748 turus
2400 704 2470 749 est
2494 693 2662 747 orbem
2684 695 2735 747 in
2763 694 3019 763 (equitate,
3049 694 3103 747 in
3122 694 3228 748 viro
3253 695 3305 747 in
3333 694 3637 764 quostatuit,
3664 695 3821 762 fidem

2235 785 2459 856 prtebcns
2484 785 2735 850 omnibus,
2754 786 3009 839 suscitans
3027 800 3143 840 eum
3164 802 3196 838 a
3212 785 3424 839 mortuis
3452 784 3586 856 (Act.
3616 787 3701 840 Π.
3723 786 3816 840 ⁸50.

2234 882 2347 950 51).
2381 879 2668 949 Propterea
2692 880 2736 935 si
2766 878 3035 948 quidpiam
3071 879 3285 950 quidem
3316 879 3443 933 dicit
3465 880 3737 934 excelsum
3767 889 3825 933 et

2236 972 2485 1035 sublime,
2516 970 2617 1025 hoc
2648 970 2777 1024 dicit
2805 970 3039 1025 breviter
3065 988 3078 1024 :
3112 969 3330 1023 humilia
3357 978 3535 1024 autem
3574 970 3820 1034 dispersa

2245 1068 2370 1113 sunt
2412 1060 2466 1114 in
2513 1063 2694 1117 multis
2725 1064 2855 1120 locis
2894 1062 3167 1133 Epistolas.
3212 1064 3279 1118 Et
3318 1065 3396 1121 sic
3440 1066 3748 1121 OStenditur
3779 1069 3835 1123 id

2246 1150 2387 1217 quod
2420 1160 2503 1206 est
2532 1152 2800 1208 excelsum
2844 1162 2898 1207 et
2927 1154 3194 1210 sublime:
3227 1170 3351 1210 nam
3381 1156 3526 1227 quod
3566 1167 3647 1214 est
3676 1158 3839 1214 valde

2247 1237 2467 1307 humile,
2520 1259 2625 1297 non
2658 1243 2786 1298 sinit
2817 1253 2873 1298 ut
2923 1243 2991 1299 dc
3035 1244 3316 1301 divinitate
3362 1249 3713 1317 suSpiccmur.
3759 1251 3837 1305 Ita

2248 1328 2335 1385 hic
2365 1349 2575 1402 quoque
2600 1334 2740 1404 quod
2774 1343 2941 1389 tutum
2983 1344 3066 1391 est
3102 1351 3345 1403 servans,
3382 1338 3604 1394 humilia
3637 1341 3840 1395 huma-

2248 1422 2404 1476 nitati
2448 1423 2691 1494 adjungit
2721 1443 2733 1478 :
2767 1425 2820 1479 in
2859 1440 3022 1479 causa
3054 1436 3232 1480 autem
3268 1436 3406 1492 erat,
3437 1428 3579 1499 quod
3608 1429 3682 1484 illi
3727 1447 3839 1487 non

2251 1526 2470 1584 possent
2503 1516 2817 1585 pcrfectiora
2846 1517 3057 1572 audire.
3089 1518 3204 1573 Hoc
3242 1520 3474 1575 maxime
3501 1520 3844 1590 signiﬁcabat

2251 1605 2302 1660 in
2336 1606 2576 1677 Epistula
2607 1608 2674 1662 ad
2722 1606 3053 1674 Corinthios,
3095 1608 3321 1664 dicens:
3349 1608 3477 1663 Cum
3517 1612 3651 1665 enim
3679 1613 3839 1681 fuerit

2249 1698 2382 1752 inter
2441 1715 2527 1755 vos
2578 1699 2718 1753 zelus
2766 1709 2813 1754 et
2876 1701 3164 1765 contentio,
3210 1717 3379 1756 nonne
3430 1703 3662 1757 carnales
3721 1703 3839 1758 estis

2256 1789 2330 1860 (l.
2365 1788 2485 1845 Cor.
2513 1791 2566 1845 5.
2596 1790 2695 1861 5)?
2738 1789 2872 1846 Vide
2920 1801 3099 1846 autem
3155 1792 3378 1846 multam
3432 1794 3552 1864 ejus
3608 1798 3842 1864 pruden-

2254 1880 2382 1934 tiam
2414 1897 2427 1934 :
2460 1896 2652 1952 nempe
2681 1896 2840 1951 quam
2874 1890 3233 1953 congruenter
3275 1894 3329 1939 et
3358 1886 3741 1942 convenienter
3781 1902 3841 1942 se

2250 1982 2399 2042 gerat
2427 1971 2482 2026 in
2506 1972 2776 2042 subjectos
2801 1974 3165 2043 mgritudincs.
3188 1974 3321 2029 Nam
3354 1976 3464 2030 illic
3488 1976 3704 2047 quidem
3735 1979 3840 2031 im-

2255 2061 2516 2116 becillitas
2560 2077 2750 2133 magna
2795 2077 2862 2118 ex
2910 2074 3060 2133 parte
3099 2064 3363 2120 existebat
3406 2082 3472 2121 ex
3516 2070 3843 2138 ignorantia,

2252 2154 2337 2210 vel
2363 2155 2545 2226 potius
2583 2171 2651 2212 ex
2693 2157 2970 2227 peccatis;
3007 2156 3094 2213 hic
3123 2167 3301 2214 autem
3335 2174 3440 2214 non
3487 2177 3552 2216 ex
3582 2166 3844 2232 peccatis,

2256 2246 2350 2302 sed
2379 2261 2444 2301 ex
2474 2247 2878 2304 continentibus
2902 2248 3300 2305 afﬂictionibus.
3330 2250 3400 2305 Et
3443 2252 3563 2307 ideo
3591 2268 3718 2308 usus
3758 2263 3848 2311 est

2257 2340 2419 2394 etiam
2464 2340 2789 2397 dictionibus
2836 2357 2955 2412 quae
3000 2343 3210 2412 possint
3255 2343 3546 2400 ostendere
3588 2345 3849 2400 differen-

2260 2430 2406 2494 tiam,
2437 2428 2548 2484 illic
2568 2430 2777 2499 dicens,
2807 2430 3055 2487 Cat-nales
3085 2434 3210 2504 facti
3239 2435 3387 2500 estis;
3412 2434 3499 2489 hic
3529 2451 3676 2500 vero,
3708 2436 3848 2503 Quia

2260 2524 2434 2595 major
2472 2534 2589 2580 erat
2624 2525 2801 2591 dolor,
2837 2526 3062 2582 hebetes
3097 2527 3224 2583 facti
3272 2529 3425 2583 estis.
3461 2529 3539 2583 Illi
3568 2545 3672 2584 non
3700 2530 3847 2584 enim

2258 2630 2365 2670 non
2395 2624 2688 2685 potuerunt
2714 2615 2876 2682 ferre,
2910 2617 3077 2687 utqtti
3109 2626 3293 2674 essent
3318 2620 3595 2684 carnales;
3629 2618 3715 2673 isti
3741 2635 3853 2674 au.-

2261 2715 2369 2762 tem
2402 2715 2711 2775 potuerunt.
2746 2708 2936 2762 Dicere
2957 2708 3128 2775 enim,
3173 2710 3427 2776 Quoniam
3454 2711 3729 2765 imbecilles
3759 2715 3847 2780 fa-

2260 2796 2327 2850 cli
2374 2796 2492 2850 estis
2532 2797 2601 2850 ad
2630 2796 2965 2863 audiendum,
3017 2806 3101 2852 est
3141 2798 3489 2870 signiﬁcantis
3529 2801 3670 2871 quod
3717 2802 3851 2855 olim

2265 2886 2463 2943 fuerint
2503 2887 2617 2942 sani
2646 2899 2701 2942 et
2732 2886 2897 2944 fortes
2924 2890 3196 2960 animique
3239 2891 3515 2949 alacritate
3554 2893 3849 2959 ferventes,

2263 2987 2318 3033 et
2356 2987 2543 3049 postea
2598 2977 2699 3033 hoc
2738 2977 2805 3033 de
2850 2981 2928 3034 eis
2959 2989 3203 3035 testatur.
3246 2980 3315 3035 Et
3341 2984 3465 3052 [acti
3506 2984 3626 3037 estis
3668 2984 3855 3052 quibus

2264 3072 2392 3124 lacte
2411 3088 2537 3141 opus
2564 3071 2650 3137 sit,
2680 3088 2781 3125 non
2821 3073 2985 3126 solido
3024 3073 3153 3128 cibo.
3200 3073 3427 3145 Semper
3454 3075 3538 3130 lac
3563 3086 3718 3131 vocat
3750 3075 3857 3129 htt-

2266 3162 2445 3218 milem
2475 3177 2803 3229 sermonem,
2835 3175 2891 3219 et
2935 3164 3022 3220 hic
3067 3174 3122 3220 et
3150 3165 3279 3221 illic.
3312 3165 3439 3222 Cum
3479 3168 3743 3234 deberetis,
3775 3168 3856 3223 in.

2266 3257 2400 3325 quit,
2424 3272 2531 3311 esse
2552 3257 2781 3328 magistri
2802 3268 3009 3329 propter
3037 3268 3235 3332 tempus
3266 3278 3284 3315 .'
3302 3275 3366 3317 ac
3393 3263 3437 3317 si
3469 3262 3690 3329 diceret,
3712 3263 3856 3320 Pro-

2268 3355 2386 3415 pter
2419 3345 2558 3416 quod
2591 3348 2821 3402 maxime
2847 3348 3094 3404 dissoluti
3125 3361 3181 3405 et
3206 3354 3383 3421 supini
3409 3352 3535 3408 facti
3557 3355 3706 3419 estis,
3729 3372 3859 3425 pro-

2268 3447 2388 3508 pter
2418 3438 2469 3493 id
2502 3440 2732 3494 maxime
2759 3440 2969 3497 dehetis
3014 3458 3135 3498 esse
3175 3442 3365 3512 fortes,
3412 3461 3606 3517 nempe
3637 3459 3857 3520 propter

2270 3539 2499 3600 tempus.
2543 3530 2650 3586 Lac
2674 3542 2827 3587 vocat
2853 3531 3106 3588 humilem
3141 3551 3447 3593 sermonem
3474 3538 3616 3607 quod
3646 3555 3860 3594 conre-

2270 3622 2384 3675 niat
2409 3622 2824 3692 simplicioribus
2856 3642 2868 3677 :
2895 3624 2996 3681 hoc
3022 3635 3200 3682 autem
3238 3636 3323 3683 est
3363 3631 3690 3685 contrarium
3729 3646 3859 3700 per-

2271 3708 2604 3781 tectioribus,
2637 3722 2691 3768 et
2734 3724 2813 3768 est
2848 3716 3070 3770 noxium
3104 3718 3154 3770 in
3206 3716 3270 3772 iis
3314 3718 3610 3774 immorari.
3652 3723 3858 3785 Quant-

2266 3807 2449 3863 obrem
2479 3820 2585 3861 non
2619 3806 2903 3877 oportebat
2940 3820 3081 3862 nunc
3111 3806 3297 3862 inferri
3326 3808 3535 3878 legalia,
3570 3825 3744 3879 neque
3767 3826 3842 3866 ex

2265 3897 2347 3953 his
2372 3898 2487 3954 ﬁeri
2538 3898 3177 3969 comparationem:quia
3204 3901 3469 3969 pontifex,
3512 3910 3567 3956 et
3595 3903 3719 3971 quia
3763 3918 3856 3956 sa-

2263 3990 2539 4056 crificavit,
2580 4001 2637 4046 et
2680 3991 2853 4045 oravit
2895 4004 3015 4046 cum
3063 3991 3299 4046 clamore
3333 4001 3383 4045 et
3429 3993 3846 4063 supplicatione.

2264 4081 2395 4136 Vide
2423 4096 2551 4152 ergo
2577 4082 2847 4151 quomodo
2889 4080 3004 4136 hsce
3036 4081 3189 4136 nobis
3216 4081 3432 4137 fastidio
3477 4082 3623 4145 sint;
3656 4082 3748 4137 sed
3783 4100 3849 4139 ea

2262 4174 2381 4228 illos
2420 4183 2543 4228 tunc
2574 4174 2900 4241 nutriebant,
2933 4189 3104 4243 neque
3131 4188 3352 4245 usquam
3380 4190 3441 4230 ea
3477 4174 3847 4232 fastidiebam.

2264 4264 2431 4319 Verus
2452 4279 2581 4334 ergo
2612 4263 2764 4319 cibus
2788 4275 2912 4319 sunt
2942 4265 3031 4318 Dei
3060 4264 3293 4334 eloquia,
3325 4280 3445 4335 quae
3469 4266 3706 4320 animam
3741 4284 3846 4320 ttu-

2261 4356 2442 4409 tr'tunt.
2472 4355 2625 4422 Quod
2648 4366 2825 4410 autem
2853 4357 3072 4410 verbum
3101 4354 3170 4410 sit
3200 4370 3343 4422 esca,
3373 4356 3496 4412 hinc
3514 4357 3688 4427 palam
3718 4367 3804 4413 est
3830 4375 3846 4413 :

2264 4446 2402 4499 Dabo
2437 4449 2604 4508 enim,
2646 4447 2834 4516 inquit,
2877 4448 2948 4500 cis
2990 4464 3088 4500 non
3131 4450 3315 4515 [autem
3358 4449 3526 4518 panis,
3568 4465 3658 4502 nec
3704 4450 3845 4504 sitim

2255 4551 2419 4602 ιιιίιιίῑι,
2448 4539 2536 4588 sed
2558 4537 2741 4603 {autent
2764 4536 3004 4589 audiendi
3038 4535 3168 4590 verbi
3197 4535 3406 4592 Domini
3430 4538 3608 4609 (Amos
3634 4538 3688 4591 8.
3725 4540 3843 4608 ll).

2256 4627 2360 4679 Lar
2389 4627 2524 4680 vobis
2553 4637 2725 4696 potum
2756 4626 2893 4693 dedi,
2928 4645 3028 4682 non
3072 4644 3234 4681 escam
3258 4627 3333 4700 (Ι.
3366 4628 3486 4684 Cor.
3517 4631 3571 4685 5.
3602 4629 3680 4699 ‘3).
3712 4628 3843 4685 Non

2254 4718 2411 4782 duxit,
2457 4717 2651 4785 Nutrii,
2694 4719 2988 4773 ostendens
3023 4720 3073 4772 id
3119 4734 3223 4773 non
3255 4734 3376 4775 esse
3426 4720 3840 4787 nutrimentum,

2254 4810 2346 4866 sed
2377 4810 2427 4864 id
2459 4826 2578 4867 esse
2614 4811 2753 4866 sicut
2785 4810 3093 4877 infantibus,
3123 4811 3212 4881 qui
3244 4827 3349 4866 non
3377 4821 3602 4882 possunt
3646 4814 3839 4868 ntttriri

2256 4918 2390 4972 pane
2423 4920 2435 4954 :
2464 4902 2526 4956 iis
2557 4902 2699 4957 enim
2732 4918 2836 4957 non
2881 4904 3039 4955 datur
3069 4913 3242 4971 potus,
3292 4902 3386 4959 sed
3429 4913 3512 4958 est
3556 4904 3636 4959 eis
3669 4906 3844 4958 nutri-

2253 5006 2489 5049 mentum
2521 5009 2618 5064 pro
2642 5005 2791 5065 potu.
2827 4993 3011 5064 Neque
3051 4993 3209 5059 dixit,
3261 4992 3408 5064 Opus
3437 4993 3668 5061 habetis,
3716 4996 3837 5057 sed,

2252 5088 2399 5142 Facti
2430 5089 2546 5143 estis
2573 5089 2749 5158 quibus
2790 5085 2919 5140 lacte
2943 5103 3072 5158 opus
3099 5087 3183 5151 sit,
3217 5104 3318 5141 non
3353 5087 3519 5141 solido
3561 5089 3707 5153 cibo;
3738 5090 3841 5144 hoc

2250 5196 2350 5246 est,
2384 5180 2490 5236 νο.
2510 5181 2777 5241 voluistis,
2808 5194 2903 5233 vos
2935 5180 3078 5248 ipsos
3105 5195 3170 5233 eo
3190 5179 3496 5248 redegistis,
3524 5189 3579 5233 et
3606 5179 3669 5233 ad
3700 5178 3840 5234 hanc

2247 5273 2576 5342 compulistis
2617 5271 3016 5325 necessitatem.
3057 5270 3147 5326 15.
3183 5269 3363 5323 Omnis
3394 5271 3528 5323 enim
3575 5271 3660 5339 qui
3688 5269 3837 5324 lactis

2246 5375 2318 5416 est
2366 5363 2638 5432 particeps,
2685 5377 2869 5430 expers
2906 5372 2978 5415 est
3020 5364 3269 5416 sermonis
3291 5362 3508 5432 justitia:
3540 5377 3557 5415 :
3589 5362 3836 5431 paruulus

2249 5455 2378 5507 enim
2407 5463 2494 5507 est.
2532 5452 2668 5519 Quid
2699 5463 2782 5505 est
2825 5467 3005 5505 sermo
3033 5452 3297 5521 jttstitite?
3328 5452 3422 5505 llic
3465 5452 3592 5506 mihi
3624 5451 3835 5507 videtur

2247 5546 2405 5597 etiam
2437 5543 2558 5596 vita:
2592 5543 2851 5597 rationem
2873 5542 3211 5595 sultindicarc
3234 5561 3245 5594 :
3269 5541 3408 5609 quod
3427 5542 3640 5611 quidem
3672 5541 3834 5595 Chri-

2245 5643 2359 5687 stus
2372 5648 2584 5703 quoque
2602 5633 2831 5695 dicebat,
2844 5631 2960 5685 Nisi
2976 5632 3305 5685 abundaverit
3321 5633 3516 5691 iustitia
3533 5643 3695 5687 vestra
3714 5632 3833 5701 plus

2244 5741 2393 5790 quant
2419 5725 2697 5780 scribarum
2726 5733 2771 5779 et
2818 5722 3453 5793 l’liaristrorumn(Matth.
3489 5723 3541 5778 5.
3571 5721 3686 5792 20).
3720 5722 3832 5779 lloc
