4208 6498
628 437 701 498 ἸΒ
802 442 808 447 ’
1349 437 1405 494 S.
1444 433 1725 492 JOANNiS
1756 426 2223 487 CHRYSOSTOMI

2322 425 2577 483 l‘iClllEP.
2617 428 3149 488 CONSTANTINOP.
3844 436 3915 501 τις

642 544 767 594 tiam
796 540 1145 611 gubernaculi
1170 583 1183 606 ,
1212 550 1301 593 aut
1326 540 1653 606 fabricandi,
1682 551 1777 595 aut
1805 542 1853 596 si
1880 542 2009 612 quid
2040 544 2185 599 aliud
2207 587 2224 613 ,

638 649 863 688 necesse
892 642 975 686 est
1005 647 1057 684 ut
1085 631 1256 685 discat
1294 647 1414 701 qua:
1454 643 1579 685 sunt
1619 632 1752 687 arth
1773 648 1788 686 :
1813 632 1899 687 hic
1928 642 2109 689 autem
2140 635 2224 689 ni-

636 726 710 780 hil
744 725 918 796 agitur
943 722 1247 794 ejusmodi,
1281 723 1439 791 idque
1482 739 1603 777 cum
1631 722 1749 778 ha‘e
1795 724 2016 779 scientia
2044 727 2225 781 multis

635 831 770 886 opus
798 817 988 869 habeat
1011 814 1225 883 vigiliis.
1256 813 1389 867 Nam
1411 815 1550 883 quod
1576 815 1675 869 hoc
1700 831 1913 885 quoque
1937 816 2007 870 sit
2032 832 2121 872 ars
2146 818 2224 872 in-

631 911 817 979 digens
845 907 1088 962 doctrina
1108 947 1123 971 ,
1152 906 1285 961 audi
1309 908 1629 981 pr0phetam
1658 907 1929 962 dicentem
1963 925 1979 964 :
2025 908 2219 975 Venite,

633 999 752 1068 filii,
783 1000 957 1055 audite
980 1017 1058 1056 me
1086 1016 1104 1055 :
1127 1003 1359 1057 timorem
1382 1001 1592 1057 Domini
1612 1004 1800 1058 docebo
1821 1019 1909 1059 vos
1927 1003 2099 1075 (Psal.
2124 1003 2216 1057 33.

634 1090 703 1145 12
732 1091 897 1163 -14).
932 1092 1072 1148 Vere
1121 1109 1249 1163 ergo
1301 1094 1546 1149 doctrina
1594 1110 1732 1164 opus
1783 1094 1943 1150 habet
1994 1094 2090 1149 Dei
2148 1094 2220 1148 ti-

632 1198 772 1239 tnor.
805 1185 1009 1240 Deinde
1034 1186 1111 1240 ait
1141 1203 1156 1243 :
1193 1188 1320 1251 Quis
1346 1199 1417 1242 est
1443 1190 1592 1243 homo
1617 1191 1704 1260 qui
1733 1190 1838 1243 vult
1857 1189 2011 1243 vitam
2035 1190 2063 1244 Ρ
2086 1188 2216 1246 dicit

630 1274 795 1328 vitam
825 1291 948 1345 qua:
974 1277 1084 1331 illic
1108 1288 1212 1332 est.
1248 1278 1314 1333 Et
1340 1278 1744 1343 rnrsus,Cohibe
1763 1281 1991 1350 linguam
2023 1291 2162 1335 tuam
2186 1298 2218 1337 a

632 1368 792 1433 malo,
817 1378 863 1420 et
880 1368 1026 1422 ‘labia
1058 1381 1145 1423 tua
1168 1388 1229 1424 ne
1256 1371 1529 1441 loquantur
1548 1372 1762 1427 dolum:
1784 1374 1983 1427 declina
2008 1390 2041 1427 a
2061 1375 2217 1439 malo,

632 1468 680 1513 et
712 1462 796 1530 fac
821 1459 1009 1514 bonum
1034 1478 1052 1516 :
1079 1478 1249 1532 quam
1273 1479 1480 1533 pacem,
1526 1474 1572 1517 et
1615 1480 1911 1534 persequere
1936 1480 2067 1518 eam.
2101 1464 2219 1520 Sci-

636 1549 775 1606 tisne
811 1552 1058 1621 quisnam
1107 1556 1367 1623 propheta
1413 1554 1526 1608 haec
1569 1554 1801 1620 dixerit,
1833 1564 1925 1609 aut
1966 1555 2221 1611 historio-

633 1641 885 1712 graphus,
915 1653 1003 1697 aut
1031 1645 1325 1714 apostolus,
1355 1654 1446 1697 aut
1475 1644 1843 1714 evangelista?
1873 1645 1982 1714 Ego
2004 1645 2220 1715 quidem

634 1750 740 1789 non
763 1737 975 1805 opinor,
1002 1748 1196 1805 praeter
1226 1750 1425 1805 paucos
1455 1752 1470 1792 :
1500 1745 1661 1806 atque
1687 1750 1875 1791 rursus
1902 1737 1966 1791 iis
1992 1736 2144 1806 ipsis,
2176 1738 2223 1792 si

634 1825 1016 1882 adduxerimus
1052 1827 1268 1881 aliunde
1298 1828 1700 1891 testimonium,
1733 1827 1874 1883 idem
1901 1828 2044 1897 quod
2071 1830 2221 1885 vobis

633 1919 865 1974 eveniet.
896 1920 1035 1974 Ecce
1060 1919 1203 1972 enim
1232 1918 1406 1972 dicam
1440 1918 1586 1973 idem
1620 1919 1821 1973 dictum
1849 1919 1970 1973 aliis
1999 1918 2179 1974 verbis
2205 1936 2220 1980 ;

636 2009 900 2062 Lavamini
923 2051 936 2075 ,
968 2010 1145 2062 mundi
1187 2019 1342 2063 estote
1362 2052 1375 2076 ,
1403 2012 1604 2080 auferte
1639 2012 1912 2081 pravitates
1946 2020 2137 2065 vestras
2161 2010 2223 2064 ab

632 2099 899 2152 animabus
929 2101 1105 2153 vestris
1132 2114 1306 2153 coram
1337 2100 1498 2153 oculis
1525 2097 1646 2153 meis
1666 2139 1681 2166 ,
1725 2100 1903 2155 discite
1928 2101 2115 2154 bonum
2142 2105 2225 2173 fa-

631 2209 742 2245 cere
763 2234 776 2256 ,
802 2193 1047 2262 exquirite
1059 2192 1316 2262 judicium
1343 2208 1361 2244 :
1382 2190 1559 2244 cohibe
1579 2192 1809 2261 linguam
1840 2202 1979 2246 tuam
2006 2209 2038 2245 a
2062 2192 2221 2258 malo,

632 2294 678 2337 et
702 2287 783 2356 fac
813 2285 998 2338 bonum
1029 2301 1051 2337 :
1079 2285 1255 2339 discite
1281 2284 1466 2337 bonum
1497 2284 1702 2355 facere(
1733 2283 1861 2338 Isai.
1896 2286 1947 2339 1.
1981 2286 2072 2341 16.
2108 2284 2220 2357 17).

635 2375 795 2430 Vides
821 2376 962 2445 quod
1011 2374 1184 2429 virtus
1210 2384 1364 2445 egeat
1404 2374 1690 2428 doctrina?
1734 2390 1857 2428 nam
1891 2375 1982 2429 ille
2009 2374 2225 2445 quidem

632 2467 796 2532 dicit,
832 2465 1084 2520 Timorem
1132 2466 1342 2520 Domini
1371 2465 1557 2519 docebo
1598 2481 1685 2519 vos
1725 2482 1743 2519 :
1780 2465 1867 2520 hic
1900 2481 2027 2521 vero
2052 2508 2067 2533 ,
2098 2464 2225 2521 Dis-

633 2559 730 2612 cite
755 2559 937 2611 bonum
966 2559 1151 2628 facere.

704 2649 927 2703 Lectoris
963 2650 1177 2719 oﬂicium
1226 2650 1279 2700 in
1312 2649 1562 2702 Ecclesia.
1608 2678 1680 2688 -—
1709 2649 1938 2704 Scitisne
1968 2651 2059 2705 ubi
2097 2650 2215 2707 lucc

633 2742 734 2794 sita
783 2741 883 2795 sint
911 2743 933 2792 ’ἐ
966 2742 1075 2809 ligo
1108 2740 1323 2809 quidem
1371 2757 1475 2793 non
1506 2740 1700 2809 opinor
1722 2783 1735 2806 ,
1767 2750 1963 2811 pra-ter
2003 2726 2225 2813 paucos.

635 2831 792 2900 Atqui
824 2830 1051 2901 singulis
1079 2828 1433 2884 hebdomadis
1462 2830 1577 2884 haec
1622 2832 1772 2886 vobis
1817 2832 1900 2888 bis
1929 2836 2011 2890 vel
2043 2843 2123 2891 ter
2146 2836 2224 2891 le-

654 2968 1001 2986 ,νῆ’-

2313 556 2514 616 guutur
2538 563 2553 610 ;
2583 552 2638 598 et
2663 556 2786 597 cum
2815 541 2983 595 lector
3009 536 3318 593 ascenderit
3341 579 3353 601 ,
3393 535 3526 592 dicit
3549 537 3779 608 primum
3812 554 3904 593 cu-

2315 639 2400 704 jus
2445 637 2516 691 sit
2557 635 2714 698 liber,
2758 647 2951 701 nempe
3001 631 3160 700 hujus
3206 629 3286 684 vel
3317 628 3464 683 illius
3494 629 3769 699 proiiheta:
3814 642 3905 685 aut

2315 728 2597 799 apostoli,
2643 735 2736 779 aut
2779 723 3159 792 evangelista};
3220 729 3346 777 tunc
3388 722 3477 775 illa
3519 721 3686 789 dicit,
3733 733 3790 777 ut
3843 738 3905 780 ea

2314 822 2485 890 magis
2531 818 2755 886 signetis
2782 825 2836 870 et
2865 814 3189 877 observetis,
3237 821 3293 867 et
3340 827 3448 867 non
3498 813 3677 867 solum
3723 814 3909 869 sciatis

2330 929 2435 984 )uae
2462 912 2573 965 illic
2598 910 2698 964 sita
2729 915 2877 974 sunt,
2909 905 3004 960 sed
3033 914 3087 959 et
3109 919 3327 959 causam
3351 918 3537 958 eorum
3560 920 3681 974 quae
3708 905 3907 974 scripta

2316 1016 2461 1071 sunt,
2494 1013 2549 1059 et
2575 1002 2819 1074 quisnam
2849 1015 2911 1055 ea
2936 999 3153 1053 dixerit.
3186 996 3295 1052 Sed
3323 997 3502 1050 omnia
3525 995 3721 1050 frustra
3749 995 3906 1064 ﬁuttt,

2317 1100 2497 1152 Omnia
2515 1106 2716 1150 temere
2749 1108 2763 1145 :
2795 1106 2917 1145 nam
2949 1098 3117 1144 totum
3141 1098 3379 1143 vestrum
3406 1088 3638 1143 studium
3662 1097 3745 1143 est
3768 1088 3909 1143 effu-

2317 1203 2437 1243 sum
2471 1188 2525 1241 in
2551 1200 2615 1241 ea
2641 1198 2760 1254 quae
2790 1181 2857 1237 ad
2887 1181 3022 1234 banc
3049 1178 3210 1233 vitam
3233 1177 3523 1247 pertinent,
3548 1178 3902 1247 spiritualium

2322 1292 2454 1331 vero
2482 1276 2629 1330 nulla
2659 1275 2886 1330 habetur
2908 1275 3067 1329 ratio.
3101 1274 3393 1341 Propterea
3423 1286 3523 1324 nec
3550 1270 3639 1323 illa
3668 1268 3818 1322 vobis
3846 1282 3913 1321 ex

2318 1369 2587 1424 sententia
2612 1368 2904 1433 eveniunt;
2934 1366 3029 1422 sed
3066 1365 3177 1420 illic
3206 1380 3419 1435 quoque
3448 1363 3630 1417 multa:
3662 1371 3787 1415 sunt
3809 1358 3921 1414 dif-

2323 1460 2612 1516 ﬁcultates.
2642 1458 2774 1515 Nam
2795 1459 3045 1513 Christus
3067 1456 3280 1527 quidem
3306 1455 3438 1509 dicit
3465 1471 3480 1507 :
3506 1453 3671 1507 Petite
3699 1468 3915 1520 regnum

2324 1551 2419 1605 Dei
2444 1593 2457 1617 ,
2487 1562 2532 1606 et
2564 1552 2671 1606 haec
2700 1551 2872 1605 omnia
2901 1549 3211 1619 adjicientur
3239 1545 3376 1600 vobis
3400 1546 3420 1611 (
3445 1544 3631 1598 Matth.
3664 1543 3717 1598 6.
3745 1543 3816 1598 53
3841 1543 3862 1610 )
3896 1558 3911 1596 :

2322 1652 2377 1699 et
2402 1643 2519 1698 haec
2536 1642 2751 1713 quidem
2779 1641 2910 1696 dicit
2929 1638 3102 1694 danda
3129 1653 3224 1708 pro
3244 1637 3588 1699 accessione;
3614 1649 3712 1689 nos
3731 1643 3913 1687 autem

2323 1734 2569 1789 ordinem
2606 1732 2924 1787 invertimus
2947 1771 2962 1796 ,
3010 1739 3067 1785 et
3114 1738 3312 1783 terram
3359 1728 3651 1797 quarrimus
3679 1734 3735 1779 et
3771 1725 3913 1779 bona

2327 1835 2485 1880 terrze
2531 1834 2799 1894 tamquam
2828 1822 2916 1876 illa
2944 1821 3052 1875 sint
3077 1819 3250 1874 danda
3282 1834 3378 1887 pro
3394 1817 3724 1872 accessione.
3776 1815 3918 1869 Pro-

2325 1930 2510 1989 pterea
2530 1933 2705 1987 neque
2727 1917 2843 1970 haec
2870 1915 3150 1980 habemus,
3177 1928 3351 1982 neque
3376 1910 3487 1965 illa.
3510 1908 3750 1964 Tandem
3781 1923 3920 1977 ergo

2325 2011 2724 2077 resipiscamus,
2780 2016 2835 2063 et
2882 2007 3059 2061 futura
3093 2005 3535 2071 concupiscamus
3586 2018 3600 2053 :
3639 2000 3717 2053 sic
3763 1998 3916 2053 enim

2319 2098 2431 2151 haec
2456 2111 2669 2167 quoque
2692 2102 3000 2165 sequentur.
3026 2091 3169 2147 Fieri
3194 2090 3339 2145 enim
3364 2102 3472 2142 non
3505 2095 3702 2157 potest,
3734 2093 3792 2138 ut
3817 2086 3913 2154 qui

2319 2206 2384 2246 ea
2414 2190 2602 2260 quaerit
2627 2203 2745 2258 quae
2785 2187 2894 2241 Deo
2922 2190 3223 2254 congruunt
3244 2222 3259 2247 ,
3287 2181 3517 2255 humana
3548 2191 3761 2247 quoque
3804 2191 3919 2229 non

2320 2289 2677 2351 assequatur:
2711 2277 2827 2333 hzec
2864 2286 2948 2332 est
2991 2273 3256 2330 sententia
3309 2270 3476 2341 ipsius
3504 2267 3761 2323 Veritatis
3809 2264 3921 2321 hoc

2321 2372 2570 2428 dicentis.
2606 2369 2686 2425 Ne
2732 2383 2860 2439 ergo
2888 2367 3046 2422 aliter
3073 2363 3367 2429 iaciamus,
3416 2360 3511 2415 sed
3552 2358 3749 2414 Christi
3778 2372 3921 2412 con-

2320 2464 2500 2519 silium
2534 2471 2848 2524 teneamus,
2880 2473 2949 2513 ne
2978 2458 3045 2512 ab
3088 2454 3339 2521 omnibus
3381 2450 3714 2506 excidamns.
3768 2449 3918 2503 Deus

2322 2561 2617 2613 autemest
2655 2560 2846 2621 potens
2887 2563 2986 2603 nos
3015 2559 3410 2616 eompnngere,
3442 2551 3498 2597 et
3535 2541 3792 2596 meliores
3842 2540 3922 2594 fa-

2332 2661 2477 2713 cere,
2513 2646 2562 2698 in
2596 2643 2811 2699 Christo
2839 2640 2967 2695 Jesu
3000 2638 3226 2693 Domino
3248 2644 3452 2701 nostro,
3482 2647 3605 2688 cum
3634 2648 3740 2702 quo
3768 2631 3921 2685 Patri

2327 2755 2429 2794 una
2447 2754 2566 2793 cum
2585 2745 2770 2790 sancto
2787 2733 2986 2803 Spiritu
3001 2731 3191 2800 gloria,
3212 2727 3514 2799 imperium,
3534 2725 3707 2779 honor
3726 2734 3782 2778 et
3799 2723 3924 2778 adn.

2326 2831 2480 2895 ratio,
2503 2842 2644 2883 nunc
2665 2835 2719 2881 et
2734 2838 2968 2894 semper,
2984 2832 3039 2877 et
3066 2822 3118 2875 in
3136 2820 3329 2875 sarcula
3353 2817 3693 2875 saeculorum.
3723 2817 3922 2871 Amen.

1987 3053 2335 3117 HOMILIA
2376 3054 2492 3117 IX.

649 3203 783 3262 Cn.
833 3206 887 3263 6.
923 3223 975 3262 v.
1026 3208 1078 3263 1.
1128 3204 1449 3278 Quapmpter
1485 3206 1871 3260 intermittentes
1903 3204 2241 3259 incltontionis
2313 3228 2343 3268 ε
2372 3211 2530 3268 nobis
2554 3209 2849 3267 haberetur
2876 3209 3057 3274 ratio,
3086 3215 3362 3277 oporteret
3381 3220 3601 3275 semper
3627 3204 3909 3259 transilire

724 3297 913 3352 Christi
955 3314 1253 3361 sermonem,
1307 3297 1374 3351 ad
1422 3296 1779 3369 perfectionem
1828 3301 2092 3368 feramur,
2139 3311 2239 3349 non
2312 3312 2370 3360 ει
2424 3301 2692 3368 transire,
2718 3310 2961 3356 vestrum
3010 3298 3212 3354 nullam
3268 3308 3516 3368 gerentes
3559 3308 3764 3358 curam,
3813 3294 3915 3349 sed

717 3404 920 3443 rursum
928 3390 1174 3459 jacientes
1190 3389 1577 3461 fundamentum
1600 3388 1907 3457 ptenitentia:
1922 3387 1982 3441 ab
2005 3386 2239 3456 cperibus
2313 3396 2461 3452 δοιοε
2501 3403 2710 3449 vestros
2751 3394 2981 3463 pIausus.
3017 3398 3272 3461 appetere
3318 3406 3334 3445 ς

722 3483 954 3543 mortuis,
979 3490 1024 3534 et
1041 3480 1162 3550 fidei
1181 3479 1249 3533 ad
1276 3478 1461 3546 Deum,
1493 3478 1547 3532 2.
1582 3479 1940 3550 baptismatum
1970 3478 2235 3543 doctrina,

718 3573 1059 3641 impositionis
1082 3589 1279 3643 quoque
1308 3588 1572 3639 uiantium,
1601 3589 1661 3625 ac
1689 3571 2069 3626 resurrectionis
2095 3585 2231 3624 mor-

719 3672 920 3717 tuorum
949 3705 964 3731 ,
997 3673 1042 3718 et
1060 3664 1249 3735 judicii
1292 3663 1486 3718 interni.
1527 3665 1581 3719 5.
1623 3660 1692 3716 Ει
1724 3663 1831 3716 lucc
1876 3661 2121 3733 faciemus
2146 3702 2159 3726 ,
2189 3660 2235 3715 si

712 3755 912 3824 quidem
942 3755 1228 3825 permiserit
1255 3753 1409 3809 Deus.

727 3847 781 3900 1.
810 3846 1102 3901 Audivistis
1131 3856 1383 3914 quantum
1415 3846 1827 3916 reprehenderit
1851 3845 2106 3901 Hebraeos
2131 3860 2226 3900 vo-

653 3938 828 3993 lentes
866 3952 1079 4007 semper
1116 3938 1185 3992 de
1236 3938 1425 3993 iisdem
1467 3938 1721 3993 discere?
1750 3948 1805 3992 et
1851 3939 2063 3993 merito.
2096 3938 2229 3993 Nam

646 4042 776 4083 eum
804 4027 1072 4083 deberetis
1103 4043 1223 4084 esse
1250 4029 1488 4098 magistri
1527 4037 1750 4098 propter
1774 4038 1981 4099 tempus
1999 4071 2012 4093 ,
2039 4044 2233 4085 rursus

639 4136 774 4191 epus
816 4121 1030 4177 habetis
1076 4131 1134 4176 ut
1178 4138 1272 4177 vos
1316 4121 1637 4187 doceamini,
1681 4136 1925 4191 quaenam
1969 4123 2076 4177 sint
2120 4124 2237 4179 ele-

646 4222 826 4266 menta
858 4211 992 4266 initii
1024 4212 1359 4283 eloquiorum
1393 4211 1504 4265 Dei.
1547 4210 1754 4266 Vereor
1778 4208 1845 4266 ne
1872 4212 1988 4266 hare
2017 4224 2231 4283 quoque

638 4303 793 4358 vobis
831 4302 1011 4359 dicere
1055 4303 1125 4358 sit
1172 4303 1546 4373 tempestivum
1574 4345 1588 4367 ,
1634 4303 1776 4373 quod
1806 4318 1927 4358 cum
1956 4304 2224 4360 deberetis

635 4410 762 4450 esse
790 4396 1028 4466 magistri
1058 4403 1280 4465 propter
1311 4404 1520 4463 tempus
1548 4434 1563 4459 ,
1600 4410 1664 4446 ne
1688 4394 2075 4464 discipulorum
2102 4397 2223 4466 qni-

635 4485 759 4540 dem
791 4486 971 4542 locum
996 4485 1261 4548 teneatis;
1292 4483 1388 4539 sed
1413 4499 1627 4554 semper
1648 4484 1835 4538 eadem
1862 4494 1917 4538 ct
1943 4484 2011 4539 de
2041 4485 2228 4541 iisdem

635 4576 947 4644 audientes,
979 4587 1248 4646 tamquam
1280 4574 1414 4630 nihil
1440 4574 1723 4629 audientes
1752 4574 1822 4629 ita
1854 4574 2030 4630 all‘ecti
2060 4576 2179 4630 sitis
2206 4595 2219 4630 :

632 4679 690 4728 et
725 4673 769 4727 si
815 4671 936 4742 quis
975 4686 1072 4725 vos
1118 4671 1433 4738 interroget,
1486 4682 1646 4722 nemo
1687 4668 1858 4737 possit
1900 4669 2229 4739 respondere

634 4770 833 4829 praeter
859 4758 1153 4815 admodum
1195 4772 1396 4828 paucos
1417 4800 1430 4824 ,
1466 4772 1667 4827 eosque
1711 4768 1989 4813 numerato
2019 4759 2224 4816 faciles.

636 4852 748 4907 lloc
774 4860 953 4907 autem
998 4864 1106 4904 non
1155 4857 1238 4904 est
1287 4864 1508 4917 parvum
1554 4848 1831 4905 damnum.
1880 4849 2037 4920 Smpe
2080 4854 2221 4906 enim

636 4941 912 4997 doctorem
957 4941 1227 4994 volentem
1271 4942 1495 4996 ulterius
1543 4944 1810 5014 progredi,
1855 4956 1909 5000 et
1952 4963 2072 5016 qua:
2111 4955 2233 5002 sunt

641 5035 812 5104 magis
839 5033 1064 5105 mystica
1097 5041 1149 5087 et
1195 5033 1386 5087 altiora
1420 5043 1639 5106 tangere
1664 5079 1680 5104 ,
1720 5053 1826 5093 non
1873 5039 2004 5093 sinit
2045 5054 2230 5095 eorum

638 5128 727 5197 qui
758 5127 975 5182 discunt
1002 5126 1208 5196 ignavia
1238 5137 1290 5181 et
1328 5129 1666 5198 negligentia.
1701 5130 1833 5186 Nam
1862 5133 2001 5187 sicut
2039 5133 2090 5188 in
2130 5149 2234 5186 ma-

635 5220 819 5290 gistris
846 5218 955 5274 ludi
989 5219 1235 5287 literarii,
1261 5220 1304 5274 si
1332 5223 1598 5277 elementa
1617 5239 1834 5294 semper
1861 5226 2045 5279 audiat
2077 5241 2227 5294 puer,

636 5321 693 5365 et
734 5328 796 5367 ea
825 5327 931 5367 non
979 5322 1198 5380 teneat,
1234 5330 1461 5371 necesse
1489 5317 1594 5371 erit
1632 5316 1810 5372 eidem
1842 5333 2010 5386 puero
2041 5318 2228 5373 eadem

635 5417 852 5472 semper
876 5403 1128 5461 insonare
1170 5416 1225 5462 et
1253 5417 1501 5476 repetere
1528 5425 1542 5472 ;
1573 5422 1672 5462 nec
1703 5409 1852 5477 prius
1875 5409 2099 5464 desistet
2131 5412 2227 5463 ilo-

633 5510 783 5562 cere,
837 5511 996 5567 quam
1054 5498 1141 5553 illa
1191 5509 1444 5555 accurate
1488 5499 1725 5570 potuerit
1773 5500 2030 5557 discere:
2088 5513 2225 5556 esset

632 5588 778 5643 enim
808 5590 988 5644 multa:
1017 5592 1288 5656 amentiae,
1324 5592 1594 5661 prioribus
1629 5607 1735 5646 non
1763 5605 1911 5648 recte
1938 5594 2123 5648 inditis
2155 5596 2220 5647 ad

633 5679 734 5735 alia
763 5696 888 5737 eum
921 5682 1122 5740 dueere
1154 5703 1165 5738 :
1196 5685 1276 5739 sic
1314 5685 1475 5740 etiam
1517 5687 1571 5739 in
1600 5685 1853 5753 ecclesia,
1882 5687 1926 5739 si
1962 5687 2119 5741 nobis
2142 5702 2227 5742 ea-

631 5771 752 5826 dem
781 5772 1082 5830 dicentibus
1128 5774 1261 5830 nihil
1303 5775 1537 5845 amplius
1575 5775 1795 5830 discatis
1816 5818 1830 5841 ,
1857 5792 1962 5831 non
1991 5778 2227 5833 (θείειιεὶ-

631 5878 747 5927 titus
766 5866 950 5924 eadem
968 5868 1169 5925 dicere.
1195 5866 1251 5924 Si
1275 5868 1649 5925 ostentationis
1673 5868 1887 5939 quidem
1910 5879 1963 5927 et
1990 5869 2211 5926 honoris

3376 3388 3470 3444 sed
3515 3387 3767 3458 quOniam
3799 3401 3914 3439 non

2318 3489 2369 3541 in
2404 3488 2506 3540 hoc
2529 3485 2766 3541 studium
2796 3483 3101 3554 posuimus,
3135 3481 3228 3536 sed
3266 3494 3364 3535 nos
3407 3494 3506 3549 pro
3550 3488 3727 3532 vestra
3760 3476 3913 3530 utili-

2319 3587 2424 3630 tate
2449 3592 2662 3630 onmem
2693 3575 2931 3629 laborem
2960 3571 3308 3641 suseipimus,
3340 3586 3446 3624 non
3476 3568 3811 3623 cessabimus
3845 3565 3921 3620 de

2316 3667 2502 3721 iisdem
2534 3665 2687 3721 vobis
2712 3665 2893 3719 dicere
2915 3703 2931 3729 ,
2962 3663 3135 3717 donec
3174 3676 3236 3715 ea
3275 3670 3421 3716 recte
3445 3659 3744 3731 gesseritis.
3778 3657 3916 3711 Nam

2318 3760 2478 3812 multa
2510 3758 2693 3812 dicere
2722 3765 3032 3824 poteramus
3055 3763 3109 3810 et
3129 3754 3197 3807 de
3226 3752 3466 3823 gentium
3498 3748 3915 3818 superstitione,

2316 3859 2371 3904 et
2399 3849 2467 3903 de
2493 3846 2800 3902 Maniclneis
2826 3856 2882 3902 et
2909 3844 3270 3900 Marcionistis
3297 3885 3312 3910 ,
3345 3851 3401 3896 et
3428 3856 3525 3911 per
3555 3841 3655 3896 Dei
3678 3841 3912 3910 gratiam

2328 3937 2529 3993 validas
2558 3938 2637 3992 eis
2665 3937 2847 4005 plagas
2876 3937 3119 4005 lnlligere
3144 3976 3158 3999 ,
3189 3936 3281 3989 sed
3317 3952 3421 3991 non
3453 3944 3701 3993 estnunc
3739 3938 3808 3993 de
3836 3942 3925 3996 eis

2329 4030 2538 4084 dicendi
2570 4037 2802 4098 tempus.
2832 4027 2961 4082 Nam
2995 4027 3060 4081 iis
3083 4028 3173 4097 qui
3202 4043 3297 4082 sua
3329 4029 3567 4084 nondum
3594 4039 3782 4084 exacte
3810 4042 3925 4085 no-

2329 4133 2471 4189 runt,
2501 4134 2553 4178 et
2573 4123 2663 4193 qui
2694 4122 2931 4176 nondum
2960 4121 3266 4175 didicerunt
3293 4119 3441 4190 quod
3467 4121 3668 4175 malum
3700 4122 3769 4175 sit
3791 4121 3924 4191 plus

2326 4231 2485 4285 quam
2515 4229 2610 4283 par
2635 4223 2712 4268 est
2742 4213 2962 4278 habere,
2997 4212 3119 4282 quis
3148 4211 3273 4266 talia
3303 4211 3464 4266 verba
3496 4212 3695 4266 dixerit
3720 4253 3736 4278 ,
3764 4221 3815 4266 et
3846 4212 3925 4267 ad

2325 4309 2427 4361 alia
2479 4307 2692 4361 duxerit
2744 4314 2869 4360 ante
2913 4305 3162 4373 tempus?
3205 4307 3379 4374 Atque
3421 4319 3519 4360 nos
3547 4305 3767 4375 quidem
3803 4319 3923 4359 non

2327 4397 2655 4452 cessabimus
2681 4396 2868 4451 eadem
2899 4396 3104 4459 dicere.
3141 4396 3255 4450 sive
3279 4395 3433 4450 vobis
3462 4396 3921 4465 persuaserimus,

2326 4489 2439 4543 sive
2485 4503 2589 4541 non
2634 4504 2647 4541 :
2697 4503 2948 4542 veremur
2990 4494 3166 4541 autem
3220 4500 3288 4541 ne
3339 4485 3527 4541 eadem
3574 4486 3926 4542 contineantur

2328 4578 2581 4643 dicendo,
2607 4580 2651 4632 si
2676 4592 2783 4632 non
2807 4577 3058 4642 audiatis,
3082 4577 3147 4631 iis
3171 4576 3259 4645 qui
3289 4575 3482 4631 frustra
3515 4575 3758 4641 audiunt,
3793 4592 3919 4631 ma—

2322 4670 2493 4739 jorem
2532 4670 2825 4725 efﬁciamus
2855 4669 3377 4724 condemnationem.
3426 4668 3539 4722 Non
3580 4679 3706 4722 sunt
3733 4679 3927 4725 autem

2328 4762 2441 4816 hsce
2466 4778 2493 4816 a
2523 4777 2607 4817 me
2631 4761 2881 4817 omnibus
2908 4762 3133 4817 dicenda
3161 4780 3172 4813 :
3201 4762 3315 4816 scio
3344 4761 3486 4815 enim
3517 4761 3713 4815 multos
3738 4762 3923 4829 juvari

2326 4870 2353 4908 a
2386 4867 2482 4908 suo
2511 4855 2560 4908 in
2582 4854 2726 4909 hunc
2750 4854 2928 4909 locum
2958 4854 3227 4922 ingressu,
3259 4852 3346 4923 qui
3368 4853 3489 4920 jure
3512 4851 3769 4906 adversus
3792 4852 3926 4908 illus

2325 4946 2740 5000 cxclamaverint
2764 4986 2779 5010 ,
2815 4955 2871 4998 ut
2900 4945 2988 5014 qui
3015 4958 3111 5014 per
3141 4957 3293 4997 suam
3340 4941 3581 4997 discendi
3623 4941 3920 5011 segnitiem

2325 5048 2377 5093 et
2407 5039 2785 5108 negligentiam
2816 5036 2917 5091 sibi
2941 5035 3287 5090 insidiantur.
3325 5034 3431 5089 Sed
3464 5049 3532 5088 ne
3574 5033 3653 5087 sic
3692 5033 3926 5101 quidem

2324 5144 2417 5183 eos
2447 5130 2751 5198 oppriment
2773 5126 2979 5182 insidiae
3011 5144 3025 5180 :
3071 5126 3284 5181 assidue
3316 5126 3455 5180 enim
3498 5123 3687 5179 eadem
3718 5124 3917 5178 audire

2325 5226 2388 5281 iis
2437 5226 2596 5280 etiam
2629 5225 2718 5293 qui
2770 5224 2966 5287 sciunt,
3017 5233 3100 5276 est
3151 5221 3278 5276 utile
3312 5239 3325 5273 :
3357 5236 3479 5274 nam
3525 5234 3645 5274 cum
3689 5218 3739 5273 id
3771 5220 3923 5287 quod

2322 5319 2519 5374 scimus
2545 5333 2689 5386 smpe
2716 5315 3044 5370 audierimus
3070 5357 3084 5379 ,
3114 5315 3283 5385 magis
3313 5312 3746 5382 compnngimnr.
3788 5313 3917 5365 Sci-

2323 5428 2460 5476 mus,
2491 5411 2638 5465 verbi
2680 5408 2851 5479 gratia
2877 5449 2890 5474 ,
2926 5408 3067 5478 quod
3097 5421 3184 5461 res
3211 5407 3348 5459 bona
3394 5406 3463 5460 sit
3509 5402 3785 5457 humilitas
3812 5444 3826 5465 ,
3860 5412 3925 5455 et.

2319 5503 2460 5573 quod
2486 5503 2733 5556 Christus
2774 5516 2919 5569 saepe
2947 5501 3013 5556 de
3043 5514 3104 5553 ea
3134 5498 3204 5554 sit
3234 5498 3521 5568 loquutus;
3565 5495 3663 5551 sed
3689 5495 3922 5564 quando

2319 5605 2375 5650 et
2402 5596 2512 5664 ipsa
2538 5595 2700 5649 verba
2730 5594 3081 5658 audierimus,
3111 5600 3166 5648 et
3189 5607 3308 5662 qua:
3334 5590 3403 5646 de
3429 5591 3495 5644 iis
3516 5598 3642 5645 sunt
3665 5598 3923 5643 contem-

2319 5685 2604 5756 plationes,
2630 5683 2803 5756 magis
2828 5684 3112 5749 alﬁcimur,
3155 5681 3366 5737 etiamsi
3415 5680 3615 5736 millies
3642 5679 3923 5745 audiveri-

2319 5792 2459 5834 mus.
2484 5778 2844 5847 Quamobrem
2865 5788 2945 5832 cst
2968 5786 3327 5847 opportunum
3349 5784 3403 5827 nt
3419 5788 3516 5827 nos
3534 5787 3747 5842 quoque
3766 5788 3920 5827 nunc

2322 5873 2473 5930 vobis
2541 5871 2827 5928 dicamus:
2892 5870 3214 5940 Quapmpter
3258 5869 3640 5924 intermittentes
3691 5867 3919 5922 incltcu<
