  <div class='ocr_page' id='page_1' title='image "/cluster/home/n/w/nwhite01/storage/ocr_20150623/63:no.12/coo.31924054869635/084.png"; bbox 0 0 4208 6500; ppageno 0'>
   <div class='ocr_carea' id='block_1_1' title="bbox 277 370 2695 458">
    <p class='ocr_par' dir='ltr' id='par_1_1' title="bbox 277 370 2695 458">
     <span class='ocr_line' id='line_1_1' title="bbox 277 370 2695 458; baseline -0.002 -26"><span class='ocrx_word' id='word_1_1' title='bbox 277 383 331 438; x_wconf 78' lang='grc' dir='ltr'><em>τι</em></span> <span class='ocrx_word' id='word_1_2' title='bbox 1135 376 1203 446; x_wconf 71' lang='lat' dir='ltr'><strong><em>ut</em></strong></span> <span class='ocrx_word' id='word_1_3' title='bbox 1238 375 1459 454; x_wconf 69' lang='lat' dir='ltr'><strong><em>erisr.</em></strong></span> <span class='ocrx_word' id='word_1_4' title='bbox 1503 378 1594 458; x_wconf 76' lang='lat' dir='ltr'><strong><em>Ap</em></strong></span> <span class='ocrx_word' id='word_1_5' title='bbox 1633 372 1993 442; x_wconf 76' lang='lat' dir='ltr'><strong><em>HEBR.-EOS.</em></strong></span> <span class='ocrx_word' id='word_1_6' title='bbox 2033 372 2186 429; x_wconf 76' lang='lat' dir='ltr'><strong><em>CAP.</em></strong></span> <span class='ocrx_word' id='word_1_7' title='bbox 2219 371 2307 427; x_wconf 86' lang='lat' dir='ltr'><strong><em>vt.</em></strong></span> <span class='ocrx_word' id='word_1_8' title='bbox 2338 370 2566 428; x_wconf 77' lang='lat' dir='ltr'><strong><em>llOMlL.</em></strong></span> <span class='ocrx_word' id='word_1_9' title='bbox 2601 377 2695 434; x_wconf 79' lang='lat' dir='ltr'><strong><em>ix.</em></strong></span> 
     </span>
    </p>
   </div>
   <div class='ocr_carea' id='block_1_2' title="bbox 275 480 1874 552">
    <p class='ocr_par' dir='ltr' id='par_1_2' title="bbox 275 480 1874 552">
     <span class='ocr_line' id='line_1_2' title="bbox 275 480 1874 552; baseline -0.002 -12"><span class='ocrx_word' id='word_1_10' title='bbox 275 485 410 541; x_wconf 86' lang='lat' dir='ltr'><strong><em>tionis</em></strong></span> <span class='ocrx_word' id='word_1_11' title='bbox 431 482 628 538; x_wconf 75' lang='lat' dir='ltr'><strong><em>Christi</em></strong></span> <span class='ocrx_word' id='word_1_12' title='bbox 656 497 971 545; x_wconf 73' lang='lat' dir='ltr'><strong><em>sermonem,</em></strong></span> <span class='ocrx_word' id='word_1_13' title='bbox 1001 480 1070 533; x_wconf 89' lang='lat' dir='ltr'><strong><em>ad</em></strong></span> <span class='ocrx_word' id='word_1_14' title='bbox 1095 481 1452 551; x_wconf 75' lang='lat' dir='ltr'><strong><em>perfectionem</em></strong></span> <span class='ocrx_word' id='word_1_15' title='bbox 1478 484 1718 552; x_wconf 83' lang='lat' dir='ltr'><strong><em>feramur.</em></strong></span> <span class='ocrx_word' id='word_1_16' title='bbox 1741 480 1874 548; x_wconf 72' lang='lat' dir='ltr'><strong><em>Qua:</em></strong></span> 
     </span>
    </p>
   </div>
   <div class='ocr_carea' id='block_1_3' title="bbox 271 570 1873 642">
    <p class='ocr_par' dir='ltr' id='par_1_3' title="bbox 271 570 1873 642">
     <span class='ocr_line' id='line_1_3' title="bbox 271 570 1873 642; baseline -0.004 -9"><span class='ocrx_word' id='word_1_17' title='bbox 271 573 644 638; x_wconf 80' lang='lat' dir='ltr'><strong><em>sitinchoatio,</em></strong></span> <span class='ocrx_word' id='word_1_18' title='bbox 665 582 720 628; x_wconf 84' lang='lat' dir='ltr'><strong><em>et</em></strong></span> <span class='ocrx_word' id='word_1_19' title='bbox 749 571 899 642; x_wconf 90' lang='lat' dir='ltr'><strong><em>quod</em></strong></span> <span class='ocrx_word' id='word_1_20' title='bbox 926 571 1136 628; x_wconf 91' lang='lat' dir='ltr'><strong><em>initium</em></strong></span> <span class='ocrx_word' id='word_1_21' title='bbox 1155 572 1444 633; x_wconf 86' lang='lat' dir='ltr'><strong><em>sermonis,</em></strong></span> <span class='ocrx_word' id='word_1_22' title='bbox 1475 572 1588 640; x_wconf 87' lang='lat' dir='ltr'><strong><em>ipse</em></strong></span> <span class='ocrx_word' id='word_1_23' title='bbox 1613 570 1873 641; x_wconf 88' lang='lat' dir='ltr'><strong><em>deinceps</em></strong></span> 
     </span>
    </p>
   </div>
   <div class='ocr_carea' id='block_1_4' title="bbox 268 663 1871 741">
    <p class='ocr_par' dir='ltr' id='par_1_4' title="bbox 268 663 1871 741">
     <span class='ocr_line' id='line_1_4' title="bbox 268 663 1871 741; baseline -0.003 -19"><span class='ocrx_word' id='word_1_24' title='bbox 268 669 424 741; x_wconf 89' lang='lat' dir='ltr'><strong><em>ponit,</em></strong></span> <span class='ocrx_word' id='word_1_25' title='bbox 447 667 641 722; x_wconf 84' lang='lat' dir='ltr'><strong><em>dicens</em></strong></span> <span class='ocrx_word' id='word_1_26' title='bbox 673 682 688 719; x_wconf 92' lang='lat'><strong>:</strong></span> <span class='ocrx_word' id='word_1_27' title='bbox 736 663 865 717; x_wconf 82' lang='lat' dir='ltr'><strong><em>Non</em></strong></span> <span class='ocrx_word' id='word_1_28' title='bbox 905 679 1121 726; x_wconf 84' lang='lat' dir='ltr'><strong><em>rursus,</em></strong></span> <span class='ocrx_word' id='word_1_29' title='bbox 1161 663 1330 732; x_wconf 88' lang='lat' dir='ltr'><strong><em>inquit</em></strong></span> <span class='ocrx_word' id='word_1_30' title='bbox 1357 704 1372 727; x_wconf 96' lang='lat'><strong><em>,</em></strong></span> <span class='ocrx_word' id='word_1_31' title='bbox 1396 663 1646 732; x_wconf 82' lang='lat' dir='ltr'><strong><em>jacientes</em></strong></span> <span class='ocrx_word' id='word_1_32' title='bbox 1676 664 1871 732; x_wconf 81' lang='lat' dir='ltr'><strong><em>funda-</em></strong></span> 
     </span>
    </p>
   </div>
   <div class='ocr_carea' id='block_1_5' title="bbox 268 753 1868 825">
    <p class='ocr_par' dir='ltr' id='par_1_5' title="bbox 268 753 1868 825">
     <span class='ocr_line' id='line_1_5' title="bbox 268 753 1868 825; baseline -0.001 -13"><span class='ocrx_word' id='word_1_33' title='bbox 268 769 477 814; x_wconf 77' lang='lat' dir='ltr'><strong><em>utentum</em></strong></span> <span class='ocrx_word' id='word_1_34' title='bbox 518 755 840 825; x_wconf 70' lang='lat' dir='ltr'><strong><em>panitentiw</em></strong></span> <span class='ocrx_word' id='word_1_35' title='bbox 875 755 940 806; x_wconf 81' lang='lat' dir='ltr'><strong><em>ab</em></strong></span> <span class='ocrx_word' id='word_1_36' title='bbox 987 753 1224 822; x_wconf 79' lang='lat' dir='ltr'><strong><em>operibus</em></strong></span> <span class='ocrx_word' id='word_1_37' title='bbox 1278 755 1493 811; x_wconf 85' lang='lat' dir='ltr'><strong><em>mortuis</em></strong></span> <span class='ocrx_word' id='word_1_38' title='bbox 1533 765 1579 807; x_wconf 90' lang='lat' dir='ltr'><strong><em>et</em></strong></span> <span class='ocrx_word' id='word_1_39' title='bbox 1625 755 1746 824; x_wconf 80' lang='lat' dir='ltr'><strong><em>ﬁdei</em></strong></span> <span class='ocrx_word' id='word_1_40' title='bbox 1798 756 1868 810; x_wconf 86' lang='lat' dir='ltr'><strong><em>ad</em></strong></span> 
     </span>
    </p>
   </div>
   <div class='ocr_carea' id='block_1_6' title="bbox 275 846 1870 919">
    <p class='ocr_par' dir='ltr' id='par_1_6' title="bbox 275 846 1870 919">
     <span class='ocr_line' id='line_1_6' title="bbox 275 846 1870 919; baseline -0.003 -13"><span class='ocrx_word' id='word_1_41' title='bbox 275 850 441 916; x_wconf 79' lang='lat' dir='ltr'><strong><em>Deum,</em></strong></span> <span class='ocrx_word' id='word_1_42' title='bbox 465 848 840 919; x_wconf 75' lang='lat' dir='ltr'><strong><em>baptismatunt</em></strong></span> <span class='ocrx_word' id='word_1_43' title='bbox 868 846 1134 910; x_wconf 63' lang='lat' dir='ltr'><strong><em>doctrinm,</em></strong></span> <span class='ocrx_word' id='word_1_44' title='bbox 1167 846 1508 915; x_wconf 85' lang='lat' dir='ltr'><strong><em>impositionis</em></strong></span> <span class='ocrx_word' id='word_1_45' title='bbox 1536 863 1735 917; x_wconf 87' lang='lat' dir='ltr'><strong><em>quoque</em></strong></span> <span class='ocrx_word' id='word_1_46' title='bbox 1762 865 1870 902; x_wconf 89' lang='lat' dir='ltr'><strong><em>ma-</em></strong></span> 
     </span>
    </p>
   </div>
   <div class='ocr_carea' id='block_1_7' title="bbox 274 937 1866 1008">
    <p class='ocr_par' dir='ltr' id='par_1_7' title="bbox 274 937 1866 1008">
     <span class='ocr_line' id='line_1_7' title="bbox 274 937 1866 1008; baseline -0.003 -10"><span class='ocrx_word' id='word_1_47' title='bbox 274 960 434 1008; x_wconf 79' lang='lat' dir='ltr'><strong><em>nuum,</em></strong></span> <span class='ocrx_word' id='word_1_48' title='bbox 465 956 529 995; x_wconf 83' lang='lat' dir='ltr'><strong><em>ac</em></strong></span> <span class='ocrx_word' id='word_1_49' title='bbox 553 937 952 995; x_wconf 72' lang='lat' dir='ltr'><strong><em>resurrectionis</em></strong></span> <span class='ocrx_word' id='word_1_50' title='bbox 997 947 1352 1000; x_wconf 86' lang='lat' dir='ltr'><strong><em>mortuorum,</em></strong></span> <span class='ocrx_word' id='word_1_51' title='bbox 1384 945 1433 990; x_wconf 88' lang='lat' dir='ltr'><strong><em>et</em></strong></span> <span class='ocrx_word' id='word_1_52' title='bbox 1451 937 1642 1007; x_wconf 87' lang='lat' dir='ltr'><strong><em>judicii</em></strong></span> <span class='ocrx_word' id='word_1_53' title='bbox 1670 941 1866 994; x_wconf 73' lang='lat' dir='ltr'><strong><em>teter-ni.</em></strong></span> 
     </span>
    </p>
   </div>
   <div class='ocr_carea' id='block_1_8' title="bbox 273 1019 1868 1106">
    <p class='ocr_par' dir='ltr' id='par_1_8' title="bbox 273 1019 1868 1106">
     <span class='ocr_line' id='line_1_8' title="bbox 273 1019 1868 1106; baseline -0.002 -18"><span class='ocrx_word' id='word_1_54' title='bbox 273 1035 339 1106; x_wconf 51' lang='grc' dir='ltr'><strong><em>πα)</em></strong></span> <span class='ocrx_word' id='word_1_55' title='bbox 368 1034 419 1090; x_wconf 89' lang='lat' dir='ltr'><strong><em>Si</em></strong></span> <span class='ocrx_word' id='word_1_56' title='bbox 445 1033 551 1088; x_wconf 89' lang='lat' dir='ltr'><strong><em>hoc</em></strong></span> <span class='ocrx_word' id='word_1_57' title='bbox 579 1041 768 1085; x_wconf 87' lang='lat' dir='ltr'><strong><em>autem</em></strong></span> <span class='ocrx_word' id='word_1_58' title='bbox 790 1039 875 1085; x_wconf 88' lang='lat' dir='ltr'><strong><em>est</em></strong></span> <span class='ocrx_word' id='word_1_59' title='bbox 903 1029 1137 1094; x_wconf 86' lang='lat' dir='ltr'><strong><em>initium,</em></strong></span> <span class='ocrx_word' id='word_1_60' title='bbox 1169 1028 1297 1099; x_wconf 90' lang='lat' dir='ltr'><strong><em>quid</em></strong></span> <span class='ocrx_word' id='word_1_61' title='bbox 1335 1036 1420 1082; x_wconf 89' lang='lat' dir='ltr'><strong><em>est</em></strong></span> <span class='ocrx_word' id='word_1_62' title='bbox 1449 1019 1594 1083; x_wconf 78' lang='lat' dir='ltr'><strong><em>aliud</em></strong></span> <span class='ocrx_word' id='word_1_63' title='bbox 1623 1039 1868 1085; x_wconf 85' lang='lat' dir='ltr'><strong><em>nostrum</em></strong></span> 
     </span>
    </p>
   </div>
   <div class='ocr_carea' id='block_1_9' title="bbox 280 1118 1871 1196">
    <p class='ocr_par' dir='ltr' id='par_1_9' title="bbox 280 1118 1871 1196">
     <span class='ocr_line' id='line_1_9' title="bbox 280 1118 1871 1196; baseline -0.002 -22"><span class='ocrx_word' id='word_1_64' title='bbox 280 1127 457 1196; x_wconf 73' lang='lat' dir='ltr'><strong><em>dogma</em></strong></span> <span class='ocrx_word' id='word_1_65' title='bbox 506 1139 676 1194; x_wconf 87' lang='lat' dir='ltr'><strong><em>quam</em></strong></span> <span class='ocrx_word' id='word_1_66' title='bbox 716 1123 1093 1192; x_wconf 79' lang='lat' dir='ltr'><strong><em>paenitentiam</em></strong></span> <span class='ocrx_word' id='word_1_67' title='bbox 1123 1135 1286 1189; x_wconf 84' lang='lat' dir='ltr'><strong><em>agere</em></strong></span> <span class='ocrx_word' id='word_1_68' title='bbox 1313 1119 1383 1174; x_wconf 91' lang='lat' dir='ltr'><strong><em>ab</em></strong></span> <span class='ocrx_word' id='word_1_69' title='bbox 1421 1118 1677 1189; x_wconf 81' lang='lat' dir='ltr'><strong><em>operibus</em></strong></span> <span class='ocrx_word' id='word_1_70' title='bbox 1723 1133 1871 1172; x_wconf 86' lang='lat' dir='ltr'><strong><em>mor-</em></strong></span> 
     </span>
    </p>
   </div>
   <div class='ocr_carea' id='block_1_10' title="bbox 279 1212 1876 1286">
    <p class='ocr_par' dir='ltr' id='par_1_10' title="bbox 279 1212 1876 1286">
     <span class='ocr_line' id='line_1_10' title="bbox 279 1212 1876 1286; baseline -0.004 -14"><span class='ocrx_word' id='word_1_71' title='bbox 279 1219 390 1279; x_wconf 85' lang='lat' dir='ltr'><strong><em>tuis,</em></strong></span> <span class='ocrx_word' id='word_1_72' title='bbox 418 1227 474 1271; x_wconf 88' lang='lat' dir='ltr'><strong><em>et</em></strong></span> <span class='ocrx_word' id='word_1_73' title='bbox 509 1231 612 1286; x_wconf 89' lang='lat' dir='ltr'><strong><em>per</em></strong></span> <span class='ocrx_word' id='word_1_74' title='bbox 657 1212 922 1285; x_wconf 86' lang='lat' dir='ltr'><strong><em>Spiritum</em></strong></span> <span class='ocrx_word' id='word_1_75' title='bbox 960 1214 1209 1283; x_wconf 89' lang='lat' dir='ltr'><strong><em>accipere</em></strong></span> <span class='ocrx_word' id='word_1_76' title='bbox 1251 1213 1411 1267; x_wconf 88' lang='lat' dir='ltr'><strong><em>fidem</em></strong></span> <span class='ocrx_word' id='word_1_77' title='bbox 1457 1212 1876 1268; x_wconf 75' lang='lat' dir='ltr'><strong><em>resurrectionis</em></strong></span> 
     </span>
    </p>
   </div>
   <div class='ocr_carea' id='block_1_11' title="bbox 277 1305 1873 1377">
    <p class='ocr_par' dir='ltr' id='par_1_11' title="bbox 277 1305 1873 1377">
     <span class='ocr_line' id='line_1_11' title="bbox 277 1305 1873 1377; baseline -0.002 -14"><span class='ocrx_word' id='word_1_78' title='bbox 277 1319 602 1366; x_wconf 83' lang='lat' dir='ltr'><strong><em>mortuorum</em></strong></span> <span class='ocrx_word' id='word_1_79' title='bbox 659 1318 719 1363; x_wconf 86' lang='lat' dir='ltr'><strong><em>et</em></strong></span> <span class='ocrx_word' id='word_1_80' title='bbox 766 1308 956 1377; x_wconf 73' lang='lat' dir='ltr'><strong><em>iudicii</em></strong></span> <span class='ocrx_word' id='word_1_81' title='bbox 1011 1308 1240 1362; x_wconf 69' lang='lat' dir='ltr'><strong><em>aeterni?</em></strong></span> <span class='ocrx_word' id='word_1_82' title='bbox 1279 1306 1420 1374; x_wconf 78' lang='lat' dir='ltr'><strong><em>Quid</em></strong></span> <span class='ocrx_word' id='word_1_83' title='bbox 1475 1315 1559 1360; x_wconf 90' lang='lat' dir='ltr'><strong><em>est</em></strong></span> <span class='ocrx_word' id='word_1_84' title='bbox 1615 1305 1873 1360; x_wconf 86' lang='lat' dir='ltr'><strong><em>initium?</em></strong></span> 
     </span>
    </p>
   </div>
   <div class='ocr_carea' id='block_1_12' title="bbox 275 1395 1878 1470">
    <p class='ocr_par' dir='ltr' id='par_1_12' title="bbox 275 1395 1878 1470">
     <span class='ocr_line' id='line_1_12' title="bbox 275 1395 1878 1470; baseline -0.004 -13"><span class='ocrx_word' id='word_1_85' title='bbox 275 1401 405 1457; x_wconf 69' lang='lat' dir='ltr'><strong><em>Nihil</em></strong></span> <span class='ocrx_word' id='word_1_86' title='bbox 433 1400 583 1456; x_wconf 84' lang='lat' dir='ltr'><strong>aliud</strong></span> <span class='ocrx_word' id='word_1_87' title='bbox 608 1415 775 1470; x_wconf 90' lang='lat' dir='ltr'><strong><em>quam</em></strong></span> <span class='ocrx_word' id='word_1_88' title='bbox 800 1399 905 1454; x_wconf 91' lang='lat' dir='ltr'><strong><em>hoc</em></strong></span> <span class='ocrx_word' id='word_1_89' title='bbox 926 1399 1060 1454; x_wconf 90' lang='lat' dir='ltr'><strong><em>dicit</em></strong></span> <span class='ocrx_word' id='word_1_90' title='bbox 1088 1399 1325 1464; x_wconf 77' lang='lat' dir='ltr'><strong><em>initium,</em></strong></span> <span class='ocrx_word' id='word_1_91' title='bbox 1349 1396 1564 1468; x_wconf 85' lang='lat' dir='ltr'><strong><em>quando</em></strong></span> <span class='ocrx_word' id='word_1_92' title='bbox 1589 1411 1698 1451; x_wconf 88' lang='lat' dir='ltr'><strong><em>non</em></strong></span> <span class='ocrx_word' id='word_1_93' title='bbox 1724 1395 1878 1451; x_wconf 88' lang='lat' dir='ltr'><strong><em>adest</em></strong></span> 
     </span>
    </p>
   </div>
   <div class='ocr_carea' id='block_1_13' title="bbox 274 1487 1878 1562">
    <p class='ocr_par' dir='ltr' id='par_1_13' title="bbox 274 1487 1878 1562">
     <span class='ocr_line' id='line_1_13' title="bbox 274 1487 1878 1562; baseline -0.007 -11"><span class='ocrx_word' id='word_1_94' title='bbox 274 1495 374 1552; x_wconf 75' lang='lat' dir='ltr'><strong><em>vita</em></strong></span> <span class='ocrx_word' id='word_1_95' title='bbox 402 1503 600 1548; x_wconf 83' lang='lat' dir='ltr'><strong><em>exacta</em></strong></span> <span class='ocrx_word' id='word_1_96' title='bbox 631 1502 687 1548; x_wconf 89' lang='lat' dir='ltr'><strong><em>et</em></strong></span> <span class='ocrx_word' id='word_1_97' title='bbox 720 1490 984 1562; x_wconf 86' lang='lat' dir='ltr'><strong><em>perfecta.</em></strong></span> <span class='ocrx_word' id='word_1_98' title='bbox 1034 1490 1107 1547; x_wconf 88' lang='lat' dir='ltr'><strong><em>Ut</em></strong></span> <span class='ocrx_word' id='word_1_99' title='bbox 1151 1489 1296 1546; x_wconf 89' lang='lat' dir='ltr'><strong><em>enim</em></strong></span> <span class='ocrx_word' id='word_1_100' title='bbox 1343 1505 1468 1544; x_wconf 89' lang='lat' dir='ltr'><strong><em>eum</em></strong></span> <span class='ocrx_word' id='word_1_101' title='bbox 1498 1490 1589 1560; x_wconf 86' lang='lat' dir='ltr'><strong>qui</strong></span> <span class='ocrx_word' id='word_1_102' title='bbox 1634 1489 1780 1544; x_wconf 81' lang='lat' dir='ltr'><strong><em>venit</em></strong></span> <span class='ocrx_word' id='word_1_103' title='bbox 1811 1487 1878 1541; x_wconf 85' lang='lat' dir='ltr'><strong><em>ad</em></strong></span> 
     </span>
    </p>
   </div>
   <div class='ocr_carea' id='block_1_14' title="bbox 275 1581 1877 1655">
    <p class='ocr_par' dir='ltr' id='par_1_14' title="bbox 275 1581 1877 1655">
     <span class='ocr_line' id='line_1_14' title="bbox 275 1581 1877 1655; baseline -0.004 -13"><span class='ocrx_word' id='word_1_104' title='bbox 275 1586 553 1644; x_wconf 83' lang='lat' dir='ltr'><strong><em>discendas</em></strong></span> <span class='ocrx_word' id='word_1_105' title='bbox 576 1587 1050 1655; x_wconf 84' lang='lat' dir='ltr'><strong><em>litteras,oportet</em></strong></span> <span class='ocrx_word' id='word_1_106' title='bbox 1091 1584 1321 1654; x_wconf 90' lang='lat' dir='ltr'><strong><em>primum</em></strong></span> <span class='ocrx_word' id='word_1_107' title='bbox 1346 1583 1535 1637; x_wconf 88' lang='lat' dir='ltr'><strong><em>audire</em></strong></span> <span class='ocrx_word' id='word_1_108' title='bbox 1563 1581 1834 1636; x_wconf 87' lang='lat' dir='ltr'><strong><em>elementa</em></strong></span> <span class='ocrx_word' id='word_1_109' title='bbox 1861 1598 1877 1635; x_wconf 91' lang='lat'><strong>:</strong></span> 
     </span>
    </p>
   </div>
   <div class='ocr_carea' id='block_1_15' title="bbox 278 1673 1883 1744">
    <p class='ocr_par' dir='ltr' id='par_1_15' title="bbox 278 1673 1883 1744">
     <span class='ocr_line' id='line_1_15' title="bbox 278 1673 1883 1744; baseline -0.005 -10"><span class='ocrx_word' id='word_1_110' title='bbox 278 1680 338 1734; x_wconf 83' lang='lat' dir='ltr'><strong><em>ita</em></strong></span> <span class='ocrx_word' id='word_1_111' title='bbox 365 1680 529 1735; x_wconf 89' lang='lat' dir='ltr'><strong><em>etiam</em></strong></span> <span class='ocrx_word' id='word_1_112' title='bbox 571 1676 949 1733; x_wconf 83' lang='lat' dir='ltr'><strong><em>Christianum</em></strong></span> <span class='ocrx_word' id='word_1_113' title='bbox 981 1675 1098 1730; x_wconf 71' lang='lat' dir='ltr'><strong><em>lucc</em></strong></span> <span class='ocrx_word' id='word_1_114' title='bbox 1142 1683 1330 1730; x_wconf 86' lang='lat' dir='ltr'><strong><em>exacte</em></strong></span> <span class='ocrx_word' id='word_1_115' title='bbox 1370 1674 1514 1729; x_wconf 89' lang='lat' dir='ltr'><strong><em>scire</em></strong></span> <span class='ocrx_word' id='word_1_116' title='bbox 1544 1673 1798 1744; x_wconf 88' lang='lat' dir='ltr'><strong><em>primum,</em></strong></span> <span class='ocrx_word' id='word_1_117' title='bbox 1827 1681 1883 1728; x_wconf 88' lang='lat' dir='ltr'><strong><em>et</em></strong></span> 
     </span>
    </p>
   </div>
   <div class='ocr_carea' id='block_1_16' title="bbox 275 1764 1883 1827">
    <p class='ocr_par' dir='ltr' id='par_1_16' title="bbox 275 1764 1883 1827">
     <span class='ocr_line' id='line_1_16' title="bbox 275 1764 1883 1827; baseline -0.004 -2"><span class='ocrx_word' id='word_1_118' title='bbox 275 1773 335 1827; x_wconf 85' lang='lat' dir='ltr'><strong><em>de</em></strong></span> <span class='ocrx_word' id='word_1_119' title='bbox 357 1772 441 1826; x_wconf 88' lang='lat' dir='ltr'><strong><em>bis</em></strong></span> <span class='ocrx_word' id='word_1_120' title='bbox 469 1770 614 1824; x_wconf 81' lang='lat' dir='ltr'><strong>nihil</strong></span> <span class='ocrx_word' id='word_1_121' title='bbox 641 1769 914 1824; x_wconf 87' lang='lat' dir='ltr'><strong><em>dubitare.</em></strong></span> <span class='ocrx_word' id='word_1_122' title='bbox 946 1768 1000 1822; x_wconf 89' lang='lat' dir='ltr'><strong>Si</strong></span> <span class='ocrx_word' id='word_1_123' title='bbox 1043 1777 1225 1823; x_wconf 89' lang='lat' dir='ltr'><strong><em>autem</em></strong></span> <span class='ocrx_word' id='word_1_124' title='bbox 1254 1767 1498 1822; x_wconf 79' lang='lat' dir='ltr'><strong><em>doctrina</em></strong></span> <span class='ocrx_word' id='word_1_125' title='bbox 1529 1780 1715 1821; x_wconf 83' lang='lat' dir='ltr'><strong><em>rursus</em></strong></span> <span class='ocrx_word' id='word_1_126' title='bbox 1746 1764 1883 1819; x_wconf 87' lang='lat' dir='ltr'><strong><em>indi-</em></strong></span> 
     </span>
    </p>
   </div>
   <div class='ocr_carea' id='block_1_17' title="bbox 275 1856 1884 1937">
    <p class='ocr_par' dir='ltr' id='par_1_17' title="bbox 275 1856 1884 1937">
     <span class='ocr_line' id='line_1_17' title="bbox 275 1856 1884 1937; baseline -0.004 -17"><span class='ocrx_word' id='word_1_127' title='bbox 275 1874 406 1937; x_wconf 77' lang='lat' dir='ltr'><strong><em>geat,</em></strong></span> <span class='ocrx_word' id='word_1_128' title='bbox 451 1863 702 1920; x_wconf 86' lang='lat' dir='ltr'><strong><em>nondum</em></strong></span> <span class='ocrx_word' id='word_1_129' title='bbox 734 1862 899 1922; x_wconf 88' lang='lat' dir='ltr'><strong><em>habet</em></strong></span> <span class='ocrx_word' id='word_1_130' title='bbox 929 1860 1340 1916; x_wconf 90' lang='lat' dir='ltr'><strong><em>fundamentum</em></strong></span> <span class='ocrx_word' id='word_1_131' title='bbox 1366 1877 1379 1915; x_wconf 87' lang='lat'><strong>:</strong></span> <span class='ocrx_word' id='word_1_132' title='bbox 1417 1859 1630 1914; x_wconf 84' lang='lat' dir='ltr'><strong><em>firmum</em></strong></span> <span class='ocrx_word' id='word_1_133' title='bbox 1662 1856 1806 1914; x_wconf 89' lang='lat' dir='ltr'><strong><em>enim</em></strong></span> <span class='ocrx_word' id='word_1_134' title='bbox 1830 1868 1884 1914; x_wconf 89' lang='lat' dir='ltr'><strong><em>et</em></strong></span> 
     </span>
    </p>
   </div>
   <div class='ocr_carea' id='block_1_18' title="bbox 275 1955 1880 2025">
    <p class='ocr_par' dir='ltr' id='par_1_18' title="bbox 275 1955 1880 2025">
     <span class='ocr_line' id='line_1_18' title="bbox 275 1955 1880 2025; baseline -0.006 -11"><span class='ocrx_word' id='word_1_135' title='bbox 275 1957 516 2014; x_wconf 67' lang='lat' dir='ltr'><strong><em>stabilem</em></strong></span> <span class='ocrx_word' id='word_1_136' title='bbox 561 1955 733 2010; x_wconf 81' lang='lat' dir='ltr'><strong><em>fixum</em></strong></span> <span class='ocrx_word' id='word_1_137' title='bbox 768 1970 892 2010; x_wconf 88' lang='lat' dir='ltr'><strong><em>esse</em></strong></span> <span class='ocrx_word' id='word_1_138' title='bbox 921 1962 1138 2025; x_wconf 89' lang='lat' dir='ltr'><strong><em>oportet</em></strong></span> <span class='ocrx_word' id='word_1_139' title='bbox 1181 1960 1238 2007; x_wconf 91' lang='lat' dir='ltr'><strong><em>et</em></strong></span> <span class='ocrx_word' id='word_1_140' title='bbox 1274 1961 1444 2016; x_wconf 90' lang='lat' dir='ltr'><strong><em>stare,</em></strong></span> <span class='ocrx_word' id='word_1_141' title='bbox 1472 1959 1528 2006; x_wconf 87' lang='lat' dir='ltr'><strong><em>et</em></strong></span> <span class='ocrx_word' id='word_1_142' title='bbox 1560 1965 1666 2006; x_wconf 89' lang='lat' dir='ltr'><strong><em>non</em></strong></span> <span class='ocrx_word' id='word_1_143' title='bbox 1699 1959 1880 2006; x_wconf 88' lang='lat' dir='ltr'><strong><em>trans-</em></strong></span> 
     </span>
    </p>
   </div>
   <div class='ocr_carea' id='block_1_19' title="bbox 277 2044 1885 2122">
    <p class='ocr_par' dir='ltr' id='par_1_19' title="bbox 277 2044 1885 2122">
     <span class='ocr_line' id='line_1_19' title="bbox 277 2044 1885 2122; baseline -0.006 -15"><span class='ocrx_word' id='word_1_144' title='bbox 277 2053 500 2108; x_wconf 79' lang='lat' dir='ltr'><strong><em>nioveri.</em></strong></span> <span class='ocrx_word' id='word_1_145' title='bbox 523 2051 580 2107; x_wconf 85' lang='lat' dir='ltr'><strong><em>Si</em></strong></span> <span class='ocrx_word' id='word_1_146' title='bbox 612 2050 736 2122; x_wconf 88' lang='lat' dir='ltr'><strong>quis</strong></span> <span class='ocrx_word' id='word_1_147' title='bbox 767 2058 949 2104; x_wconf 86' lang='lat' dir='ltr'><strong><em>autem</em></strong></span> <span class='ocrx_word' id='word_1_148' title='bbox 982 2046 1254 2107; x_wconf 88' lang='lat' dir='ltr'><strong><em>catechesi</em></strong></span> <span class='ocrx_word' id='word_1_149' title='bbox 1284 2047 1596 2112; x_wconf 87' lang='lat' dir='ltr'><strong><em>institutus,</em></strong></span> <span class='ocrx_word' id='word_1_150' title='bbox 1629 2053 1685 2100; x_wconf 90' lang='lat' dir='ltr'><strong><em>et</em></strong></span> <span class='ocrx_word' id='word_1_151' title='bbox 1711 2044 1885 2114; x_wconf 82' lang='lat' dir='ltr'><strong><em>bapti-</em></strong></span> 
     </span>
    </p>
   </div>
   <div class='ocr_carea' id='block_1_20' title="bbox 276 2136 1886 2210">
    <p class='ocr_par' dir='ltr' id='par_1_20' title="bbox 276 2136 1886 2210">
     <span class='ocr_line' id='line_1_20' title="bbox 276 2136 1886 2210; baseline -0.007 -10"><span class='ocrx_word' id='word_1_152' title='bbox 276 2160 390 2200; x_wconf 84' lang='lat' dir='ltr'><strong><em>smo</em></strong></span> <span class='ocrx_word' id='word_1_153' title='bbox 435 2145 680 2207; x_wconf 91' lang='lat' dir='ltr'><strong><em>tinctus,</em></strong></span> <span class='ocrx_word' id='word_1_154' title='bbox 725 2150 849 2210; x_wconf 91' lang='lat' dir='ltr'><strong><em>post</em></strong></span> <span class='ocrx_word' id='word_1_155' title='bbox 893 2154 1068 2194; x_wconf 89' lang='lat' dir='ltr'><strong><em>annos</em></strong></span> <span class='ocrx_word' id='word_1_156' title='bbox 1099 2139 1290 2194; x_wconf 89' lang='lat' dir='ltr'><strong><em>decem</em></strong></span> <span class='ocrx_word' id='word_1_157' title='bbox 1331 2138 1400 2193; x_wconf 87' lang='lat' dir='ltr'><strong><em>de</em></strong></span> <span class='ocrx_word' id='word_1_158' title='bbox 1433 2136 1538 2192; x_wconf 91' lang='lat' dir='ltr'><strong><em>fide</em></strong></span> <span class='ocrx_word' id='word_1_159' title='bbox 1581 2151 1770 2192; x_wconf 88' lang='lat' dir='ltr'><strong><em>rursus</em></strong></span> <span class='ocrx_word' id='word_1_160' title='bbox 1801 2143 1886 2189; x_wconf 86' lang='lat' dir='ltr'><strong><em>est</em></strong></span> 
     </span>
    </p>
   </div>
   <div class='ocr_carea' id='block_1_21' title="bbox 283 2231 1883 2305">
    <p class='ocr_par' dir='ltr' id='par_1_21' title="bbox 283 2231 1883 2305">
     <span class='ocr_line' id='line_1_21' title="bbox 283 2231 1883 2305; baseline -0.008 -11"><span class='ocrx_word' id='word_1_161' title='bbox 283 2239 592 2303; x_wconf 71' lang='lat' dir='ltr'><strong>auditurus,</strong></span> <span class='ocrx_word' id='word_1_162' title='bbox 622 2245 679 2292; x_wconf 87' lang='lat' dir='ltr'><strong><em>et</em></strong></span> <span class='ocrx_word' id='word_1_163' title='bbox 718 2234 867 2305; x_wconf 90' lang='lat' dir='ltr'><strong><em>quod</em></strong></span> <span class='ocrx_word' id='word_1_164' title='bbox 915 2241 1168 2304; x_wconf 76' lang='lat' dir='ltr'><strong><em>oporteat</em></strong></span> <span class='ocrx_word' id='word_1_165' title='bbox 1195 2231 1422 2287; x_wconf 84' lang='lat' dir='ltr'><strong><em>credere</em></strong></span> <span class='ocrx_word' id='word_1_166' title='bbox 1457 2231 1510 2286; x_wconf 92' lang='lat' dir='ltr'><strong><em>in</em></strong></span> <span class='ocrx_word' id='word_1_167' title='bbox 1549 2239 1883 2286; x_wconf 86' lang='lat' dir='ltr'><strong><em>mortuorum</em></strong></span> 
     </span>
    </p>
   </div>
   <div class='ocr_carea' id='block_1_22' title="bbox 294 2320 1883 2392">
    <p class='ocr_par' dir='ltr' id='par_1_22' title="bbox 294 2320 1883 2392">
     <span class='ocr_line' id='line_1_22' title="bbox 294 2320 1883 2392; baseline -0.007 -5"><span class='ocrx_word' id='word_1_168' title='bbox 294 2329 758 2392; x_wconf 71' lang='lat' dir='ltr'><strong><em>resurrectionem,</em></strong></span> <span class='ocrx_word' id='word_1_169' title='bbox 793 2325 1037 2380; x_wconf 88' lang='lat' dir='ltr'><strong><em>nondum</em></strong></span> <span class='ocrx_word' id='word_1_170' title='bbox 1063 2324 1224 2378; x_wconf 82' lang='lat' dir='ltr'><strong><em>habet</em></strong></span> <span class='ocrx_word' id='word_1_171' title='bbox 1255 2322 1691 2388; x_wconf 81' lang='lat' dir='ltr'><strong><em>fundamentum,</em></strong></span> <span class='ocrx_word' id='word_1_172' title='bbox 1723 2320 1883 2377; x_wconf 83' lang='lat' dir='ltr'><strong><em>Chri-</em></strong></span> 
     </span>
    </p>
   </div>
   <div class='ocr_carea' id='block_1_23' title="bbox 297 2415 1887 2490">
    <p class='ocr_par' dir='ltr' id='par_1_23' title="bbox 297 2415 1887 2490">
     <span class='ocr_line' id='line_1_23' title="bbox 297 2415 1887 2490; baseline -0.004 -14"><span class='ocrx_word' id='word_1_173' title='bbox 297 2423 557 2477; x_wconf 77' lang='lat' dir='ltr'><strong><em>stianismi</em></strong></span> <span class='ocrx_word' id='word_1_174' title='bbox 591 2435 768 2476; x_wconf 87' lang='lat' dir='ltr'><strong><em>rursus</em></strong></span> <span class='ocrx_word' id='word_1_175' title='bbox 796 2420 994 2490; x_wconf 63' lang='lat' dir='ltr'><strong><em>quaerit</em></strong></span> <span class='ocrx_word' id='word_1_176' title='bbox 1037 2418 1268 2472; x_wconf 90' lang='lat' dir='ltr'><strong><em>initium.</em></strong></span> <span class='ocrx_word' id='word_1_177' title='bbox 1321 2417 1453 2472; x_wconf 83' lang='lat' dir='ltr'><strong><em>Nam</em></strong></span> <span class='ocrx_word' id='word_1_178' title='bbox 1483 2417 1625 2487; x_wconf 91' lang='lat' dir='ltr'><strong><em>quod</em></strong></span> <span class='ocrx_word' id='word_1_179' title='bbox 1657 2416 1791 2471; x_wconf 83' lang='lat' dir='ltr'><strong><em>ﬁdes</em></strong></span> <span class='ocrx_word' id='word_1_180' title='bbox 1817 2415 1887 2470; x_wconf 89' lang='lat' dir='ltr'><strong><em>sit</em></strong></span> 
     </span>
    </p>
   </div>
   <div class='ocr_carea' id='block_1_24' title="bbox 296 2507 1888 2581">
    <p class='ocr_par' dir='ltr' id='par_1_24' title="bbox 296 2507 1888 2581">
     <span class='ocr_line' id='line_1_24' title="bbox 296 2507 1888 2581; baseline -0.004 -12"><span class='ocrx_word' id='word_1_181' title='bbox 296 2515 730 2578; x_wconf 76' lang='lat' dir='ltr'><strong><em>fundamentum,</em></strong></span> <span class='ocrx_word' id='word_1_182' title='bbox 791 2512 1064 2581; x_wconf 85' lang='lat' dir='ltr'><strong><em>reliquum</em></strong></span> <span class='ocrx_word' id='word_1_183' title='bbox 1138 2518 1318 2565; x_wconf 90' lang='lat' dir='ltr'><strong><em>autem</em></strong></span> <span class='ocrx_word' id='word_1_184' title='bbox 1376 2508 1706 2575; x_wconf 72' lang='lat' dir='ltr'><strong><em>mdilicium,</em></strong></span> <span class='ocrx_word' id='word_1_185' title='bbox 1764 2507 1888 2562; x_wconf 86' lang='lat' dir='ltr'><strong><em>audi</em></strong></span> 
     </span>
    </p>
   </div>
   <div class='ocr_carea' id='block_1_25' title="bbox 296 2599 1887 2679">
    <p class='ocr_par' dir='ltr' id='par_1_25' title="bbox 296 2599 1887 2679">
     <span class='ocr_line' id='line_1_25' title="bbox 296 2599 1887 2679; baseline -0.007 -17"><span class='ocrx_word' id='word_1_186' title='bbox 296 2611 458 2679; x_wconf 87' lang='lat' dir='ltr'><strong><em>ipsum</em></strong></span> <span class='ocrx_word' id='word_1_187' title='bbox 487 2606 756 2660; x_wconf 85' lang='lat' dir='ltr'><strong><em>dicentem</em></strong></span> <span class='ocrx_word' id='word_1_188' title='bbox 792 2619 809 2662; x_wconf 85' lang='lat'><strong>:</strong></span> <span class='ocrx_word' id='word_1_189' title='bbox 842 2603 955 2674; x_wconf 83' lang='lat' dir='ltr'><strong><em>Ego</em></strong></span> <span class='ocrx_word' id='word_1_190' title='bbox 990 2601 1382 2674; x_wconf 79' lang='lat' dir='ltr'><strong><em>fundamentum</em></strong></span> <span class='ocrx_word' id='word_1_191' title='bbox 1421 2602 1606 2670; x_wconf 88' lang='lat' dir='ltr'><strong><em>posui,</em></strong></span> <span class='ocrx_word' id='word_1_192' title='bbox 1636 2599 1769 2654; x_wconf 86' lang='lat' dir='ltr'><strong><em>alius</em></strong></span> <span class='ocrx_word' id='word_1_193' title='bbox 1795 2615 1887 2652; x_wconf 83' lang='lat' dir='ltr'><strong><em>su-</em></strong></span> 
     </span>
    </p>
   </div>
   <div class='ocr_carea' id='block_1_26' title="bbox 290 2689 1892 2771">
    <p class='ocr_par' dir='ltr' id='par_1_26' title="bbox 290 2689 1892 2771">
     <span class='ocr_line' id='line_1_26' title="bbox 290 2689 1892 2771; baseline -0.009 -15"><span class='ocrx_word' id='word_1_194' title='bbox 290 2699 620 2771; x_wconf 66' lang='lat' dir='ltr'><strong><em>perttdi/ieat.</em></strong></span> <span class='ocrx_word' id='word_1_195' title='bbox 671 2696 733 2752; x_wconf 86' lang='lat' dir='ltr'><strong><em>Si</em></strong></span> <span class='ocrx_word' id='word_1_196' title='bbox 759 2697 874 2767; x_wconf 84' lang='lat' dir='ltr'><strong><em>quis</em></strong></span> <span class='ocrx_word' id='word_1_197' title='bbox 901 2704 1074 2749; x_wconf 80' lang='lat' dir='ltr'><strong><em>autent</em></strong></span> <span class='ocrx_word' id='word_1_198' title='bbox 1101 2693 1480 2764; x_wconf 79' lang='lat' dir='ltr'><strong><em>supertedificat</em></strong></span> <span class='ocrx_word' id='word_1_199' title='bbox 1520 2707 1677 2762; x_wconf 90' lang='lat' dir='ltr'><strong><em>supra</em></strong></span> <span class='ocrx_word' id='word_1_200' title='bbox 1703 2689 1892 2762; x_wconf 84' lang='lat' dir='ltr'><strong><em>funda-</em></strong></span> 
     </span>
    </p>
   </div>
   <div class='ocr_carea' id='block_1_27' title="bbox 288 2782 1888 2856">
    <p class='ocr_par' dir='ltr' id='par_1_27' title="bbox 288 2782 1888 2856">
     <span class='ocr_line' id='line_1_27' title="bbox 288 2782 1888 2856; baseline -0.008 -10"><span class='ocrx_word' id='word_1_201' title='bbox 288 2804 500 2847; x_wconf 82' lang='lat' dir='ltr'><strong><em>mentum</em></strong></span> <span class='ocrx_word' id='word_1_202' title='bbox 526 2792 644 2855; x_wconf 85' lang='lat' dir='ltr'><strong><em>ltoc,</em></strong></span> <span class='ocrx_word' id='word_1_203' title='bbox 675 2805 882 2855; x_wconf 88' lang='lat' dir='ltr'><strong><em>aurum,</em></strong></span> <span class='ocrx_word' id='word_1_204' title='bbox 906 2795 1178 2856; x_wconf 86' lang='lat' dir='ltr'><strong><em>argentum</em></strong></span> <span class='ocrx_word' id='word_1_205' title='bbox 1209 2783 1406 2855; x_wconf 81' lang='lat' dir='ltr'><strong><em>lapides</em></strong></span> <span class='ocrx_word' id='word_1_206' title='bbox 1435 2783 1704 2853; x_wconf 88' lang='lat' dir='ltr'><strong><em>pretiosos,</em></strong></span> <span class='ocrx_word' id='word_1_207' title='bbox 1728 2782 1888 2853; x_wconf 84' lang='lat' dir='ltr'><strong><em>ligna,</em></strong></span> 
     </span>
    </p>
   </div>
   <div class='ocr_carea' id='block_1_28' title="bbox 286 2874 1890 2959">
    <p class='ocr_par' dir='ltr' id='par_1_28' title="bbox 286 2874 1890 2959">
     <span class='ocr_line' id='line_1_28' title="bbox 286 2874 1890 2959; baseline -0.011 -16"><span class='ocrx_word' id='word_1_208' title='bbox 286 2892 506 2959; x_wconf 72' lang='lat' dir='ltr'><strong><em>fmnum,</em></strong></span> <span class='ocrx_word' id='word_1_209' title='bbox 548 2885 800 2955; x_wconf 79' lang='lat' dir='ltr'><strong><em>stipulam</em></strong></span> <span class='ocrx_word' id='word_1_210' title='bbox 841 2882 859 2952; x_wconf 92' lang='lat'>(</span> <span class='ocrx_word' id='word_1_211' title='bbox 894 2882 946 2936; x_wconf 81' lang='grc'><strong>1.</strong></span> <span class='ocrx_word' id='word_1_212' title='bbox 969 2878 1092 2936; x_wconf 86' lang='lat' dir='ltr'><strong><em>Cor.</em></strong></span> <span class='ocrx_word' id='word_1_213' title='bbox 1134 2879 1188 2934; x_wconf 78' lang='grc'><strong><em>5.</em></strong></span> <span class='ocrx_word' id='word_1_214' title='bbox 1219 2878 1310 2934; x_wconf 74' lang='grc'><strong><em>10.</em></strong></span> <span class='ocrx_word' id='word_1_215' title='bbox 1341 2877 1456 2948; x_wconf 68' lang='lat'>12).-</span> <span class='ocrx_word' id='word_1_216' title='bbox 1482 2876 1609 2932; x_wconf 84' lang='lat' dir='ltr'><strong><em>ldeo</em></strong></span> <span class='ocrx_word' id='word_1_217' title='bbox 1636 2874 1848 2930; x_wconf 85' lang='lat' dir='ltr'><strong><em>dicebat</em></strong></span> <span class='ocrx_word' id='word_1_218' title='bbox 1876 2889 1890 2926; x_wconf 88' lang='lat'><strong>:</strong></span> 
     </span>
    </p>
   </div>
   <div class='ocr_carea' id='block_1_29' title="bbox 286 2966 1888 3048">
    <p class='ocr_par' dir='ltr' id='par_1_29' title="bbox 286 2966 1888 3048">
     <span class='ocr_line' id='line_1_29' title="bbox 286 2966 1888 3048; baseline -0.01 -15"><span class='ocrx_word' id='word_1_219' title='bbox 286 2979 400 3035; x_wconf 56' lang='lat' dir='ltr'><strong><em>Son</em></strong></span> <span class='ocrx_word' id='word_1_220' title='bbox 427 2994 639 3032; x_wconf 81' lang='lat' dir='ltr'><strong><em>rursum</em></strong></span> <span class='ocrx_word' id='word_1_221' title='bbox 654 2976 910 3048; x_wconf 82' lang='lat' dir='ltr'><strong><em>jacientes</em></strong></span> <span class='ocrx_word' id='word_1_222' title='bbox 931 2972 1326 3044; x_wconf 75' lang='lat' dir='ltr'><strong><em>fundamentum</em></strong></span> <span class='ocrx_word' id='word_1_223' title='bbox 1349 2969 1657 3040; x_wconf 59' lang='lat' dir='ltr'><strong><em>pauitantia:</em></strong></span> <span class='ocrx_word' id='word_1_224' title='bbox 1675 2966 1736 3019; x_wconf 81' lang='lat' dir='ltr'><strong><em>ab</em></strong></span> <span class='ocrx_word' id='word_1_225' title='bbox 1761 2980 1888 3035; x_wconf 84' lang='lat' dir='ltr'><strong><em>ope-</em></strong></span> 
     </span>
    </p>
   </div>
   <div class='ocr_carea' id='block_1_30' title="bbox 282 3070 701 3134">
    <p class='ocr_par' dir='ltr' id='par_1_30' title="bbox 282 3070 701 3134">
     <span class='ocr_line' id='line_1_30' title="bbox 282 3070 701 3134; baseline -0.012 -5"><span class='ocrx_word' id='word_1_226' title='bbox 282 3073 414 3129; x_wconf 69' lang='lat' dir='ltr'><strong><em>ribus</em></strong></span> <span class='ocrx_word' id='word_1_227' title='bbox 458 3070 701 3134; x_wconf 79' lang='lat' dir='ltr'><strong><em>mortuis.</em></strong></span> 
     </span>
    </p>
   </div>
   <div class='ocr_carea' id='block_1_31' title="bbox 346 3152 1892 3233">
    <p class='ocr_par' dir='ltr' id='par_1_31' title="bbox 346 3152 1892 3233">
     <span class='ocr_line' id='line_1_31' title="bbox 346 3152 1892 3233; baseline -0.013 -12"><span class='ocrx_word' id='word_1_228' title='bbox 346 3169 400 3222; x_wconf 67' lang='grc' dir='ltr'><strong><em>Ξ.</em></strong></span> <span class='ocrx_word' id='word_1_229' title='bbox 422 3164 586 3220; x_wconf 75' lang='lat' dir='ltr'><strong><em>Fides</em></strong></span> <span class='ocrx_word' id='word_1_230' title='bbox 606 3164 760 3233; x_wconf 79' lang='lat' dir='ltr'><strong><em>ﬁrma</em></strong></span> <span class='ocrx_word' id='word_1_231' title='bbox 779 3161 940 3215; x_wconf 72' lang='lat' dir='ltr'><strong><em>vitam</em></strong></span> <span class='ocrx_word' id='word_1_232' title='bbox 962 3173 1142 3229; x_wconf 83' lang='lat' dir='ltr'><strong><em>purum</em></strong></span> <span class='ocrx_word' id='word_1_233' title='bbox 1162 3157 1316 3227; x_wconf 77' lang='lat' dir='ltr'><strong><em>parit.</em></strong></span> <span class='ocrx_word' id='word_1_234' title='bbox 1338 3185 1407 3194; x_wconf 91' lang='lat'><strong><em>——</em></strong></span> <span class='ocrx_word' id='word_1_235' title='bbox 1422 3152 1564 3220; x_wconf 80' lang='lat' dir='ltr'><strong><em>Quid</em></strong></span> <span class='ocrx_word' id='word_1_236' title='bbox 1585 3161 1668 3207; x_wconf 90' lang='lat' dir='ltr'><strong><em>est</em></strong></span> <span class='ocrx_word' id='word_1_237' title='bbox 1683 3159 1892 3216; x_wconf 88' lang='lat' dir='ltr'><strong><em>autem,</em></strong></span> 
     </span>
    </p>
   </div>
   <div class='ocr_carea' id='block_1_32' title="bbox 280 3243 1867 3331">
    <p class='ocr_par' dir='ltr' id='par_1_32' title="bbox 280 3243 1867 3331">
     <span class='ocr_line' id='line_1_32' title="bbox 280 3243 1867 3331; baseline -0.013 -15"><span class='ocrx_word' id='word_1_238' title='bbox 280 3262 359 3316; x_wconf 71' lang='lat' dir='ltr'><strong><em>Ad</em></strong></span> <span class='ocrx_word' id='word_1_239' title='bbox 384 3259 760 3331; x_wconf 79' lang='lat' dir='ltr'><strong><em>perfectionem</em></strong></span> <span class='ocrx_word' id='word_1_240' title='bbox 786 3252 1060 3326; x_wconf 84' lang='lat' dir='ltr'><strong><em>feramur?</em></strong></span> <span class='ocrx_word' id='word_1_241' title='bbox 1092 3250 1378 3319; x_wconf 86' lang='lat' dir='ltr'><strong><em>Deinceps,</em></strong></span> <span class='ocrx_word' id='word_1_242' title='bbox 1407 3249 1602 3317; x_wconf 83' lang='lat' dir='ltr'><strong><em>inquit,</em></strong></span> <span class='ocrx_word' id='word_1_243' title='bbox 1637 3243 1867 3314; x_wconf 86' lang='lat' dir='ltr'><strong><em>proceda</em></strong></span> 
     </span>
    </p>
   </div>
   <div class='ocr_carea' id='block_1_33' title="bbox 280 3336 1896 3421">
    <p class='ocr_par' dir='ltr' id='par_1_33' title="bbox 280 3336 1896 3421">
     <span class='ocr_line' id='line_1_33' title="bbox 280 3336 1896 3421; baseline -0.015 -9"><span class='ocrx_word' id='word_1_244' title='bbox 280 3369 400 3412; x_wconf 83' lang='lat' dir='ltr'><strong><em>tuus</em></strong></span> <span class='ocrx_word' id='word_1_245' title='bbox 437 3353 509 3408; x_wconf 89' lang='lat' dir='ltr'><strong><em>ad</em></strong></span> <span class='ocrx_word' id='word_1_246' title='bbox 551 3351 733 3421; x_wconf 90' lang='lat' dir='ltr'><strong><em>ipsum</em></strong></span> <span class='ocrx_word' id='word_1_247' title='bbox 780 3344 1054 3414; x_wconf 80' lang='lat' dir='ltr'><strong><em>fastigium</em></strong></span> <span class='ocrx_word' id='word_1_248' title='bbox 1076 3383 1091 3407; x_wconf 88' lang='lat'><strong><em>,</em></strong></span> <span class='ocrx_word' id='word_1_249' title='bbox 1125 3341 1228 3396; x_wconf 89' lang='lat' dir='ltr'><strong><em>hoc</em></strong></span> <span class='ocrx_word' id='word_1_250' title='bbox 1258 3351 1375 3404; x_wconf 88' lang='lat' dir='ltr'><strong><em>est,</em></strong></span> <span class='ocrx_word' id='word_1_251' title='bbox 1409 3339 1572 3393; x_wconf 86' lang='lat' dir='ltr'><strong><em>vitam</em></strong></span> <span class='ocrx_word' id='word_1_252' title='bbox 1604 3336 1896 3390; x_wconf 80' lang='lat' dir='ltr'><strong><em>habeamus</em></strong></span> 
     </span>
    </p>
   </div>
   <div class='ocr_carea' id='block_1_34' title="bbox 278 3428 1893 3519">
    <p class='ocr_par' dir='ltr' id='par_1_34' title="bbox 278 3428 1893 3519">
     <span class='ocr_line' id='line_1_34' title="bbox 278 3428 1893 3519; baseline -0.015 -15"><span class='ocrx_word' id='word_1_253' title='bbox 278 3451 563 3519; x_wconf 82' lang='lat' dir='ltr'><strong><em>optimam.</em></strong></span> <span class='ocrx_word' id='word_1_254' title='bbox 599 3443 752 3497; x_wconf 84' lang='lat' dir='ltr'><strong><em>Sicut</em></strong></span> <span class='ocrx_word' id='word_1_255' title='bbox 781 3437 930 3494; x_wconf 90' lang='lat' dir='ltr'><strong><em>enim</em></strong></span> <span class='ocrx_word' id='word_1_256' title='bbox 960 3437 1012 3489; x_wconf 92' lang='lat' dir='ltr'><strong><em>in</em></strong></span> <span class='ocrx_word' id='word_1_257' title='bbox 1043 3433 1329 3490; x_wconf 85' lang='lat' dir='ltr'><strong><em>elementis</em></strong></span> <span class='ocrx_word' id='word_1_258' title='bbox 1359 3434 1398 3485; x_wconf 87' lang='lat' dir='ltr'><strong>A</strong></span> <span class='ocrx_word' id='word_1_259' title='bbox 1435 3439 1604 3484; x_wconf 91' lang='lat' dir='ltr'><strong><em>totum</em></strong></span> <span class='ocrx_word' id='word_1_260' title='bbox 1634 3428 1893 3492; x_wconf 87' lang='lat' dir='ltr'><strong><em>continet,</em></strong></span> 
     </span>
    </p>
   </div>
   <div class='ocr_carea' id='block_1_35' title="bbox 275 3519 1897 3599">
    <p class='ocr_par' dir='ltr' id='par_1_35' title="bbox 275 3519 1897 3599">
     <span class='ocr_line' id='line_1_35' title="bbox 275 3519 1897 3599; baseline -0.017 -1"><span class='ocrx_word' id='word_1_261' title='bbox 275 3553 332 3599; x_wconf 87' lang='lat' dir='ltr'><strong><em>et</em></strong></span> <span class='ocrx_word' id='word_1_262' title='bbox 373 3538 793 3595; x_wconf 88' lang='lat' dir='ltr'><strong><em>fundamentum</em></strong></span> <span class='ocrx_word' id='word_1_263' title='bbox 837 3537 1008 3588; x_wconf 88' lang='lat' dir='ltr'><strong><em>totum</em></strong></span> <span class='ocrx_word' id='word_1_264' title='bbox 1051 3526 1338 3583; x_wconf 59' lang='lat' dir='ltr'><strong><em>aedificium</em></strong></span> <span class='ocrx_word' id='word_1_265' title='bbox 1365 3540 1378 3575; x_wconf 91' lang='lat'>:</span> <span class='ocrx_word' id='word_1_266' title='bbox 1407 3524 1474 3576; x_wconf 90' lang='lat' dir='ltr'><strong><em>ita</em></strong></span> <span class='ocrx_word' id='word_1_267' title='bbox 1523 3523 1684 3576; x_wconf 84' lang='lat' dir='ltr'><strong><em>etiam</em></strong></span> <span class='ocrx_word' id='word_1_268' title='bbox 1732 3519 1897 3574; x_wconf 86' lang='lat' dir='ltr'><strong><em>vitam</em></strong></span> 
     </span>
    </p>
   </div>
   <div class='ocr_carea' id='block_1_36' title="bbox 275 3611 1897 3708">
    <p class='ocr_par' dir='ltr' id='par_1_36' title="bbox 275 3611 1897 3708">
     <span class='ocr_line' id='line_1_36' title="bbox 275 3611 1897 3708; baseline -0.014 -21"><span class='ocrx_word' id='word_1_269' title='bbox 275 3649 471 3708; x_wconf 81' lang='lat' dir='ltr'><strong><em>puram</em></strong></span> <span class='ocrx_word' id='word_1_270' title='bbox 500 3637 656 3687; x_wconf 88' lang='lat' dir='ltr'><strong><em>certa</em></strong></span> <span class='ocrx_word' id='word_1_271' title='bbox 688 3628 742 3680; x_wconf 90' lang='lat' dir='ltr'><strong><em>in</em></strong></span> <span class='ocrx_word' id='word_1_272' title='bbox 771 3624 875 3685; x_wconf 86' lang='lat' dir='ltr'><strong><em>fide</em></strong></span> <span class='ocrx_word' id='word_1_273' title='bbox 907 3621 1209 3694; x_wconf 87' lang='lat' dir='ltr'><strong><em>persuasio.</em></strong></span> <span class='ocrx_word' id='word_1_274' title='bbox 1235 3617 1455 3687; x_wconf 83' lang='lat' dir='ltr'><strong><em>Absque</em></strong></span> <span class='ocrx_word' id='word_1_275' title='bbox 1481 3633 1542 3670; x_wconf 89' lang='lat' dir='ltr'><strong><em>ea</em></strong></span> <span class='ocrx_word' id='word_1_276' title='bbox 1576 3625 1752 3669; x_wconf 88' lang='lat' dir='ltr'><strong><em>autem</em></strong></span> <span class='ocrx_word' id='word_1_277' title='bbox 1785 3611 1897 3666; x_wconf 77' lang='lat' dir='ltr'><strong><em>tieri</em></strong></span> 
     </span>
    </p>
   </div>
   <div class='ocr_carea' id='block_1_37' title="bbox 274 3705 1896 3797">
    <p class='ocr_par' dir='ltr' id='par_1_37' title="bbox 274 3705 1896 3797">
     <span class='ocr_line' id='line_1_37' title="bbox 274 3705 1896 3797; baseline -0.015 -14"><span class='ocrx_word' id='word_1_278' title='bbox 274 3705 383 3784; x_wconf 74' lang='lat' dir='ltr'><strong><em>non</em></strong></span> <span class='ocrx_word' id='word_1_279' title='bbox 430 3733 622 3797; x_wconf 86' lang='lat' dir='ltr'><strong><em>potest</em></strong></span> <span class='ocrx_word' id='word_1_280' title='bbox 662 3729 720 3774; x_wconf 90' lang='lat' dir='ltr'><strong><em>ut</em></strong></span> <span class='ocrx_word' id='word_1_281' title='bbox 764 3719 840 3773; x_wconf 88' lang='lat' dir='ltr'><strong><em>sis</em></strong></span> <span class='ocrx_word' id='word_1_282' title='bbox 867 3716 1208 3771; x_wconf 76' lang='lat' dir='ltr'><strong><em>Chrisdanus</em></strong></span> <span class='ocrx_word' id='word_1_283' title='bbox 1242 3731 1256 3764; x_wconf 89' lang='lat'>:</span> <span class='ocrx_word' id='word_1_284' title='bbox 1289 3705 1430 3766; x_wconf 82' lang='lat' dir='ltr'><strong><em>sicut</em></strong></span> <span class='ocrx_word' id='word_1_285' title='bbox 1474 3724 1573 3764; x_wconf 88' lang='lat' dir='ltr'><strong><em>nec</em></strong></span> <span class='ocrx_word' id='word_1_286' title='bbox 1612 3707 1896 3763; x_wconf 81' lang='lat' dir='ltr'><strong><em>:edificium</em></strong></span> 
     </span>
    </p>
   </div>
   <div class='ocr_carea' id='block_1_38' title="bbox 275 3801 1901 3893">
    <p class='ocr_par' dir='ltr' id='par_1_38' title="bbox 275 3801 1901 3893">
     <span class='ocr_line' id='line_1_38' title="bbox 275 3801 1901 3893; baseline -0.018 -14"><span class='ocrx_word' id='word_1_287' title='bbox 275 3830 458 3893; x_wconf 85' lang='lat' dir='ltr'><strong><em>potest</em></strong></span> <span class='ocrx_word' id='word_1_288' title='bbox 484 3831 617 3874; x_wconf 88' lang='lat' dir='ltr'><strong><em>esse</em></strong></span> <span class='ocrx_word' id='word_1_289' title='bbox 642 3815 849 3883; x_wconf 86' lang='lat' dir='ltr'><strong><em>absque</em></strong></span> <span class='ocrx_word' id='word_1_290' title='bbox 885 3808 1270 3871; x_wconf 88' lang='lat' dir='ltr'><strong><em>fundamentis,</em></strong></span> <span class='ocrx_word' id='word_1_291' title='bbox 1297 3819 1472 3874; x_wconf 89' lang='lat' dir='ltr'><strong><em>neque</em></strong></span> <span class='ocrx_word' id='word_1_292' title='bbox 1499 3801 1612 3857; x_wconf 85' lang='lat' dir='ltr'><strong><em>fieri</em></strong></span> <span class='ocrx_word' id='word_1_293' title='bbox 1638 3808 1814 3869; x_wconf 87' lang='lat' dir='ltr'><strong><em>potest</em></strong></span> <span class='ocrx_word' id='word_1_294' title='bbox 1843 3806 1901 3851; x_wconf 90' lang='lat' dir='ltr'><strong><em>ut</em></strong></span> 
     </span>
    </p>
   </div>
   <div class='ocr_carea' id='block_1_39' title="bbox 275 3893 1906 3983">
    <p class='ocr_par' dir='ltr' id='par_1_39' title="bbox 275 3893 1906 3983">
     <span class='ocr_line' id='line_1_39' title="bbox 275 3893 1906 3983; baseline -0.015 -12"><span class='ocrx_word' id='word_1_295' title='bbox 275 3916 485 3983; x_wconf 79' lang='lat' dir='ltr'><strong><em>alisque</em></strong></span> <span class='ocrx_word' id='word_1_296' title='bbox 512 3909 811 3966; x_wconf 84' lang='lat' dir='ltr'><strong><em>elementis</em></strong></span> <span class='ocrx_word' id='word_1_297' title='bbox 836 3907 913 3960; x_wconf 88' lang='lat' dir='ltr'><strong><em>sis</em></strong></span> <span class='ocrx_word' id='word_1_298' title='bbox 938 3904 1146 3975; x_wconf 86' lang='lat' dir='ltr'><strong><em>peritus</em></strong></span> <span class='ocrx_word' id='word_1_299' title='bbox 1160 3903 1484 3959; x_wconf 88' lang='lat' dir='ltr'><strong><em>litterarum.</em></strong></span> <span class='ocrx_word' id='word_1_300' title='bbox 1502 3896 1610 3953; x_wconf 90' lang='lat' dir='ltr'><strong><em>Sed</em></strong></span> <span class='ocrx_word' id='word_1_301' title='bbox 1641 3893 1906 3966; x_wconf 85' lang='lat' dir='ltr'><strong><em>quemad-</em></strong></span> 
     </span>
    </p>
   </div>
   <div class='ocr_carea' id='block_1_40' title="bbox 281 3986 1907 4074">
    <p class='ocr_par' dir='ltr' id='par_1_40' title="bbox 281 3986 1907 4074">
     <span class='ocr_line' id='line_1_40' title="bbox 281 3986 1907 4074; baseline -0.012 -12"><span class='ocrx_word' id='word_1_302' title='bbox 281 4007 506 4062; x_wconf 76' lang='lat' dir='ltr'><strong><em>modum</em></strong></span> <span class='ocrx_word' id='word_1_303' title='bbox 549 4003 600 4059; x_wconf 88' lang='lat' dir='ltr'><strong><em>si</em></strong></span> <span class='ocrx_word' id='word_1_304' title='bbox 643 4002 771 4074; x_wconf 90' lang='lat' dir='ltr'><strong><em>quis</em></strong></span> <span class='ocrx_word' id='word_1_305' title='bbox 810 4015 1030 4069; x_wconf 87' lang='lat' dir='ltr'><strong><em>semper</em></strong></span> <span class='ocrx_word' id='word_1_306' title='bbox 1057 4006 1304 4052; x_wconf 78' lang='lat' dir='ltr'><strong><em>versetur</em></strong></span> <span class='ocrx_word' id='word_1_307' title='bbox 1341 3995 1484 4049; x_wconf 89' lang='lat' dir='ltr'><strong><em>circa</em></strong></span> <span class='ocrx_word' id='word_1_308' title='bbox 1525 3991 1825 4054; x_wconf 87' lang='lat' dir='ltr'><strong><em>elementa,</em></strong></span> <span class='ocrx_word' id='word_1_309' title='bbox 1858 3986 1907 4042; x_wconf 88' lang='lat' dir='ltr'><strong><em>si</em></strong></span> 
     </span>
    </p>
   </div>
   <div class='ocr_carea' id='block_1_41' title="bbox 284 4082 1906 4170">
    <p class='ocr_par' dir='ltr' id='par_1_41' title="bbox 284 4082 1906 4170">
     <span class='ocr_line' id='line_1_41' title="bbox 284 4082 1906 4170; baseline -0.014 -14"><span class='ocrx_word' id='word_1_310' title='bbox 284 4101 400 4170; x_wconf 82' lang='lat' dir='ltr'><strong><em>quis</em></strong></span> <span class='ocrx_word' id='word_1_311' title='bbox 425 4099 585 4153; x_wconf 87' lang='lat' dir='ltr'><strong><em>circa</em></strong></span> <span class='ocrx_word' id='word_1_312' title='bbox 621 4093 1039 4150; x_wconf 76' lang='lat' dir='ltr'><strong><em>fundamentum</em></strong></span> <span class='ocrx_word' id='word_1_313' title='bbox 1066 4133 1082 4158; x_wconf 94' lang='lat'><strong><em>,</em></strong></span> <span class='ocrx_word' id='word_1_314' title='bbox 1125 4105 1230 4144; x_wconf 90' lang='lat' dir='ltr'><strong><em>non</em></strong></span> <span class='ocrx_word' id='word_1_315' title='bbox 1259 4087 1402 4142; x_wconf 88' lang='lat' dir='ltr'><strong><em>circa</em></strong></span> <span class='ocrx_word' id='word_1_316' title='bbox 1433 4082 1720 4140; x_wconf 81' lang='lat' dir='ltr'><strong><em>aedilicium</em></strong></span> <span class='ocrx_word' id='word_1_317' title='bbox 1742 4122 1758 4147; x_wconf 94' lang='lat'><strong><em>,</em></strong></span> <span class='ocrx_word' id='word_1_318' title='bbox 1797 4095 1906 4134; x_wconf 89' lang='lat' dir='ltr'><strong><em>non</em></strong></span> 
     </span>
    </p>
   </div>
   <div class='ocr_carea' id='block_1_42' title="bbox 287 4173 1908 4262">
    <p class='ocr_par' dir='ltr' id='par_1_42' title="bbox 287 4173 1908 4262">
     <span class='ocr_line' id='line_1_42' title="bbox 287 4173 1908 4262; baseline -0.014 -14"><span class='ocrx_word' id='word_1_319' title='bbox 287 4195 381 4248; x_wconf 86' lang='lat' dir='ltr'><strong><em>erit</em></strong></span> <span class='ocrx_word' id='word_1_320' title='bbox 406 4194 459 4249; x_wconf 90' lang='lat' dir='ltr'><strong><em>ei</em></strong></span> <span class='ocrx_word' id='word_1_321' title='bbox 488 4188 797 4262; x_wconf 83' lang='lat' dir='ltr'><strong>quidquam</strong></span> <span class='ocrx_word' id='word_1_322' title='bbox 819 4184 1055 4256; x_wconf 88' lang='lat' dir='ltr'><strong><em>amplius</em></strong></span> <span class='ocrx_word' id='word_1_323' title='bbox 1079 4203 1092 4238; x_wconf 92' lang='lat'><strong>:</strong></span> <span class='ocrx_word' id='word_1_324' title='bbox 1116 4183 1194 4238; x_wconf 90' lang='lat' dir='ltr'><strong><em>sic</em></strong></span> <span class='ocrx_word' id='word_1_325' title='bbox 1225 4178 1383 4236; x_wconf 89' lang='lat' dir='ltr'><strong><em>nobis</em></strong></span> <span class='ocrx_word' id='word_1_326' title='bbox 1407 4175 1628 4234; x_wconf 86' lang='lat' dir='ltr'><strong><em>eveniet</em></strong></span> <span class='ocrx_word' id='word_1_327' title='bbox 1650 4192 1664 4228; x_wconf 90' lang='lat'><strong>:</strong></span> <span class='ocrx_word' id='word_1_328' title='bbox 1689 4174 1737 4229; x_wconf 89' lang='lat' dir='ltr'><strong><em>si</em></strong></span> <span class='ocrx_word' id='word_1_329' title='bbox 1761 4173 1908 4229; x_wconf 88' lang='lat' dir='ltr'><strong><em>enim</em></strong></span> 
     </span>
    </p>
   </div>
   <div class='ocr_carea' id='block_1_43' title="bbox 280 4265 1908 4356">
    <p class='ocr_par' dir='ltr' id='par_1_43' title="bbox 280 4265 1908 4356">
     <span class='ocr_line' id='line_1_43' title="bbox 280 4265 1908 4356; baseline -0.013 -15"><span class='ocrx_word' id='word_1_330' title='bbox 280 4301 500 4356; x_wconf 81' lang='lat' dir='ltr'><strong><em>semper</em></strong></span> <span class='ocrx_word' id='word_1_331' title='bbox 529 4265 754 4339; x_wconf 29' lang='lat' dir='ltr'><strong><em>in&#39;ﬁ&#39;dei</em></strong></span> <span class='ocrx_word' id='word_1_332' title='bbox 784 4279 940 4335; x_wconf 90' lang='lat' dir='ltr'><strong><em>initio</em></strong></span> <span class='ocrx_word' id='word_1_333' title='bbox 971 4289 1292 4332; x_wconf 86' lang='lat' dir='ltr'><strong><em>maneamus</em></strong></span> <span class='ocrx_word' id='word_1_334' title='bbox 1313 4313 1331 4340; x_wconf 90' lang='lat'><strong><em>,</em></strong></span> <span class='ocrx_word' id='word_1_335' title='bbox 1371 4283 1665 4341; x_wconf 88' lang='lat' dir='ltr'><strong><em>numquam</em></strong></span> <span class='ocrx_word' id='word_1_336' title='bbox 1695 4265 1762 4321; x_wconf 87' lang='lat' dir='ltr'><strong><em>ad</em></strong></span> <span class='ocrx_word' id='word_1_337' title='bbox 1791 4266 1908 4336; x_wconf 83' lang='lat' dir='ltr'><strong><em>ejus</em></strong></span> 
     </span>
    </p>
   </div>
   <div class='ocr_carea' id='block_1_44' title="bbox 283 4359 1908 4450">
    <p class='ocr_par' dir='ltr' id='par_1_44' title="bbox 283 4359 1908 4450">
     <span class='ocr_line' id='line_1_44' title="bbox 283 4359 1908 4450; baseline -0.012 -17"><span class='ocrx_word' id='word_1_338' title='bbox 283 4377 690 4446; x_wconf 76' lang='lat' dir='ltr'><strong><em>perfectionem</em></strong></span> <span class='ocrx_word' id='word_1_339' title='bbox 723 4359 1027 4450; x_wconf 81' lang='lat' dir='ltr'><strong><em>veniemus.</em></strong></span> <span class='ocrx_word' id='word_1_340' title='bbox 1060 4369 1144 4425; x_wconf 91' lang='lat' dir='ltr'><strong><em>Tu</em></strong></span> <span class='ocrx_word' id='word_1_341' title='bbox 1173 4375 1354 4423; x_wconf 90' lang='lat' dir='ltr'><strong><em>autem</em></strong></span> <span class='ocrx_word' id='word_1_342' title='bbox 1394 4380 1466 4420; x_wconf 88' lang='lat' dir='ltr'><strong><em>ne</em></strong></span> <span class='ocrx_word' id='word_1_343' title='bbox 1507 4363 1784 4419; x_wconf 77' lang='lat' dir='ltr'><strong><em>existimes</em></strong></span> <span class='ocrx_word' id='word_1_344' title='bbox 1811 4359 1908 4414; x_wconf 85' lang='lat' dir='ltr'><strong><em>de-</em></strong></span> 
     </span>
    </p>
   </div>
   <div class='ocr_carea' id='block_1_45' title="bbox 277 4455 1905 4536">
    <p class='ocr_par' dir='ltr' id='par_1_45' title="bbox 277 4455 1905 4536">
     <span class='ocr_line' id='line_1_45' title="bbox 277 4455 1905 4536; baseline -0.012 -12"><span class='ocrx_word' id='word_1_345' title='bbox 277 4481 515 4526; x_wconf 83' lang='lat' dir='ltr'><strong><em>tractum</em></strong></span> <span class='ocrx_word' id='word_1_346' title='bbox 541 4483 672 4525; x_wconf 85' lang='lat' dir='ltr'><strong><em>esse</em></strong></span> <span class='ocrx_word' id='word_1_347' title='bbox 699 4465 846 4531; x_wconf 88' lang='lat' dir='ltr'><strong><em>fidei,</em></strong></span> <span class='ocrx_word' id='word_1_348' title='bbox 878 4463 1024 4536; x_wconf 88' lang='lat' dir='ltr'><strong>quod</strong></span> <span class='ocrx_word' id='word_1_349' title='bbox 1051 4477 1114 4518; x_wconf 91' lang='lat' dir='ltr'><strong><em>ea</em></strong></span> <span class='ocrx_word' id='word_1_350' title='bbox 1143 4461 1471 4516; x_wconf 89' lang='lat' dir='ltr'><strong><em>elementum</em></strong></span> <span class='ocrx_word' id='word_1_351' title='bbox 1500 4455 1572 4512; x_wconf 91' lang='lat' dir='ltr'><strong><em>sit</em></strong></span> <span class='ocrx_word' id='word_1_352' title='bbox 1597 4464 1782 4509; x_wconf 87' lang='lat' dir='ltr'><strong><em>vocata</em></strong></span> <span class='ocrx_word' id='word_1_353' title='bbox 1807 4469 1820 4506; x_wconf 89' lang='lat'><strong>:</strong></span> <span class='ocrx_word' id='word_1_354' title='bbox 1841 4465 1905 4505; x_wconf 87' lang='lat' dir='ltr'><strong><em>ea</em></strong></span> 
     </span>
    </p>
   </div>
   <div class='ocr_carea' id='block_1_46' title="bbox 270 4544 1908 4628">
    <p class='ocr_par' dir='ltr' id='par_1_46' title="bbox 270 4544 1908 4628">
     <span class='ocr_line' id='line_1_46' title="bbox 270 4544 1908 4628; baseline -0.013 -11"><span class='ocrx_word' id='word_1_355' title='bbox 270 4563 425 4617; x_wconf 70' lang='lat' dir='ltr'><strong><em>etaim</em></strong></span> <span class='ocrx_word' id='word_1_356' title='bbox 456 4569 548 4616; x_wconf 86' lang='lat' dir='ltr'><strong><em>est</em></strong></span> <span class='ocrx_word' id='word_1_357' title='bbox 573 4567 692 4614; x_wconf 87' lang='lat' dir='ltr'><strong><em>tota</em></strong></span> <span class='ocrx_word' id='word_1_358' title='bbox 718 4567 984 4628; x_wconf 81' lang='lat' dir='ltr'><strong><em>potestas.</em></strong></span> <span class='ocrx_word' id='word_1_359' title='bbox 1002 4553 1137 4609; x_wconf 88' lang='lat' dir='ltr'><strong><em>Nam</em></strong></span> <span class='ocrx_word' id='word_1_360' title='bbox 1160 4551 1377 4623; x_wconf 88' lang='lat' dir='ltr'><strong><em>quando</em></strong></span> <span class='ocrx_word' id='word_1_361' title='bbox 1399 4549 1550 4615; x_wconf 90' lang='lat' dir='ltr'><strong><em>dicit,</em></strong></span> <span class='ocrx_word' id='word_1_362' title='bbox 1573 4545 1754 4601; x_wconf 85' lang='lat' dir='ltr'><strong><em>Omnis</em></strong></span> <span class='ocrx_word' id='word_1_363' title='bbox 1774 4544 1908 4597; x_wconf 85' lang='lat' dir='ltr'><strong><em>enim</em></strong></span> 
     </span>
    </p>
   </div>
   <div class='ocr_carea' id='block_1_47' title="bbox 269 4635 1908 4722">
    <p class='ocr_par' dir='ltr' id='par_1_47' title="bbox 269 4635 1908 4722">
     <span class='ocr_line' id='line_1_47' title="bbox 269 4635 1908 4722; baseline -0.01 -17"><span class='ocrx_word' id='word_1_364' title='bbox 269 4653 365 4722; x_wconf 81' lang='lat' dir='ltr'><strong><em>qui</em></strong></span> <span class='ocrx_word' id='word_1_365' title='bbox 395 4651 554 4706; x_wconf 87' lang='lat' dir='ltr'><strong><em>lactis</em></strong></span> <span class='ocrx_word' id='word_1_366' title='bbox 582 4658 662 4706; x_wconf 84' lang='lat' dir='ltr'><strong><em>est</em></strong></span> <span class='ocrx_word' id='word_1_367' title='bbox 691 4647 968 4718; x_wconf 85' lang='lat' dir='ltr'><strong><em>particeps,</em></strong></span> <span class='ocrx_word' id='word_1_368' title='bbox 995 4654 1068 4700; x_wconf 82' lang='lat' dir='ltr'><strong><em>est</em></strong></span> <span class='ocrx_word' id='word_1_369' title='bbox 1088 4643 1357 4718; x_wconf 85' lang='lat' dir='ltr'><strong><em>imperitus</em></strong></span> <span class='ocrx_word' id='word_1_370' title='bbox 1387 4638 1634 4710; x_wconf 83' lang='lat' dir='ltr'><strong><em>sermonis</em></strong></span> <span class='ocrx_word' id='word_1_371' title='bbox 1652 4635 1871 4708; x_wconf 80' lang='lat' dir='ltr'><strong><em>justitia:</em></strong></span> <span class='ocrx_word' id='word_1_372' title='bbox 1889 4652 1908 4689; x_wconf 88' lang='lat'><strong><em>:</em></strong></span> 
     </span>
    </p>
   </div>
   <div class='ocr_carea' id='block_1_48' title="bbox 273 4726 1910 4815">
    <p class='ocr_par' dir='ltr' id='par_1_48' title="bbox 273 4726 1910 4815">
     <span class='ocr_line' id='line_1_48' title="bbox 273 4726 1910 4815; baseline -0.01 -17"><span class='ocrx_word' id='word_1_373' title='bbox 273 4755 353 4799; x_wconf 82' lang='lat' dir='ltr'><strong><em>est</em></strong></span> <span class='ocrx_word' id='word_1_374' title='bbox 382 4745 535 4800; x_wconf 85' lang='lat' dir='ltr'><strong><em>enim</em></strong></span> <span class='ocrx_word' id='word_1_375' title='bbox 580 4742 802 4815; x_wconf 82' lang='lat' dir='ltr'><strong><em>infans;</em></strong></span> <span class='ocrx_word' id='word_1_376' title='bbox 838 4755 946 4795; x_wconf 89' lang='lat' dir='ltr'><strong><em>non</em></strong></span> <span class='ocrx_word' id='word_1_377' title='bbox 975 4753 1096 4794; x_wconf 89' lang='lat' dir='ltr'><strong><em>eam</em></strong></span> <span class='ocrx_word' id='word_1_378' title='bbox 1130 4745 1285 4792; x_wconf 86' lang='lat' dir='ltr'><strong><em>vocat</em></strong></span> <span class='ocrx_word' id='word_1_379' title='bbox 1315 4735 1398 4789; x_wconf 90' lang='lat' dir='ltr'><strong><em>lac</em></strong></span> <span class='ocrx_word' id='word_1_380' title='bbox 1424 4731 1683 4803; x_wconf 62' lang='lat' dir='ltr'><strong><em>justitiie;</em></strong></span> <span class='ocrx_word' id='word_1_381' title='bbox 1717 4727 1810 4794; x_wconf 89' lang='lat' dir='ltr'><strong><em>sed</em></strong></span> <span class='ocrx_word' id='word_1_382' title='bbox 1842 4726 1910 4782; x_wconf 91' lang='lat' dir='ltr'><strong><em>de</em></strong></span> 
     </span>
    </p>
   </div>
   <div class='ocr_carea' id='block_1_49' title="bbox 273 4823 1911 4907">
    <p class='ocr_par' dir='ltr' id='par_1_49' title="bbox 273 4823 1911 4907">
     <span class='ocr_line' id='line_1_49' title="bbox 273 4823 1911 4907; baseline -0.013 -14"><span class='ocrx_word' id='word_1_383' title='bbox 273 4837 360 4892; x_wconf 78' lang='lat' dir='ltr'><strong><em>bis</em></strong></span> <span class='ocrx_word' id='word_1_384' title='bbox 409 4836 599 4892; x_wconf 88' lang='lat' dir='ltr'><strong><em>adhuc</em></strong></span> <span class='ocrx_word' id='word_1_385' title='bbox 645 4833 944 4899; x_wconf 85' lang='lat' dir='ltr'><strong><em>dubitare,</em></strong></span> <span class='ocrx_word' id='word_1_386' title='bbox 991 4839 1076 4886; x_wconf 87' lang='lat' dir='ltr'><strong><em>est</em></strong></span> <span class='ocrx_word' id='word_1_387' title='bbox 1123 4827 1320 4907; x_wconf 85' lang='lat' dir='ltr'><strong><em>mentis</em></strong></span> <span class='ocrx_word' id='word_1_388' title='bbox 1359 4823 1641 4880; x_wconf 75' lang='lat' dir='ltr'><strong><em>imbecilla:</em></strong></span> <span class='ocrx_word' id='word_1_389' title='bbox 1689 4831 1744 4875; x_wconf 84' lang='lat' dir='ltr'><strong><em>el</em></strong></span> <span class='ocrx_word' id='word_1_390' title='bbox 1791 4835 1911 4889; x_wconf 67' lang='lat' dir='ltr'><strong><em>quae</em></strong></span> 
     </span>
    </p>
   </div>
   <div class='ocr_carea' id='block_1_50' title="bbox 277 4913 1906 4999">
    <p class='ocr_par' dir='ltr' id='par_1_50' title="bbox 277 4913 1906 4999">
     <span class='ocr_line' id='line_1_50' title="bbox 277 4913 1906 4999; baseline -0.012 -14"><span class='ocrx_word' id='word_1_391' title='bbox 277 4929 471 4984; x_wconf 85' lang='lat' dir='ltr'><strong><em>multis</em></strong></span> <span class='ocrx_word' id='word_1_392' title='bbox 517 4927 730 4997; x_wconf 76' lang='lat' dir='ltr'><strong><em>indiget</em></strong></span> <span class='ocrx_word' id='word_1_393' title='bbox 775 4923 1100 4979; x_wconf 89' lang='lat' dir='ltr'><strong><em>rationibus.</em></strong></span> <span class='ocrx_word' id='word_1_394' title='bbox 1135 4921 1262 4999; x_wconf 58' lang='lat' dir='ltr'><strong><em>Ilico</em></strong></span> <span class='ocrx_word' id='word_1_395' title='bbox 1303 4917 1449 4974; x_wconf 90' lang='lat' dir='ltr'><strong><em>enim</em></strong></span> <span class='ocrx_word' id='word_1_396' title='bbox 1488 4924 1615 4994; x_wconf 84' lang='lat' dir='ltr'><strong><em>sunt</em></strong></span> <span class='ocrx_word' id='word_1_397' title='bbox 1658 4913 1906 4983; x_wconf 81' lang='lat' dir='ltr'><strong><em>dogmata</em></strong></span> 
     </span>
    </p>
   </div>
   <div class='ocr_carea' id='block_1_51' title="bbox 275 5014 1909 5092">
    <p class='ocr_par' dir='ltr' id='par_1_51' title="bbox 275 5014 1909 5092">
     <span class='ocr_line' id='line_1_51' title="bbox 275 5014 1909 5092; baseline -0.012 -15"><span class='ocrx_word' id='word_1_398' title='bbox 275 5041 400 5092; x_wconf 66' lang='lat' dir='ltr'><strong><em>qum</em></strong></span> <span class='ocrx_word' id='word_1_399' title='bbox 427 5029 570 5078; x_wconf 85' lang='lat' dir='ltr'><strong><em>sunt</em></strong></span> <span class='ocrx_word' id='word_1_400' title='bbox 602 5028 755 5075; x_wconf 85' lang='lat' dir='ltr'><strong><em>recta</em></strong></span> <span class='ocrx_word' id='word_1_401' title='bbox 785 5026 840 5073; x_wconf 91' lang='lat' dir='ltr'><strong><em>et</em></strong></span> <span class='ocrx_word' id='word_1_402' title='bbox 865 5031 995 5072; x_wconf 90' lang='lat' dir='ltr'><strong><em>sana</em></strong></span> <span class='ocrx_word' id='word_1_403' title='bbox 1021 5034 1034 5069; x_wconf 87' lang='lat'>:</span> <span class='ocrx_word' id='word_1_404' title='bbox 1059 5014 1208 5068; x_wconf 88' lang='lat' dir='ltr'><strong><em>illum</em></strong></span> <span class='ocrx_word' id='word_1_405' title='bbox 1241 5026 1476 5082; x_wconf 87' lang='lat' dir='ltr'><strong><em>namque</em></strong></span> <span class='ocrx_word' id='word_1_406' title='bbox 1503 5022 1758 5064; x_wconf 91' lang='lat' dir='ltr'><strong><em>vocamus</em></strong></span> <span class='ocrx_word' id='word_1_407' title='bbox 1785 5020 1909 5075; x_wconf 82' lang='lat' dir='ltr'><strong><em>pcr-</em></strong></span> 
     </span>
    </p>
   </div>
   <div class='ocr_carea' id='block_1_52' title="bbox 276 5095 1910 5182">
    <p class='ocr_par' dir='ltr' id='par_1_52' title="bbox 276 5095 1910 5182">
     <span class='ocr_line' id='line_1_52' title="bbox 276 5095 1910 5182; baseline -0.013 -12"><span class='ocrx_word' id='word_1_408' title='bbox 276 5117 483 5173; x_wconf 79' lang='lat' dir='ltr'><strong><em>fectum</em></strong></span> <span class='ocrx_word' id='word_1_409' title='bbox 508 5157 527 5180; x_wconf 91' lang='lat'><strong><em>,</em></strong></span> <span class='ocrx_word' id='word_1_410' title='bbox 563 5098 662 5182; x_wconf 81' lang='lat' dir='ltr'><strong>qui</strong></span> <span class='ocrx_word' id='word_1_411' title='bbox 694 5127 819 5166; x_wconf 91' lang='lat' dir='ltr'><strong><em>cum</em></strong></span> <span class='ocrx_word' id='word_1_412' title='bbox 852 5108 960 5164; x_wconf 86' lang='lat' dir='ltr'><strong><em>fide</em></strong></span> <span class='ocrx_word' id='word_1_413' title='bbox 1001 5115 1205 5162; x_wconf 88' lang='lat' dir='ltr'><strong><em>rectam</em></strong></span> <span class='ocrx_word' id='word_1_414' title='bbox 1245 5103 1407 5159; x_wconf 90' lang='lat' dir='ltr'><strong><em>habet</em></strong></span> <span class='ocrx_word' id='word_1_415' title='bbox 1448 5102 1634 5156; x_wconf 88' lang='lat' dir='ltr'><strong><em>vitam.</em></strong></span> <span class='ocrx_word' id='word_1_416' title='bbox 1684 5097 1743 5154; x_wconf 87' lang='lat' dir='ltr'><strong><em>Si</em></strong></span> <span class='ocrx_word' id='word_1_417' title='bbox 1789 5095 1910 5167; x_wconf 88' lang='lat' dir='ltr'><strong><em>quis</em></strong></span> 
     </span>
    </p>
   </div>
   <div class='ocr_carea' id='block_1_53' title="bbox 270 5191 1908 5275">
    <p class='ocr_par' dir='ltr' id='par_1_53' title="bbox 270 5191 1908 5275">
     <span class='ocr_line' id='line_1_53' title="bbox 270 5191 1908 5275; baseline -0.015 -10"><span class='ocrx_word' id='word_1_418' title='bbox 270 5221 464 5264; x_wconf 87' lang='lat' dir='ltr'><strong><em>autem</em></strong></span> <span class='ocrx_word' id='word_1_419' title='bbox 493 5207 670 5264; x_wconf 85' lang='lat' dir='ltr'><strong><em>fidem</em></strong></span> <span class='ocrx_word' id='word_1_420' title='bbox 701 5202 922 5275; x_wconf 89' lang='lat' dir='ltr'><strong><em>quidem</em></strong></span> <span class='ocrx_word' id='word_1_421' title='bbox 948 5201 1168 5264; x_wconf 86' lang='lat' dir='ltr'><strong><em>habeat,</em></strong></span> <span class='ocrx_word' id='word_1_422' title='bbox 1198 5198 1408 5253; x_wconf 87' lang='lat' dir='ltr'><strong><em>scelera</em></strong></span> <span class='ocrx_word' id='word_1_423' title='bbox 1430 5204 1611 5250; x_wconf 89' lang='lat' dir='ltr'><strong><em>autem</em></strong></span> <span class='ocrx_word' id='word_1_424' title='bbox 1639 5191 1908 5270; x_wconf 79' lang='lat' dir='ltr'><strong><em>admittat,</em></strong></span> 
     </span>
    </p>
   </div>
   <div class='ocr_carea' id='block_1_54' title="bbox 265 5281 1906 5367">
    <p class='ocr_par' dir='ltr' id='par_1_54' title="bbox 265 5281 1906 5367">
     <span class='ocr_line' id='line_1_54' title="bbox 265 5281 1906 5367; baseline -0.012 -13"><span class='ocrx_word' id='word_1_425' title='bbox 265 5313 322 5354; x_wconf 82' lang='lat' dir='ltr'><strong><em>et</em></strong></span> <span class='ocrx_word' id='word_1_426' title='bbox 355 5302 433 5357; x_wconf 85' lang='lat' dir='ltr'><strong><em>de</em></strong></span> <span class='ocrx_word' id='word_1_427' title='bbox 461 5301 576 5354; x_wconf 89' lang='lat' dir='ltr'><strong><em>hac</em></strong></span> <span class='ocrx_word' id='word_1_428' title='bbox 603 5298 727 5367; x_wconf 86' lang='lat' dir='ltr'><strong><em>ipsa</em></strong></span> <span class='ocrx_word' id='word_1_429' title='bbox 758 5293 967 5348; x_wconf 89' lang='lat' dir='ltr'><strong><em>dubitet</em></strong></span> <span class='ocrx_word' id='word_1_430' title='bbox 993 5333 1009 5359; x_wconf 91' lang='lat'><strong><em>,</em></strong></span> <span class='ocrx_word' id='word_1_431' title='bbox 1041 5301 1096 5346; x_wconf 90' lang='lat' dir='ltr'><strong><em>et</em></strong></span> <span class='ocrx_word' id='word_1_432' title='bbox 1125 5289 1428 5345; x_wconf 90' lang='lat' dir='ltr'><strong><em>doctrinam</em></strong></span> <span class='ocrx_word' id='word_1_433' title='bbox 1461 5285 1660 5357; x_wconf 87' lang='lat' dir='ltr'><strong><em>probro</em></strong></span> <span class='ocrx_word' id='word_1_434' title='bbox 1686 5281 1906 5346; x_wconf 83' lang='lat' dir='ltr'><strong><em>alliciat,</em></strong></span> 
     </span>
    </p>
   </div>
   <div class='ocr_carea' id='block_1_55' title="bbox 266 5377 1912 5459">
    <p class='ocr_par' dir='ltr' id='par_1_55' title="bbox 266 5377 1912 5459">
     <span class='ocr_line' id='line_1_55' title="bbox 266 5377 1912 5459; baseline -0.012 -13"><span class='ocrx_word' id='word_1_435' title='bbox 266 5394 478 5448; x_wconf 86' lang='lat' dir='ltr'><strong><em>merito</em></strong></span> <span class='ocrx_word' id='word_1_436' title='bbox 504 5406 640 5448; x_wconf 84' lang='lat' dir='ltr'><strong><em>cum</em></strong></span> <span class='ocrx_word' id='word_1_437' title='bbox 675 5387 928 5442; x_wconf 85' lang='lat' dir='ltr'><strong><em>dicemus</em></strong></span> <span class='ocrx_word' id='word_1_438' title='bbox 959 5385 1216 5459; x_wconf 80' lang='lat' dir='ltr'><strong><em>infantem</em></strong></span> <span class='ocrx_word' id='word_1_439' title='bbox 1239 5423 1255 5449; x_wconf 93' lang='lat'><strong><em>,</em></strong></span> <span class='ocrx_word' id='word_1_440' title='bbox 1284 5388 1344 5436; x_wconf 90' lang='lat' dir='ltr'><strong><em>ut</em></strong></span> <span class='ocrx_word' id='word_1_441' title='bbox 1380 5380 1473 5451; x_wconf 92' lang='lat' dir='ltr'><strong><em>qui</em></strong></span> <span class='ocrx_word' id='word_1_442' title='bbox 1516 5377 1584 5433; x_wconf 91' lang='lat' dir='ltr'><strong><em>ad</em></strong></span> <span class='ocrx_word' id='word_1_443' title='bbox 1617 5378 1791 5452; x_wconf 86' lang='lat' dir='ltr'><strong><em>ipsum</em></strong></span> <span class='ocrx_word' id='word_1_444' title='bbox 1826 5389 1912 5434; x_wconf 81' lang='lat' dir='ltr'><strong><em>re-</em></strong></span> 
     </span>
    </p>
   </div>
   <div class='ocr_carea' id='block_1_56' title="bbox 266 5458 1914 5547">
    <p class='ocr_par' dir='ltr' id='par_1_56' title="bbox 266 5458 1914 5547">
     <span class='ocr_line' id='line_1_56' title="bbox 266 5458 1914 5547; baseline -0.01 -8"><span class='ocrx_word' id='word_1_445' title='bbox 266 5486 518 5541; x_wconf 76' lang='lat' dir='ltr'><strong><em>currerit</em></strong></span> <span class='ocrx_word' id='word_1_446' title='bbox 566 5483 814 5538; x_wconf 90' lang='lat' dir='ltr'><strong><em>initium.</em></strong></span> <span class='ocrx_word' id='word_1_447' title='bbox 867 5458 1234 5547; x_wconf 75' lang='lat' dir='ltr'><strong><em>QuamObrem</em></strong></span> <span class='ocrx_word' id='word_1_448' title='bbox 1283 5474 1497 5530; x_wconf 89' lang='lat' dir='ltr'><strong><em>etiamsi</em></strong></span> <span class='ocrx_word' id='word_1_449' title='bbox 1545 5458 1698 5527; x_wconf 87' lang='lat' dir='ltr'><strong><em>mille</em></strong></span> <span class='ocrx_word' id='word_1_450' title='bbox 1740 5483 1914 5523; x_wconf 87' lang='lat' dir='ltr'><strong><em>annos</em></strong></span> 
     </span>
    </p>
   </div>
   <div class='ocr_carea' id='block_1_57' title="bbox 266 5561 1909 5648">
    <p class='ocr_par' dir='ltr' id='par_1_57' title="bbox 266 5561 1909 5648">
     <span class='ocr_line' id='line_1_57' title="bbox 266 5561 1909 5648; baseline -0.01 -18"><span class='ocrx_word' id='word_1_451' title='bbox 266 5579 559 5648; x_wconf 80' lang='lat' dir='ltr'><strong><em>egerimus</em></strong></span> <span class='ocrx_word' id='word_1_452' title='bbox 586 5575 646 5630; x_wconf 91' lang='lat' dir='ltr'><strong><em>in</em></strong></span> <span class='ocrx_word' id='word_1_453' title='bbox 678 5573 812 5640; x_wconf 85' lang='lat' dir='ltr'><strong><em>fide,</em></strong></span> <span class='ocrx_word' id='word_1_454' title='bbox 842 5561 972 5626; x_wconf 80' lang='lat' dir='ltr'><strong><em>etin</em></strong></span> <span class='ocrx_word' id='word_1_455' title='bbox 1001 5583 1063 5625; x_wconf 89' lang='lat' dir='ltr'><strong><em>ea</em></strong></span> <span class='ocrx_word' id='word_1_456' title='bbox 1093 5585 1201 5623; x_wconf 92' lang='lat' dir='ltr'><strong><em>non</em></strong></span> <span class='ocrx_word' id='word_1_457' title='bbox 1230 5567 1401 5638; x_wconf 84' lang='lat' dir='ltr'><strong><em>simus</em></strong></span> <span class='ocrx_word' id='word_1_458' title='bbox 1426 5565 1566 5640; x_wconf 86' lang='lat' dir='ltr'><strong><em>firmi</em></strong></span> <span class='ocrx_word' id='word_1_459' title='bbox 1589 5573 1645 5619; x_wconf 89' lang='lat' dir='ltr'><strong><em>et</em></strong></span> <span class='ocrx_word' id='word_1_460' title='bbox 1667 5561 1909 5640; x_wconf 81' lang='lat' dir='ltr'><strong><em>stabiles,</em></strong></span> 
     </span>
    </p>
   </div>
   <div class='ocr_carea' id='block_1_58' title="bbox 265 5652 1913 5743">
    <p class='ocr_par' dir='ltr' id='par_1_58' title="bbox 265 5652 1913 5743">
     <span class='ocr_line' id='line_1_58' title="bbox 265 5652 1913 5743; baseline -0.01 -18"><span class='ocrx_word' id='word_1_461' title='bbox 265 5683 470 5726; x_wconf 80' lang='lat' dir='ltr'><strong><em>sumus</em></strong></span> <span class='ocrx_word' id='word_1_462' title='bbox 515 5666 806 5743; x_wconf 80' lang='lat' dir='ltr'><strong><em>infantes;</em></strong></span> <span class='ocrx_word' id='word_1_463' title='bbox 859 5661 1078 5735; x_wconf 88' lang='lat' dir='ltr'><strong><em>quando</em></strong></span> <span class='ocrx_word' id='word_1_464' title='bbox 1124 5676 1235 5715; x_wconf 87' lang='lat' dir='ltr'><strong><em>non</em></strong></span> <span class='ocrx_word' id='word_1_465' title='bbox 1278 5656 1617 5728; x_wconf 79' lang='lat' dir='ltr'><strong><em>ostendimus</em></strong></span> <span class='ocrx_word' id='word_1_466' title='bbox 1660 5655 1821 5716; x_wconf 85' lang='lat' dir='ltr'><strong><em>vitam</em></strong></span> <span class='ocrx_word' id='word_1_467' title='bbox 1863 5652 1913 5714; x_wconf 85' lang='lat' dir='ltr'><strong><em>ei</em></strong></span> 
     </span>
    </p>
   </div>
   <div class='ocr_carea' id='block_1_59' title="bbox 347 5842 1832 5940">
    <p class='ocr_par' dir='ltr' id='par_1_59' title="bbox 347 5842 1832 5940">
     <span class='ocr_line' id='line_1_59' title="bbox 347 5842 1832 5940; baseline -0.022 -15"><span class='ocrx_word' id='word_1_468' title='bbox 347 5868 428 5931; x_wconf 77' lang='lat' dir='ltr'><strong><em>(a)</em></strong></span> <span class='ocrx_word' id='word_1_469' title='bbox 452 5867 550 5920; x_wconf 83' lang='lat' dir='ltr'><strong><em>Hic</em></strong></span> <span class='ocrx_word' id='word_1_470' title='bbox 584 5863 765 5940; x_wconf 79' lang='lat' dir='ltr'><strong><em>incipit</em></strong></span> <span class='ocrx_word' id='word_1_471' title='bbox 798 5854 1006 5910; x_wconf 85' lang='lat' dir='ltr'><strong><em>homilia</em></strong></span> <span class='ocrx_word' id='word_1_472' title='bbox 1029 5864 1155 5905; x_wconf 89' lang='lat' dir='ltr'><strong><em>nona</em></strong></span> <span class='ocrx_word' id='word_1_473' title='bbox 1179 5852 1227 5902; x_wconf 91' lang='lat' dir='ltr'><strong><em>in</em></strong></span> <span class='ocrx_word' id='word_1_474' title='bbox 1253 5847 1421 5922; x_wconf 61' lang='lat' dir='ltr'><strong><em>fetu,</em></strong></span> <span class='ocrx_word' id='word_1_475' title='bbox 1462 5845 1599 5913; x_wconf 86' lang='lat' dir='ltr'><strong><em>initio</em></strong></span> <span class='ocrx_word' id='word_1_476' title='bbox 1632 5842 1832 5912; x_wconf 79' lang='lat' dir='ltr'><strong><em>omisso.</em></strong></span> 
     </span>
    </p>
   </div>
   <div class='ocr_carea' id='block_1_60' title="bbox 3523 380 3594 434">
    <p class='ocr_par' dir='ltr' id='par_1_60' title="bbox 3523 380 3594 434">
     <span class='ocr_line' id='line_1_60' title="bbox 3523 380 3594 434; baseline 0.042 -3"><span class='ocrx_word' id='word_1_477' title='bbox 3523 380 3594 434; x_wconf 74' lang='lat'><strong><em>78</em></strong></span> 
     </span>
    </p>
   </div>
   <div class='ocr_carea' id='block_1_61' title="bbox 1973 475 3570 550">
    <p class='ocr_par' dir='ltr' id='par_1_61' title="bbox 1973 475 3570 550">
     <span class='ocr_line' id='line_1_61' title="bbox 1973 475 3570 550; baseline -0.003 -14"><span class='ocrx_word' id='word_1_478' title='bbox 1973 481 2405 545; x_wconf 73' lang='lat' dir='ltr'><strong><em>emivcnientcm,</em></strong></span> <span class='ocrx_word' id='word_1_479' title='bbox 2439 478 2655 550; x_wconf 84' lang='lat' dir='ltr'><strong><em>quando</em></strong></span> <span class='ocrx_word' id='word_1_480' title='bbox 2682 477 2858 532; x_wconf 89' lang='lat' dir='ltr'><strong><em>adhuc</em></strong></span> <span class='ocrx_word' id='word_1_481' title='bbox 2881 476 3114 547; x_wconf 86' lang='lat' dir='ltr'><strong><em>jacimus</em></strong></span> <span class='ocrx_word' id='word_1_482' title='bbox 3143 475 3570 531; x_wconf 86' lang='lat' dir='ltr'><strong><em>fundamentum.</em></strong></span> 
     </span>
    </p>
   </div>
   <div class='ocr_carea' id='block_1_62' title="bbox 1977 567 3574 639">
    <p class='ocr_par' dir='ltr' id='par_1_62' title="bbox 1977 567 3574 639">
     <span class='ocr_line' id='line_1_62' title="bbox 1977 567 3574 639; baseline -0.003 -13"><span class='ocrx_word' id='word_1_483' title='bbox 1977 573 2082 626; x_wconf 75' lang='lat' dir='ltr'><strong><em>Eos</em></strong></span> <span class='ocrx_word' id='word_1_484' title='bbox 2110 581 2286 627; x_wconf 89' lang='lat' dir='ltr'><strong><em>autem</em></strong></span> <span class='ocrx_word' id='word_1_485' title='bbox 2321 583 2372 626; x_wconf 89' lang='lat' dir='ltr'><strong><em>et</em></strong></span> <span class='ocrx_word' id='word_1_486' title='bbox 2403 571 2470 626; x_wconf 90' lang='lat' dir='ltr'><strong><em>de</em></strong></span> <span class='ocrx_word' id='word_1_487' title='bbox 2501 573 2621 624; x_wconf 69' lang='lat' dir='ltr'><strong><em>vita:</em></strong></span> <span class='ocrx_word' id='word_1_488' title='bbox 2653 573 2895 632; x_wconf 88' lang='lat' dir='ltr'><strong><em>ratione,</em></strong></span> <span class='ocrx_word' id='word_1_489' title='bbox 2929 577 2983 622; x_wconf 90' lang='lat' dir='ltr'><strong><em>et</em></strong></span> <span class='ocrx_word' id='word_1_490' title='bbox 3012 567 3081 623; x_wconf 86' lang='lat' dir='ltr'><strong><em>de</em></strong></span> <span class='ocrx_word' id='word_1_491' title='bbox 3105 568 3212 622; x_wconf 86' lang='lat' dir='ltr'><strong><em>alio</em></strong></span> <span class='ocrx_word' id='word_1_492' title='bbox 3238 584 3451 639; x_wconf 91' lang='lat' dir='ltr'><strong><em>quoque</em></strong></span> <span class='ocrx_word' id='word_1_493' title='bbox 3481 585 3574 622; x_wconf 89' lang='lat' dir='ltr'><strong><em>ac-</em></strong></span> 
     </span>
    </p>
   </div>
   <div class='ocr_carea' id='block_1_63' title="bbox 1973 660 3574 734">
    <p class='ocr_par' dir='ltr' id='par_1_63' title="bbox 1973 660 3574 734">
     <span class='ocr_line' id='line_1_63' title="bbox 1973 660 3574 734; baseline -0.002 -15"><span class='ocrx_word' id='word_1_494' title='bbox 1973 674 2144 729; x_wconf 89' lang='lat' dir='ltr'><strong><em>cuset,</em></strong></span> <span class='ocrx_word' id='word_1_495' title='bbox 2171 673 2232 719; x_wconf 92' lang='lat' dir='ltr'><strong><em>ut</em></strong></span> <span class='ocrx_word' id='word_1_496' title='bbox 2255 665 2346 734; x_wconf 91' lang='lat' dir='ltr'><strong>qui</strong></span> <span class='ocrx_word' id='word_1_497' title='bbox 2375 665 2483 717; x_wconf 87' lang='lat' dir='ltr'><strong><em>sint</em></strong></span> <span class='ocrx_word' id='word_1_498' title='bbox 2512 662 2848 725; x_wconf 73' lang='lat' dir='ltr'><strong><em>vacillantes,</em></strong></span> <span class='ocrx_word' id='word_1_499' title='bbox 2874 671 2928 715; x_wconf 87' lang='lat' dir='ltr'><strong><em>et</em></strong></span> <span class='ocrx_word' id='word_1_500' title='bbox 2950 677 3085 729; x_wconf 85' lang='lat' dir='ltr'><strong><em>Opus</em></strong></span> <span class='ocrx_word' id='word_1_501' title='bbox 3115 661 3347 714; x_wconf 84' lang='lat' dir='ltr'><strong><em>habeant</em></strong></span> <span class='ocrx_word' id='word_1_502' title='bbox 3370 670 3429 715; x_wconf 90' lang='lat' dir='ltr'><strong><em>ut</em></strong></span> <span class='ocrx_word' id='word_1_503' title='bbox 3451 660 3574 715; x_wconf 85' lang='lat' dir='ltr'><strong><em>fun-</em></strong></span> 
     </span>
    </p>
   </div>
   <div class='ocr_carea' id='block_1_64' title="bbox 1975 752 3571 825">
    <p class='ocr_par' dir='ltr' id='par_1_64' title="bbox 1975 752 3571 825">
     <span class='ocr_line' id='line_1_64' title="bbox 1975 752 3571 825; baseline -0.003 -15"><span class='ocrx_word' id='word_1_504' title='bbox 1975 755 2286 811; x_wconf 87' lang='lat' dir='ltr'><strong><em>damentum</em></strong></span> <span class='ocrx_word' id='word_1_505' title='bbox 2314 755 2515 825; x_wconf 88' lang='lat' dir='ltr'><strong><em>jaciant</em></strong></span> <span class='ocrx_word' id='word_1_506' title='bbox 2549 753 2885 822; x_wconf 77' lang='lat' dir='ltr'><strong><em>poenitentia:</em></strong></span> <span class='ocrx_word' id='word_1_507' title='bbox 2923 753 2992 806; x_wconf 88' lang='lat' dir='ltr'><strong><em>ab</em></strong></span> <span class='ocrx_word' id='word_1_508' title='bbox 3022 752 3281 821; x_wconf 83' lang='lat' dir='ltr'><strong><em>operibus</em></strong></span> <span class='ocrx_word' id='word_1_509' title='bbox 3322 755 3571 806; x_wconf 85' lang='lat' dir='ltr'><strong><em>mortuis.</em></strong></span> 
     </span>
    </p>
   </div>
   <div class='ocr_carea' id='block_1_65' title="bbox 1981 844 3574 917">
    <p class='ocr_par' dir='ltr' id='par_1_65' title="bbox 1981 844 3574 917">
     <span class='ocr_line' id='line_1_65' title="bbox 1981 844 3574 917; baseline -0.004 -14"><span class='ocrx_word' id='word_1_510' title='bbox 1981 849 2113 904; x_wconf 86' lang='lat' dir='ltr'><strong><em>Eum</em></strong></span> <span class='ocrx_word' id='word_1_511' title='bbox 2143 847 2287 902; x_wconf 87' lang='lat' dir='ltr'><strong><em>cnim</em></strong></span> <span class='ocrx_word' id='word_1_512' title='bbox 2317 846 2409 917; x_wconf 89' lang='lat' dir='ltr'><strong><em>qui</em></strong></span> <span class='ocrx_word' id='word_1_513' title='bbox 2437 847 2506 900; x_wconf 87' lang='lat' dir='ltr'><strong><em>ab</em></strong></span> <span class='ocrx_word' id='word_1_514' title='bbox 2550 846 2732 916; x_wconf 86' lang='lat' dir='ltr'><strong><em>aliquo</em></strong></span> <span class='ocrx_word' id='word_1_515' title='bbox 2779 854 3180 898; x_wconf 85' lang='lat' dir='ltr'><strong><em>transmovetnr</em></strong></span> <span class='ocrx_word' id='word_1_516' title='bbox 3207 844 3272 897; x_wconf 89' lang='lat' dir='ltr'><strong><em>ad</em></strong></span> <span class='ocrx_word' id='word_1_517' title='bbox 3304 845 3574 910; x_wconf 87' lang='lat' dir='ltr'><strong><em>alterum,</em></strong></span> 
     </span>
    </p>
   </div>
   <div class='ocr_carea' id='block_1_66' title="bbox 1974 936 3578 1009">
    <p class='ocr_par' dir='ltr' id='par_1_66' title="bbox 1974 936 3578 1009">
     <span class='ocr_line' id='line_1_66' title="bbox 1974 936 3578 1009; baseline -0.004 -13"><span class='ocrx_word' id='word_1_518' title='bbox 1974 951 2027 996; x_wconf 92' lang='lat' dir='ltr'><strong><em>et</em></strong></span> <span class='ocrx_word' id='word_1_519' title='bbox 2050 939 2183 995; x_wconf 90' lang='lat' dir='ltr'><strong><em>illud</em></strong></span> <span class='ocrx_word' id='word_1_520' title='bbox 2212 938 2428 1009; x_wconf 88' lang='lat' dir='ltr'><strong><em>quidem</em></strong></span> <span class='ocrx_word' id='word_1_521' title='bbox 2455 937 2692 1000; x_wconf 90' lang='lat' dir='ltr'><strong><em>dimittit,</em></strong></span> <span class='ocrx_word' id='word_1_522' title='bbox 2719 937 2820 992; x_wconf 93' lang='lat' dir='ltr'><strong><em>hoc</em></strong></span> <span class='ocrx_word' id='word_1_523' title='bbox 2841 947 3020 991; x_wconf 90' lang='lat' dir='ltr'><strong><em>autem</em></strong></span> <span class='ocrx_word' id='word_1_524' title='bbox 3048 936 3402 1006; x_wconf 82' lang='lat' dir='ltr'><strong><em>eligit,ipsum</em></strong></span> <span class='ocrx_word' id='word_1_525' title='bbox 3427 937 3578 1006; x_wconf 83' lang='lat' dir='ltr'><strong><em>prius</em></strong></span> 
     </span>
    </p>
   </div>
   <div class='ocr_carea' id='block_1_67' title="bbox 1976 1030 3580 1103">
    <p class='ocr_par' dir='ltr' id='par_1_67' title="bbox 1976 1030 3580 1103">
     <span class='ocr_line' id='line_1_67' title="bbox 1976 1030 3580 1103; baseline -0.001 -16"><span class='ocrx_word' id='word_1_526' title='bbox 1976 1041 2193 1103; x_wconf 85' lang='lat' dir='ltr'><strong><em>oportet</em></strong></span> <span class='ocrx_word' id='word_1_527' title='bbox 2219 1040 2273 1086; x_wconf 92' lang='lat' dir='ltr'><strong><em>ut</em></strong></span> <span class='ocrx_word' id='word_1_528' title='bbox 2300 1031 2645 1095; x_wconf 88' lang='lat' dir='ltr'><strong><em>condemnet,</em></strong></span> <span class='ocrx_word' id='word_1_529' title='bbox 2674 1038 2729 1085; x_wconf 88' lang='lat' dir='ltr'><strong><em>et</em></strong></span> <span class='ocrx_word' id='word_1_530' title='bbox 2754 1031 2820 1084; x_wconf 90' lang='lat' dir='ltr'><strong><em>ab</em></strong></span> <span class='ocrx_word' id='word_1_531' title='bbox 2848 1045 2914 1084; x_wconf 92' lang='lat' dir='ltr'><strong><em>eo</em></strong></span> <span class='ocrx_word' id='word_1_532' title='bbox 2937 1030 3156 1084; x_wconf 84' lang='lat' dir='ltr'><strong><em>recedat</em></strong></span> <span class='ocrx_word' id='word_1_533' title='bbox 3183 1031 3492 1096; x_wconf 76' lang='lat' dir='ltr'><strong><em>affectione,</em></strong></span> <span class='ocrx_word' id='word_1_534' title='bbox 3523 1041 3580 1086; x_wconf 87' lang='lat' dir='ltr'><strong><em>et</em></strong></span> 
     </span>
    </p>
   </div>
   <div class='ocr_carea' id='block_1_68' title="bbox 1981 1122 3582 1191">
    <p class='ocr_par' dir='ltr' id='par_1_68' title="bbox 1981 1122 3582 1191">
     <span class='ocr_line' id='line_1_68' title="bbox 1981 1122 3582 1191; baseline -0.001 -12"><span class='ocrx_word' id='word_1_535' title='bbox 1981 1135 2109 1180; x_wconf 88' lang='lat' dir='ltr'><strong><em>tunc</em></strong></span> <span class='ocrx_word' id='word_1_536' title='bbox 2151 1124 2334 1180; x_wconf 86' lang='lat' dir='ltr'><strong><em>veniat</em></strong></span> <span class='ocrx_word' id='word_1_537' title='bbox 2378 1123 2446 1177; x_wconf 92' lang='lat' dir='ltr'><strong><em>ad</em></strong></span> <span class='ocrx_word' id='word_1_538' title='bbox 2487 1123 2715 1176; x_wconf 87' lang='lat' dir='ltr'><strong><em>alterum</em></strong></span> <span class='ocrx_word' id='word_1_539' title='bbox 2744 1139 2757 1174; x_wconf 96' lang='lat'>:</span> <span class='ocrx_word' id='word_1_540' title='bbox 2782 1122 2826 1176; x_wconf 90' lang='lat' dir='ltr'><strong><em>si</em></strong></span> <span class='ocrx_word' id='word_1_541' title='bbox 2857 1131 3037 1176; x_wconf 90' lang='lat' dir='ltr'><strong><em>autem</em></strong></span> <span class='ocrx_word' id='word_1_542' title='bbox 3078 1123 3241 1191; x_wconf 90' lang='lat' dir='ltr'><strong><em>priori</em></strong></span> <span class='ocrx_word' id='word_1_543' title='bbox 3280 1139 3468 1179; x_wconf 91' lang='lat' dir='ltr'><strong><em>rursus</em></strong></span> <span class='ocrx_word' id='word_1_544' title='bbox 3495 1134 3582 1179; x_wconf 89' lang='lat' dir='ltr'><strong><em>est</em></strong></span> 
     </span>
    </p>
   </div>
   <div class='ocr_carea' id='block_1_69' title="bbox 1977 1214 3576 1286">
    <p class='ocr_par' dir='ltr' id='par_1_69' title="bbox 1977 1214 3576 1286">
     <span class='ocr_line' id='line_1_69' title="bbox 1977 1214 3576 1286; baseline -0.001 -13"><span class='ocrx_word' id='word_1_545' title='bbox 1977 1217 2319 1282; x_wconf 74' lang='lat' dir='ltr'><strong><em>adhtesurns,</em></strong></span> <span class='ocrx_word' id='word_1_546' title='bbox 2345 1215 2618 1286; x_wconf 90' lang='lat' dir='ltr'><strong><em>quomodo</em></strong></span> <span class='ocrx_word' id='word_1_547' title='bbox 2637 1217 2864 1284; x_wconf 82' lang='lat' dir='ltr'><strong><em>attinget</em></strong></span> <span class='ocrx_word' id='word_1_548' title='bbox 2887 1214 3226 1268; x_wconf 89' lang='lat' dir='ltr'><strong><em>secundum?</em></strong></span> <span class='ocrx_word' id='word_1_549' title='bbox 3256 1216 3393 1281; x_wconf 79' lang='lat' dir='ltr'><strong><em>Quid</em></strong></span> <span class='ocrx_word' id='word_1_550' title='bbox 3423 1233 3576 1286; x_wconf 80' lang='lat' dir='ltr'><strong><em>ergo,</em></strong></span> 
     </span>
    </p>
   </div>
   <div class='ocr_carea' id='block_1_70' title="bbox 1979 1309 3579 1383">
    <p class='ocr_par' dir='ltr' id='par_1_70' title="bbox 1979 1309 3579 1383">
     <span class='ocr_line' id='line_1_70' title="bbox 1979 1309 3579 1383; baseline -0.002 -16"><span class='ocrx_word' id='word_1_551' title='bbox 1979 1312 2184 1383; x_wconf 88' lang='lat' dir='ltr'><strong><em>inquit,</em></strong></span> <span class='ocrx_word' id='word_1_552' title='bbox 2213 1311 2282 1366; x_wconf 89' lang='lat' dir='ltr'><strong><em>de</em></strong></span> <span class='ocrx_word' id='word_1_553' title='bbox 2314 1311 2471 1380; x_wconf 85' lang='lat' dir='ltr'><strong><em>lege?</em></strong></span> <span class='ocrx_word' id='word_1_554' title='bbox 2502 1310 2634 1364; x_wconf 89' lang='lat' dir='ltr'><strong><em>Eam</em></strong></span> <span class='ocrx_word' id='word_1_555' title='bbox 2665 1309 3164 1371; x_wconf 86' lang='lat' dir='ltr'><strong><em>condemnavimus,</em></strong></span> <span class='ocrx_word' id='word_1_556' title='bbox 3198 1317 3252 1363; x_wconf 89' lang='lat' dir='ltr'><strong><em>et</em></strong></span> <span class='ocrx_word' id='word_1_557' title='bbox 3295 1324 3483 1364; x_wconf 85' lang='lat' dir='ltr'><strong><em>rursus</em></strong></span> <span class='ocrx_word' id='word_1_558' title='bbox 3511 1311 3579 1364; x_wconf 91' lang='lat' dir='ltr'><strong><em>ad</em></strong></span> 
     </span>
    </p>
   </div>
   <div class='ocr_carea' id='block_1_71' title="bbox 1978 1402 3584 1475">
    <p class='ocr_par' dir='ltr' id='par_1_71' title="bbox 1978 1402 3584 1475">
     <span class='ocr_line' id='line_1_71' title="bbox 1978 1402 3584 1475; baseline -0.003 -14"><span class='ocrx_word' id='word_1_559' title='bbox 1978 1403 2150 1475; x_wconf 87' lang='lat' dir='ltr'><strong><em>ipsam</em></strong></span> <span class='ocrx_word' id='word_1_560' title='bbox 2179 1403 2510 1459; x_wconf 86' lang='lat' dir='ltr'><strong><em>recurrimns</em></strong></span> <span class='ocrx_word' id='word_1_561' title='bbox 2532 1421 2544 1455; x_wconf 91' lang='lat'><strong>:</strong></span> <span class='ocrx_word' id='word_1_562' title='bbox 2568 1402 2670 1457; x_wconf 91' lang='lat' dir='ltr'><strong><em>hoc</em></strong></span> <span class='ocrx_word' id='word_1_563' title='bbox 2698 1417 2803 1456; x_wconf 90' lang='lat' dir='ltr'><strong><em>non</em></strong></span> <span class='ocrx_word' id='word_1_564' title='bbox 2827 1410 2912 1456; x_wconf 89' lang='lat' dir='ltr'><strong><em>est</em></strong></span> <span class='ocrx_word' id='word_1_565' title='bbox 2932 1403 3213 1456; x_wconf 86' lang='lat' dir='ltr'><strong><em>translatio</em></strong></span> <span class='ocrx_word' id='word_1_566' title='bbox 3236 1410 3292 1456; x_wconf 91' lang='lat' dir='ltr'><strong><em>et</em></strong></span> <span class='ocrx_word' id='word_1_567' title='bbox 3313 1411 3584 1457; x_wconf 89' lang='lat' dir='ltr'><strong><em>transmu-</em></strong></span> 
     </span>
    </p>
   </div>
   <div class='ocr_carea' id='block_1_72' title="bbox 1986 1493 3579 1566">
    <p class='ocr_par' dir='ltr' id='par_1_72' title="bbox 1986 1493 3579 1566">
     <span class='ocr_line' id='line_1_72' title="bbox 1986 1493 3579 1566; baseline -0.003 -14"><span class='ocrx_word' id='word_1_568' title='bbox 1986 1499 2120 1553; x_wconf 88' lang='lat' dir='ltr'><strong><em>tatio</em></strong></span> <span class='ocrx_word' id='word_1_569' title='bbox 2142 1516 2155 1552; x_wconf 90' lang='lat'><strong>:</strong></span> <span class='ocrx_word' id='word_1_570' title='bbox 2175 1496 2374 1553; x_wconf 88' lang='lat' dir='ltr'><strong><em>etenim</em></strong></span> <span class='ocrx_word' id='word_1_571' title='bbox 2400 1496 2486 1551; x_wconf 91' lang='lat' dir='ltr'><strong><em>hic</em></strong></span> <span class='ocrx_word' id='word_1_572' title='bbox 2510 1495 2769 1549; x_wconf 88' lang='lat' dir='ltr'><strong><em>habemus</em></strong></span> <span class='ocrx_word' id='word_1_573' title='bbox 2791 1494 2984 1564; x_wconf 86' lang='lat' dir='ltr'><strong><em>legem.</em></strong></span> <span class='ocrx_word' id='word_1_574' title='bbox 3011 1493 3198 1565; x_wconf 83' lang='lat' dir='ltr'><strong><em>Legem</em></strong></span> <span class='ocrx_word' id='word_1_575' title='bbox 3219 1511 3359 1566; x_wconf 88' lang='lat' dir='ltr'><strong><em>ergo,</em></strong></span> <span class='ocrx_word' id='word_1_576' title='bbox 3385 1495 3579 1566; x_wconf 89' lang='lat' dir='ltr'><strong><em>inquit,</em></strong></span> 
     </span>
    </p>
   </div>
   <div class='ocr_carea' id='block_1_73' title="bbox 1979 1592 3587 1667">
    <p class='ocr_par' dir='ltr' id='par_1_73' title="bbox 1979 1592 3587 1667">
     <span class='ocr_line' id='line_1_73' title="bbox 1979 1592 3587 1667; baseline -0.005 -15"><span class='ocrx_word' id='word_1_577' title='bbox 1979 1598 2290 1652; x_wconf 89' lang='lat' dir='ltr'><strong><em>destruimus</em></strong></span> <span class='ocrx_word' id='word_1_578' title='bbox 2337 1612 2428 1666; x_wconf 83' lang='lat' dir='ltr'><strong><em>per</em></strong></span> <span class='ocrx_word' id='word_1_579' title='bbox 2477 1592 2677 1662; x_wconf 80' lang='lat' dir='ltr'><strong><em>ﬁdem?</em></strong></span> <span class='ocrx_word' id='word_1_580' title='bbox 2722 1592 2905 1657; x_wconf 76' lang='lat' dir='ltr'><strong><em>Absit,</em></strong></span> <span class='ocrx_word' id='word_1_581' title='bbox 2955 1593 3044 1647; x_wconf 88' lang='lat' dir='ltr'><strong><em>sed</em></strong></span> <span class='ocrx_word' id='word_1_582' title='bbox 3099 1593 3262 1666; x_wconf 85' lang='lat' dir='ltr'><strong><em>legem</em></strong></span> <span class='ocrx_word' id='word_1_583' title='bbox 3312 1593 3587 1667; x_wconf 73' lang='lat' dir='ltr'><strong><em>statuimus</em></strong></span> 
     </span>
    </p>
   </div>
   <div class='ocr_carea' id='block_1_74' title="bbox 1982 1685 3585 1762">
    <p class='ocr_par' dir='ltr' id='par_1_74' title="bbox 1982 1685 3585 1762">
     <span class='ocr_line' id='line_1_74' title="bbox 1982 1685 3585 1762; baseline -0.005 -16"><span class='ocrx_word' id='word_1_584' title='bbox 1982 1691 2162 1762; x_wconf 81' lang='lat' dir='ltr'><strong><em>(Rom.</em></strong></span> <span class='ocrx_word' id='word_1_585' title='bbox 2194 1691 2249 1746; x_wconf 79' lang='lat'><strong><em>5.</em></strong></span> <span class='ocrx_word' id='word_1_586' title='bbox 2279 1688 2393 1761; x_wconf 75' lang='grc'><strong><em>51).</em></strong></span> <span class='ocrx_word' id='word_1_587' title='bbox 2439 1687 2552 1758; x_wconf 82' lang='lat' dir='ltr'><strong><em>Ego</em></strong></span> <span class='ocrx_word' id='word_1_588' title='bbox 2594 1696 2774 1742; x_wconf 88' lang='lat' dir='ltr'><strong><em>autem</em></strong></span> <span class='ocrx_word' id='word_1_589' title='bbox 2819 1685 3067 1761; x_wconf 87' lang='lat' dir='ltr'><strong><em>dicebam</em></strong></span> <span class='ocrx_word' id='word_1_590' title='bbox 3108 1686 3175 1742; x_wconf 91' lang='lat' dir='ltr'><strong><em>de</em></strong></span> <span class='ocrx_word' id='word_1_591' title='bbox 3215 1685 3376 1758; x_wconf 88' lang='lat' dir='ltr'><strong><em>rebus</em></strong></span> <span class='ocrx_word' id='word_1_592' title='bbox 3407 1685 3585 1739; x_wconf 88' lang='lat' dir='ltr'><strong><em>malis.</em></strong></span> 
     </span>
    </p>
   </div>
   <div class='ocr_carea' id='block_1_75' title="bbox 1980 1777 3589 1854">
    <p class='ocr_par' dir='ltr' id='par_1_75' title="bbox 1980 1777 3589 1854">
     <span class='ocr_line' id='line_1_75' title="bbox 1980 1777 3589 1854; baseline -0.006 -15"><span class='ocrx_word' id='word_1_593' title='bbox 1980 1783 2112 1840; x_wconf 82' lang='lat' dir='ltr'><strong><em>Nam</em></strong></span> <span class='ocrx_word' id='word_1_594' title='bbox 2135 1783 2226 1854; x_wconf 91' lang='lat' dir='ltr'><strong><em>qui</em></strong></span> <span class='ocrx_word' id='word_1_595' title='bbox 2250 1793 2331 1837; x_wconf 88' lang='lat' dir='ltr'><strong><em>est</em></strong></span> <span class='ocrx_word' id='word_1_596' title='bbox 2352 1780 2418 1835; x_wconf 90' lang='lat' dir='ltr'><strong><em>ad</em></strong></span> <span class='ocrx_word' id='word_1_597' title='bbox 2441 1781 2692 1835; x_wconf 85' lang='lat' dir='ltr'><strong><em>virtutem</em></strong></span> <span class='ocrx_word' id='word_1_598' title='bbox 2717 1779 3066 1844; x_wconf 88' lang='lat' dir='ltr'><strong><em>transiturus,</em></strong></span> <span class='ocrx_word' id='word_1_599' title='bbox 3093 1777 3256 1833; x_wconf 83' lang='lat' dir='ltr'><strong><em>debet</em></strong></span> <span class='ocrx_word' id='word_1_600' title='bbox 3281 1778 3430 1848; x_wconf 89' lang='lat' dir='ltr'><strong><em>prius</em></strong></span> <span class='ocrx_word' id='word_1_601' title='bbox 3453 1791 3589 1831; x_wconf 81' lang='lat' dir='ltr'><strong><em>con-</em></strong></span> 
     </span>
    </p>
   </div>
   <div class='ocr_carea' id='block_1_76' title="bbox 1980 1871 3587 1950">
    <p class='ocr_par' dir='ltr' id='par_1_76' title="bbox 1980 1871 3587 1950">
     <span class='ocr_line' id='line_1_76' title="bbox 1980 1871 3587 1950; baseline -0.005 -18"><span class='ocrx_word' id='word_1_602' title='bbox 1980 1871 2242 1932; x_wconf 86' lang='lat' dir='ltr'><strong><em>demnare</em></strong></span> <span class='ocrx_word' id='word_1_603' title='bbox 2275 1875 2485 1942; x_wconf 90' lang='lat' dir='ltr'><strong><em>vitium,</em></strong></span> <span class='ocrx_word' id='word_1_604' title='bbox 2515 1884 2568 1929; x_wconf 89' lang='lat' dir='ltr'><strong><em>et</em></strong></span> <span class='ocrx_word' id='word_1_605' title='bbox 2597 1883 2724 1929; x_wconf 90' lang='lat' dir='ltr'><strong><em>tunc</em></strong></span> <span class='ocrx_word' id='word_1_606' title='bbox 2748 1874 2812 1950; x_wconf 84' lang='lat' dir='ltr'><strong><em>ad</em></strong></span> <span class='ocrx_word' id='word_1_607' title='bbox 2838 1889 2956 1928; x_wconf 89' lang='lat' dir='ltr'><strong><em>eam</em></strong></span> <span class='ocrx_word' id='word_1_608' title='bbox 2982 1872 3243 1927; x_wconf 86' lang='lat' dir='ltr'><strong><em>accedere</em></strong></span> <span class='ocrx_word' id='word_1_609' title='bbox 3269 1889 3281 1925; x_wconf 94' lang='lat'><strong>:</strong></span> <span class='ocrx_word' id='word_1_610' title='bbox 3307 1887 3413 1926; x_wconf 92' lang='lat' dir='ltr'><strong><em>non</em></strong></span> <span class='ocrx_word' id='word_1_611' title='bbox 3442 1872 3587 1926; x_wconf 86' lang='lat' dir='ltr'><strong><em>enim</em></strong></span> 
     </span>
    </p>
   </div>
   <div class='ocr_carea' id='block_1_77' title="bbox 1984 1963 3590 2037">
    <p class='ocr_par' dir='ltr' id='par_1_77' title="bbox 1984 1963 3590 2037">
     <span class='ocr_line' id='line_1_77' title="bbox 1984 1963 3590 2037; baseline -0.004 -14"><span class='ocrx_word' id='word_1_612' title='bbox 1984 1969 2201 2024; x_wconf 87' lang='lat' dir='ltr'><strong><em>valebat</em></strong></span> <span class='ocrx_word' id='word_1_613' title='bbox 2250 1965 2571 2037; x_wconf 75' lang='lat' dir='ltr'><strong><em>pmnitentia</em></strong></span> <span class='ocrx_word' id='word_1_614' title='bbox 2609 1981 2705 2020; x_wconf 85' lang='lat' dir='ltr'><strong><em>eos</em></strong></span> <span class='ocrx_word' id='word_1_615' title='bbox 2738 1964 2967 2019; x_wconf 88' lang='lat' dir='ltr'><strong><em>mundos</em></strong></span> <span class='ocrx_word' id='word_1_616' title='bbox 3012 1963 3259 2018; x_wconf 85' lang='lat' dir='ltr'><strong><em>reddere.</em></strong></span> <span class='ocrx_word' id='word_1_617' title='bbox 3295 1963 3590 2031; x_wconf 83' lang='lat' dir='ltr'><strong><em>PrOptcrca</em></strong></span> 
     </span>
    </p>
   </div>
   <div class='ocr_carea' id='block_1_78' title="bbox 1984 2055 3590 2131">
    <p class='ocr_par' dir='ltr' id='par_1_78' title="bbox 1984 2055 3590 2131">
     <span class='ocr_line' id='line_1_78' title="bbox 1984 2055 3590 2131; baseline -0.006 -14"><span class='ocrx_word' id='word_1_618' title='bbox 1984 2063 2167 2118; x_wconf 86' lang='lat' dir='ltr'><strong><em>statim</em></strong></span> <span class='ocrx_word' id='word_1_619' title='bbox 2194 2059 2608 2130; x_wconf 88' lang='lat' dir='ltr'><strong><em>baptizabantur</em></strong></span> <span class='ocrx_word' id='word_1_620' title='bbox 2628 2100 2642 2124; x_wconf 91' lang='lat'><strong><em>,</em></strong></span> <span class='ocrx_word' id='word_1_621' title='bbox 2673 2067 2729 2112; x_wconf 88' lang='lat' dir='ltr'><strong><em>ut</em></strong></span> <span class='ocrx_word' id='word_1_622' title='bbox 2761 2057 2902 2128; x_wconf 89' lang='lat' dir='ltr'><strong><em>quod</em></strong></span> <span class='ocrx_word' id='word_1_623' title='bbox 2934 2073 3031 2126; x_wconf 88' lang='lat' dir='ltr'><strong><em>per</em></strong></span> <span class='ocrx_word' id='word_1_624' title='bbox 3059 2055 3269 2126; x_wconf 90' lang='lat' dir='ltr'><strong><em>seipsos</em></strong></span> <span class='ocrx_word' id='word_1_625' title='bbox 3301 2070 3404 2131; x_wconf 81' lang='lat' dir='ltr'><strong><em>non</em></strong></span> <span class='ocrx_word' id='word_1_626' title='bbox 3439 2065 3590 2123; x_wconf 83' lang='lat' dir='ltr'><strong><em>pote-</em></strong></span> 
     </span>
    </p>
   </div>
   <div class='ocr_carea' id='block_1_79' title="bbox 1983 2144 3588 2220">
    <p class='ocr_par' dir='ltr' id='par_1_79' title="bbox 1983 2144 3588 2220">
     <span class='ocr_line' id='line_1_79' title="bbox 1983 2144 3588 2220; baseline -0.008 -11"><span class='ocrx_word' id='word_1_627' title='bbox 1983 2164 2106 2210; x_wconf 90' lang='lat' dir='ltr'><strong><em>rant</em></strong></span> <span class='ocrx_word' id='word_1_628' title='bbox 2141 2154 2360 2208; x_wconf 90' lang='lat' dir='ltr'><strong><em>eflicere</em></strong></span> <span class='ocrx_word' id='word_1_629' title='bbox 2387 2195 2400 2216; x_wconf 92' lang='lat'><strong><em>,</em></strong></span> <span class='ocrx_word' id='word_1_630' title='bbox 2435 2151 2486 2205; x_wconf 90' lang='lat' dir='ltr'><strong><em>id</em></strong></span> <span class='ocrx_word' id='word_1_631' title='bbox 2534 2149 2690 2204; x_wconf 84' lang='lat' dir='ltr'><strong><em>ﬁeret</em></strong></span> <span class='ocrx_word' id='word_1_632' title='bbox 2731 2165 2829 2220; x_wconf 89' lang='lat' dir='ltr'><strong><em>per</em></strong></span> <span class='ocrx_word' id='word_1_633' title='bbox 2862 2147 3063 2202; x_wconf 85' lang='lat' dir='ltr'><strong><em>Christi</em></strong></span> <span class='ocrx_word' id='word_1_634' title='bbox 3110 2147 3354 2217; x_wconf 80' lang='lat' dir='ltr'><strong><em>gratiam.</em></strong></span> <span class='ocrx_word' id='word_1_635' title='bbox 3400 2144 3588 2211; x_wconf 81' lang='lat' dir='ltr'><strong><em>Neque</em></strong></span> 
     </span>
    </p>
   </div>
   <div class='ocr_carea' id='block_1_80' title="bbox 1984 2239 3591 2323">
    <p class='ocr_par' dir='ltr' id='par_1_80' title="bbox 1984 2239 3591 2323">
     <span class='ocr_line' id='line_1_80' title="bbox 1984 2239 3591 2323; baseline -0.004 -22"><span class='ocrx_word' id='word_1_636' title='bbox 1984 2261 2114 2316; x_wconf 86' lang='lat' dir='ltr'><strong><em>ergo</em></strong></span> <span class='ocrx_word' id='word_1_637' title='bbox 2135 2245 2338 2302; x_wconf 78' lang='lat' dir='ltr'><strong><em>sufficit</em></strong></span> <span class='ocrx_word' id='word_1_638' title='bbox 2359 2243 2674 2323; x_wconf 61' lang='lat' dir='ltr'><strong><em>pmnitcntia</em></strong></span> <span class='ocrx_word' id='word_1_639' title='bbox 2697 2242 2765 2296; x_wconf 88' lang='lat' dir='ltr'><strong><em>ad</em></strong></span> <span class='ocrx_word' id='word_1_640' title='bbox 2788 2241 3248 2304; x_wconf 80' lang='lat' dir='ltr'><strong><em>emundatioaem,</em></strong></span> <span class='ocrx_word' id='word_1_641' title='bbox 3267 2239 3359 2294; x_wconf 87' lang='lat' dir='ltr'><strong><em>sed</em></strong></span> <span class='ocrx_word' id='word_1_642' title='bbox 3377 2248 3591 2315; x_wconf 82' lang='lat' dir='ltr'><strong><em>oportet</em></strong></span> 
     </span>
    </p>
   </div>
   <div class='ocr_carea' id='block_1_81' title="bbox 1985 2333 3590 2408">
    <p class='ocr_par' dir='ltr' id='par_1_81' title="bbox 1985 2333 3590 2408">
     <span class='ocr_line' id='line_1_81' title="bbox 1985 2333 3590 2408; baseline -0.002 -16"><span class='ocrx_word' id='word_1_643' title='bbox 1985 2338 2248 2408; x_wconf 90' lang='lat' dir='ltr'><strong><em>baptisma</em></strong></span> <span class='ocrx_word' id='word_1_644' title='bbox 2279 2351 2576 2392; x_wconf 87' lang='lat' dir='ltr'><strong><em>assumere.</em></strong></span> <span class='ocrx_word' id='word_1_645' title='bbox 2609 2334 2908 2404; x_wconf 86' lang='lat' dir='ltr'><strong><em>Oportebat</em></strong></span> <span class='ocrx_word' id='word_1_646' title='bbox 2944 2350 3074 2404; x_wconf 86' lang='lat' dir='ltr'><strong><em>ergo</em></strong></span> <span class='ocrx_word' id='word_1_647' title='bbox 3103 2333 3168 2388; x_wconf 91' lang='lat' dir='ltr'><strong><em>ad</em></strong></span> <span class='ocrx_word' id='word_1_648' title='bbox 3199 2334 3466 2402; x_wconf 90' lang='lat' dir='ltr'><strong><em>baptisma</em></strong></span> <span class='ocrx_word' id='word_1_649' title='bbox 3498 2348 3590 2388; x_wconf 84' lang='lat' dir='ltr'><strong><em>ac-</em></strong></span> 
     </span>
    </p>
   </div>
   <div class='ocr_carea' id='block_1_82' title="bbox 1984 2426 3594 2502">
    <p class='ocr_par' dir='ltr' id='par_1_82' title="bbox 1984 2426 3594 2502">
     <span class='ocr_line' id='line_1_82' title="bbox 1984 2426 3594 2502; baseline -0.004 -15"><span class='ocrx_word' id='word_1_650' title='bbox 1984 2432 2203 2498; x_wconf 87' lang='lat' dir='ltr'><strong><em>cedere,</em></strong></span> <span class='ocrx_word' id='word_1_651' title='bbox 2233 2432 2380 2501; x_wconf 88' lang='lat' dir='ltr'><strong><em>prius</em></strong></span> <span class='ocrx_word' id='word_1_652' title='bbox 2407 2429 2678 2484; x_wconf 90' lang='lat' dir='ltr'><strong><em>damnatis</em></strong></span> <span class='ocrx_word' id='word_1_653' title='bbox 2702 2427 2941 2502; x_wconf 80' lang='lat' dir='ltr'><strong><em>peccatis</em></strong></span> <span class='ocrx_word' id='word_1_654' title='bbox 2964 2443 3082 2498; x_wconf 71' lang='lat' dir='ltr'><strong><em>quae</em></strong></span> <span class='ocrx_word' id='word_1_655' title='bbox 3109 2427 3420 2482; x_wconf 86' lang='lat' dir='ltr'><strong><em>admiserat.</em></strong></span> <span class='ocrx_word' id='word_1_656' title='bbox 3450 2426 3594 2493; x_wconf 76' lang='lat' dir='ltr'><strong><em>Quid</em></strong></span> 
     </span>
    </p>
   </div>
   <div class='ocr_carea' id='block_1_83' title="bbox 1983 2519 3589 2594">
    <p class='ocr_par' dir='ltr' id='par_1_83' title="bbox 1983 2519 3589 2594">
     <span class='ocr_line' id='line_1_83' title="bbox 1983 2519 3589 2594; baseline -0.004 -15"><span class='ocrx_word' id='word_1_657' title='bbox 1983 2533 2067 2579; x_wconf 89' lang='lat' dir='ltr'><strong><em>est</em></strong></span> <span class='ocrx_word' id='word_1_658' title='bbox 2113 2533 2291 2579; x_wconf 88' lang='lat' dir='ltr'><strong><em>autem</em></strong></span> <span class='ocrx_word' id='word_1_659' title='bbox 2320 2565 2336 2590; x_wconf 93' lang='lat'><strong><em>,</em></strong></span> <span class='ocrx_word' id='word_1_660' title='bbox 2370 2521 2750 2593; x_wconf 82' lang='lat' dir='ltr'><strong><em>Baptismatum</em></strong></span> <span class='ocrx_word' id='word_1_661' title='bbox 2791 2521 3076 2574; x_wconf 69' lang='lat' dir='ltr'><strong><em>doctrinas?</em></strong></span> <span class='ocrx_word' id='word_1_662' title='bbox 3113 2520 3231 2574; x_wconf 84' lang='lat' dir='ltr'><strong><em>Non</em></strong></span> <span class='ocrx_word' id='word_1_663' title='bbox 3263 2519 3404 2589; x_wconf 91' lang='lat' dir='ltr'><strong><em>quod</em></strong></span> <span class='ocrx_word' id='word_1_664' title='bbox 3437 2520 3589 2594; x_wconf 89' lang='lat' dir='ltr'><strong><em>multi</em></strong></span> 
     </span>
    </p>
   </div>
   <div class='ocr_carea' id='block_1_84' title="bbox 1984 2610 3597 2684">
    <p class='ocr_par' dir='ltr' id='par_1_84' title="bbox 1984 2610 3597 2684">
     <span class='ocr_line' id='line_1_84' title="bbox 1984 2610 3597 2684; baseline -0.005 -13"><span class='ocrx_word' id='word_1_665' title='bbox 1984 2618 2095 2671; x_wconf 88' lang='lat' dir='ltr'><strong><em>sint</em></strong></span> <span class='ocrx_word' id='word_1_666' title='bbox 2125 2614 2399 2684; x_wconf 88' lang='lat' dir='ltr'><strong><em>baptismi,</em></strong></span> <span class='ocrx_word' id='word_1_667' title='bbox 2431 2614 2527 2669; x_wconf 83' lang='lat' dir='ltr'><strong><em>sed</em></strong></span> <span class='ocrx_word' id='word_1_668' title='bbox 2557 2628 2715 2669; x_wconf 88' lang='lat' dir='ltr'><strong><em>unus.</em></strong></span> <span class='ocrx_word' id='word_1_669' title='bbox 2747 2612 2857 2668; x_wconf 88' lang='lat' dir='ltr'><strong><em>Cur</em></strong></span> <span class='ocrx_word' id='word_1_670' title='bbox 2883 2627 3013 2682; x_wconf 86' lang='lat' dir='ltr'><strong><em>ergo</em></strong></span> <span class='ocrx_word' id='word_1_671' title='bbox 3042 2611 3090 2665; x_wconf 90' lang='lat' dir='ltr'><strong>id</strong></span> <span class='ocrx_word' id='word_1_672' title='bbox 3121 2611 3253 2665; x_wconf 82' lang='lat' dir='ltr'><strong><em>dixit</em></strong></span> <span class='ocrx_word' id='word_1_673' title='bbox 3279 2610 3597 2681; x_wconf 77' lang='lat' dir='ltr'><strong><em>pluraliter?</em></strong></span> 
     </span>
    </p>
   </div>
   <div class='ocr_carea' id='block_1_85' title="bbox 1984 2704 3590 2780">
    <p class='ocr_par' dir='ltr' id='par_1_85' title="bbox 1984 2704 3590 2780">
     <span class='ocr_line' id='line_1_85' title="bbox 1984 2704 3590 2780; baseline -0.006 -17"><span class='ocrx_word' id='word_1_674' title='bbox 1984 2710 2120 2780; x_wconf 88' lang='lat' dir='ltr'><strong><em>Quia</em></strong></span> <span class='ocrx_word' id='word_1_675' title='bbox 2152 2711 2394 2772; x_wconf 82' lang='lat' dir='ltr'><strong><em>dixerat,</em></strong></span> <span class='ocrx_word' id='word_1_676' title='bbox 2427 2706 2551 2762; x_wconf 85' lang='lat' dir='ltr'><strong><em>Non</em></strong></span> <span class='ocrx_word' id='word_1_677' title='bbox 2583 2723 2761 2760; x_wconf 85' lang='lat' dir='ltr'><strong><em>rursus</em></strong></span> <span class='ocrx_word' id='word_1_678' title='bbox 2783 2706 3032 2775; x_wconf 87' lang='lat' dir='ltr'><strong><em>jacientes</em></strong></span> <span class='ocrx_word' id='word_1_679' title='bbox 3065 2704 3453 2774; x_wconf 84' lang='lat' dir='ltr'><strong><em>fundamentum</em></strong></span> <span class='ocrx_word' id='word_1_680' title='bbox 3481 2719 3590 2772; x_wconf 79' lang='lat' dir='ltr'><strong><em>pte—</em></strong></span> 
     </span>
    </p>
   </div>
   <div class='ocr_carea' id='block_1_86' title="bbox 1985 2796 3602 2867">
    <p class='ocr_par' dir='ltr' id='par_1_86' title="bbox 1985 2796 3602 2867">
     <span class='ocr_line' id='line_1_86' title="bbox 1985 2796 3602 2867; baseline -0.006 -8"><span class='ocrx_word' id='word_1_681' title='bbox 1985 2806 2232 2859; x_wconf 78' lang='lat' dir='ltr'><strong><em>nitentite.</em></strong></span> <span class='ocrx_word' id='word_1_682' title='bbox 2265 2801 2399 2857; x_wconf 89' lang='lat' dir='ltr'><strong><em>Nam</em></strong></span> <span class='ocrx_word' id='word_1_683' title='bbox 2427 2802 2471 2855; x_wconf 92' lang='lat' dir='ltr'><strong><em>si</em></strong></span> <span class='ocrx_word' id='word_1_684' title='bbox 2501 2816 2596 2856; x_wconf 89' lang='lat' dir='ltr'><strong><em>eos</em></strong></span> <span class='ocrx_word' id='word_1_685' title='bbox 2625 2815 2812 2854; x_wconf 89' lang='lat' dir='ltr'><strong><em>rursus</em></strong></span> <span class='ocrx_word' id='word_1_686' title='bbox 2840 2798 3181 2867; x_wconf 83' lang='lat' dir='ltr'><strong><em>baptizasset,</em></strong></span> <span class='ocrx_word' id='word_1_687' title='bbox 3211 2806 3264 2850; x_wconf 91' lang='lat' dir='ltr'><strong><em>et</em></strong></span> <span class='ocrx_word' id='word_1_688' title='bbox 3291 2797 3358 2850; x_wconf 91' lang='lat' dir='ltr'><strong><em>de</em></strong></span> <span class='ocrx_word' id='word_1_689' title='bbox 3385 2796 3602 2865; x_wconf 34' lang='lat' dir='ltr'><strong><em>integro.</em></strong></span> 
     </span>
    </p>
   </div>
   <div class='ocr_carea' id='block_1_87' title="bbox 1985 2888 3592 2964">
    <p class='ocr_par' dir='ltr' id='par_1_87' title="bbox 1985 2888 3592 2964">
     <span class='ocr_line' id='line_1_87' title="bbox 1985 2888 3592 2964; baseline -0.007 -10"><span class='ocrx_word' id='word_1_690' title='bbox 1985 2897 2256 2954; x_wconf 86' lang='lat' dir='ltr'><strong><em>catcchesi</em></strong></span> <span class='ocrx_word' id='word_1_691' title='bbox 2295 2895 2620 2950; x_wconf 86' lang='lat' dir='ltr'><strong><em>instituisset</em></strong></span> <span class='ocrx_word' id='word_1_692' title='bbox 2645 2935 2659 2957; x_wconf 90' lang='lat'><strong><em>,</em></strong></span> <span class='ocrx_word' id='word_1_693' title='bbox 2708 2903 2762 2948; x_wconf 90' lang='lat' dir='ltr'><strong><em>et</em></strong></span> <span class='ocrx_word' id='word_1_694' title='bbox 2803 2907 2994 2964; x_wconf 89' lang='lat' dir='ltr'><strong><em>rursus</em></strong></span> <span class='ocrx_word' id='word_1_695' title='bbox 3038 2890 3106 2945; x_wconf 91' lang='lat' dir='ltr'><strong><em>ab</em></strong></span> <span class='ocrx_word' id='word_1_696' title='bbox 3146 2889 3300 2944; x_wconf 91' lang='lat' dir='ltr'><strong><em>initio</em></strong></span> <span class='ocrx_word' id='word_1_697' title='bbox 3339 2888 3592 2958; x_wconf 87' lang='lat' dir='ltr'><strong><em>baptizati</em></strong></span> 
     </span>
    </p>
   </div>
   <div class='ocr_carea' id='block_1_88' title="bbox 1985 2977 3590 3060">
    <p class='ocr_par' dir='ltr' id='par_1_88' title="bbox 1985 2977 3590 3060">
     <span class='ocr_line' id='line_1_88' title="bbox 1985 2977 3590 3060; baseline -0.007 -13"><span class='ocrx_word' id='word_1_698' title='bbox 1985 2992 2312 3047; x_wconf 81' lang='lat' dir='ltr'><strong><em>ducerentur</em></strong></span> <span class='ocrx_word' id='word_1_699' title='bbox 2332 3005 2452 3060; x_wconf 70' lang='lat' dir='ltr'><strong><em>qua:</em></strong></span> <span class='ocrx_word' id='word_1_700' title='bbox 2473 2997 2599 3043; x_wconf 89' lang='lat' dir='ltr'><strong><em>sunt</em></strong></span> <span class='ocrx_word' id='word_1_701' title='bbox 2617 2977 2848 3057; x_wconf 79' lang='lat' dir='ltr'><strong><em>agenda,</em></strong></span> <span class='ocrx_word' id='word_1_702' title='bbox 2872 2993 2926 3038; x_wconf 89' lang='lat' dir='ltr'><strong><em>et</em></strong></span> <span class='ocrx_word' id='word_1_703' title='bbox 2947 3000 3067 3054; x_wconf 67' lang='lat' dir='ltr'><strong><em>quin</em></strong></span> <span class='ocrx_word' id='word_1_704' title='bbox 3089 2999 3194 3036; x_wconf 92' lang='lat' dir='ltr'><strong><em>non</em></strong></span> <span class='ocrx_word' id='word_1_705' title='bbox 3217 2991 3343 3054; x_wconf 86' lang='lat' dir='ltr'><strong><em>sunt</em></strong></span> <span class='ocrx_word' id='word_1_706' title='bbox 3363 2981 3590 3051; x_wconf 87' lang='lat' dir='ltr'><strong><em>agenda,</em></strong></span> 
     </span>
    </p>
   </div>
   <div class='ocr_carea' id='block_1_89' title="bbox 1987 3074 3594 3154">
    <p class='ocr_par' dir='ltr' id='par_1_89' title="bbox 1987 3074 3594 3154">
     <span class='ocr_line' id='line_1_89' title="bbox 1987 3074 3594 3154; baseline -0.007 -15"><span class='ocrx_word' id='word_1_707' title='bbox 1987 3092 2142 3140; x_wconf 89' lang='lat' dir='ltr'><strong><em>erant</em></strong></span> <span class='ocrx_word' id='word_1_708' title='bbox 2164 3093 2424 3154; x_wconf 85' lang='lat' dir='ltr'><strong><em>perpetuo</em></strong></span> <span class='ocrx_word' id='word_1_709' title='bbox 2455 3082 2694 3135; x_wconf 88' lang='lat' dir='ltr'><strong><em>mansuri</em></strong></span> <span class='ocrx_word' id='word_1_710' title='bbox 2731 3077 3045 3133; x_wconf 88' lang='lat' dir='ltr'><strong><em>incorrecli.</em></strong></span> <span class='ocrx_word' id='word_1_711' title='bbox 3083 3074 3436 3146; x_wconf 84' lang='lat' dir='ltr'><strong><em>Impositionis</em></strong></span> <span class='ocrx_word' id='word_1_712' title='bbox 3463 3092 3594 3145; x_wconf 81' lang='lat' dir='ltr'><strong><em>quo-</em></strong></span> 
     </span>
    </p>
   </div>
   <div class='ocr_carea' id='block_1_90' title="bbox 1986 3164 3596 3246">
    <p class='ocr_par' dir='ltr' id='par_1_90' title="bbox 1986 3164 3596 3246">
     <span class='ocr_line' id='line_1_90' title="bbox 1986 3164 3596 3246; baseline -0.007 -17"><span class='ocrx_word' id='word_1_713' title='bbox 1986 3194 2082 3246; x_wconf 87' lang='lat' dir='ltr'><strong><em>que</em></strong></span> <span class='ocrx_word' id='word_1_714' title='bbox 2125 3192 2388 3230; x_wconf 83' lang='lat' dir='ltr'><strong><em>manuum.</em></strong></span> <span class='ocrx_word' id='word_1_715' title='bbox 2435 3172 2525 3229; x_wconf 88' lang='lat' dir='ltr'><strong><em>Sic</em></strong></span> <span class='ocrx_word' id='word_1_716' title='bbox 2565 3171 2711 3227; x_wconf 88' lang='lat' dir='ltr'><strong><em>enim</em></strong></span> <span class='ocrx_word' id='word_1_717' title='bbox 2761 3169 3101 3238; x_wconf 87' lang='lat' dir='ltr'><strong><em>accipiebant</em></strong></span> <span class='ocrx_word' id='word_1_718' title='bbox 3145 3167 3427 3236; x_wconf 89' lang='lat' dir='ltr'><strong><em>Spiritum.</em></strong></span> <span class='ocrx_word' id='word_1_719' title='bbox 3466 3164 3596 3222; x_wconf 86' lang='lat' dir='ltr'><strong><em>Cum</em></strong></span> 
     </span>
    </p>
   </div>
   <div class='ocr_carea' id='block_1_91' title="bbox 1989 3260 3604 3338">
    <p class='ocr_par' dir='ltr' id='par_1_91' title="bbox 1989 3260 3604 3338">
     <span class='ocr_line' id='line_1_91' title="bbox 1989 3260 3604 3338; baseline -0.01 -13"><span class='ocrx_word' id='word_1_720' title='bbox 1989 3269 2192 3325; x_wconf 84' lang='lat' dir='ltr'><strong><em>Paulus</em></strong></span> <span class='ocrx_word' id='word_1_721' title='bbox 2217 3269 2316 3334; x_wconf 88' lang='lat' dir='ltr'><strong><em>eis,</em></strong></span> <span class='ocrx_word' id='word_1_722' title='bbox 2349 3268 2524 3338; x_wconf 89' lang='lat' dir='ltr'><strong><em>inquit</em></strong></span> <span class='ocrx_word' id='word_1_723' title='bbox 2546 3310 2560 3334; x_wconf 90' lang='lat'><strong><em>,</em></strong></span> <span class='ocrx_word' id='word_1_724' title='bbox 2590 3265 2916 3333; x_wconf 83' lang='lat' dir='ltr'><strong><em>imposuisset</em></strong></span> <span class='ocrx_word' id='word_1_725' title='bbox 2957 3278 3160 3328; x_wconf 86' lang='lat' dir='ltr'><strong><em>manus,</em></strong></span> <span class='ocrx_word' id='word_1_726' title='bbox 3194 3261 3328 3314; x_wconf 85' lang='lat' dir='ltr'><strong><em>venit</em></strong></span> <span class='ocrx_word' id='word_1_727' title='bbox 3366 3260 3604 3330; x_wconf 82' lang='lat' dir='ltr'><strong><em>Spiritus.</em></strong></span> 
     </span>
    </p>
   </div>
   <div class='ocr_carea' id='block_1_92' title="bbox 1989 3351 3595 3431">
    <p class='ocr_par' dir='ltr' id='par_1_92' title="bbox 1989 3351 3595 3431">
     <span class='ocr_line' id='line_1_92' title="bbox 1989 3351 3595 3431; baseline -0.007 -15"><span class='ocrx_word' id='word_1_728' title='bbox 1989 3371 2196 3417; x_wconf 89' lang='lat' dir='ltr'><strong><em>sanctus</em></strong></span> <span class='ocrx_word' id='word_1_729' title='bbox 2222 3361 2356 3431; x_wconf 75' lang='lat' dir='ltr'><strong><em>(Act.</em></strong></span> <span class='ocrx_word' id='word_1_730' title='bbox 2385 3359 2472 3415; x_wconf 84' lang='lat' dir='ltr'><strong><em>l9.</em></strong></span> <span class='ocrx_word' id='word_1_731' title='bbox 2498 3360 2579 3428; x_wconf 86' lang='grc'><strong><em>6).</em></strong></span> <span class='ocrx_word' id='word_1_732' title='bbox 2604 3357 2676 3411; x_wconf 86' lang='lat' dir='ltr'><strong><em>Ac</em></strong></span> <span class='ocrx_word' id='word_1_733' title='bbox 2703 3353 3087 3410; x_wconf 83' lang='lat' dir='ltr'><strong><em>resurrectionis</em></strong></span> <span class='ocrx_word' id='word_1_734' title='bbox 3116 3363 3454 3406; x_wconf 85' lang='lat' dir='ltr'><strong><em>mortuorum.</em></strong></span> <span class='ocrx_word' id='word_1_735' title='bbox 3485 3351 3595 3405; x_wconf 92' lang='lat' dir='ltr'><strong><em>lloc</em></strong></span> 
     </span>
    </p>
   </div>
   <div class='ocr_carea' id='block_1_93' title="bbox 1991 3445 3594 3524">
    <p class='ocr_par' dir='ltr' id='par_1_93' title="bbox 1991 3445 3594 3524">
     <span class='ocr_line' id='line_1_93' title="bbox 1991 3445 3594 3524; baseline -0.007 -15"><span class='ocrx_word' id='word_1_736' title='bbox 1991 3456 2132 3510; x_wconf 87' lang='lat' dir='ltr'><strong><em>enim</em></strong></span> <span class='ocrx_word' id='word_1_737' title='bbox 2171 3454 2227 3507; x_wconf 82' lang='lat' dir='ltr'><strong><em>fit.</em></strong></span> <span class='ocrx_word' id='word_1_738' title='bbox 2254 3453 2307 3508; x_wconf 89' lang='lat' dir='ltr'><strong><em>in</em></strong></span> <span class='ocrx_word' id='word_1_739' title='bbox 2343 3453 2612 3522; x_wconf 88' lang='lat' dir='ltr'><strong><em>baptismo</em></strong></span> <span class='ocrx_word' id='word_1_740' title='bbox 2635 3491 2649 3516; x_wconf 93' lang='lat'><strong><em>,</em></strong></span> <span class='ocrx_word' id='word_1_741' title='bbox 2683 3459 2736 3504; x_wconf 90' lang='lat' dir='ltr'><strong><em>et</em></strong></span> <span class='ocrx_word' id='word_1_742' title='bbox 2767 3447 3117 3524; x_wconf 80' lang='lat' dir='ltr'><strong><em>confirmatur</em></strong></span> <span class='ocrx_word' id='word_1_743' title='bbox 3149 3446 3200 3500; x_wconf 91' lang='lat' dir='ltr'><strong><em>in</em></strong></span> <span class='ocrx_word' id='word_1_744' title='bbox 3232 3445 3594 3500; x_wconf 87' lang='lat' dir='ltr'><strong><em>confessione.</em></strong></span> 
     </span>
    </p>
   </div>
   <div class='ocr_carea' id='block_1_94' title="bbox 1992 3539 3600 3618">
    <p class='ocr_par' dir='ltr' id='par_1_94' title="bbox 1992 3539 3600 3618">
     <span class='ocr_line' id='line_1_94' title="bbox 1992 3539 3600 3618; baseline -0.006 -16"><span class='ocrx_word' id='word_1_745' title='bbox 1992 3547 2264 3618; x_wconf 84' lang='lat' dir='ltr'><strong><em>Etjudicii</em></strong></span> <span class='ocrx_word' id='word_1_746' title='bbox 2295 3546 2492 3600; x_wconf 67' lang='lat' dir='ltr'><strong><em>interni.</em></strong></span> <span class='ocrx_word' id='word_1_747' title='bbox 2516 3544 2626 3599; x_wconf 83' lang='lat' dir='ltr'><strong><em>Cur</em></strong></span> <span class='ocrx_word' id='word_1_748' title='bbox 2650 3551 2828 3596; x_wconf 90' lang='lat' dir='ltr'><strong><em>autem</em></strong></span> <span class='ocrx_word' id='word_1_749' title='bbox 2861 3541 2965 3596; x_wconf 92' lang='lat' dir='ltr'><strong><em>hoc</em></strong></span> <span class='ocrx_word' id='word_1_750' title='bbox 2994 3540 3164 3594; x_wconf 81' lang='lat' dir='ltr'><strong><em>dicit?</em></strong></span> <span class='ocrx_word' id='word_1_751' title='bbox 3192 3539 3454 3608; x_wconf 84' lang='lat' dir='ltr'><strong><em>Quoniam</em></strong></span> <span class='ocrx_word' id='word_1_752' title='bbox 3483 3547 3600 3593; x_wconf 85' lang='lat' dir='ltr'><strong><em>erat</em></strong></span> 
     </span>
    </p>
   </div>
   <div class='ocr_carea' id='block_1_95' title="bbox 1992 3630 3602 3712">
    <p class='ocr_par' dir='ltr' id='par_1_95' title="bbox 1992 3630 3602 3712">
     <span class='ocr_line' id='line_1_95' title="bbox 1992 3630 3602 3712; baseline -0.006 -18"><span class='ocrx_word' id='word_1_753' title='bbox 1992 3641 2290 3695; x_wconf 78' lang='lat' dir='ltr'><strong><em>verisimile</em></strong></span> <span class='ocrx_word' id='word_1_754' title='bbox 2322 3653 2417 3693; x_wconf 90' lang='lat' dir='ltr'><strong><em>eos</em></strong></span> <span class='ocrx_word' id='word_1_755' title='bbox 2448 3637 2530 3712; x_wconf 74' lang='lat' dir='ltr'><strong><em>vel</em></strong></span> <span class='ocrx_word' id='word_1_756' title='bbox 2559 3651 2680 3690; x_wconf 90' lang='lat' dir='ltr'><strong><em>cum</em></strong></span> <span class='ocrx_word' id='word_1_757' title='bbox 2717 3635 2826 3708; x_wconf 84' lang='lat' dir='ltr'><strong><em>jam</em></strong></span> <span class='ocrx_word' id='word_1_758' title='bbox 2860 3632 3222 3688; x_wconf 71' lang='lat' dir='ltr'><strong><em>credidissent</em></strong></span> <span class='ocrx_word' id='word_1_759' title='bbox 3254 3630 3436 3685; x_wconf 86' lang='lat' dir='ltr'><strong><em>labare</em></strong></span> <span class='ocrx_word' id='word_1_760' title='bbox 3460 3671 3474 3694; x_wconf 88' lang='lat'><strong><em>,</em></strong></span> <span class='ocrx_word' id='word_1_761' title='bbox 3507 3638 3602 3685; x_wconf 86' lang='lat' dir='ltr'><strong><em>aut</em></strong></span> 
     </span>
    </p>
   </div>
   <div class='ocr_carea' id='block_1_96' title="bbox 1995 3722 3596 3795">
    <p class='ocr_par' dir='ltr' id='par_1_96' title="bbox 1995 3722 3596 3795">
     <span class='ocr_line' id='line_1_96' title="bbox 1995 3722 3596 3795; baseline -0.009 -6"><span class='ocrx_word' id='word_1_762' title='bbox 1995 3735 2137 3789; x_wconf 87' lang='lat' dir='ltr'><strong><em>male</em></strong></span> <span class='ocrx_word' id='word_1_763' title='bbox 2168 3748 2231 3787; x_wconf 90' lang='lat' dir='ltr'><strong><em>ac</em></strong></span> <span class='ocrx_word' id='word_1_764' title='bbox 2260 3731 2524 3786; x_wconf 83' lang='lat' dir='ltr'><strong><em>dissolute</em></strong></span> <span class='ocrx_word' id='word_1_765' title='bbox 2554 3729 2737 3782; x_wconf 82' lang='lat' dir='ltr'><strong><em>vivere</em></strong></span> <span class='ocrx_word' id='word_1_766' title='bbox 2765 3745 2776 3780; x_wconf 90' lang='lat'><strong>:</strong></span> <span class='ocrx_word' id='word_1_767' title='bbox 2803 3725 2934 3780; x_wconf 83' lang='lat' dir='ltr'><strong><em>dicit</em></strong></span> <span class='ocrx_word' id='word_1_768' title='bbox 2972 3740 3124 3795; x_wconf 85' lang='lat' dir='ltr'><strong><em>ergo,</em></strong></span> <span class='ocrx_word' id='word_1_769' title='bbox 3165 3722 3363 3794; x_wconf 84' lang='lat' dir='ltr'><strong><em>Vigiles</em></strong></span> <span class='ocrx_word' id='word_1_770' title='bbox 3404 3729 3596 3776; x_wconf 78' lang='lat' dir='ltr'><strong><em>estote.</em></strong></span> 
     </span>
    </p>
   </div>
   <div class='ocr_carea' id='block_1_97' title="bbox 1995 3813 3608 3894">
    <p class='ocr_par' dir='ltr' id='par_1_97' title="bbox 1995 3813 3608 3894">
     <span class='ocr_line' id='line_1_97' title="bbox 1995 3813 3608 3894; baseline -0.009 -13"><span class='ocrx_word' id='word_1_771' title='bbox 1995 3826 2286 3882; x_wconf 81' lang='lat' dir='ltr'><strong><em>Alulucens</em></strong></span> <span class='ocrx_word' id='word_1_772' title='bbox 2332 3823 2496 3894; x_wconf 79' lang='lat' dir='ltr'><strong><em>igitur</em></strong></span> <span class='ocrx_word' id='word_1_773' title='bbox 2536 3820 2659 3874; x_wconf 91' lang='lat' dir='ltr'><strong><em>illos</em></strong></span> <span class='ocrx_word' id='word_1_774' title='bbox 2702 3835 2732 3872; x_wconf 89' lang='lat' dir='ltr'><strong><em>a</em></strong></span> <span class='ocrx_word' id='word_1_775' title='bbox 2785 3818 2873 3872; x_wconf 91' lang='lat' dir='ltr'><strong><em>tali</em></strong></span> <span class='ocrx_word' id='word_1_776' title='bbox 2919 3817 3151 3887; x_wconf 85' lang='lat' dir='ltr'><strong><em>ignavia,</em></strong></span> <span class='ocrx_word' id='word_1_777' title='bbox 3194 3825 3246 3869; x_wconf 89' lang='lat' dir='ltr'><strong><em>et</em></strong></span> <span class='ocrx_word' id='word_1_778' title='bbox 3286 3813 3608 3868; x_wconf 86' lang='lat' dir='ltr'><strong><em>attentiorcs</em></strong></span> 
     </span>
    </p>
   </div>
   <div class='ocr_carea' id='block_1_98' title="bbox 1997 3903 3604 3980">
    <p class='ocr_par' dir='ltr' id='par_1_98' title="bbox 1997 3903 3604 3980">
     <span class='ocr_line' id='line_1_98' title="bbox 1997 3903 3604 3980; baseline -0.012 -3"><span class='ocrx_word' id='word_1_779' title='bbox 1997 3921 2232 3977; x_wconf 82' lang='lat' dir='ltr'><strong><em>reddens</em></strong></span> <span class='ocrx_word' id='word_1_780' title='bbox 2253 3962 2267 3980; x_wconf 91' lang='lat'><strong><em>,</em></strong></span> <span class='ocrx_word' id='word_1_781' title='bbox 2302 3921 2444 3971; x_wconf 88' lang='lat' dir='ltr'><strong><em>hunc</em></strong></span> <span class='ocrx_word' id='word_1_782' title='bbox 2475 3921 2658 3969; x_wconf 90' lang='lat' dir='ltr'><strong><em>movet</em></strong></span> <span class='ocrx_word' id='word_1_783' title='bbox 2686 3925 3017 3966; x_wconf 89' lang='lat' dir='ltr'><strong><em>sermonem.</em></strong></span> <span class='ocrx_word' id='word_1_784' title='bbox 3049 3907 3167 3962; x_wconf 88' lang='lat' dir='ltr'><strong><em>Non</em></strong></span> <span class='ocrx_word' id='word_1_785' title='bbox 3197 3907 3320 3962; x_wconf 91' lang='lat' dir='ltr'><strong><em>licet</em></strong></span> <span class='ocrx_word' id='word_1_786' title='bbox 3348 3903 3493 3961; x_wconf 89' lang='lat' dir='ltr'><strong><em>enim</em></strong></span> <span class='ocrx_word' id='word_1_787' title='bbox 3521 3903 3604 3958; x_wconf 88' lang='lat' dir='ltr'><strong><em>di-</em></strong></span> 
     </span>
    </p>
   </div>
   <div class='ocr_carea' id='block_1_99' title="bbox 2000 4000 3604 4078">
    <p class='ocr_par' dir='ltr' id='par_1_99' title="bbox 2000 4000 3604 4078">
     <span class='ocr_line' id='line_1_99' title="bbox 2000 4000 3604 4078; baseline -0.012 -9"><span class='ocrx_word' id='word_1_788' title='bbox 2000 4029 2146 4078; x_wconf 88' lang='lat' dir='ltr'><strong><em>cere,</em></strong></span> <span class='ocrx_word' id='word_1_789' title='bbox 2193 4011 2248 4066; x_wconf 86' lang='lat' dir='ltr'><strong><em>Si</em></strong></span> <span class='ocrx_word' id='word_1_790' title='bbox 2292 4009 2554 4065; x_wconf 86' lang='lat' dir='ltr'><strong><em>dissolute</em></strong></span> <span class='ocrx_word' id='word_1_791' title='bbox 2595 4016 2649 4058; x_wconf 86' lang='lat' dir='ltr'><strong><em>et</em></strong></span> <span class='ocrx_word' id='word_1_792' title='bbox 2693 4004 3026 4073; x_wconf 60' lang='lat' dir='ltr'><strong><em>negligenter</em></strong></span> <span class='ocrx_word' id='word_1_793' title='bbox 3065 4000 3380 4064; x_wconf 77' lang='lat' dir='ltr'><strong><em>vixerimus,</em></strong></span> <span class='ocrx_word' id='word_1_794' title='bbox 3419 4012 3604 4050; x_wconf 73' lang='lat' dir='ltr'><strong><em>rursus</em></strong></span> 
     </span>
    </p>
   </div>
   <div class='ocr_carea' id='block_1_100' title="bbox 2001 4087 3614 4173">
    <p class='ocr_par' dir='ltr' id='par_1_100' title="bbox 2001 4087 3614 4173">
     <span class='ocr_line' id='line_1_100' title="bbox 2001 4087 3614 4173; baseline -0.012 -14"><span class='ocrx_word' id='word_1_795' title='bbox 2001 4103 2417 4173; x_wconf 78' lang='lat' dir='ltr'><strong><em>baptizabimur,</em></strong></span> <span class='ocrx_word' id='word_1_796' title='bbox 2450 4095 2724 4152; x_wconf 86' lang='lat' dir='ltr'><strong><em>cateehesi</em></strong></span> <span class='ocrx_word' id='word_1_797' title='bbox 2757 4108 2950 4148; x_wconf 88' lang='lat' dir='ltr'><strong><em>rursus</em></strong></span> <span class='ocrx_word' id='word_1_798' title='bbox 2976 4091 3342 4155; x_wconf 89' lang='lat' dir='ltr'><strong><em>instituemur,</em></strong></span> <span class='ocrx_word' id='word_1_799' title='bbox 3375 4087 3614 4157; x_wconf 70' lang='lat' dir='ltr'><strong><em>accipie-</em></strong></span> 
     </span>
    </p>
   </div>
   <div class='ocr_carea' id='block_1_101' title="bbox 2003 4177 3600 4264">
    <p class='ocr_par' dir='ltr' id='par_1_101' title="bbox 2003 4177 3600 4264">
     <span class='ocr_line' id='line_1_101' title="bbox 2003 4177 3600 4264; baseline -0.014 -12"><span class='ocrx_word' id='word_1_800' title='bbox 2003 4212 2122 4252; x_wconf 91' lang='lat' dir='ltr'><strong><em>mus</em></strong></span> <span class='ocrx_word' id='word_1_801' title='bbox 2155 4208 2341 4249; x_wconf 86' lang='lat' dir='ltr'><strong><em>rursus</em></strong></span> <span class='ocrx_word' id='word_1_802' title='bbox 2374 4189 2635 4259; x_wconf 84' lang='lat' dir='ltr'><strong><em>Spiritum</em></strong></span> <span class='ocrx_word' id='word_1_803' title='bbox 2667 4205 2679 4238; x_wconf 90' lang='lat'><strong>:</strong></span> <span class='ocrx_word' id='word_1_804' title='bbox 2708 4193 2800 4264; x_wconf 82' lang='lat' dir='ltr'><strong><em>aut</em></strong></span> <span class='ocrx_word' id='word_1_805' title='bbox 2827 4226 2840 4249; x_wconf 89' lang='lat'><strong><em>,</em></strong></span> <span class='ocrx_word' id='word_1_806' title='bbox 2881 4184 2937 4238; x_wconf 89' lang='lat' dir='ltr'><strong><em>Si</em></strong></span> <span class='ocrx_word' id='word_1_807' title='bbox 2969 4199 2998 4236; x_wconf 88' lang='lat' dir='ltr'><strong><em>a</em></strong></span> <span class='ocrx_word' id='word_1_808' title='bbox 3032 4181 3137 4235; x_wconf 89' lang='lat' dir='ltr'><strong><em>fide</em></strong></span> <span class='ocrx_word' id='word_1_809' title='bbox 3167 4195 3308 4234; x_wconf 83' lang='lat' dir='ltr'><strong><em>nunc</em></strong></span> <span class='ocrx_word' id='word_1_810' title='bbox 3337 4177 3600 4233; x_wconf 83' lang='lat' dir='ltr'><strong><em>excideri-</em></strong></span> 
     </span>
    </p>
   </div>
   <div class='ocr_carea' id='block_1_102' title="bbox 2005 4271 3612 4353">
    <p class='ocr_par' dir='ltr' id='par_1_102' title="bbox 2005 4271 3612 4353">
     <span class='ocr_line' id='line_1_102' title="bbox 2005 4271 3612 4353; baseline -0.012 -9"><span class='ocrx_word' id='word_1_811' title='bbox 2005 4305 2125 4346; x_wconf 87' lang='lat' dir='ltr'><strong><em>mus</em></strong></span> <span class='ocrx_word' id='word_1_812' title='bbox 2148 4331 2161 4352; x_wconf 93' lang='lat'><strong><em>,</em></strong></span> <span class='ocrx_word' id='word_1_813' title='bbox 2193 4301 2379 4342; x_wconf 87' lang='lat' dir='ltr'><strong><em>rursus</em></strong></span> <span class='ocrx_word' id='word_1_814' title='bbox 2405 4280 2702 4353; x_wconf 88' lang='lat' dir='ltr'><strong><em>poterimus</em></strong></span> <span class='ocrx_word' id='word_1_815' title='bbox 2732 4276 2987 4347; x_wconf 88' lang='lat' dir='ltr'><strong><em>baptizati</em></strong></span> <span class='ocrx_word' id='word_1_816' title='bbox 3021 4281 3237 4344; x_wconf 87' lang='lat' dir='ltr'><strong><em>peccata</em></strong></span> <span class='ocrx_word' id='word_1_817' title='bbox 3269 4271 3520 4336; x_wconf 87' lang='lat' dir='ltr'><strong><em>abluere,</em></strong></span> <span class='ocrx_word' id='word_1_818' title='bbox 3555 4279 3612 4325; x_wconf 90' lang='lat' dir='ltr'><strong><em>et</em></strong></span> 
     </span>
    </p>
   </div>
   <div class='ocr_carea' id='block_1_103' title="bbox 2006 4361 3616 4445">
    <p class='ocr_par' dir='ltr' id='par_1_103' title="bbox 2006 4361 3616 4445">
     <span class='ocr_line' id='line_1_103' title="bbox 2006 4361 3616 4445; baseline -0.015 -6"><span class='ocrx_word' id='word_1_819' title='bbox 2006 4381 2194 4439; x_wconf 79' lang='lat' dir='ltr'><strong><em>eadem</em></strong></span> <span class='ocrx_word' id='word_1_820' title='bbox 2226 4375 2436 4445; x_wconf 86' lang='lat' dir='ltr'><strong><em>assequi</em></strong></span> <span class='ocrx_word' id='word_1_821' title='bbox 2465 4388 2586 4443; x_wconf 66' lang='lat' dir='ltr'><strong><em>qua:</em></strong></span> <span class='ocrx_word' id='word_1_822' title='bbox 2615 4371 2786 4442; x_wconf 88' lang='lat' dir='ltr'><strong><em>prius.</em></strong></span> <span class='ocrx_word' id='word_1_823' title='bbox 2815 4368 3042 4431; x_wconf 86' lang='lat' dir='ltr'><strong><em>Erratis,</em></strong></span> <span class='ocrx_word' id='word_1_824' title='bbox 3067 4364 3264 4445; x_wconf 78' lang='lat' dir='ltr'><strong><em>inquit,</em></strong></span> <span class='ocrx_word' id='word_1_825' title='bbox 3285 4364 3401 4418; x_wconf 74' lang='lat' dir='ltr'><strong><em>ha&#39;c</em></strong></span> <span class='ocrx_word' id='word_1_826' title='bbox 3423 4361 3616 4417; x_wconf 74' lang='lat' dir='ltr'><strong><em>existi-</em></strong></span> 
     </span>
    </p>
   </div>
   <div class='ocr_carea' id='block_1_104' title="bbox 2009 4440 3612 4536">
    <p class='ocr_par' dir='ltr' id='par_1_104' title="bbox 2009 4440 3612 4536">
     <span class='ocr_line' id='line_1_104' title="bbox 2009 4440 3612 4536; baseline -0.012 -9"><span class='ocrx_word' id='word_1_827' title='bbox 2009 4479 2219 4530; x_wconf 88' lang='lat' dir='ltr'><strong><em>mantes</em></strong></span> <span class='ocrx_word' id='word_1_828' title='bbox 2245 4486 2259 4522; x_wconf 93' lang='lat'><strong>:</strong></span> <span class='ocrx_word' id='word_1_829' title='bbox 2283 4453 2336 4522; x_wconf 63' lang='grc'><strong><em>4.</em></strong></span> <span class='ocrx_word' id='word_1_830' title='bbox 2362 4440 2686 4536; x_wconf 72' lang='lat' dir='ltr'><strong><em>inpossibile</em></strong></span> <span class='ocrx_word' id='word_1_831' title='bbox 2710 4462 2842 4516; x_wconf 87' lang='lat' dir='ltr'><strong><em>enim</em></strong></span> <span class='ocrx_word' id='word_1_832' title='bbox 2864 4469 2935 4514; x_wconf 84' lang='lat' dir='ltr'><strong><em>est</em></strong></span> <span class='ocrx_word' id='word_1_833' title='bbox 2959 4475 3042 4513; x_wconf 87' lang='lat' dir='ltr'><strong><em>eos</em></strong></span> <span class='ocrx_word' id='word_1_834' title='bbox 3063 4458 3149 4528; x_wconf 87' lang='lat' dir='ltr'><strong><em>qui</em></strong></span> <span class='ocrx_word' id='word_1_835' title='bbox 3171 4440 3328 4509; x_wconf 85' lang='lat' dir='ltr'><strong><em>semel</em></strong></span> <span class='ocrx_word' id='word_1_836' title='bbox 3346 4463 3465 4509; x_wconf 89' lang='lat' dir='ltr'><strong><em>sunt</em></strong></span> <span class='ocrx_word' id='word_1_837' title='bbox 3488 4454 3612 4508; x_wconf 81' lang='lat' dir='ltr'><strong><em>illu-</em></strong></span> 
     </span>
    </p>
   </div>
   <div class='ocr_carea' id='block_1_105' title="bbox 2013 4546 3621 4630">
    <p class='ocr_par' dir='ltr' id='par_1_105' title="bbox 2013 4546 3621 4630">
     <span class='ocr_line' id='line_1_105' title="bbox 2013 4546 3621 4630; baseline -0.009 -15"><span class='ocrx_word' id='word_1_838' title='bbox 2013 4559 2222 4625; x_wconf 87' lang='lat' dir='ltr'><strong><em>minati,</em></strong></span> <span class='ocrx_word' id='word_1_839' title='bbox 2253 4563 2584 4630; x_wconf 85' lang='lat' dir='ltr'><strong><em>gustaverunt</em></strong></span> <span class='ocrx_word' id='word_1_840' title='bbox 2610 4553 2762 4607; x_wconf 85' lang='lat' dir='ltr'><strong><em>etiam</em></strong></span> <span class='ocrx_word' id='word_1_841' title='bbox 2797 4551 2988 4604; x_wconf 87' lang='lat' dir='ltr'><strong><em>donum</em></strong></span> <span class='ocrx_word' id='word_1_842' title='bbox 3027 4549 3224 4603; x_wconf 77' lang='lat' dir='ltr'><strong><em>cwleste</em></strong></span> <span class='ocrx_word' id='word_1_843' title='bbox 3252 4556 3299 4602; x_wconf 90' lang='lat' dir='ltr'><strong><em>et</em></strong></span> <span class='ocrx_word' id='word_1_844' title='bbox 3337 4546 3621 4618; x_wconf 75' lang='lat' dir='ltr'><strong><em>participes</em></strong></span> 
     </span>
    </p>
   </div>
   <div class='ocr_carea' id='block_1_106' title="bbox 2012 4637 3614 4722">
    <p class='ocr_par' dir='ltr' id='par_1_106' title="bbox 2012 4637 3614 4722">
     <span class='ocr_line' id='line_1_106' title="bbox 2012 4637 3614 4722; baseline -0.012 -12"><span class='ocrx_word' id='word_1_845' title='bbox 2012 4661 2128 4710; x_wconf 89' lang='lat' dir='ltr'><strong><em>sunt</em></strong></span> <span class='ocrx_word' id='word_1_846' title='bbox 2154 4637 2385 4722; x_wconf 83' lang='lat' dir='ltr'><strong><em>Spiritus</em></strong></span> <span class='ocrx_word' id='word_1_847' title='bbox 2407 4645 2593 4711; x_wconf 87' lang='lat' dir='ltr'><strong><em>sancti,</em></strong></span> <span class='ocrx_word' id='word_1_848' title='bbox 2621 4645 2673 4700; x_wconf 86' lang='lat'><strong><em>5.</em></strong></span> <span class='ocrx_word' id='word_1_849' title='bbox 2705 4650 3032 4715; x_wconf 79' lang='lat' dir='ltr'><strong><em>gustaverunt</em></strong></span> <span class='ocrx_word' id='word_1_850' title='bbox 3061 4638 3393 4693; x_wconf 84' lang='lat' dir='ltr'><strong><em>nihilominus</em></strong></span> <span class='ocrx_word' id='word_1_851' title='bbox 3425 4637 3614 4691; x_wconf 85' lang='lat' dir='ltr'><strong><em>bonum</em></strong></span> 
     </span>
    </p>
   </div>
   <div class='ocr_carea' id='block_1_107' title="bbox 2012 4725 3622 4806">
    <p class='ocr_par' dir='ltr' id='par_1_107' title="bbox 2012 4725 3622 4806">
     <span class='ocr_line' id='line_1_107' title="bbox 2012 4725 3622 4806; baseline -0.012 -6"><span class='ocrx_word' id='word_1_852' title='bbox 2012 4743 2112 4800; x_wconf 86' lang='lat' dir='ltr'><strong><em>Dei</em></strong></span> <span class='ocrx_word' id='word_1_853' title='bbox 2142 4741 2348 4797; x_wconf 79' lang='lat' dir='ltr'><strong><em>uerbum</em></strong></span> <span class='ocrx_word' id='word_1_854' title='bbox 2371 4780 2386 4805; x_wconf 91' lang='lat'><strong><em>,</em></strong></span> <span class='ocrx_word' id='word_1_855' title='bbox 2425 4739 2734 4806; x_wconf 77' lang='lat' dir='ltr'><strong><em>virtutesque</em></strong></span> <span class='ocrx_word' id='word_1_856' title='bbox 2772 4733 2933 4805; x_wconf 86' lang='lat' dir='ltr'><strong><em>futuri</em></strong></span> <span class='ocrx_word' id='word_1_857' title='bbox 2972 4731 3184 4797; x_wconf 76' lang='lat' dir='ltr'><strong><em>steculi,</em></strong></span> <span class='ocrx_word' id='word_1_858' title='bbox 3223 4729 3276 4784; x_wconf 88' lang='grc'><strong><em>6.</em></strong></span> <span class='ocrx_word' id='word_1_859' title='bbox 3305 4738 3353 4785; x_wconf 88' lang='lat' dir='ltr'><strong><em>et</em></strong></span> <span class='ocrx_word' id='word_1_860' title='bbox 3381 4725 3622 4800; x_wconf 63' lang='lat' dir='ltr'><strong><em>prolapsi</em></strong></span> 
     </span>
    </p>
   </div>
   <div class='ocr_carea' id='block_1_108' title="bbox 2011 4820 3609 4904">
    <p class='ocr_par' dir='ltr' id='par_1_108' title="bbox 2011 4820 3609 4904">
     <span class='ocr_line' id='line_1_108' title="bbox 2011 4820 3609 4904; baseline -0.013 -12"><span class='ocrx_word' id='word_1_861' title='bbox 2011 4846 2163 4904; x_wconf 89' lang='lat' dir='ltr'><strong><em>sunt;</em></strong></span> <span class='ocrx_word' id='word_1_862' title='bbox 2189 4851 2370 4890; x_wconf 81' lang='lat' dir='ltr'><strong><em>rursus</em></strong></span> <span class='ocrx_word' id='word_1_863' title='bbox 2391 4845 2636 4886; x_wconf 83' lang='lat' dir='ltr'><strong><em>renovare</em></strong></span> <span class='ocrx_word' id='word_1_864' title='bbox 2665 4829 2733 4881; x_wconf 86' lang='lat' dir='ltr'><strong><em>ad</em></strong></span> <span class='ocrx_word' id='word_1_865' title='bbox 2765 4826 3108 4898; x_wconf 75' lang='lat' dir='ltr'><strong><em>pmnitentiam</em></strong></span> <span class='ocrx_word' id='word_1_866' title='bbox 3130 4865 3145 4890; x_wconf 94' lang='lat'><strong><em>,</em></strong></span> <span class='ocrx_word' id='word_1_867' title='bbox 3179 4839 3356 4877; x_wconf 83' lang='lat' dir='ltr'><strong><em>rursus</em></strong></span> <span class='ocrx_word' id='word_1_868' title='bbox 3401 4820 3609 4886; x_wconf 82' lang='lat' dir='ltr'><strong><em>cruciﬁ-</em></strong></span> 
     </span>
    </p>
   </div>
   <div class='ocr_carea' id='block_1_109' title="bbox 2007 4908 3613 5003">
    <p class='ocr_par' dir='ltr' id='par_1_109' title="bbox 2007 4908 3613 5003">
     <span class='ocr_line' id='line_1_109' title="bbox 2007 4908 3613 5003; baseline -0.013 -19"><span class='ocrx_word' id='word_1_869' title='bbox 2007 4939 2178 5003; x_wconf 84' lang='lat' dir='ltr'><strong><em>gcntes</em></strong></span> <span class='ocrx_word' id='word_1_870' title='bbox 2205 4923 2529 4995; x_wconf 81' lang='lat' dir='ltr'><strong><em>sibimetipsis</em></strong></span> <span class='ocrx_word' id='word_1_871' title='bbox 2557 4920 2755 4976; x_wconf 85' lang='lat' dir='ltr'><strong><em>Filium</em></strong></span> <span class='ocrx_word' id='word_1_872' title='bbox 2791 4919 2906 4984; x_wconf 90' lang='lat' dir='ltr'><strong><em>Dei,</em></strong></span> <span class='ocrx_word' id='word_1_873' title='bbox 2937 4928 2984 4971; x_wconf 87' lang='lat' dir='ltr'><strong><em>et</em></strong></span> <span class='ocrx_word' id='word_1_874' title='bbox 3010 4917 3228 4970; x_wconf 87' lang='lat' dir='ltr'><strong><em>ostentui</em></strong></span> <span class='ocrx_word' id='word_1_875' title='bbox 3251 4914 3510 4966; x_wconf 81' lang='lat' dir='ltr'><strong><em>habentes.</em></strong></span> <span class='ocrx_word' id='word_1_876' title='bbox 3533 4908 3613 4982; x_wconf 90' lang='lat' dir='ltr'><strong><em>(a)</em></strong></span> 
     </span>
    </p>
   </div>
   <div class='ocr_carea' id='block_1_110' title="bbox 2008 5001 3611 5088">
    <p class='ocr_par' dir='ltr' id='par_1_110' title="bbox 2008 5001 3611 5088">
     <span class='ocr_line' id='line_1_110' title="bbox 2008 5001 3611 5088; baseline -0.015 -10"><span class='ocrx_word' id='word_1_877' title='bbox 2008 5001 2144 5078; x_wconf 51' lang='lat' dir='ltr'><strong><em>Vide</em></strong></span> <span class='ocrx_word' id='word_1_878' title='bbox 2173 5027 2352 5074; x_wconf 90' lang='lat' dir='ltr'><strong><em>autem</em></strong></span> <span class='ocrx_word' id='word_1_879' title='bbox 2384 5030 2542 5088; x_wconf 90' lang='lat' dir='ltr'><strong><em>quam</em></strong></span> <span class='ocrx_word' id='word_1_880' title='bbox 2571 5023 2696 5084; x_wconf 89' lang='lat' dir='ltr'><strong><em>apte</em></strong></span> <span class='ocrx_word' id='word_1_881' title='bbox 2725 5010 2946 5080; x_wconf 89' lang='lat' dir='ltr'><strong><em>incipiat</em></strong></span> <span class='ocrx_word' id='word_1_882' title='bbox 2984 5007 3048 5061; x_wconf 90' lang='lat' dir='ltr'><strong><em>ad</em></strong></span> <span class='ocrx_word' id='word_1_883' title='bbox 3100 5005 3360 5075; x_wconf 88' lang='lat' dir='ltr'><strong><em>pudorem</em></strong></span> <span class='ocrx_word' id='word_1_884' title='bbox 3405 5001 3611 5056; x_wconf 65' lang='lat' dir='ltr'><strong><em>suffun-</em></strong></span> 
     </span>
    </p>
   </div>
   <div class='ocr_carea' id='block_1_111' title="bbox 2005 5091 3610 5182">
    <p class='ocr_par' dir='ltr' id='par_1_111' title="bbox 2005 5091 3610 5182">
     <span class='ocr_line' id='line_1_111' title="bbox 2005 5091 3610 5182; baseline -0.014 -13"><span class='ocrx_word' id='word_1_885' title='bbox 2005 5100 2242 5168; x_wconf 83' lang='lat' dir='ltr'><strong><em>deudum</em></strong></span> <span class='ocrx_word' id='word_1_886' title='bbox 2270 5118 2326 5166; x_wconf 88' lang='lat' dir='ltr'><strong><em>et</em></strong></span> <span class='ocrx_word' id='word_1_887' title='bbox 2353 5104 2753 5182; x_wconf 85' lang='lat' dir='ltr'><strong><em>prohibendum</em></strong></span> <span class='ocrx_word' id='word_1_888' title='bbox 2781 5120 2793 5155; x_wconf 89' lang='lat'><strong>:</strong></span> <span class='ocrx_word' id='word_1_889' title='bbox 2821 5098 3145 5171; x_wconf 85' lang='lat' dir='ltr'><strong><em>lmpossibile</em></strong></span> <span class='ocrx_word' id='word_1_890' title='bbox 3173 5105 3281 5161; x_wconf 89' lang='lat' dir='ltr'><strong><em>est,</em></strong></span> <span class='ocrx_word' id='word_1_891' title='bbox 3315 5094 3523 5163; x_wconf 89' lang='lat' dir='ltr'><strong><em>inquit,</em></strong></span> <span class='ocrx_word' id='word_1_892' title='bbox 3556 5091 3610 5147; x_wconf 89' lang='lat' dir='ltr'><strong><em>id</em></strong></span> 
     </span>
    </p>
   </div>
   <div class='ocr_carea' id='block_1_112' title="bbox 2005 5184 3608 5274">
    <p class='ocr_par' dir='ltr' id='par_1_112' title="bbox 2005 5184 3608 5274">
     <span class='ocr_line' id='line_1_112' title="bbox 2005 5184 3608 5274; baseline -0.014 -11"><span class='ocrx_word' id='word_1_893' title='bbox 2005 5215 2111 5274; x_wconf 89' lang='lat' dir='ltr'><strong><em>est,</em></strong></span> <span class='ocrx_word' id='word_1_894' title='bbox 2138 5219 2209 5260; x_wconf 90' lang='lat' dir='ltr'><strong><em>ne</em></strong></span> <span class='ocrx_word' id='word_1_895' title='bbox 2239 5201 2472 5272; x_wconf 89' lang='lat' dir='ltr'><strong><em>amplius</em></strong></span> <span class='ocrx_word' id='word_1_896' title='bbox 2495 5186 2783 5268; x_wconf 83' lang='lat' dir='ltr'><strong><em>exspectes</em></strong></span> <span class='ocrx_word' id='word_1_897' title='bbox 2808 5191 2953 5264; x_wconf 87' lang='lat' dir='ltr'><strong><em>quod</em></strong></span> <span class='ocrx_word' id='word_1_898' title='bbox 2984 5205 3090 5244; x_wconf 90' lang='lat' dir='ltr'><strong><em>non</em></strong></span> <span class='ocrx_word' id='word_1_899' title='bbox 3119 5197 3296 5259; x_wconf 88' lang='lat' dir='ltr'><strong><em>potest</em></strong></span> <span class='ocrx_word' id='word_1_900' title='bbox 3323 5185 3460 5240; x_wconf 86' lang='lat' dir='ltr'><strong><em>fieri.</em></strong></span> <span class='ocrx_word' id='word_1_901' title='bbox 3490 5184 3608 5240; x_wconf 83' lang='lat' dir='ltr'><strong><em>Non</em></strong></span> 
     </span>
    </p>
   </div>
   <div class='ocr_carea' id='block_1_113' title="bbox 2004 5280 3602 5364">
    <p class='ocr_par' dir='ltr' id='par_1_113' title="bbox 2004 5280 3602 5364">
     <span class='ocr_line' id='line_1_113' title="bbox 2004 5280 3602 5364; baseline -0.014 -8"><span class='ocrx_word' id='word_1_902' title='bbox 2004 5301 2148 5357; x_wconf 89' lang='lat' dir='ltr'><strong><em>enim</em></strong></span> <span class='ocrx_word' id='word_1_903' title='bbox 2179 5297 2339 5364; x_wconf 87' lang='lat' dir='ltr'><strong><em>dixit,</em></strong></span> <span class='ocrx_word' id='word_1_904' title='bbox 2372 5294 2489 5352; x_wconf 82' lang='lat' dir='ltr'><strong><em>Non</em></strong></span> <span class='ocrx_word' id='word_1_905' title='bbox 2518 5296 2710 5356; x_wconf 88' lang='lat' dir='ltr'><strong><em>decet,</em></strong></span> <span class='ocrx_word' id='word_1_906' title='bbox 2744 5301 2955 5357; x_wconf 90' lang='lat' dir='ltr'><strong><em>neque,</em></strong></span> <span class='ocrx_word' id='word_1_907' title='bbox 2992 5283 3111 5340; x_wconf 86' lang='lat' dir='ltr'><strong><em>Non</em></strong></span> <span class='ocrx_word' id='word_1_908' title='bbox 3140 5280 3377 5353; x_wconf 84' lang='lat' dir='ltr'><strong><em>expedit,</em></strong></span> <span class='ocrx_word' id='word_1_909' title='bbox 3408 5295 3602 5350; x_wconf 88' lang='lat' dir='ltr'><strong><em>neque,</em></strong></span> 
     </span>
    </p>
   </div>
   <div class='ocr_carea' id='block_1_114' title="bbox 2002 5371 3609 5457">
    <p class='ocr_par' dir='ltr' id='par_1_114' title="bbox 2002 5371 3609 5457">
     <span class='ocr_line' id='line_1_114' title="bbox 2002 5371 3609 5457; baseline -0.013 -7"><span class='ocrx_word' id='word_1_910' title='bbox 2002 5394 2117 5450; x_wconf 84' lang='lat' dir='ltr'><strong><em>Non</em></strong></span> <span class='ocrx_word' id='word_1_911' title='bbox 2145 5392 2293 5457; x_wconf 91' lang='lat' dir='ltr'><strong><em>licet,</em></strong></span> <span class='ocrx_word' id='word_1_912' title='bbox 2325 5389 2442 5456; x_wconf 90' lang='lat' dir='ltr'><strong><em>sed,</em></strong></span> <span class='ocrx_word' id='word_1_913' title='bbox 2468 5386 2562 5441; x_wconf 84' lang='lat' dir='ltr'><strong><em>Est</em></strong></span> <span class='ocrx_word' id='word_1_914' title='bbox 2583 5382 2930 5457; x_wconf 84' lang='lat' dir='ltr'><strong><em>impossibile;</em></strong></span> <span class='ocrx_word' id='word_1_915' title='bbox 2962 5388 3019 5432; x_wconf 90' lang='lat' dir='ltr'><strong><em>ut</em></strong></span> <span class='ocrx_word' id='word_1_916' title='bbox 3041 5391 3137 5432; x_wconf 89' lang='lat' dir='ltr'><strong><em>eos</em></strong></span> <span class='ocrx_word' id='word_1_917' title='bbox 3159 5375 3382 5432; x_wconf 89' lang='lat' dir='ltr'><strong><em>omnino</em></strong></span> <span class='ocrx_word' id='word_1_918' title='bbox 3403 5371 3609 5442; x_wconf 83' lang='lat' dir='ltr'><strong><em>injiciat</em></strong></span> 
     </span>
    </p>
   </div>
   <div class='ocr_carea' id='block_1_115' title="bbox 2000 5466 3602 5554">
    <p class='ocr_par' dir='ltr' id='par_1_115' title="bbox 2000 5466 3602 5554">
     <span class='ocr_line' id='line_1_115' title="bbox 2000 5466 3602 5554; baseline -0.016 -11"><span class='ocrx_word' id='word_1_919' title='bbox 2000 5487 2056 5542; x_wconf 88' lang='lat' dir='ltr'><strong><em>in</em></strong></span> <span class='ocrx_word' id='word_1_920' title='bbox 2087 5481 2518 5554; x_wconf 89' lang='lat' dir='ltr'><strong><em>desperationem</em></strong></span> <span class='ocrx_word' id='word_1_921' title='bbox 2543 5518 2560 5546; x_wconf 93' lang='lat'><strong><em>,</em></strong></span> <span class='ocrx_word' id='word_1_922' title='bbox 2590 5477 2635 5531; x_wconf 91' lang='lat' dir='ltr'><strong><em>si</em></strong></span> <span class='ocrx_word' id='word_1_923' title='bbox 2667 5473 2892 5530; x_wconf 89' lang='lat' dir='ltr'><strong><em>omnino</em></strong></span> <span class='ocrx_word' id='word_1_924' title='bbox 2928 5470 3100 5528; x_wconf 89' lang='lat' dir='ltr'><strong><em>semel</em></strong></span> <span class='ocrx_word' id='word_1_925' title='bbox 3126 5467 3418 5524; x_wconf 89' lang='lat' dir='ltr'><strong><em>illuminati</em></strong></span> <span class='ocrx_word' id='word_1_926' title='bbox 3444 5466 3602 5520; x_wconf 90' lang='lat' dir='ltr'><strong><em>estis.</em></strong></span> 
     </span>
    </p>
   </div>
   <div class='ocr_carea' id='block_1_116' title="bbox 2073 5561 3602 5641">
    <p class='ocr_par' dir='ltr' id='par_1_116' title="bbox 2073 5561 3602 5641">
     <span class='ocr_line' id='line_1_116' title="bbox 2073 5561 3602 5641; baseline -0.014 -7"><span class='ocrx_word' id='word_1_927' title='bbox 2073 5579 2124 5634; x_wconf 73' lang='grc' dir='ltr'><strong><em>ὃ.</em></strong></span> <span class='ocrx_word' id='word_1_928' title='bbox 2170 5572 2376 5631; x_wconf 87' lang='lat' dir='ltr'><strong><em>Deinde</em></strong></span> <span class='ocrx_word' id='word_1_929' title='bbox 2404 5570 2702 5641; x_wconf 73' lang='lat' dir='ltr'><strong><em>subiungit,</em></strong></span> <span class='ocrx_word' id='word_1_930' title='bbox 2732 5564 3075 5622; x_wconf 78' lang='lat' dir='ltr'><strong><em>Gustaverunt</em></strong></span> <span class='ocrx_word' id='word_1_931' title='bbox 3097 5564 3250 5618; x_wconf 87' lang='lat' dir='ltr'><strong><em>etiam</em></strong></span> <span class='ocrx_word' id='word_1_932' title='bbox 3280 5561 3471 5615; x_wconf 87' lang='lat' dir='ltr'><strong><em>donum</em></strong></span> <span class='ocrx_word' id='word_1_933' title='bbox 3496 5573 3602 5613; x_wconf 77' lang='lat' dir='ltr'><strong><em>ca:-</em></strong></span> 
     </span>
    </p>
   </div>
   <div class='ocr_carea' id='block_1_117' title="bbox 1999 5653 3611 5733">
    <p class='ocr_par' dir='ltr' id='par_1_117' title="bbox 1999 5653 3611 5733">
     <span class='ocr_line' id='line_1_117' title="bbox 1999 5653 3611 5733; baseline -0.014 -7"><span class='ocrx_word' id='word_1_934' title='bbox 1999 5672 2155 5733; x_wconf 81' lang='lat' dir='ltr'><strong><em>leste;</em></strong></span> <span class='ocrx_word' id='word_1_935' title='bbox 2185 5668 2286 5722; x_wconf 86' lang='lat' dir='ltr'><strong><em>hoc</em></strong></span> <span class='ocrx_word' id='word_1_936' title='bbox 2319 5672 2422 5731; x_wconf 87' lang='lat' dir='ltr'><strong><em>est,</em></strong></span> <span class='ocrx_word' id='word_1_937' title='bbox 2455 5661 2855 5718; x_wconf 87' lang='lat' dir='ltr'><strong><em>remissionem.</em></strong></span> <span class='ocrx_word' id='word_1_938' title='bbox 2894 5655 2966 5712; x_wconf 86' lang='lat' dir='ltr'><strong><em>Et</em></strong></span> <span class='ocrx_word' id='word_1_939' title='bbox 3005 5655 3281 5727; x_wconf 85' lang='lat' dir='ltr'><strong><em>participes</em></strong></span> <span class='ocrx_word' id='word_1_940' title='bbox 3322 5653 3446 5725; x_wconf 87' lang='lat' dir='ltr'><strong><em>facti</em></strong></span> <span class='ocrx_word' id='word_1_941' title='bbox 3485 5657 3611 5706; x_wconf 85' lang='lat' dir='ltr'><strong><em>sunt</em></strong></span> 
     </span>
    </p>
   </div>
   <div class='ocr_carea' id='block_1_118' title="bbox 2074 5809 3562 5904">
    <p class='ocr_par' dir='ltr' id='par_1_118' title="bbox 2074 5809 3562 5904">
     <span class='ocr_line' id='line_1_118' title="bbox 2074 5809 3562 5904; baseline -0.022 -12"><span class='ocrx_word' id='word_1_942' title='bbox 2074 5838 2150 5904; x_wconf 85' lang='lat' dir='ltr'><strong><em>(a)</em></strong></span> <span class='ocrx_word' id='word_1_943' title='bbox 2170 5836 2263 5890; x_wconf 82' lang='lat' dir='ltr'><strong><em>Hic</em></strong></span> <span class='ocrx_word' id='word_1_944' title='bbox 2286 5833 2436 5887; x_wconf 87' lang='lat' dir='ltr'><strong><em>trium</em></strong></span> <span class='ocrx_word' id='word_1_945' title='bbox 2459 5829 2568 5882; x_wconf 87' lang='lat' dir='ltr'><strong><em>fere</em></strong></span> <span class='ocrx_word' id='word_1_946' title='bbox 2593 5825 2878 5891; x_wconf 81' lang='lat' dir='ltr'><strong><em>paginarum</em></strong></span> <span class='ocrx_word' id='word_1_947' title='bbox 2899 5818 3060 5871; x_wconf 86' lang='lat' dir='ltr'><strong><em>hiatus</em></strong></span> <span class='ocrx_word' id='word_1_948' title='bbox 3083 5819 3160 5867; x_wconf 83' lang='lat' dir='ltr'><strong><em>est</em></strong></span> <span class='ocrx_word' id='word_1_949' title='bbox 3184 5814 3234 5864; x_wconf 88' lang='lat' dir='ltr'><strong><em>in</em></strong></span> <span class='ocrx_word' id='word_1_950' title='bbox 3259 5809 3562 5866; x_wconf 68' lang='lat' dir='ltr'><strong><em>Collicrtino.</em></strong></span> 
     </span>
    </p>
   </div>
  </div>
