4208 6480
632 428 700 486 79
1441 412 1500 467 S.
1527 406 1802 466 JOANNIS
1839 391 2315 459 CHRYSOSTOMI
2352 387 2667 445 AliClllEP.
2709 381 3239 443 CONSTANTINCP.
3858 359 3928 429 εὔ

652 534 879 605 Spiritus
897 529 1080 594 sancti,
1110 534 1157 579 et
1182 528 1506 594 gustaverttut
1537 520 1722 572 bonum
1744 515 1842 569 Dei
1886 514 2115 569 Verbum.
2137 512 2237 568 llic

653 627 777 680 dicit
804 622 1125 678 doctrinam.
1171 616 1484 681 Virtutesque
1511 608 1688 663 stvcuti
1717 607 1936 662 venturi.
1964 606 2234 673 Quasnam

649 717 777 770 dicit
804 711 1060 767 virtutes?
1091 707 1183 761 Vel
1213 704 1390 758 facere
1416 700 1694 765 miracula,
1718 700 1803 753 vel
1826 701 2041 753 arrham
2068 698 2237 768 Spiri-

650 818 754 861 tus.
781 805 844 858 Et
866 800 1094 874 prolapsi
1123 807 1260 864 sunt,
1292 811 1470 849 rursus
1510 808 1755 847 renovare
1774 792 1842 844 ad
1864 791 2230 862 pcenitentiam,

647 915 821 954 rursm
842 896 1189 965 cruciﬁgentes
1208 888 1531 956 sibimetipsis
1560 884 1757 939 Filium
1780 884 1894 950 Dei,
1934 892 1982 937 et
2018 883 2236 938 ostentui

648 994 904 1047 trahentes.
935 986 1217 1040 Renovare
1263 981 1397 1035 dicit
1444 978 1513 1032 ad
1561 976 1965 1047 pmnitcntiam:
2000 974 2100 1029 hoc
2127 982 2230 1040 est,

646 1099 742 1152 per
771 1077 1164 1151 paenitentiam.
1197 1073 1336 1141 Quid
1356 1071 1532 1154 ergo?
1567 1070 1737 1138 ejecta
1764 1078 1847 1123 est
1882 1068 2234 1138 paenitentia?

644 1174 762 1231 Non
810 1170 1146 1243 poenitentia,
1198 1167 1359 1229 absit,
1394 1163 1491 1219 sed
1518 1179 1637 1232 quae
1664 1177 1850 1217 rursus
1885 1161 1939 1213 fit
1968 1175 2063 1230 per
2083 1160 2232 1214 lava-

644 1280 792 1320 crum
825 1261 1130 1317 renovatio.
1156 1256 1275 1312 Non
1319 1256 1460 1311 enim
1502 1254 1658 1320 dixit,
1692 1251 1717 1305 1
1729 1252 2014 1321 napossibile
2051 1262 2121 1305 est
2146 1269 2232 1306 re-

645 1355 820 1409 novari
849 1353 917 1407 ad
950 1351 1317 1422 panitentiam,
1358 1356 1414 1401 et
1456 1345 1646 1408 tacuit;
1678 1343 1772 1398 sed
1814 1358 1935 1396 cum
1984 1342 2228 1409 dixisset,

645 1443 967 1517 Impossibile
986 1454 1077 1507 est,
1108 1439 1399 1509 subjunxit,
1427 1436 1629 1489 Rursus
1652 1435 2021 1504 cruciﬁgentes.
2052 1433 2231 1488 Reno-

645 1541 770 1603 vari,
800 1537 900 1591 hoc
930 1545 1034 1601 cst,
1066 1549 1260 1587 novum
1288 1530 1403 1583 ﬁeri
1428 1547 1440 1580 :
1468 1541 1636 1580 novos
1658 1526 1801 1579 enint
1832 1524 2011 1579 facere
2038 1533 2121 1579 est
2138 1539 2231 1579 so-

645 1631 747 1685 lius
779 1630 1007 1683 lavacri:
1038 1623 1402 1688 Renovabitur,
1438 1619 1629 1689 inquit,
1661 1618 1792 1671 sicut
1835 1616 2021 1688 aquila:
2037 1617 2230 1688 juven-

643 1731 726 1775 tus
754 1730 843 1773 tua
870 1717 1041 1791 (Psal.
1071 1715 1196 1771 102.
1221 1715 1296 1784 5).

712 1812 996 1866 Lavacrum
1018 1809 1251 1880 baptismi
1276 1822 1375 1860 non
1399 1813 1558 1875 potest
1584 1805 1778 1858 iterari.
1796 1835 1867 1844 —
1894 1802 2231 1860 Pmnilcutim

641 1916 817 1961 autem
846 1913 944 1969 est,
977 1918 1071 1958 eos
1090 1903 1178 1971 qui
1212 1901 1335 1954 novi
1364 1899 1486 1953 facti
1509 1906 1651 1964 sunt,
1677 1913 1740 1953 ac
1761 1897 1957 1954 deinde
1983 1914 2012 1952 a
2042 1913 2233 1967 pecca-

641 1999 709 2054 tis
740 1998 1186 2059 inveteraverunt,
1221 1993 1449 2048 liberare
1474 2008 1503 2046 a
1524 2000 1790 2047 vetustate
1808 2006 2085 2062 novosque
2110 1992 2230 2047 red-

639 2089 797 2144 dere:
827 2088 892 2142 ad
920 2088 1067 2143 illum
1084 2096 1265 2142 autem
1287 2085 1628 2156 splendorem
1656 2100 1765 2139 non
1793 2084 1918 2140 licet
1934 2086 2225 2140 reducere:

642 2183 752 2238 illic
781 2183 922 2238 enim
950 2190 1120 2235 totum
1149 2188 1264 2234 erat
1292 2176 1479 2246 gratia.
1511 2173 1710 2226 Rursus
1739 2171 2112 2239 crueiﬁgentes,
2145 2170 2219 2222 in-

645 2275 781 2344 quit,
803 2274 858 2327 in
887 2272 1167 2341 semetipsis
1191 2267 1386 2322 Filium
1405 2267 1518 2332 Dei,
1535 2273 1582 2319 et
1599 2262 1816 2318 ostentui
1840 2260 2097 2315 habentes.
2121 2260 2231 2315 lloc

645 2375 729 2423 est
757 2375 933 2420 autem
961 2363 1103 2435 quod
1142 2363 1307 2417 dicit:
1341 2360 1605 2429 baptisma
1636 2366 1719 2412 est
1747 2372 1911 2420 crux;
1945 2353 2234 2422 Cruci/imus

645 2459 781 2513 enim
806 2468 877 2511 est
905 2465 1041 2510 vetus
1074 2465 1243 2508 nnster
1290 2451 1474 2513 homo;
1506 2460 1560 2504 et
1589 2462 1797 2514 rursus,
1830 2444 2124 2515 Conformcs
2151 2446 2233 2512 [u-

644 2550 713 2604 cti
754 2565 927 2604 sumus
959 2545 1281 2601 similitudini
1319 2542 1494 2596 mortis
1525 2542 1666 2612 ejus;
1713 2548 1766 2593 et
1814 2552 2019 2603 rursus,
2052 2536 2237 2590 Conse-

644 2640 774 2710 pulti
800 2655 914 2692 cum
956 2654 1014 2690 eo
1060 2652 1237 2690 sumus
1267 2651 1356 2702 per
1396 2632 1703 2701 baptismum
1744 2631 1794 2683 in
1824 2638 2053 2683 mortem.
2088 2629 2238 2682 Sicut

646 2746 776 2801 ergo
807 2731 917 2785 ﬁeri
949 2745 1051 2782 non
1082 2737 1258 2798 potest
1289 2736 1345 2779 ut
1375 2727 1566 2779 iterum
1590 2723 1933 2793 cruciﬁgatur
1954 2723 2236 2786 Οἰςΐὶδιυςς

650 2824 753 2877 Itoc
777 2823 918 2876 enim
952 2829 1035 2875 est
1064 2834 1187 2874 eum
1230 2817 1545 2872 traducere:
1580 2815 1656 2868 sic
1684 2832 1788 2867 non
1820 2829 2104 2884 pOSsumus
2137 2815 2237 2867 ite-

649 2928 767 2967 rum
798 2910 1080 2980 baptizari.
1112 2909 1244 2963 Nam
1274 2908 1316 2961 si
1349 2922 1495 2960 mors
1525 2906 1644 2974 ejus
1668 2920 1770 2958 non
1801 2903 2031 2972 amplius
2066 2904 2232 2956 dumi-

648 3004 895 3068 nubitur;
921 3002 966 3056 si
1011 3000 1326 3065 resurrexit,
1360 2996 1691 3067 resurgendo
1734 3004 1905 3049 morte
1948 2994 2117 3047 factus
2148 3009 2240 3063 po-

650 3099 881 3162 tentior;
906 3096 949 3150 si
979 3111 1075 3164 per
1101 3103 1330 3149 mortem
1364 3099 1591 3145 mortem
1619 3088 1815 3143 devicit
1834 3103 1896 3142 ac
1925 3088 2238 3158 prostravit,

650 3188 848 3244 deinde
895 3188 1090 3242 iterum
1141 3186 1192 3239 in
1239 3199 1454 3239 crucem
1507 3179 1934 3251 agiturzfabnla:
1980 3191 2106 3233 sunt
2154 3179 2243 3235 illa

651 3279 831 3334 omnia
860 3290 914 3334 et
940 3277 1202 3332 traductio
1243 3292 1304 3331 ac
1331 3275 1527 3329 irrisio.
1559 3273 1630 3327 lta
1661 3272 1752 3342 qui
1776 3287 1962 3325 rursus
2001 3272 2238 3340 seipsum

652 3371 902 3440 baptizat,
958 3383 1143 3423 rursus
1188 3367 1364 3436 ipsum
1416 3364 1696 3434 crnciligit.
1732 3362 1870 3429 Quid
1914 3373 1992 3417 est
2038 3371 2240 3425 autem,

653 3463 851 3518 Rursus
874 3461 1262 3531 cruciﬁgentes?
1285 3458 1364 3512 Ab
1392 3457 1543 3511 initio
1570 3471 1692 3510 cum
1722 3455 1899 3510 denuo
1928 3453 2244 3522 (τιιςίὓςριιο

655 3566 755 3611 tes.
781 3554 911 3609 Nam
936 3553 1262 3608 utChristus
1285 3559 1525 3605 mortuus
1548 3558 1631 3603 est
1662 3550 1713 3602 in
1748 3563 1929 3611 cruce,
1960 3547 2031 3599 ita
2061 3563 2157 3599 nos
2188 3545 2241 3598 in

653 3646 997 3713 baptismate,
1031 3660 1136 3697 non
1166 3657 1352 3708 carne,
1382 3640 1475 3697 sed
1503 3649 1747 3710 peccato.
1781 3637 1914 3692 Vide
1945 3645 2170 3690 n'mrtetu
2191 3646 2246 3690 et

656 3748 918 3795 mortem:
951 3737 1040 3792 ille
1071 3745 1312 3791 mortuus
1340 3735 1495 3788 estin
1523 3748 1708 3797 carne,
1743 3745 1842 3786 nos
1871 3737 2112 3799 peccato.
2145 3726 2247 3782 Per

655 3832 977 3901 baptismum
1001 3839 1157 3885 vetus
1182 3836 1366 3882 noster
1389 3826 1551 3880 homo
1577 3824 1821 3892 sepultus
1847 3829 1951 3885 est,
1982 3826 2035 3872 et
2061 3835 2244 3875 resur-

656 3925 802 3980 rexit
826 3939 1011 3987 novus,
1037 3920 1331 3976 conformis
1356 3920 1528 3973 factus
1548 3913 1881 3971 similitudini
1904 3915 2087 3967 mortis
2110 3914 2244 3983 ejus.

658 4015 715 4071 Si
731 4031 858 4085 ergo
876 4028 1097 4068 necesse
1117 4022 1199 4067 est
1221 4025 1408 4066 rursus
1430 4008 1708 4078 baptizari,
1736 4020 1958 4061 necesse
1977 4018 2051 4059 est
2075 4005 2245 4075 ipsum

659 4123 845 4164 rursus
872 4107 1043 4161 mori:
1077 4106 1340 4175 baptisma
1370 4103 1511 4157 enim
1544 4100 1677 4154 nihil
1715 4110 1798 4155 est
1826 4114 1984 4169 quam
2018 4098 2135 4167 ejus
2159 4098 2248 4167 qui

660 4201 963 4269 baptizatur
992 4198 1312 4267 peremptio,
1343 4203 1397 4249 et
1420 4193 1562 4248 illius
1585 4192 1890 4248 snseitatio.
1912 4190 2251 4261 Etprwelare

660 4292 818 4359 dixit,
858 4291 1081 4346 Rursum
1108 4289 1496 4359 cruciﬁgentcs:
1518 4302 1640 4341 nam
1670 4285 1763 4355 qui
1795 4286 1897 4339 hoc
1927 4283 2073 4348 facit,
2118 4291 2251 4335 tam-

663 4400 822 4456 quam
853 4383 1046 4454 prioris
1067 4383 1252 4453 gratirc
1272 4380 1493 4446 oblitus,
1517 4380 1707 4449 ignave
1734 4386 1789 4432 et
1808 4376 2070 4431 dissolute
2090 4375 2254 4429 vitam

663 4490 815 4530 suam
841 4475 968 4545 agit,
1002 4475 1188 4544 sicque
1210 4471 1390 4526 omnia
1420 4468 1557 4540 gerit
1585 4479 1855 4537 tamquam
1898 4465 2132 4520 sitaliud
2161 4466 2255 4519 ba-

666 4566 1252 4638 ptisma.Quamobrcm
1271 4571 1355 4618 est
1371 4559 1752 4616 attendendum
1775 4567 1829 4611 et
1849 4555 2151 4610 adhibenda
2176 4563 2259 4610 est

666 4660 863 4715 cautio.
885 4659 1023 4727 Quid
1040 4665 1141 4720 est,
1169 4655 1504 4712 Gustaverunt
1526 4653 1676 4707 etiam
1696 4651 1885 4705 donum
1902 4649 2130 4704 cauete?
2149 4648 2262 4703 lloc

668 4759 770 4813 est,
805 4749 1176 4803 remissionem
1220 4741 1727 4816 peccatorumzhoc
1765 4740 1909 4795 enim
1953 4739 2121 4795 solius
2165 4739 2258 4793 Dei

669 4850 754 4897 est
777 4840 1000 4904 donare,
1029 4847 1085 4892 et
1106 4837 1221 4890 haec
1246 4834 1416 4905 gratia
1436 4832 1603 4888 semel
1626 4840 1708 4887 est
1730 4831 1922 4902 gratia.
1950 4830 2086 4897 Quid
2109 4828 2264 4901 ergo?

671 4932 981 4987 manebimus
1016 4931 1069 4982 in
1095 4938 1298 4998 peccato
1341 4935 1394 4980 ut
1424 4924 1641 4979 abundet
1687 4924 1891 4996 gratia?
1916 4924 2056 4978 Absit
2084 4922 2261 4994 (llam.

673 5026 726 5080 (ἱ.
763 5026 812 5078 l.
842 5020 921 5093 ἢ).
955 5023 1011 5076 Si
1042 5030 1220 5074 autem
1253 5034 1466 5088 semper
1494 5018 1629 5073 salvi
1659 5018 1825 5073 futuri
1849 5032 2037 5072 sumus
2062 5016 2261 5087 gratia,

675 5128 967 5182 numquam
1010 5109 1212 5165 erimus
1249 5108 1394 5162 boni.
1428 5108 1558 5163 Nam
1586 5110 1654 5176 si,
1698 5108 1788 5163 ubi
1829 5124 1933 5162 una
1963 5115 2046 5162 est
2068 5105 2263 5177 gratia,

694 5206 773 5260 sic
804 5219 1018 5273 quoque
1046 5218 1230 5258 sumus
1261 5204 1437 5274 ignavi
1482 5212 1536 5259 et
1584 5205 1870 5268 socordes;
1917 5204 1961 5257 si
2010 5205 2268 5259 sciremus

694 5296 961 5353 abluenda
1006 5310 1193 5351 rursus
1223 5306 1457 5367 peccata,
1507 5311 1917 5352 ccssarcmusne
1939 5311 1969 5349 a
2002 5295 2274 5364 peccatis?

697 5392 810 5459 ligo
825 5387 1043 5458 quidem
1076 5388 1294 5445 ntinime
1313 5390 1526 5461 opinor.
1558 5388 1719 5443 Multa
1749 5388 1833 5441 hic
1858 5386 2272 5451 ostenditdonzi,

697 5490 752 5533 et
782 5488 839 5531 ut
866 5478 1133 5550 intelligas
1163 5480 1284 5534 audi
1308 5496 1323 5533 :
1350 5480 1629 5550 Dignatus,
1675 5478 1865 5547 inquit,
1912 5492 1971 5530 es
2019 5484 2160 5529 tanta
2192 5490 2277 5529 re-

698 5569 987 5624 tuiSsiune:
1020 5570 1108 5640 qui
1137 5572 1360 5625 sedebat
1389 5571 1439 5623 in
1472 5570 1728 5633 tenebris,
1766 5568 1853 5638 qui
1890 5567 2155 5630 inimicus,
2185 5566 2274 5634 qui

702 5658 893 5722 bos-tis,
926 5660 1013 5729 qui
1038 5661 1389 5724 abalienatus,
1423 5660 1511 5730 qni
1540 5660 1645 5712 Deo
1668 5658 1889 5724 invisus,
1911 5659 1996 5726 qui
2016 5657 2274 5728 perditus,

697 5750 743 5801 is
774 5759 988 5816 repente
1010 5752 1360 5814 illuminatus,
1384 5750 1574 5819 spiritu
1592 5748 1861 5818 dignatus,
1881 5748 2023 5800 dono
2048 5746 2274 5812 caulesti,

695 5843 981 5917 adoptione
1008 5845 1060 5902 in
1090 5844 1283 5912 ﬁlium,
1319 5857 1486 5913 regno
1516 5841 1740 5911 Caelesti,
1773 5840 1891 5895 aliis
1921 5840 2094 5902 bonis.
2124 5855 2275 5895 arca.

2328 505 2410 559 nis
2433 507 2725 578 mysteriis,
2752 516 2808 560 et
2837 521 2904 560 ne
2932 506 3013 559 sic
3060 506 3280 574 quidem
3309 505 3502 561 melior
3529 505 3781 569 etfectus;
3814 507 3912 561 sed

2328 615 2446 656 cum
2463 598 2534 654 sit
2553 598 2767 667 quidem
2790 597 2981 667 dignus
3002 598 3092 667 qui
3115 605 3319 667 pereat,
3343 599 3568 652 salutem
3591 610 3911 668 assequutus

2326 699 2379 743 et
2404 690 2663 745 honorem
2690 699 2956 759 tamquam
2989 689 3081 757 qui
3109 689 3367 756 praeclare
3389 704 3453 743 ex
3487 690 3685 744 virtute
3703 707 3763 743 se
3792 707 3916 759 ges-

2327 780 2506 842 sisset,
2548 778 2818 849 quomodo
2855 792 3045 833 rursus
3092 779 3327 849 potuerit
3368 779 3664 849 baptizari?
3695 781 3915 835 Duobus

2327 885 2455 938 ergo
2484 870 2659 924 modis
2690 885 2803 923 rem
2830 869 2965 923 dixit
2989 885 3096 924 non
3129 884 3285 939 posse
3312 870 3449 936 ﬁeri,
3480 879 3536 926 et
3562 887 3685 925 eum
3717 873 3804 941 qui
3828 882 3920 927 est

2329 962 2534 1015 ﬁrmior
2564 970 2618 1015 et
2664 959 2890 1014 validior
2935 960 3116 1029 posuit
3164 961 3433 1030 posterius
3468 978 3481 1013 :
3515 977 3623 1015 uno
3671 962 3913 1031 quidem,

2325 1054 2467 1124 quod
2492 1069 2594 1108 non
2614 1062 2697 1108 est
2712 1053 2926 1122 dignus,
2953 1052 3043 1123 qui
3067 1061 3151 1108 est
3174 1053 3338 1107 rebus
3359 1053 3621 1122 ejusmodi
3643 1053 3917 1122 dignatus,

2331 1156 2385 1202 ct
2410 1148 2590 1202 omnia
2619 1162 2742 1217 quae
2768 1147 2871 1202 sibi
2911 1155 3038 1201 sunt
3079 1145 3275 1200 donata
3320 1145 3574 1215 prodidit,
3626 1155 3685 1200 ut
3728 1161 3921 1201 rursus

2333 1247 2652 1305 renovetur;
2682 1239 2874 1304 altero,
2908 1238 3050 1308 quod
3080 1238 3193 1293 ﬁeri
3221 1252 3325 1291 non
3356 1248 3534 1306 poteSt
3565 1247 3621 1290 ut
3652 1239 3767 1306 ipse
3790 1253 3922 1293 rur-

2331 1345 2423 1383 sus
2449 1329 2827 1396 crucitigatur:
2858 1326 2962 1381 hoc
2986 1327 3129 1381 enim
3160 1335 3244 1381 est
3280 1328 3517 1381 ostentui
3560 1326 3781 1393 habere,
3815 1342 3921 1382 seu

2331 1419 2633 1474 traducere.
2652 1416 2771 1472 Non
2789 1426 2873 1473 est
2894 1432 3042 1487 ergo,
3068 1431 3172 1471 non
3199 1424 3283 1472 est
3306 1415 3598 1472 secundum
3621 1416 3923 1473 lavacrum:

2331 1513 2376 1567 si
2403 1523 2485 1567 est
2513 1520 2714 1577 autem,
2759 1518 2844 1566 est
2884 1511 3100 1564 tertium
3142 1509 3303 1564 etiam
3350 1518 3406 1563 et
3452 1519 3738 1578 quartum:
3771 1510 3924 1579 prius

2332 1607 2475 1660 enim
2506 1619 2719 1673 semper
2745 1603 3059 1658 dissolvitur
3086 1618 3115 1656 a
3146 1601 3455 1671 posteriori,
3489 1612 3540 1654 et
3567 1601 3669 1655 hoc
3704 1616 3926 1670 semper

2333 1697 2402 1751 ab
2424 1697 2561 1761 alio;
2595 1694 2757 1764 idque
2784 1695 2837 1748 in
2869 1693 3156 1748 inﬁnitum.
3180 1693 3314 1746 Cum
3336 1693 3560 1747 dixisset
3584 1700 3785 1758 autem,
3807 1693 3926 1747 Gu-

2332 1801 2588 1845 staverunt
2605 1790 2788 1844 bonum
2812 1788 2909 1842 Dei
2923 1788 3146 1849 verbum.
3170 1789 3471 1858 virtutesque
3495 1790 3669 1842 sa'culi
3688 1789 3937 1856 venturi;

2336 1897 2443 1938 non
2474 1882 2526 1936 id
2553 1881 2804 1951 explicat,
2834 1880 2928 1936 sed
2957 1878 3279 1945 subindicat,
3313 1893 3376 1933 ac
3396 1880 3437 1933 si
3468 1878 3708 1934 diceret:
3734 1879 3939 1935 vivere-

2329 1981 2597 2042 tamquam
2633 1973 2875 2042 angelos,
2904 1988 2970 2028 ex
3004 1972 3071 2028 iis
3097 1989 3214 2042 qua:
3255 1973 3339 2028 hic
3377 1982 3505 2028 sunt
3545 1974 3740 2028 nuliius
3776 1975 3930 2029 iudi-

2336 2077 2485 2131 gere,
2516 2062 2654 2117 scire
2681 2063 2821 2132 quod
2853 2063 3085 2118 ﬁliorum
3113 2062 3328 2134 adoptio
3357 2065 3511 2119 nobis
3540 2063 3705 2119 futuri
3729 2068 3921 2121 smculi

2334 2152 2472 2206 bona
2536 2152 2810 2220 attribuat,
2865 2162 3175 2223 exspectare
3229 2154 3607 2210 admissionem
3657 2156 3711 2210 in
3759 2156 3931 2228 adyta

2340 2243 2425 2298 illa
2456 2262 2466 2296 :
2498 2243 2613 2298 huc
2657 2244 2785 2299 licet
2810 2259 2903 2313 per
2946 2245 3191 2314 spiritum
3224 2244 3452 2301 discere.
3484 2246 3743 2311 Quaenam
3772 2259 3926 2311 sunt,

2350 2332 2571 2388 Virtutes
2615 2335 2779 2405 futuri
2823 2335 3042 2388 steculi?
3072 2335 3187 2389 \‘ita
3237 2346 3458 2401 arterna,
3504 2336 3745 2407 angelica
3799 2338 3930 2392 vita:

2339 2425 2622 2480 institutio.
2651 2425 2852 2480 Horum
2894 2426 3003 2495 jam
3050 2426 3267 2481 arrham
3298 2428 3602 2496 accepimus
3636 2442 3733 2497 per
3760 2427 3931 2483 ﬁdem

2338 2532 2365 2570 a
2396 2517 2618 2586 Spiritu.
2670 2518 2767 2572 Dic
2822 2533 2970 2587 ergo,
3022 2519 3065 2572 si
3119 2518 3172 2571 in
3232 2519 3435 2588 regiam
3481 2533 3633 2573 esses
3678 2518 3932 2574 introduv

2339 2619 2477 2675 ctus,
2528 2620 2583 2665 et
2624 2627 2743 2680 qua:
2786 2619 2912 2665 sunt
2963 2612 3073 2666 iliic
3119 2613 3297 2666 omnia
3331 2613 3423 2667 tibi
3465 2623 3647 2667 essent
3693 2613 3939 2681 credita,.

2340 2700 2534 2754 deinde
2564 2701 2894 2770 prodidisses
2932 2703 3132 2768 omnia,
3176 2718 3312 2759 eane
3353 2704 3446 2758 tibi
3489 2719 3680 2758 rursus
3724 2704 3928 2760 crede»

2340 2788 2561 2846 rentur?

2411 2888 2464 2941 4.
2506 2887 2553 2953 Q
2575 2887 2641 2940 xid
2670 2888 2831 2957 ergo?
2858 2887 3049 2956 inquit,
3082 2904 3186 2943 non
3216 2897 3295 2943 est
3322 2888 3669 2958 paenitentia?
3693 2888 3790 2945 Est
3813 2904 3935 2960 ρωο

2345 2979 2435 3033 ιιίιι
2458 2980 2564 3033 ntia
2592 2980 2829 3048 quidem,
2853 2988 2909 3033 at
2933 2996 3062 3034 vero
3086 2997 3189 3035 non
3219 2992 3300 3034 est
3321 2981 3616 3036 secundum
3640 2983 3932 3051 baptisma.

2345 3073 2442 3125 Est
2461 3080 2639 3124 autem
2668 3071 2983 3139 pmnitenlia
3011 3087 3130 3141 qum
3157 3088 3405 3142 magnam
3450 3072 3609 3128 habet
3636 3074 3764 3139 vim,
3809 3092 3940 3145 qua:

2350 3172 2526 3233 potest
2553 3177 2675 3216 eum
2708 3163 2795 3231 qui
2825 3170 2908 3216 est
2937 3163 3172 3231 peccatis
3199 3164 3506 3229 immersus,
3529 3165 3576 3218 si
3615 3165 3760 3231 velit,
3787 3167 3931 3221 libe-

2346 3270 2469 3308 rare
2489 3254 2556 3307 ab
2577 3268 2743 3307 onere
2769 3262 3127 3322 peccatorum,
3153 3265 3341 3309 etcum
3367 3256 3456 3324 qui
3481 3264 3567 3310 est
3591 3257 3642 3310 in
3665 3257 3938 3325 periculo,

2348 3346 2399 3399 in
2432 3354 2543 3399 tuto
2568 3344 2857 3408 collocare,
2889 3344 3100 3398 etiamsi
3129 3345 3336 3400 venerit
3363 3346 3413 3399 in
3443 3345 3619 3412 ipsum
3660 3347 3770 3401 vitii
3803 3363 3939 3417 pro-

2349 3436 2591 3490 fundum.
2624 3435 2679 3489 ld
2710 3443 2886 3489 autem
2931 3452 2996 3489 ex
3050 3436 3233 3489 multis
3271 3447 3352 3490 est
3382 3438 3738 3507 perspicuum.
3770 3437 3945 3503 Num,

2351 3529 2540 3597 inquit,
2585 3527 2673 3595 qui
2721 3527 2858 3579 cadit
2890 3542 2993 3580 non
3035 3528 3294 3595 resurgit?
3322 3537 3410 3581 aut
3440 3530 3528 3599 qui
3566 3540 3641 3583 est
3667 3529 3942 3596 adversus,

2350 3635 2448 3673 nou
2478 3620 2789 3672 convertitur
2817 3617 2955 3687 (Jer.
2992 3619 3045 3673 8.
3076 3618 3170 3689 4)?
3200 3619 3401 3682 Potest,
3432 3622 3474 3674 si
3505 3620 3749 3684 velimus,
3778 3622 3943 3677 Chri-

2351 3721 2466 3765 stus
2498 3710 2549 3764 in
2580 3710 2733 3763 nubis
2762 3726 2948 3763 rursus
2978 3709 3196 3763 formari
3225 3728 3238 3765 :
3268 3710 3392 3764 audi
3422 3714 3564 3766 enim
3600 3712 3821 3766 Paulum
3850 3714 3944 3768 di-

2352 3809 2560 3855 centem
2585 3817 2596 3852 :
2625 3798 2807 3853 Filioli
2834 3800 2952 3867 mei,
2979 3817 3104 3870 quos
3134 3802 3315 3854 iterum
3349 3803 3599 3870 parturio,
3630 3802 3791 3858 donec
3831 3807 3946 3875 for-

2351 3901 2513 3945 metur
2541 3891 2776 3946 Christus
2803 3893 2855 3945 in
2882 3891 3018 3945 vobis
3049 3891 3189 3963 (Gal.
3214 3893 3272 3947 4.
3303 3892 3391 3963 i9)
3417 3910 3430 3947 :
3462 3895 3783 3964 attingamus
3817 3906 3945 3951 lau-

2355 3993 2464 4038 tum
2485 3984 2877 4053 ptenitcntiam.
2909 3983 3042 4038 Nam
3076 3983 3195 4038 vide
3225 3985 3313 4038 Dei
3348 3985 3733 4053 benignitatem
3755 3996 3812 4041 et
3838 3988 3953 4044 clev

2355 4075 2607 4130 mentiam
2649 4093 2662 4129 :
2692 4076 2974 4144 oportebat
2998 4091 3098 4130 nos
3123 4076 3269 4128 omni
3306 4076 3465 4130 modo
3489 4077 3658 4143 puniri
3684 4075 3736 4131 in
3761 4077 3943 4142 initio,

2361 4153 2523 4221 quod,
2557 4168 2676 4207 cum
2706 4164 2759 4209 et
2788 4154 2959 4225 legem
2986 4159 3386 4228 accepissemus
3425 4160 3742 4223 naturalem,
3765 4170 3824 4216 et
3856 4164 3958 4216 ad-

2362 4246 2467 4313 epti
2498 4245 2635 4299 bona
2663 4262 2906 4302 essemus
2935 4249 3369 4318 innumerabilia,
3404 4262 3459 4308 ct
3487 4254 3771 4309 Dominum
3798 4256 3961 4325 igno-

2364 4335 2676 4403 raret-imus,
2712 4338 3077 4411 impuramque
3106 4352 3161 4396 et
3190 4344 3519 4399 immundam
3549 4346 3711 4399 vitam
3740 4346 3955 4401 vixeri-

2365 4441 2517 4481 mus:
2551 4427 2637 4480 ille
2677 4442 2857 4484 autem
2906 4446 3012 4486 non
3043 4432 3214 4486 solum
3260 4448 3365 4487 non
3411 4435 3602 4503 puniit,
3648 4435 3749 4489 sed
3787 4438 3957 4491 etiam

2365 4519 2503 4572 bona
2550 4519 2807 4588 impertiit
2849 4524 3152 4587 innumera,
3199 4524 3421 4595 perinde
3448 4536 3610 4596 atque
3638 4527 3683 4581 si
3713 4542 3801 4582 res
3834 4545 3956 4580 ma-

2363 4624 2493 4679 gnas
2525 4619 2577 4663 et
2605 4611 2889 4678 praeclaras
2915 4617 3295 4684 gessissemus.

2371 4744 2379 4761 ,
2436 4699 2754 4758 Ptenitcntia:
2782 4707 2853 4760 vis
2879 4724 3084 4780 magna.
3106 4739 3180 4750 —
3200 4710 3405 4765 lterum
3430 4710 3562 4780 lapsi
3587 4720 3868 4776 sumus,.et
3888 4728 3964 4767 ne

2363 4791 2440 4844 sic
2465 4793 2678 4861 quidem
2715 4797 2886 4863 punit,
2917 4798 3010 4852 sed
3037 4798 3184 4855 dedit
3208 4798 3654 4855 medicamentum
3684 4802 3961 4870 poeniten.

2368 4883 2451 4934 tia:
2483 4884 2622 4953 quod
2653 4886 2848 4941 sufﬁcit
2876 4889 2941 4943 ad
2988 4889 3217 4945 delenda
3270 4901 3325 4947 et
3366 4893 3726 4962 abstergeuda
3771 4897 3966 4950 omnia

2368 4984 2582 5044 peccata
2616 4987 2817 5042 nostra,
2849 4979 2893 5033 si
2925 4981 3086 5035 modo
3117 4984 3363 5036 novimus
3405 4983 3707 5049 cuiusmodi
3743 4984 3814 5039 sit
3843 5001 3969 5040 nte-

2365 5065 2751 5136 dicamentun't,
2777 5080 2831 5126 et
2860 5073 3130 5141 quomodo
3157 5075 3209 5129 id
3235 5074 3311 5128 sit
3330 5074 3729 5144 applicandum.
3765 5074 3971 5145 Cujus-

2366 5158 2508 5211 modi
2528 5175 2655 5230 ergo
2674 5170 2754 5215 est
2773 5163 3219 5219 medicamentum
3246 5166 3592 5234 paenitentiae,
3615 5175 3669 5220 et
3685 5166 3970 5236 quomodo

2366 5249 2681 5303 conficitur?
2718 5250 2957 5305 Primum
2987 5265 3071 5308 est
3100 5270 3165 5309 ex
3206 5271 3425 5311 suorum
3457 5268 3801 5324 peccatorum
3828 5272 3971 5312 con-

2362 5338 2734 5409 demuatione,
2782 5352 2837 5398 et
2881 5362 2947 5399 ex
2985 5347 3327 5403 confessione
3370 5366 3385 5402 :
3434 5349 3708 5413 Dclictum,
3755 5350 3969 5419 inquit,

2366 5449 2530 5485 meum
2561 5436 2819 5505 cognitum
2850 5438 2938 5491 tibi
2979 5438 3098 5506 feci,
3133 5450 3179 5492 et
3207 5450 3469 5511 peccatum
3515 5457 3682 5495 meum
3730 5457 3831 5494 non
3871 5444 3975 5496 ab-

2367 5524 2574 5588 scondi;
2601 5536 2673 5591 et,
2708 5524 3066 5584 Pronuntiabo
3096 5540 3276 5584 contra
3315 5547 3394 5585 me
3435 5532 3753 5602 iniquitatem
3794 5547 3975 5587 nteant

2369 5615 2612 5684 Domino,
2640 5629 2687 5672 et
2705 5629 2759 5672 tu
2780 5621 3016 5675 remisisti
3034 5623 3345 5692 impietatem
3365 5623 3532 5678 cordis
3553 5624 3651 5677 mei
3673 5621 3842 5695 (Psal.
3865 5624 3938 5678 5i
3958 5665 3972 5679 .

2369 5710 2422 5765 5.
2455 5709 2532 5779 6).
2566 5710 2632 5765 Et
2660 5711 2974 5776 iterum,Dic
3001 5724 3211 5785 peccata
3254 5725 3344 5769 tua
3389 5715 3553 5786 prior,
3584 5723 3638 5769 ut
3653 5713 3978 5785 justiﬁes-ris

2374 5803 2526 5876 (Isai.
2553 5806 2640 5863 45.
2665 5805 2796 5879 26);
2822 5815 2898 5878 et,
2926 5808 3107 5867 Justus
3131 5820 3209 5869 est
3234 5811 3316 5868 sui
3339 5820 3604 5869 accusator
3628 5812 3680 5866 in
3706 5809 3986 5882 principio
