4172 6454
325 319 390 375 81

333 425 590 481 sei-inanis
617 425 805 498 (Prov.
834 422 923 484 18.
951 427 1063 500 17).
1088 423 1340 486 Secundo
1361 447 1426 486 ex
1447 438 1613 487 multa
1634 432 1955 491 humilitate:

336 528 426 572 est
456 519 606 573 enim
648 518 817 574 veluti
851 519 1104 589 qumdam
1134 533 1325 576 catena
1354 538 1540 588 aurea,
1584 534 1639 579 et
1677 525 1720 578 si
1749 525 1961 581 initium

333 613 550 683 ceperit
595 617 912 684 sequuntur
962 615 1169 668 omnia.
1203 615 1336 670 Nam
1377 618 1421 670 Si
1470 619 1752 688 peccatum
1793 619 1960 676 fueris

336 705 632 760 coaiessus
659 713 718 759 ut
751 706 1256 774 oportetconfiteri,
1285 708 1341 761 fit
1367 707 1586 763 humilis
1607 711 1784 765 anima
1807 730 1821 764 :
1843 715 1963 766 earn

335 798 485 852 enim
516 811 750 850 versans
779 805 835 850 et
863 797 1074 866 agitans
1101 798 1452 865 conscientia,
1478 797 1716 854 efficitm
1747 801 1817 855 sit
1843 799 1965 856 etin-

349 897 533 943 tracta.
565 887 800 957 Oportet
833 893 1014 943 autem
1043 889 1146 942 alia
1171 904 1384 960 quoque
1414 889 1613 946 addere
1645 891 1960 960 humilitati,-

347 979 390 1030 si
415 979 535 1032 talis
557 978 633 1031 sit
660 977 882 1047 qualem
919 978 1110 1032 beatus
1139 979 1304 1034 David
1331 979 1584 1047 habebat,
1614 982 1832 1038 dicens:
1864 984 1965 1039 COr'

337 1074 596 1126 .mundum
622 1087 745 1126 crea
766 1071 820 1124 in
843 1089 922 1126 me
947 1071 1123 1137 Deus;
1151 1081 1207 1127 et
1238 1074 1455 1142 iterum,
1483 1073 1583 1130 Cor
1616 1079 1889 1130 contritum
1919 1087 1964 1132 et

349 1166 678 1218 nutriiliatum
707 1163 851 1217 Deus
878 1180 980 1218 non
1007 1164 1248 1234 despiciet
1271 1165 1445 1238 (Psal.
1467 1169 1556 1224 50.
1587 1168 1673 1223 12.
1696 1170 1809 1240 19).
1832 1171 1962 1226 Nam

348 1257 495 1326 quod
525 1265 613 1310 est
644 1256 969 1320 contritum,
1010 1273 1118 1311 non
1148 1259 1411 1330 exsurgit,
1446 1276 1552 1315 non
1585 1261 1731 1329 ferit,
1763 1264 1860 1318 sed
1885 1275 1968 1319 est

347 1361 595 1418 paratum
625 1348 694 1401 ad
715 1348 858 1403 male
882 1349 1216 1417 patiendum,
1234 1351 1408 1420 ipsum
1431 1361 1612 1407 autem
1636 1369 1744 1408 non
1771 1368 1966 1410 διευτ-

345 1444 442 1513 git.
475 1441 628 1496 Talis
660 1451 746 1495 est
786 1441 970 1496 cordis
997 1444 1286 1508 contritio;
1320 1444 1534 1499 etiamsi
1573 1445 1762 1501 affecta
1807 1448 1968 1505 fuerit

344 1535 708 1598 contumelia,
741 1535 955 1588 etiamsi
989 1535 1133 1590 male
1160 1551 1342 1605 passa,
1367 1538 1618 1607 quiescit,
1654 1554 1754 1594 nec
1779 1541 1965 1595 conci-

345 1627 497 1670 tatur
526 1617 594 1671 ad
625 1617 945 1672 vindictam.
979 1618 1108 1673 Post
1134 1619 1492 1678 humilitatem
1521 1639 1655 1680 vero
1681 1641 1816 1694 opus
1855 1636 1959 1690 est,

350 1711 582 1766 iutensis
609 1711 892 1782 precibus,
925 1713 1114 1767 multis
1145 1714 1420 1785 lacrymis,
1448 1725 1503 1772 et
1536 1718 1772 1774 interdiu
1792 1727 1848 1775 et
1869 1736 1966 1774 uo-

341 1810 472 1856 ctu:
505 1801 718 1856 Lavabo
745 1803 915 1868 enim,
936 1804 1133 1874 inquit,
1181 1823 1272 1875 per
1314 1808 1550 1878 singulas
1577 1821 1751 1865 noctes
1780 1812 1966 1866 lectum

343 1910 559 1958 meum;
590 1895 838 1966 lacrymis
876 1896 1002 1950 nteis
1040 1907 1258 1950 stratum
1298 1915 1465 1953 meum
1493 1901 1709 1971 rigabo;
1739 1903 1968 1958 laboravi

345 1983 402 2036 in
431 1986 628 2052 gemitu
668 2002 779 2038 meo
813 1985 987 2058 (Psal.
1015 1987 1071 2041 6.
1106 1989 1184 2059 7).
1216 1989 1282 2043 Et
1309 1989 1504 2044 iterum
1533 2009 1547 2045 :
1585 1992 1842 2059 Quoniam
1887 1996 1963 2048 ci.

349 2092 530 2129 narem
553 2085 816 2147 tamquam
849 2094 1040 2144 partem
1070 2079 1465 2147 manducabam,
1495 2092 1540 2136 et
1579 2092 1754 2153 potum
1799 2104 1968 2140 meum

349 2184 469 2221 cum
493 2171 615 2239 ﬂetu
638 2170 912 2224 miscebam
941 2170 1114 2242 (Psal.
1143 2172 1265 2227 101.
1292 2173 1407 2243 10).
1433 2174 1499 2229 Ει
1522 2187 1643 2245 post
1664 2179 1965 2234 orationem

364 2259 500 2314 adeo
532 2261 792 2315 intensam
814 2263 984 2316 multa
1014 2277 1152 2332 Opus
1177 2273 1260 2318 est
1287 2265 1653 2338 eleemosyua.
1683 2269 1796 2325 Iloe
1822 2271 1970 2326 enim

369 2360 452 2404 est
480 2353 622 2422 quod
652 2354 821 2409 reddit
869 2355 1168 2411 admodum
1220 2359 1458 2414 validum
1515 2363 1965 2419 medicamentum

367 2446 727 2512 guenitentiaiz
756 2457 814 2502 et
857 2449 1005 2504 sicut
1038 2450 1091 2503 in
1143 2451 1478 2506 medicorum
1527 2453 1856 2524 adiumentis
1887 2465 1971 2511 est

364 2536 818 2595 medicamentum
842 2541 988 2610 quod
1015 2542 1212 2596 multas
1234 2543 1449 2612 quidem
1475 2547 1618 2615 capit
1642 2547 1855 2612 herbas,
1875 2548 1970 2603 scd

359 2644 522 2684 unam
549 2647 670 2701 qua:
715 2633 936 2689 obtinet
983 2635 1380 2704 principatum:
1411 2639 1482 2691 ita
1515 2640 1676 2694 etiam
1709 2642 1759 2694 in
1791 2643 1971 2712 pomi-

347 2723 524 2776 tentia
557 2724 674 2779 haec
702 2736 786 2779 est
816 2727 1092 2795 prmcipua
1134 2727 1335 2792 herha,
1383 2739 1438 2784 et
1484 2731 1596 2795 ipsa
1649 2742 1816 2788 totum
1865 2745 1970 2790 est.

353 2815 497 2870 Audi
533 2817 683 2872 enim
716 2818 847 2887 quid
882 2818 1065 2872 divina
1095 2819 1239 2874 dicat
1267 2821 1579 2890 Scriptura:
1609 2823 1737 2878 Date
1757 2827 1977 2880 ctecmo—

347 2925 562 2978 -synum,
595 2920 642 2964 et
663 2911 846 2964 omnia
867 2921 1017 2966 erant
1045 2913 1184 2965 vobis
1224 2915 1416 2967 munda
1449 2915 1600 2986 (an.
1647 2919 1736 2972 11.
1767 2921 1887 2987 il);
1922 2921 1978 2976 et

354 3003 578 3064 iterum,
616 3000 976 3073 Eleemosgnis
1013 3012 1060 3057 et
1089 3003 1192 3072 ﬁde
1232 3009 1549 3062 mandantur
1580 3021 1786 3079 peccata
1818 3011 1972 3078 (Τοῦ.

351 3095 410 3148 4.
446 3096 584 3164 ll);
633 3104 711 3158 et,
764 3094 950 3166 Ignem
1001 3098 1352 3167 ﬂammantem
1399 3102 1684 3172 exstinguet
1729 3109 1882 3174 aqua,
1931 3115 1979 3159 et

355 3186 688 3256 eieemosyna
717 3196 1008 3255 compescet
1044 3204 1234 3258 magna
1274 3201 1481 3260 peccata
1538 3191 1726 3262 (Eccli.
1758 3194 1812 3248 ὅ.
1851 3195 1976 3265 55).

360 3277 572 3332 Deinde
602 3294 720 3331 non
749 3279 932 3344 irasci,
955 3295 1133 3348 neque
1151 3281 1361 3350 injuriae
1380 3296 1620 3354 accepta:
1641 3287 1976 3356 meminisse,

355 3368 623 3422 omnibus
654 3379 876 3438 peccata
929 3371 1256 3426 remittere:
1303 3372 1476 3428 llonto
1517 3376 1735 3444 homini,
1784 3379 1977 3448 inquit,

359 3471 590 3513 reseruat
613 3461 768 3526 iram,
793 3473 843 3514 et
864 3463 1008 3531 apud
1028 3462 1301 3518 Dominum
1321 3469 1502 3534 quaerit
1523 3469 1772 3524 medelam
1789 3471 1978 3544 (Ereti.

357 3550 456 3605 28.
490 3551 569 3619 5).
605 3551 891 3620 Remittite,
941 3555 1137 3624 inquit,
1187 3566 1241 3610 ut
1280 3559 1569 3615 remittatur
1598 3565 1732 3617 vobis
1764 3565 1978 3636 (Matth.

355 3647 418 3701 6.
454 3644 572 3714 M).
607 3645 680 3699 Et
707 3644 900 3700 fratres
918 3647 987 3699 ab
1011 3662 1200 3704 errore
1217 3660 1572 3708 convertere:
1607 3654 1765 3720 Vade,
1788 3657 1979 3726 inquit,

357 3748 410 3791 et
431 3747 678 3791 conserte
708 3741 894 3808 fratres
925 3748 1039 3794 tuos
1069 3739 1220 3814 (Luc.
1254 3741 1348 3797 22.
1381 3743 1497 3816 52),
1553 3755 1613 3800 ut
1640 3750 1984 3806 remittantur

362 3830 461 3884 tibi
501 3838 727 3898 peccata
761 3839 873 3884 tua.
908 3829 978 3884 Et
1005 3846 1065 3886 se
1089 3831 1142 3886 in
1168 3834 1482 3891 sacerdotes
1515 3846 1570 3892 ut
1598 3842 1851 3896 convenit
1885 3857 1984 3913 ge-

359 3939 492 3980 rere
515 3941 528 3976 :
555 3922 625 3976 Et
642 3924 686 3976 si
713 3924 910 3994 fecerit,
933 3925 1125 3995 inquit,
1149 3927 1403 3996 quispiam
1422 3940 1647 4000 peccata,
1672 3935 1985 3990 remittenth

359 4020 410 4073 ei
437 4018 587 4089 (Jac.
617 4017 672 4072 5.
709 4017 837 4088 15);
871 4033 966 4072 eos
996 4019 1134 4073 tueri
1166 4035 1230 4074 ac
1265 4033 1551 4092 protegere
1592 4025 1788 4095 quibus
1817 4027 1876 4082 lit
1903 4018 1994 4081 in-‘

359 4111 533 4179 juris,
569 4109 710 4162 iram
747 4124 853 4162 non
888 4110 1112 4174 habere,
1145 4113 1326 4166 omnia
1376 4115 1584 4184 placide
1627 4127 1682 4173 et
1709 4119 1989 4177 moderate

365 4200 536 4255 ferre.

441 4294 500 4348 5.
545 4292 749 4346 Annon
784 4292 1100 4362 priusquam
1123 4294 1470 4364 didicissetis,
1503 4300 1642 4369 quod
1685 4317 1782 4372 per
1809 4308 1986 4374 pmtti-

371 4386 602 4440 tentiam
639 4383 785 4437 ablui
838 4394 1065 4452 possunt
1097 4398 1348 4454 peccata,
1374 4393 1539 4444 eratis
1583 4395 1762 4456 anxii,
1805 4407 1863 4450 ut
1899 4394 1999 4468 (pii

365 4477 595 4531 sciretis
630 4490 738 4528 non
771 4490 894 4529 esse
939 4475 1080 4530 aliud
1130 4479 1408 4534 lavacrum
1433 4485 1531 4540 ,‘ot
1564 4484 1629 4534 tlt‘
1658 4488 1806 4537 νοῑιὶς
1837 4505 1986 4554 sum.

367 4565 742 4635 aiijeceratis?
769 4566 923 4621 Nune
941 4576 1125 4622 autem
1154 4581 1276 4621 cum
1299 4581 1360 4622 ea
1387 4565 1708 4629 didiceritis,
1742 4578 1840 4634 per
1865 4578 1988 4633 qua:

367 4669 525 4711 recte
554 4659 738 4728 agitur
788 4659 1105 4725 pmnitentia
1147 4666 1200 4714 et
1229 4657 1480 4713 remissio
1501 4698 1518 4724 ,
1550 4666 1604 4712 et
1631 4655 1775 4727 quod
1801 4653 1983 4709 omnia

371 4751 682 4818 poterimus
711 4749 952 4821 effugere
972 4791 987 4816 ,
1017 4751 1062 4804 si
1089 4766 1152 4806 ea
1178 4760 1393 4806 utemur
1432 4758 1491 4805 ut
1519 4759 1770 4819 oportet,
1799 4761 1990 4819 quam-

369 4858 499 4898 nam
533 4859 896 4914 assequemur
932 4845 1143 4898 veniam
1172 4883 1190 4911 ,
1221 4844 1265 4898 si
1296 4859 1364 4899 ne
1407 4843 1460 4896 iu
1506 4852 1742 4898 mentem
1773 4840 1991 4911 quidem

371 4936 540 4992 nobis
587 4937 816 4991 veniant
866 4945 1052 4991 nostra
1100 4935 1358 5006 peccata?
1406 4935 1538 4990 Nam
1568 4935 1613 4990 si
1659 4937 1762 4990 hoe
1799 4941 1989 4998 esset,

371 5029 560 5083 omnia
591 5035 781 5084 essent
806 5027 1080 5082 confecta.
1107 5026 1420 5083 Sicuteuim
1451 5026 1541 5098 qui
1569 5027 1765 5081 ostium
1795 5033 1880 5080 est
1905 5023 1992 5078 in-

371 5133 636 5188 gressus,
663 5129 748 5172 est
773 5119 959 5174 intus:
993 5118 1184 5188 sic'qui
1229 5119 1443 5188 propria
1479 5118 1615 5171 mala
1656 5117 1892 5187 cogitat,
1946 5115 1991 5171 si

373 5213 463 5268 illa
497 5221 769 5284 supputet
811 5213 1058 5284 quotidie
1077 5256 1092 5281 ,
1122 5214 1346 5268 omnino
1374 5213 1556 5268 veniet
1593 5211 1660 5267 ad
1685 5225 1872 5266 eorum
1899 5224 1993 5264 cu-

371 5307 651 5362 rationem
685 5323 699 5359 :
726 5305 811 5359 sin
838 5309 1020 5361 autem
1052 5305 1234 5361 dicat:
1263 5305 1395 5361 Sum
1421 5313 1698 5374 peccator,
1729 5319 1791 5358 ea
1813 5310 1992 5356 autem

371 5413 468 5466 per
519 5396 742 5466 Species
770 5412 878 5451 non
911 5398 1114 5469 cogitet
1146 5413 1209 5452 ac
1247 5405 1504 5468 suppetet
1527 5437 1543 5461 ,
1572 5404 1628 5452 et
1656 5409 1762 5451 non
1807 5394 1990 5449 dicat:

372 5489 488 5545 Hoc
513 5501 573 5545 et
619 5488 758 5544 illud
807 5500 1088 5559 peccatum
1118 5488 1349 5555 admisi;
1383 5497 1678 5558 numquam
1711 5484 1949 5542 cessabit
1973 5524 1990 5550 ,

370 5594 604 5650 semper
652 5579 876 5650 quidem
906 5580 1176 5636 conﬁtens
1198 5621 1215 5647 ,
1249 5593 1436 5635 curam
1462 5586 1640 5633 autem
1671 5577 1873 5632 nullam
1901 5590 2006 5668 ge-'

372 5689 501 5731 rens
551 5675 940 5732 correctionis.
984 5674 1120 5730 Nam
1171 5675 1229 5731 si-
1262 5673 1525 5746 eruperit,
1565 5673 1786 5729 omnino
1828 5673 1992 5728 etiam

369 5778 681 5838 sequentur
704 5767 812 5822 alia
837 5807 856 5836 ,
887 5767 934 5823 si
962 5768 1016 5825 in
1050 5772 1169 5824 uno'
1187 5766 1490 5825 ostenderit
1515 5765 1716 5823 aditum
1739 5784 1754 5821 :
1779 5779 1995 5835 semper

1197 322 1261 379 ut
1305 318 1526 378 Episr.
1570 317 1662 375 .to
1707 303 2068 370 Ill-:BREOS.
2103 315 2258 370 car.
2290 309 2377 370 γι.
2413 307 2625 368 ιιυιιη,
2674 300 2768 369 tit.

3586 310 3656 364 S9.

2057 415 2198 468 enim
2226 417 2548 486 principium
2581 425 2636 470 et
2659 411 2888 470 exordia
2916 420 3041 468 sunt
3070 411 3335 467 difﬁcilia.
3370 411 3496 467 "me
3527 421 3655 482 ergo

2054 506 2314 576 iaciamus
2358 505 2630 576 tamquam
2677 503 3067 571 fundamenta,
3098 513 3152 559 et
3202 504 3451 575 expediti
3496 513 3657 559 erunt

2055 601 2234 653 omnia
2278 603 2332 654 et
2378 599 2649 653 facillima.

2130 691 2450 746 Paenitentite
2494 692 2651 748 modi.
2711 693 2904 748 nam
2949 687 3293 744 humanarum
3339 689 3559 745 vduitas.

2057 782 2377 852 Incipiamus
2409 801 2556 855 0rgo,
2587 800 2753 855 rogo;
2787 785 2923 837 alius
2951 783 3165 853 quidem
3196 784 3424 838 iutensis
3454 784 3660 838 utendo

2059 875 2308 945 precibus
2325 917 2339 943 ,
2363 881 2498 929 alius
2531 891 2658 931 vero
2685 876 2898 930 assidue
2930 875 3296 947 lacrymando,
3318 876 3453 929 alius
3475 885 3657 929 autem

2062 971 2380 1025 maerendo:
2414 987 2535 1024 nam
2569 988 2636 1025 ne
2683 971 2785 1025 hoc
2812 970 3029 1040 quidem
3075 967 3220 1040 quad
3251 980 3333 1024 est
3363 969 3500 1024 adeo
3530 985 3656 1039 par-

2061 1079 2207 1128 vum,
2239 1073 2322 1118 est
2351 1064 2537 1118 inutile
2563 1081 2576 1118 :
2616 1063 2732 1117 Vidi
2756 1104 2772 1130 ,
2806 1063 2978 1132 imptit
3001 1104 3016 1130 ,
3045 1065 3180 1132 quod
3210 1079 3422 1117 interere
3472 1071 3545 1116 est
3575 1063 3664 1131 σία

2061 1159 2221 1227 fectus
2247 1200 2260 1220 ,
2294 1167 2339 1211 et
2377 1158 2654 1211 ambulavit
2696 1157 2854 1210 tristis
2877 1199 2892 1222 ,
2934 1165 2980 1210 et
3009 1157 3182 1210 curavi
3226 1156 3332 1210 vias
3361 1154 3473 1223 eius
3500 1154 3654 1223 (lsai.

2061 1252 2152 1309 57.
2189 1253 2299 1320 17).
2329 1252 2529 1306 Omnes
2557 1261 2734 1306 autem
2780 1251 3122 1320 eleemosyna
3142 1289 3157 1314 ,
3187 1257 3241 1304 et
3271 1248 3530 1318 proximis
3567 1263 3662 1302 rc-

2062 1346 2328 1401 mittendo
2352 1355 2568 1414 peccata
2590 1387 2605 1410 ,
2639 1353 2694 1400 et
2721 1344 2934 1414 injuria:
2960 1352 3194 1412 acceptae
3222 1358 3327 1395 non
3363 1340 3660 1395 recordan-

2065 1439 2134 1492 do
2154 1481 2168 1505 ,
2200 1454 2300 1494 nec
2328 1439 2642 1493 ulciscendo
2665 1480 2678 1504 ,
2715 1437 2948 1492 humiles
2976 1446 3190 1490 nostras
3221 1434 3509 1488 reddamus
3538 1435 3663 1487 ani«

2065 1545 2202 1583 nias.
2228 1529 2282 1584 Si
2309 1529 2526 1583 assidue
2553 1531 2851 1598 cogitemus
2880 1544 2941 1580 ea
2975 1542 3095 1596 qua!
3119 1526 3461 1594 peccavimus
3481 1565 3496 1590 ,
3523 1523 3656 1578 nihil

2061 1636 2126 1675 ex
2158 1620 2322 1675 rebus
2360 1621 2598 1676 externis
2622 1636 2720 1675 nos
2750 1620 2948 1689 poterit
2976 1619 3236 1673 extollere
3262 1635 3274 1670 :
3299 1633 3406 1671 non
3435 1617 3662 1682 divitim,

2064 1727 2171 1765 non
2206 1713 2466 1781 potentia,
2500 1727 2608 1766 non
2641 1711 2974 1782 principatus
2997 1720 3052 1764 et
3078 1710 3397 1778 imperium,
3429 1724 3538 1763 non
3565 1701 3664 1763 ho-

2066 1818 2165 1857 nor
2190 1820 2204 1868 ;
2228 1801 2320 1857 sed
2354 1803 2456 1860 etsi
2507 1803 2560 1857 in
2603 1803 2719 1872 ipso
2750 1803 2893 1872 regis
2914 1816 3074 1856 curru
3100 1800 3405 1855 sedcrimus
3428 1841 3442 1866 ,
3469 1795 3666 1855 acerbo

2062 1894 2502 1966 ingemiscemus.
2549 1893 2683 1949 Nam
2731 1893 2892 1950 etiam
2924 1893 3114 1948 beatus
3161 1892 3328 1946 David
3377 1902 3493 1947 erat
3519 1908 3614 1948 rex
3643 1931 3666 1960 ,

2065 1997 2119 2042 et
2146 1986 2390 2042 dicebat:
2431 1986 2637 2041 Lavabo
2665 2004 2755 2058 per
2783 1987 3016 2057 singulas
3045 1995 3217 2039 noctes
3261 1987 3449 2040 tectam
3494 2003 3667 2040 meum

2068 2078 2242 2147 (Psat.
2275 2078 2329 2134 6.
2362 2078 2453 2148 6);
2487 2094 2590 2135 nec
2638 2094 2701 2133 ex
2735 2095 2969 2150 purpura
3016 2087 3072 2134 et
3113 2095 3178 2134 ex
3209 2079 3514 2134 diademate
3563 2078 3664 2133 fuit

2071 2162 2262 2228 lzcsus,
2309 2179 2409 2217 nec
2454 2166 2707 2234 superbia
2747 2167 2960 2222 elatus:
2996 2169 3202 2222 sciebat
3243 2168 3386 2222 enim
3437 2183 3496 2224 se
3546 2183 3670 2224 esse

2072 2254 2341 2310 hominem
2372 2272 2385 2309 :
2418 2266 2472 2311 et
2500 2259 2753 2326 quoniam
2783 2270 2901 2314 erat
2930 2262 3194 2316 contritus
3219 2261 3385 2316 corde
3405 2304 3420 2330 ,
3455 2262 3677 2317 lamena

2073 2347 2304 2402 tabatur.
2354 2348 2493 2417 Quid
2524 2351 2668 2404 enim
2699 2349 2825 2406 sunt
2856 2367 2944 2407 res
2969 2351 3261 2406 humanae?
3288 2353 3424 2408 cinis
3456 2362 3512 2408 et
3557 2351 3674 2423 pul-

2073 2439 2154 2493 vis
2179 2481 2192 2504 ,
2227 2451 2282 2495 et
2313 2451 2589 2512 tamquam
2617 2443 2791 2513 pulvis
2823 2453 2948 2500 ante
2977 2445 3166 2500 faciem
3197 2446 3337 2499 venti
3364 2486 3379 2511 ,
3413 2444 3590 2501 fumus
3617 2454 3671 2501 et

2073 2532 2294 2597 umhra,
2320 2543 2374 2587 et
2401 2532 2584 2588 folium
2630 2535 2774 2605 quod
2803 2534 3181 2591 circumfertur
3225 2545 3278 2592 et
3323 2537 3453 2602 ﬂos,
3485 2547 3538 2592 et
3579 2552 3676 2592 so-

2073 2627 2279 2680 mnium
2309 2636 2361 2680 et
2384 2628 2620 2681 narratio
2658 2637 2712 2682 et
2738 2627 2938 2694 fabula,
2969 2638 3159 2683 ventus
3185 2637 3240 2684 et
3269 2645 3362 2684 aer
3389 2630 3564 2684 mollis
3598 2640 3678 2684 te.

2075 2733 2224 2772 mere
2273 2717 2527 2772 difﬂuens
2556 2759 2571 2784 ,
2620 2734 2802 2788 penna
2857 2735 2963 2772 nou
3017 2720 3322 2774 consistens
3353 2761 3367 2785 ,
3413 2720 3677 2776 ﬂuentum

2072 2822 2505 2882 prmlercurreus
2526 2855 2540 2879 ,
2575 2821 2628 2866 et
2655 2828 2775 2882 qua:
2803 2820 2928 2867 sunt
2953 2829 3114 2882 quam
3147 2815 3262 2867 ha'c
3290 2815 3458 2884 magis
3498 2814 3674 2869 nihili.

2073 2902 2211 2968 Quid
2247 2904 2426 2969 enim,
2462 2902 2547 2957 die
2575 2918 2760 2972 quzeso
2790 2943 2805 2968 ,
2837 2918 3090 2974 magnum
3137 2904 3455 2958 existimas?
3484 2921 3677 2974 quant-

2073 3011 2235 3066 quam
2292 3005 2450 3067 putas
2507 3012 2756 3068 magnam
2803 3012 2926 3052 esse
2986 2997 3344 3068 dignitatem?
3391 2999 3679 3055 consulis?

2075 3103 2198 3141 nam
2230 3087 2330 3142 hac
2357 3089 2616 3159 dignitate
2659 3089 2862 3143 nullam
2893 3090 3166 3144 existimat
3198 3091 3388 3160 vulgus
3416 3101 3537 3148 esse
3564 3089 3679 3148 ina-

2069 3181 2266 3250 jorem.
2296 3182 2373 3235 Eo
2405 3198 2534 3252 ergo
2573 3183 2662 3252 qui
2694 3191 2841 3236 tanto
2870 3181 2968 3236 fuit
3009 3181 3301 3252 Splentlore
3324 3226 3339 3250 ,
3370 3183 3460 3252 qui
3494 3183 3588 3238 fuit
3624 3185 3678 3239 in

2074 3289 2267 3345 magna
2308 3274 2520 3329 habitus
2559 3274 2954 3342 admiratione,
2990 3276 3036 3330 is
3075 3276 3163 3346 qui
3197 3293 3302 3330 non
3333 3288 3415 3332 est
3443 3278 3629 3332 consul
3658 3320 3674 3340 ,

2074 3369 2207 3423 nihil
2239 3368 2404 3424 habet
2433 3369 2610 3423 minus
2638 3387 2652 3422 :
2684 3379 2738 3424 et
2767 3369 2855 3424 hic
2881 3379 2936 3425 et
2964 3371 3052 3426 ille
3082 3381 3166 3426 est
3197 3371 3248 3426 in
3277 3372 3466 3428 eadem
3503 3373 3678 3444 digni-

2077 3471 2184 3517 tate
2211 3481 2223 3517 :
2254 3463 2502 3518 similiter
2525 3462 2738 3532 utrique
2774 3463 2934 3533 paulo
2963 3473 3080 3533 post
3109 3479 3214 3518 non
3247 3475 3428 3520 erunt.
3452 3463 3681 3534 Quando

2074 3554 2174 3609 fuit
2203 3597 2218 3622 ,
2264 3567 2466 3625 quanto
2499 3565 2742 3624 tempore
2768 3597 2783 3622 ,
2833 3555 2920 3610 dic
2965 3555 3135 3610 mihi?
3165 3556 3394 3612 duorum
3425 3557 3632 3618 dierum
3655 3557 3681 3611 ἲ

2077 3646 2182 3702 hoc
2207 3649 2368 3702 etiam
2405 3648 2462 3700 fit
2495 3647 2545 3700 in
2573 3647 2800 3702 somnis.
2830 3645 2937 3703 Sed
2976 3656 3100 3715 est,
3134 3647 3308 3718 inquit
3335 3690 3350 3715 ,
3382 3652 3676 3705 somnium.

2076 3741 2146 3797 Et
2173 3741 2300 3812 quid
2340 3741 2490 3796 tmn?
2517 3739 2657 3810 quod
2687 3740 2833 3796 enim
2878 3739 2939 3795 fit
2990 3741 3263 3807 interdiu,
3307 3757 3412 3795 non
3454 3750 3539 3797 est
3586 3757 3682 3796 so-

2077 3833 2331 3888 mnium?
2371 3832 2458 3887 dic
2487 3832 2618 3886 mihi
2667 3847 2763 3887 cur
2791 3846 2907 3886 non
2954 3831 3070 3888 haec
3110 3833 3281 3903 magis
3335 3832 3564 3887 dicimus
3593 3847 3682 3887 so-

2076 3929 2279 3982 mnium
2309 3926 2334 3979 ?
2363 3926 2434 3982 Ut
2459 3927 2606 3982 enim
2633 3927 2866 3992 somnia,
2896 3941 3019 3981 eum
3051 3927 3169 3981 dies
3199 3927 3512 3992 accesserit,
3546 3927 3679 3981 nihil

2077 4033 2198 4077 esse
2225 4021 2660 4076 convincuntur:
2694 4021 2766 4075 ita
2799 4029 2854 4075 et
2884 4021 2999 4076 hare
3033 4029 3191 4076 nocte
3219 4029 3510 4091 appetente
3545 4019 3680 4076 nihil

2077 4121 2241 4166 sunt:
2275 4112 2610 4168 tantumdem
2642 4113 2788 4168 enim
2822 4112 3081 4181 temporis
3108 4122 3164 4166 et
3205 4126 3310 4165 nox
3353 4118 3408 4166 et
3436 4111 3556 4166 dies
3584 4125 3681 4166 ac—

2078 4206 2323 4275 cipiunt,
2370 4215 2426 4260 et
2477 4214 2647 4260 totum
2683 4213 2894 4273 tempus
2923 4220 2990 4258 ex
3021 4217 3178 4272 atquo
3207 4201 3472 4256 dividunt.
3529 4201 3681 4258 Sicut

2079 4300 2207 4370 ergo
2235 4299 2301 4354 iis
2333 4314 2453 4370 quae
2487 4307 2647 4353 noctu
2679 4297 2816 4353 facta
2849 4305 2976 4352 sunt
3017 4311 3124 4351 non
3151 4295 3366 4350 laztatur
3395 4294 3682 4367 quisquam

2083 4391 2355 4445 interdiu:
2390 4392 2458 4444 ita
2512 4405 2614 4446 nec
2657 4389 2772 4445 fieri
2818 4397 2994 4459 potest
3041 4396 3100 4442 ut
3146 4401 3310 4442 noctu
3359 4387 3564 4442 fruatur
3618 4388 3686 4444 iis

2082 4487 2201 4551 qtae
2240 4481 2475 4536 interdiu
2507 4480 2643 4536 facta
2675 4489 2819 4536 sunt.
2854 4478 3027 4534 Fuisti
3057 4478 3288 4534 consul?
3332 4487 3386 4533 et
3414 4494 3515 4549 ego
3544 4495 3686 4549 quo-

2081 4589 2209 4643 que.
2258 4572 2365 4628 Sed
2406 4589 2507 4643 ego
2541 4581 2701 4628 noctu
2725 4613 2739 4638 ,
2789 4581 2844 4627 et
2875 4580 2931 4626 tu
2978 4571 3233 4626 interdiu.
3269 4569 3406 4638 Quid
3438 4570 3588 4624 tum?
3617 4585 3686 4624 ne

2081 4666 2159 4722 sic
2185 4664 2400 4736 quidem
2431 4665 2548 4734 plus
2575 4663 2741 4720 habes
2769 4679 2928 4734 quam
2959 4678 3081 4734 ego.
3115 4661 3226 4718 Nisi
3262 4661 3400 4716 forte
3429 4661 3571 4717 hunc
3595 4661 3683 4716 vel

2087 4759 2233 4812 illum
2281 4757 2387 4811 dici
2440 4758 2758 4818 consulem,
2811 4770 2932 4810 eam
2984 4770 3106 4825 qua:
3156 4770 3225 4808 ex
3279 4753 3462 4808 verbis
3510 4753 3684 4808 oritur

2083 4863 2278 4918 capere
2323 4848 2679 4918 voluptatem,
2710 4848 2833 4918 plus
2879 4847 3079 4902 habere
3107 4845 3274 4901 efficit
3309 4863 3322 4899 :
3354 4853 3412 4899 ut
3449 4845 3684 4915 exempli

2085 4957 2248 4996 causa
2269 4983 2285 5006 ,
2320 4940 2370 4995 id
2403 4941 2550 4995 enim
2573 4940 2749 4995 dicam
2779 4941 3017 5010 apertius
3039 4978 3054 5002 ,
3104 4938 3148 4992 si
3193 4938 3417 4992 dixero:
3454 4936 3552 4992 llic
3596 4937 3685 4991 vel

2088 5034 2176 5088 ille
2206 5033 2432 5102 consul,
2465 5041 2521 5089 et
2565 5032 2842 5087 donavere
2873 5031 2976 5086 hoc
3015 5044 3211 5086 nomen
3233 5069 3248 5096 ,
3293 5043 3475 5084 annon
3524 5029 3684 5084 simul

2087 5125 2291 5180 d‘ctum
2315 5133 2398 5178 est
2424 5132 2478 5180 et
2512 5124 2682 5178 abiit?
2724 5125 2799 5179 Ita
2832 5139 2920 5179 res
2947 5136 3160 5192 quoque
3196 5137 3210 5173 :
3244 5120 3402 5174 simul
3440 5121 3686 5189 apparuit

2091 5210 2295 5275 consul,
2323 5218 2378 5266 et
2408 5226 2514 5267 non
2544 5219 2630 5270 est
2657 5210 2910 5281 amplius.
2941 5208 3214 5264 Ponamus
3238 5218 3420 5264 autem
3445 5223 3647 5264 annum
3665 5249 3684 5276 ,

2090 5311 2140 5357 et
2170 5301 2308 5357 aluos
2332 5317 2504 5358 annos
2527 5311 2582 5358 et
2604 5312 2713 5357 tres
2742 5311 2794 5357 et
2824 5309 3056 5372 quatuor
3081 5319 3093 5356 :
3120 5301 3207 5356 ubi
3232 5309 3358 5356 sunt
3384 5301 3475 5373 qui
3496 5301 3688 5358 decem

2085 5408 2256 5448 annuos
2286 5393 2504 5450 fuerunt
2532 5394 2784 5450 consules
2805 5396 2829 5449 "t
2851 5393 3152 5464 Nusquam.
3179 5394 3285 5452 Sed
3315 5411 3419 5450 non
3442 5395 3520 5451 sic
3551 5395 3692 5452 Pau~

2085 5486 2166 5540 lus
2185 5505 2198 5539 :
2219 5500 2343 5541 nam
2368 5486 2791 5558 fuitsplendidus
2815 5497 2925 5542 tum
2957 5486 3169 5555 vivens,
3196 5503 3302 5543 non
3327 5503 3492 5542 unum
3514 5487 3684 5556 diem,

2083 5592 2183 5633 nec
2223 5577 2360 5633 duos
2380 5619 2396 5644 ,
2428 5595 2601 5649 neque
2633 5580 2820 5635 decem
2843 5621 2857 5646 ,
2898 5595 3007 5635 non
3035 5579 3259 5651 viginti,
3286 5595 3387 5634 nec
3420 5581 3634 5652 triginta
3666 5621 3683 5646 ,

2082 5687 2252 5741 neque
2278 5685 2449 5726 annos
2479 5672 2686 5736 decem.
2722 5689 2818 5729 nec
2849 5673 3057 5744 viginti,
3085 5687 3183 5728 nec
3212 5673 3422 5742 triginta
3447 5689 3460 5737 ;
3495 5672 3590 5727 sed
3629 5681 3685 5726 et

2081 5774 2162 5821 est
2197 5773 2473 5834 mortuus,
2505 5777 2557 5822 et
2585 5765 3146 5839 quadringentesimus
3184 5781 3358 5822 annus
3385 5764 3494 5834 jam
3540 5778 3702 5834 pra».
