4172 6448
584 278 659 339 83

566 378 707 430 teritt
733 376 844 447 (α),
878 389 933 433 et
961 379 1138 435 adhuc
1164 396 1303 435 nunc
1330 390 1415 436 est
1439 382 1658 444 clarior,
1688 395 1735 437 et
1765 387 1935 439 multo
1957 388 2154 441 clarior

560 482 721 534 quam
750 467 965 536 quando
997 467 1227 522 vivebat.
1260 467 1325 523 Et
1356 466 1473 522 haec
1491 467 1709 536 quidem
1739 468 1789 522 in
1814 476 1955 522 terra
1982 487 1993 522 :
2022 484 2150 524 san-

559 565 770 609 ctorum
804 567 981 611 autent
1014 558 1337 622 claritatem,
1367 573 1487 627 qua:
1505 566 1589 613 est
1614 560 1666 612 in
1698 559 1870 626 cadis,
1900 574 2148 630 quamam

558 646 841 715 explicarit
860 647 1075 701 oratio?
1100 646 1479 716 Quamobrem,
1504 663 1654 720 rogo,
1681 649 1821 706 hanc
1844 666 2148 721 qumramus

622 911 693 974 (α)
718 909 861 974 Sthe
883 899 1498 974 vidimus
1520 891 1571 940 in
1601 895 1879 950 temporum
1903 884 2150 940 computa-

561 969 692 1023 tione
718 969 811 1020 non
838 971 901 1018 ita
924 969 1202 1015 accuratum
1226 970 1358 1008 esse.

580 1152 743 1161 ..νος-ο
755 1147 871 1155 -λοοο
894 1144 1087 1153 -νρ--ν
1102 1144 1175 1149 .—._
1192 1142 1291 1148 dawg
1306 1138 1579 1147 *φηςι-ον’-

564 1352 690 1407 CAP.
724 1348 776 1402 6.
821 1363 871 1400 v.
903 1346 957 1396 7.
1002 1341 1165 1396 Terra
1191 1340 1324 1392 enim
1349 1351 1483 1404 saepe
1510 1332 1785 1387 venientem
1813 1343 1964 1397 super
1987 1344 2040 1379 se
2067 1325 2147 1378 bi-

637 1443 755 1496 bens
782 1436 989 1491 imbrem
1016 1477 1029 1500 ,
1054 1444 1099 1487 et
1129 1430 1420 1498 germinans
1446 1426 1652 1478 herbam
1677 1429 2017 1491 opportunam
2045 1419 2150 1471 illis

636 1552 667 1588 (ι
687 1531 864 1605 quibus
887 1528 1090 1589 colitur,
1112 1523 1301 1591 accipit
1327 1518 1724 1573 benedictionem
1752 1529 1783 1565 a
1806 1511 1938 1575 Deo;
1960 1510 2012 1565 8.
2036 1527 2154 1579 pro-

638 1628 806 1696 ferens
835 1631 1003 1675 autem
1034 1619 1209 1689 spinas
1234 1625 1279 1668 ct
1322 1610 1564 1672 tribulos,
1587 1605 1806 1673 reprobo
1831 1614 1904 1657 est
1951 1610 1997 1655 et
2042 1617 2152 1655 ma-

637 1693 821 1774 ledicto
875 1713 1111 1784 proxima
1153 1726 1169 1763 :
1215 1707 1362 1779 cujus
1416 1698 1785 1758 consummatio
1841 1696 1897 1750 in
1947 1693 2150 1749 combu.

637 1812 870 1866 stionem.

648 1905 698 1956 ri.
746 1899 817 1968 ia)
850 1898 980 1953 Cum
1010 1895 1199 1947 timore
1228 1888 1506 1943 audiamus
1531 1882 1629 1938 Dei
1654 1879 1865 1951 eloquia
1891 1893 1906 1942 ;
1941 1891 2060 1931 cum
2092 1875 2156 1929 ti-

574 2010 724 2051 more
747 2003 797 2047 et
825 1990 992 2044 multo
1015 1998 1247 2040 tremore
1274 2002 1287 2034 :
1312 1981 1510 2035 Scrvite
1529 1977 1691 2041 enim,
1720 1976 1911 2043 inquit,
1937 1969 2156 2023 Domino

565 2087 618 2140 in
649 2087 843 2144 timore,
870 2090 914 2133 et
943 2076 1192 2132 exsultate
1231 2074 1279 2127 ei
1322 2087 1436 2125 cum
1481 2078 1698 2122 tremore
1740 2063 1913 2135 (Psul.
1941 2062 1997 2116 2.
2033 2058 2147 2129 Η).

568 2177 625 2233 Si
669 2185 845 2230 autem
892 2182 945 2225 ιιι
986 2168 1235 2240 gaudium
1268 2172 1512 2217 nostrum
1544 2169 1597 2215 ct
1637 2156 1928 2240 exsultatio
1970 2163 2156 2208 nostra

574 2268 735 2323 debet
776 2279 895 2319 csse
924 2278 1044 2317 cum
1079 2269 1315 2312 trenzore
1350 2271 1363 2306 :
1394 2248 1618 2323 quando
1646 2232 1806 2305 etiam
1835 2262 1896 2302 ea
1927 2260 2044 2314 qua:
2073 2244 2156 2298 di-

571 2365 764 2413 cuntur
805 2362 927 2407 sunt
976 2345 1233 2403 terribilia
1261 2386 1276 2411 ,
1317 2352 1377 2398 ut
1421 2356 1599 2405 nunc,
1628 2352 1736 2408 quo
1762 2336 2022 2405 supplicio
2052 2348 2156 2385 non

571 2463 758 2505 sumus
785 2444 965 2514 digni,
994 2442 1036 2496 si
1067 2455 1127 2495 ea
1159 2452 1279 2509 qua:
1307 2435 1558 2489 dicuntur
1585 2445 1692 2484 non
1724 2427 2008 2482 audiamus
2034 2438 2154 2477 cuzn

575 2538 845 2597 tremore?
875 2537 1005 2589 Cum
1054 2531 1287 2585 dixisset
1329 2525 1442 2580 ﬁeri
1469 2538 1591 2601 non
1636 2533 1797 2590 posse
1824 2517 1994 2585 utqui
2028 2515 2163 2582 lapsi

575 2642 699 2688 sunt
742 2633 934 2684 iterum
986 2626 1341 2693 baptizentnr,
1370 2626 1425 2674 et
1452 2614 1830 2671 remissionem
1858 2625 1951 2679 per
1977 2607 2149 2675 bapti-

579 2738 750 2776 smum
781 2720 959 2773 denuo
987 2714 1284 2782 accipiant,
1322 2717 1377 2762 et
1422 2704 1746 2760 ostendisset
1785 2715 1941 2771 quam
1988 2699 2030 2751 si
2075 2712 2161 2751 res

579 2815 865 2871 horrentia,
891 2806 1162 2875 subiungit
1190 2823 1202 2858 :
1229 2802 1386 2856 Terra
1408 2800 1539 2853 enim
1561 2813 1696 2866 saepe
1714 2795 1990 2850 venientem
2012 2806 2163 2857 super

580 2924 633 2959 se
651 2906 819 2957 bibens
844 2901 1071 2958 imbrem,
1098 2905 1141 2949 et
1160 2893 1449 2966 germinans
1471 2889 1675 2943 herbam
1698 2892 2038 2954 opportunam
2063 2880 2166 2933 illis

584 3018 671 3069 per
693 3013 818 3068 quos
849 2993 1053 3054 colitur,
1088 2987 1270 3057 accipit
1302 2982 1696 3039 benedictionem
1736 2995 1767 3031 a
1814 2976 1959 3040 Deo;
2002 2976 2173 3044 profe-

582 3066 895 3145 rensiautem
925 3085 1097 3155 spinas
1128 3089 1171 3134 et
1198 3077 1408 3133 tribulos
1433 3073 1648 3146 reprobo
1679 3080 1785 3134 est,
1815 3078 1861 3122 et
1903 3066 2172 3120 maledicto

587 3182 819 3251 proxima
843 3195 860 3231 :
884 3177 1027 3245 cujus
1054 3169 1416 3227 consummatio
1437 3168 1489 3221 in
1517 3164 1931 3219 combustionem.
1960 3159 2175 3213 Timea-

586 3288 708 3328 mus
733 3284 860 3339 ergo
882 3310 897 3333 ,
927 3283 959 3319 o
989 3262 1210 3320 dilecti:
1241 3277 1349 3316 non
1379 3268 1504 3315 sunt
1541 3255 1689 3312 Pauli
1722 3253 1805 3307 ha:
1837 3251 1998 3306 mimo
2021 3291 2035 3314 ,
2068 3262 2174 3303 non

587 3374 713 3421 sunt
740 3363 903 3419 verba
935 3358 1170 3414 hominis
1195 3374 1208 3410 :
1233 3364 1357 3410 sunt
1386 3350 1617 3422 Spiritus
1642 3347 1837 3409 sancti,
1865 3352 1995 3398 sunt
2014 3340 2175 3395 Citri-

589 3458 680 3522 sti,
714 3455 802 3525 qui
834 3454 884 3507 iu
917 3453 1034 3522 ipso
1063 3447 1318 3519 loquitur.
1370 3444 1538 3498 Estne
1564 3455 1693 3511 ergo
1721 3436 1914 3507 aliquis
1948 3431 2178 3487 mundus

592 3547 661 3603 ab
693 3522 777 3599 his
808 3541 1016 3613 spinis?
1042 3537 1195 3607 Quod
1228 3538 1271 3591 si
1301 3535 1463 3591 etiam
1493 3543 1740 3588 essemus
1769 3526 1976 3589 mundi,
2006 3538 2073 3577 ne
2102 3522 2179 3576 sic

587 3631 800 3705 quidem
827 3625 1098 3684 conﬁdere
1119 3627 1422 3692 oporteret,
1452 3616 1548 3672 sed
1578 3618 1765 3670 timere
1791 3622 1844 3668 et
1881 3622 2115 3665 tremere
2133 3650 2148 3674 ,

586 3700 659 3779 ne
684 3722 737 3777 in
763 3718 917 3775 nobis
943 3715 1243 3787 germinent
1269 3710 1434 3780 spina:
1459 3725 1472 3760 :
1506 3721 1626 3761 cum
1670 3712 1847 3759 autem
1878 3702 1971 3756 toti
1997 3700 2154 3770 peni-

587 3825 674 3870 tus
719 3812 884 3867 simus
929 3808 1095 3878 spina:
1139 3814 1193 3858 et
1237 3801 1449 3863 tribuli,
1479 3797 1746 3852 undenam
1773 3835 1787 3859 ,
1813 3793 1898 3849 dic
1943 3805 2153 3861 quaso,

594 3904 940 3965 confidimus,
967 3909 1021 3954 et
1054 3895 1227 3966 supini
1271 3892 1551 3963 ignavique
1580 3886 1892 3942 reddimur?
1921 3883 2044 3953 quid
2074 3889 2158 3937 est

593 3994 733 4065 quod
765 4007 861 4047 nos
892 3989 1016 4043 facit
1042 3989 1261 4057 ignavos
1287 3992 1340 4037 et
1368 3979 1657 4035 socordes?
1683 3977 1736 4031 Si
1763 3977 1808 4031 is
1832 3975 1920 4045 qui
1943 3973 2159 4028 videtur

589 4098 751 4145 stare,
776 4083 937 4138 debet
961 4081 1145 4135 timere
1167 4092 1232 4131 ne
1252 4075 1409 4130 cadat
1432 4091 1444 4125 :
1473 4087 1593 4125 nam
1615 4071 1699 4139 qui
1724 4068 1940 4132 videtur,
1962 4065 2153 4135 inquit,

591 4187 742 4235 stare,
775 4172 938 4227 videat
983 4187 1043 4223 ne
1081 4168 1228 4221 radat
1274 4166 1348 4236 (l.
1372 4162 1490 4218 Cor.
1521 4162 1605 4216 IO.
1634 4160 1718 4229 l2)
1752 4177 1764 4211 :
1798 4159 1887 4229 qui
1922 4157 2154 4222 cecidit,

593 4283 753 4337 quam
799 4264 956 4317 debet
998 4275 1119 4315 esse
1165 4259 1427 4313 sollicitus
1452 4264 1506 4307 ul
1536 4251 1819 4320 resurgat?
1859 4250 1916 4304 Si
1957 4248 2154 4302 Paulus

596 4360 745 4412 timet
772 4372 839 4409 nc
868 4369 987 4407 cum
1020 4351 1139 4404 aliis
1170 4346 1568 4417 pra‘dicaverit,
1604 4345 1715 4412 ipse
1764 4344 1852 4394 tiat
1894 4340 2156 4409 reprobus

593 4447 805 4515 (LCor.
832 4445 885 4498 9.
911 4444 1027 4511 27),
1053 4442 1139 4510 qui
1164 4448 1246 4493 est
1272 4437 1405 4491 adeo
1435 4435 1634 4504 probus
1660 4453 1673 4487 :
1700 4447 1798 4486 nos
1827 4433 1914 4500 qui
1941 4432 2049 4499 jam
2079 4431 2161 4485 fa-

596 4543 664 4595 cti
711 4553 893 4593 sumus
937 4532 1183 4602 reprobi,
1216 4542 1499 4599 quamnam
1528 4539 1877 4593 assequemur
1909 4524 2116 4575 veniam
2138 4562 2154 4586 ,
2231 4535 2237 4539 '

596 4648 713 4687 cum
761 4627 891 4682 nihil
932 4626 1231 4687 timeamus,
1260 4619 1350 4673 sed
1400 4627 1668 4684 tamquam
1715 4612 2155 4667 consuetudinem

592 4717 1058 4776 Christianismum
1102 4711 1451 4780 impleamus,
1486 4714 1540 4760 et
1569 4719 1633 4758 eo
1673 4704 1860 4758 leviter
1897 4701 2155 4771 dcfnnga-

593 4812 743 4869 mur?
773 4810 1078 4865 Timeamus
1111 4818 1267 4871 ergo,
1298 4816 1329 4854 ο
1373 4799 1582 4864 dilecti;
1620 4798 1887 4852 Revelatur
1916 4798 2047 4849 enim
2076 4797 2155 4850 ira

596 4905 691 4960 Dei
717 4904 778 4956 de
805 4902 927 4955 emta
951 4895 1125 4966 (Rom.
1152 4896 1203 4948 l.
1230 4892 1315 4958 18)
1344 4909 1356 4945 :
1383 4892 1692 4951 timeamus:
1723 4890 1987 4944 revelatur
2014 4889 2155 4944 enim

592 5012 695 5050 non
727 4993 896 5049 solum
928 4987 1183 5042 adversus
1211 4983 1558 5051 impietatem,
1590 4981 1682 5034 sed
1714 4980 1872 5034 etiam
1896 4980 2155 5035 adversus

592 5098 805 5136 omnem
826 5077 1176 5147 iniquitatem,
1202 5082 1258 5128 et
1286 5087 1500 5141 parvam
1526 5078 1582 5124 et
1608 5085 1872 5140 magnam.
1906 5070 2003 5125 Hie
2029 5070 2155 5125 sub-

592 5175 791 5230 indicat
821 5170 911 5226 Dei
946 5166 1321 5235 benignitatem
1344 5174 1397 5217 et
1418 5163 1770 5216 clementiam.
1797 5161 2023 5216 lmbrcm
2053 5178 2154 5217 au-

591 5275 696 5319 trm
728 5262 851 5315 dicit
880 5257 1209 5320 doctrinam;
1241 5264 1293 5310 ct
1319 5253 1458 5325 quod
1489 5253 1734 5320 superius
1755 5252 1999 5318 diccbat,
2032 5252 2155 5307 Cum

593 5354 831 5407 deberetis
861 5366 965 5404 esse
992 5348 1215 5418 magistri
1256 5355 1457 5414 prapter
1495 5358 1720 5412 tempus,
1753 5344 1801 5396 id
1834 5343 1918 5398 hic
1947 5358 2158 5413 quoque

591 5447 739 5500 dicit.
798 5446 863 5497 Et
904 5440 1085 5496 multis
1129 5439 1187 5492 in
1225 5437 1356 5492 locis
1385 5437 1663 5504 Scriptura
1693 5435 1991 5489 doctrinam
2021 5434 2151 5488 dicit

662 5574 735 5649 ta)
758 5574 811 5623 In
832 5575 959 5624 Edit.
982 5574 1176 5649 aiore!”
1214 5578 1319 5649 lucc
1352 5578 1924 5649 homiliadecimaincipit
1948 5584 2186 5649 pagl'ifib.

596 5634 889 5709 ttulinvrro,
916 5634 1367 5709 ontissisoinuibus,
1391 5641 1637 5709 humilium
1663 5644 1829 5705 incipit
1854 5634 1880 5692 Ξι
1907 5634 2072 5695 monili
2100 5634 2189 5695 es-

597 5697 868 5748 hortatione
892 5713 1002 5763 qua:
1026 5701 1215 5750 initium
1241 5702 1390 5751 habet
1412 5710 1462 5751 Ν.
1497 5704 1535 5751 ι.

1388 282 1446 335 S.
1489 279 1757 338 ΞΟΛΝΝΙΞ
1792 278 2267 335 CHRYSOSTOMI
2305 279 2618 334 ARCIIIEP.
2661 277 3191 335 CONSTANTINOP.

2140 1127 2231 1133 ,ο-.-ι
2260 1128 2391 1132 ᾐ.--.-
2426 1123 2749 1131 ...ρ-..Ηίῳ
2796 1122 3021 1129 ’.ἁ-...πο
3040 1115 3333 1126 ⁴.....-.-ς---ι---

1946 1132 1971 1135 ᾉ
2019 1178 2361 1240 IIOMILIA
2404 1178 2489 1238 Χ.

3760 289 3831 347 θη

2245 390 2545 446 claritatem
2566 431 2579 454 ,
2608 389 2749 445 hanc
2777 404 3183 458 persequamur,
3218 396 3276 441 ut
3302 402 3654 458 aSchuamur
3677 405 3690 441 :
3716 388 3838 443 iure

2247 486 2389 541 enim
2430 492 2514 538 est
2539 498 2658 552 qum
2690 492 2772 537 est
2803 497 2929 536 vero
2957 481 3193 536 claritas.
3225 480 3466 536 Tandem
3493 481 3837 537 discedamus

2247 576 2314 630 ah
2339 576 2405 629 iis
2435 591 2555 645 qua:
2596 574 2665 629 ad
2702 575 2841 628 hanc
2869 575 3031 627 vitam
3061 575 3334 643 pertinent
3372 591 3385 627 :
3417 580 3474 628 ιιι
3503 573 3838 628 inveniamus

2248 671 2472 741 gratiam
2522 677 2579 723 et
2628 666 3055 722 misericordiam
3096 666 3147 719 in
3183 664 3398 721 Christo
3438 665 3569 720 Jesu
3612 666 3840 720 Domino

2248 768 2457 826 nostro,
2485 774 2607 815 cum
2630 772 2737 828 quo
2758 757 2902 812 Patri
2926 772 3030 811 una
3059 771 3178 811 cum
3204 765 3391 811 sancto
3418 756 3618 825 Spiritu
3642 756 3838 826 gloria,

2249 850 2535 920 imperium
2557 889 2572 916 ,
2606 848 2780 903 honor
2806 857 2861 903 et
2890 846 3154 909 adoratio,
3186 860 3330 901 nunc
3355 855 3411 902 et
3435 860 3670 916 semper,
3702 856 3753 899 et
3780 845 3839 898 in

2250 941 2447 999 saecula
2473 940 2817 996 sazculorum.
2851 940 3048 994 Amen.

2268 1338 2491 1395 imbrem
2517 1359 2531 1394 :
2556 1337 2813 1392 Mandabo
2840 1338 2981 1393 enim
3001 1380 3017 1406 ,
3045 1340 3233 1411 inquit,
3268 1341 3478 1399 nubibus
3503 1363 3566 1402 ne
3588 1323 3641 1404 in
3669 1350 3838 1419 ipsum

2266 1433 2443 1502 pluunt
2467 1433 2675 1484 imbrem
2703 1430 2853 1501 (lsai.
2876 1431 2933 1486 5.
2967 1430 3040 1504 6)
3062 1472 3076 1493 .
3108 1430 3330 1501 loquens
3360 1435 3426 1490 de
3460 1437 3613 1493 vinea
3647 1458 3660 1493 :
3691 1444 3837 1511 quod

2246 1523 2474 1592 .qoidem
2505 1522 2630 1577 alibi
2660 1532 2812 1577 vocat
2835 1522 3028 1577 famem
3059 1524 3213 1592 panis
3233 1533 3286 1578 et
3308 1526 3448 1579 sitim
3478 1544 3629 1599 aqua:
3653 1531 3833 1605 (Amos

2263 1615 2316 1669 8.
2352 1616 2407 1667 Η
2436 1615 2472 1681 ).
2520 1614 2588 1668 Ει
2633 1615 2822 1669 iterum
2856 1631 2869 1667 :
2909 1612 3123 1667 Flavius
3171 1613 3266 1669 Dei
3308 1618 3526 1686 repletus
3572 1632 3644 1675 est
3687 1628 3836 1692 aquis

2266 1702 2434 1772 (Paul.
2462 1702 2686 1785 61x40).
2719 1703 2874 1757 Terra
2899 1705 3052 1767 enim,
3082 1705 3267 1774 inquit,
3291 1723 3425 1774 stupe
3454 1711 3722 1765 venientem
3745 1732 3836 1767 su—

2260 1811 2349 1862 per
2388 1809 2442 1846 se
2487 1794 2654 1847 bibens
2692 1794 2920 1847 imbrem.
2968 1795 3064 1848 Hic
3090 1797 3320 1850 ostendit
3350 1800 3490 1868 quod
3522 1811 3577 1856 et
3606 1807 3830 1861 verhmn

2257 1886 2593 1954 acceperint.
2627 1896 2680 1940 et
2709 1886 2866 1940 simul
2894 1886 3128 1941 biberint
3158 1930 3173 1955 ,
3200 1898 3252 1942 et
3283 1889 3333 1943 id
3350 1892 3507 1961 sarpe
3537 1894 3646 1950 sint
3673 1912 3829 1952 asse-

2256 1977 2424 2045 quuti,
2449 1968 2547 2031 nec
2572 1976 2625 2030 id
2657 1985 2828 2030 tamen
2851 1978 2928 2030 cis
2956 1976 3234 2045 profuerit.
3257 1978 3310 2034 Si
3336 1983 3602 2050 agricolae,
3628 1986 3825 2057 inquit,

2255 2080 2415 2135 opera
2448 2081 2552 2120 non
2583 2066 2775 2120 fuisses
2803 2067 2992 2132 cultus,
3033 2068 3076 2120 si
3110 2068 3368 2125 imbribus
3397 2088 3500 2127 non
3531 2090 3678 2131 esses
3707 2078 3831 2132 irri-

2253 2170 2438 2227 gatus,
2473 2175 2575 2213 non
2604 2171 2746 2214 esset
2771 2168 2972 2214 tantum
3011 2161 3205 2214 malum
3239 2180 3251 2215 :
3280 2178 3401 2216 nam
3429 2164 3490 2220 Si
3529 2184 3628 2220 non
3654 2173 3826 2223 venis-

2260 2261 2385 2306 sem,
2416 2246 2607 2314 inquit,
2639 2256 2685 2298 et
2711 2247 2780 2299 eis
2808 2262 2906 2298 non
2930 2249 3133 2315 fuissent
3162 2248 3414 2316 loquutus,
3446 2259 3701 2318 peccatum
3732 2265 3836 2301 non

2261 2336 2547 2389 habuissent
2587 2336 2767 2405 (Joan.
2815 2337 2903 2391 15.
2947 2336 3022 2391 22
3044 2335 3063 2407 )
3088 2353 3100 2389 :
3130 2338 3172 2391 si
3200 2348 3375 2393 autem
3404 2353 3548 2407 saepe
3576 2340 3751 2394 bibisti
3778 2348 3834 2393 et

2261 2425 2517 2495 accepisti
2543 2468 2556 2490 ,
2586 2441 2681 2480 cur
2724 2442 2818 2495 pro
2846 2425 3105 2481 fructibus
3134 2427 3237 2480 alia
3268 2428 3599 2497 produxisti?
3636 2428 3834 2495 Exspe-

2259 2517 2410 2581 ctavi,
2442 2518 2629 2584 inquit,
2656 2526 2708 2568 ut
2737 2520 2924 2585 faceret
2951 2533 3118 2579 uvam,
3149 2520 3266 2586 fecit
3290 2529 3453 2572 autent
3477 2520 3651 2586 spinas
3676 2517 3830 2590 (Isai.

2261 2605 2314 2660 6.
2340 2607 2421 2670 2).
2454 2607 2610 2660 Vides
2632 2608 2771 2676 quod
2801 2604 3074 2677 Scriptura
3100 2609 3295 2678 ubique
3321 2609 3501 2677 spinas
3529 2618 3683 2663 vocat
3711 2623 3835 2681 per.-

2262 2696 2416 2749 cata?
2447 2696 2574 2749 Nam
2600 2708 2653 2750 et
2678 2697 2838 2751 David
2862 2697 2989 2750 dicit
3018 2715 3032 2751 :
3061 2697 3334 2752 Conversus
3354 2715 3463 2752 sum
3484 2700 3535 2752 in
3555 2714 3833 2752 (erumnam

2262 2786 2383 2840 dum
2398 2787 2520 2841 mihi
2542 2787 2703 2853 inﬁxa
2718 2797 2789 2839 est
2802 2788 2949 2855 spina
2967 2787 2984 2857 (
2993 2785 3117 2839 Psal
3125 2828 3138 2841 .
3154 2788 3243 2842 51.
3262 2788 3339 2856 4).
3362 2787 3476 2842 Νοη
3501 2788 3670 2841 solum
3690 2789 3832 2841 enim

2263 2879 2579 2949 ingreditur,
2613 2878 2706 2935 sed
2734 2880 2896 2937 etiam
2925 2879 3163 2948 infigitur
3192 2896 3206 2932 :
3236 2888 3291 2933 et
3314 2879 3358 2933 si
3387 2894 3573 2947 parum
3600 2878 3715 2949 ejus
3744 2894 3834 2933 rc-

2263 2982 2510 3035 maneat,
2538 2982 2586 3027 et
2634 2990 2737 3027 non
2784 2984 2950 3029 totum
2997 2973 3174 3044 ipsum
3220 2970 3613 3035 exemerimus,
3647 2984 3831 3039 parum

2264 3063 2391 3117 illud
2422 3079 2571 3133 :eque
2602 3065 2759 3120 infert
2801 3066 3041 3121 dolorem
3065 3108 3079 3131 ,
3120 3069 3281 3137 atque
3309 3062 3365 3115 in
3388 3062 3559 3129 spina.
3607 3061 3671 3115 Et
3706 3061 3830 3129 quid

2264 3153 2384 3208 dico
2402 3155 2571 3223 ipsum
2596 3158 2817 3224 parum?
2838 3161 3000 3211 etiam
3026 3167 3304 3227 p05tquam
3329 3154 3484 3212 fuerit
3507 3162 3831 3220 exemptum.

2264 3247 2354 3301 diu
2386 3248 2623 3301 immittit
2650 3248 2817 3319 plaga-
2834 3249 3075 3303 dolorem
3095 3267 3107 3303 :
3130 3249 3355 3317 ideoque
3377 3250 3539 3303 multa
3567 3243 3834 3304 medicina

2265 3350 2397 3405 opus
2420 3347 2504 3392 est
2531 3348 2581 3392 et
2613 3340 2911 3404 curatione,
2944 3349 3004 3393 ut
3032 3338 3264 3409 perfecte
3293 3339 3626 3397 liberemur:
3659 3352 3835 3407 neque

2263 3428 2406 3482 enim
2452 3440 2725 3497 peccatum
2774 3430 2949 3483 solum
2994 3431 3231 3485 eximere
3273 3429 3488 3496 sufficit,
3530 3428 3623 3483 sed
3667 3429 3837 3483 etiam

2263 3528 2476 3587 oportet
2506 3534 2697 3573 curare
2745 3520 2919 3573 locum
2948 3535 3281 3589 percussum.
3320 3519 3424 3574 Sed
3455 3519 3614 3573 timeo
3639 3534 3706 3572 ne
3736 3533 3839 3573 no-

2265 3608 2348 3663 bis
2373 3610 2540 3679 magis
2567 3610 2830 3676 dicantur,
2872 3625 3030 3681 quam
3076 3611 3193 3665 aliis
3232 3610 3437 3665 dicatur
3478 3608 3642 3671 illud,
3677 3608 3840 3665 Terra

2265 3700 2418 3765 enim,
2451 3701 2639 3770 inqttit,
2671 3717 2803 3771 saepe
2831 3717 2980 3770 super
3008 3717 3062 3754 se
3092 3701 3365 3755 venientem
3391 3699 3561 3754 bibens
3590 3698 3798 3752 imbrem
3818 3714 3843 3753 :

2265 3804 2480 3861 semper
2507 3793 2649 3846 enim
2680 3793 2932 3855 bibimus,
2961 3806 3174 3861 semper
3202 3792 3480 3847 audimus:
3518 3791 3612 3846 sed
3641 3791 3841 3845 humo-

2264 3898 2380 3939 rem
2408 3884 2584 3938 statim
2613 3884 2902 3951 perdimus,
2932 3882 3142 3937 oriente
3168 3883 3307 3948 sole,
3330 3891 3382 3936 et
3413 3891 3691 3951 propterea
3720 3884 3838 3952 spi-

2266 3989 2363 4028 nas
2393 3971 2684 4027 etl‘crimus.
2718 3973 2973 4040 Qumnam
3006 3980 3131 4025 sunt
3155 3987 3284 4042 ergo
3313 3972 3515 4041 spinae?
3541 3971 3839 4026 Audiamus

2265 4066 2536 4122 Christum
2563 4065 2851 4130 dicentem,
2880 4064 3020 4130 quod
3043 4063 3347 4118 sollicitudo
3370 4065 3525 4133 hujus
3554 4064 3757 4126 smculi,
3780 4072 3842 4118 et

2268 4157 2475 4213 fallacia
2502 4157 2804 4211 divitiarum
2835 4155 3058 4210 sutl‘oeat
3087 4157 3308 4210 verbum
3330 4198 3345 4221 ,
3374 4164 3431 4211 et
3459 4156 3516 4209 tit
3544 4154 3828 4226 intrugit‘e-

2267 4265 2384 4304 rum
2409 4247 2558 4320 (Luc.
2587 4247 2639 4301 8.
2676 4247 2786 4315 Μ).
2815 4246 2973 4299 Terra
2997 4246 3153 4312 enim,
3187 4246 3375 4315 inquit,
3410 4261 3546 4313 saepe
3562 4247 3825 4301 veniente»

2266 4357 2417 4411 super
2441 4357 2494 4394 se
2518 4339 2689 4393 bibens
2718 4339 2958 4403 imbrem,
2987 4347 3035 4392 et
3074 4339 3362 4409 germinans
3403 4338 3606 4392 herbam
3652 4354 3846 4409 oppor-

2268 4443 2463 4488 tunam.

2337 4525 2397 4576 2.
2437 4523 2573 4578 Nihil
2615 4531 2698 4577 est
2737 4522 2870 4578 adeo
2908 4532 3319 4593 opportunum,
3348 4530 3405 4575 ut
3446 4522 3566 4576 vitae
3600 4521 3799 4591 puritas
3825 4540 3851 4586 ςς

2271 4618 2402 4671 nihil
2427 4616 2562 4671 adeo
2584 4631 2926 4671 numerosum
2950 4631 3012 4670 ac
3034 4616 3376 4679 concinnum,
3405 4623 3461 4669 ut
3485 4615 3590 4667 vita
3615 4614 3842 4680 Optima,

2271 4709 2403 4763 nihil
2430 4708 2565 4762 adeo
2590 4724 2911 4779 congruens,
2943 4718 2998 4761 ut
3022 4709 3207 4760 virtus.
3236 4707 3298 4761 Et
3316 4708 3623 4776 germinans.
3649 4707 3841 4773 inquit,

2273 4801 2476 4855 herbam
2496 4811 2835 4871 opportunam
2865 4800 2970 4853 illis
2995 4816 3026 4851 a
3053 4798 3234 4867 quibus
3262 4797 3468 4863 colitur,
3495 4797 3679 4865 accipit
3702 4796 3870 4848 bene”

2272 4892 2540 4945 dictionem
2589 4907 2619 4942 α
2669 4889 2797 4942 Deo.
2855 4888 2951 4942 Hic
2998 4887 3127 4939 dicit
3180 4887 3343 4939 lleum
3393 4900 3514 4940 esse
3567 4895 3844 4939 auctorum

2273 4982 2510 5036 omnium
2534 5022 2547 5041 ,
2574 4980 2788 5034 Grrrcos
2817 4978 3015 5032 sensim
3051 4976 3247 5030 feriens
3272 5018 3285 5036 .
3331 4977 3419 5043 qui
3459 4976 3636 5029 virtuti
3684 4985 3842 5027 terra:

2271 5070 2585 5127 adscribunt
2604 5068 2870 5122 fructuum
2894 5063 3315 5135 generationem.
3334 5058 3519 5129 Neque
3538 5057 3679 5111 enim
3705 5063 3854 5115 sunt.

2272 5165 2479 5233 inquit,
2507 5176 2710 5217 manus:
2733 5157 3087 5228 agricolarum
3118 5170 3237 5225 qua:
3266 5153 3439 5223 ipsam
3470 5158 3666 5205 terram
3700 5143 3860 5201 exci-

2276 5262 2390 5307 tant
2429 5252 2496 5307 ad
2533 5252 2737 5305 fructus
2762 5246 3035 5310 ferendos,
3067 5245 3161 5300 sed
3190 5245 3286 5298 Dei
3312 5242 3496 5312 jussus
3528 5258 3542 5295 :
3572 5248 3861 5308 propterea

2279 5346 2408 5399 dicit
2433 5361 2448 5399 :
2476 5343 2671 5413 Accipit
2705 5339 3105 5395 benedictionem
3128 5353 3159 5388 a
3184 5335 3312 5389 Deo.
3347 5331 3481 5387 Vide
3505 5337 3682 5385 autem
3714 5326 3859 5397 quod

2278 5439 2329 5490 in
2359 5434 2529 5504 spinis
2559 5448 2665 5486 non
2693 5431 2850 5495 dixit,
2882 5429 3107 5484 Paricns
3137 5427 3357 5495 spinas,
3391 5436 3568 5493 neque
3604 5419 3708 5473 hoc
3739 5414 3862 5471 utili

2276 5539 2401 5579 usus
2429 5533 2512 5578 est
2541 5523 2795 5585 nomine;
2830 5519 2924 5574 sed
2952 5518 3123 5589 quid?
3148 5516 3433 5586 Proferens
3462 5512 3639 5584 spinas
3663 5525 3681 5562 :
3703 5506 3863 5577 quasi

2275 5616 2442 5679 dicas,
2472 5629 2667 5669 cruens
2690 5624 2748 5668 et
2771 5611 3069 5681 expellens.
3124 5608 3362 5677 Reproba
3407 5614 3516 5667 est,
3563 5601 3768 5672 inquit,
3810 5609 3864 5653 et

2278 5708 2543 5761 mutatu-to
2566 5708 2821 5774 proxima.
2855 5703 3040 5770 Papm!
3073 5711 3327 5770 quantam
3357 5698 3521 5753 habet
3539 5692 3861 5751 consolatio:
