4172 6450
379 283 455 337 εδ

377 413 508 452 nem
539 397 689 467 quod
716 398 946 456 dicitur!
981 401 1111 469 Est,
1159 407 1368 476 inquit,
1405 409 1680 463 maledicto
1720 413 1957 481 proxima
1979 454 1995 479 ,

379 506 497 543 non
526 492 884 547 maledictum
914 515 930 554 :
954 496 1046 564 qui
1073 506 1251 551 autem
1282 501 1521 553 nomium
1548 501 1735 556 incidit
1759 504 1810 557 in
1839 505 1997 559 maie—

368 584 612 650 dictum,
637 585 735 640 sed
762 602 933 657 prepe
953 596 1060 653 est,
1088 590 1252 644 etiam
1285 595 1472 662 procul
1494 608 1617 649 esse
1649 596 1859 664 poterit.
1883 596 1997 653 Nec

371 676 481 730 hoc
512 678 698 732 solum
731 688 817 733 est
844 682 1197 748 consolatus,
1227 684 1323 739 sed
1360 701 1427 740 eo
1454 688 1617 741 etiam
1650 689 1793 758 quod
1835 690 1994 746 dein-

370 789 504 841 ceps
536 775 791 844 sequitur
817 794 831 830 :
856 792 965 832 non
994 779 1139 832 enim
1166 778 1336 833 dixit:
1363 780 1609 851 Reprolm
1641 793 1724 838 est
1749 796 1802 839 et
1829 786 1996 841 male-

374 866 519 919 dic:o
570 868 822 935 proxima
848 910 864 933 ,
908 885 1030 939 quas
1058 872 1442 936 comburetur;
1492 875 1585 929 sed
1632 877 1803 946 quid?
1832 877 1994 948 Cujus

373 959 494 1025 ﬁnis
516 967 597 1011 est
622 965 675 1011 tu
698 959 1129 1014 combustionem.
1148 962 1206 1017 Si
1236 976 1574 1032 permaneat,
1608 968 1795 1036 inquit,
1823 986 1993 1040 uSqne

369 1048 436 1101 ad
468 1048 665 1112 linem,
698 1049 753 1102 id
786 1050 1043 1119 patietur.
1075 1052 1443 1121 Quamobrem
1476 1059 1519 1110 si
1551 1060 1737 1127 spinas
1770 1063 1983 1118 excide-

370 1140 541 1192 rimus
571 1148 631 1193 et
658 1142 1071 1210 exusserimus,
1105 1147 1404 1215 poterimus
1432 1148 1533 1204 l‘rui
1564 1151 1719 1207 benis
1743 1154 1989 1210 innume-

366 1231 658 1297 rabilibus,
693 1243 752 1287 et
784 1235 941 1303 probi
970 1236 1113 1291 efiici
1135 1278 1150 1303 ,
1182 1249 1240 1293 et
1266 1254 1388 1295 esse
1434 1243 1726 1314 participes
1760 1246 1989 1303 benedi-

364 1323 591 1378 cti0nis.
620 1324 819 1379 Merito
847 1336 1032 1383 autem
1063 1341 1343 1399 peccatum
1373 1335 1666 1404 appellavit
1695 1340 1950 1395 tribulnm
1970 1384 1986 1406 ,

362 1415 583 1482 dicens,
618 1415 908 1487 Proferens
937 1430 1110 1474 autem
1136 1423 1315 1493 spinas
1342 1442 1406 1480 ac
1434 1428 1648 1483 tribulos
1669 1446 1689 1483 :
1718 1447 1840 1486 nam
1882 1451 1987 1487 nn-

357 1507 677 1579 decumque
709 1510 763 1565 id
797 1514 1063 1579 tenueris,
1094 1516 1215 1571 ferit
1244 1528 1297 1572 et
1326 1520 1558 1583 mordet,
1595 1533 1649 1577 et
1673 1526 1790 1579 visu
1821 1528 1985 1581 etiam

359 1609 446 1651 est
475 1598 735 1657 deforme
761 1612 818 1656 et
851 1613 1075 1660 tetrum.
1099 1606 1235 1663 Cum
1259 1626 1389 1681 ergo
1412 1627 1508 1667 eos
1538 1616 1669 1669 satis
1695 1617 1984 1687 tetigisset,

360 1691 656 1747 terruisset
705 1708 773 1748 ac
823 1698 1181 1767 pupugisset,
1218 1717 1406 1757 rursus
1430 1715 1586 1759 curat
1617 1723 1680 1761 ac
1713 1710 1982 1779 medetur,

356 1798 427 1837 ne
458 1798 561 1837 eos
595 1785 719 1854 plus
747 1802 913 1855 quam
947 1803 1043 1856 par
1072 1791 1143 1844 sit
1164 1792 1405 1862 dejiciat,
1442 1795 1769 1870 ignavosque
1795 1802 1986 1858 reddat

352 1890 421 1929 ac
450 1877 683 1946 supinos
717 1897 732 1931 :
766 1894 892 1932 nam
924 1882 1015 1949 qui
1048 1896 1273 1952 segnem
1311 1887 1430 1941 ierit
1458 1904 1522 1943 ac
1550 1889 1829 1958 desidem,
1858 1908 1982 1949 eum

354 1969 543 2023 reddit
576 1971 918 2041 segniorem.
950 1973 1143 2044 Neque
1171 1993 1302 2049 ergo
1332 1982 1558 2039 omnino
1588 1985 1883 2056 blanditur,
1915 2006 1984 2045 ne

355 2066 549 2120 animo
568 2066 831 2132 extollat;
858 2082 1038 2140 neque
1058 2070 1277 2142 gravius
1299 2072 1444 2142 terit,
1471 2093 1538 2130 ne
1559 2079 1747 2135 reddat
1769 2086 1985 2153 segnio-

357 2174 482 2223 res;
514 2158 612 2213 sed
661 2162 970 2229 pauxillum
1024 2164 1272 2233 injicicns
1318 2167 1459 2237 quod
1512 2170 1702 2239 feriat,
1750 2178 1981 2235 multum

369 2252 594 2307 adhibet
620 2254 758 2324 quod
792 2266 954 2309 curet
982 2270 1046 2310 ac
1077 2257 1363 2314 medeatur
1392 2277 1488 2332 per
1516 2278 1578 2318 ea
1607 2281 1729 2335 qua:
1754 2270 1984 2338 subjun-

377 2348 488 2413 git,
520 2359 577 2397 ut
604 2347 738 2415 quod
764 2348 882 2403 vult
916 2348 1147 2405 el‘iiciat.
1178 2351 1319 2421 Quid
1342 2356 1487 2410 enim
1511 2356 1681 2415 dicit?
1725 2365 1805 2432 (a)
1840 2366 1980 2437 [Non

374 2436 493 2489 ln-c
531 2436 753 2492 dicimus
805 2447 1089 2510 tamquam
1134 2442 1227 2512 qui
1261 2458 1356 2499 vos
1385 2436 1939 2511 condemnaverimus
1962 2500 1979 2524 ,

362 2534 469 2570 nec
501 2529 557 2571 nt
584 2521 673 2587 qui
705 2522 1091 2580 exisﬁmemus
1120 2542 1217 2583 vos
1245 2545 1367 2587 esse
1392 2536 1582 2603 plenos
1610 2540 1783 2611 spinis
1804 2583 1825 2612 ,
1866 2521 1968 2603 sed

355 2621 415 2663 ut
438 2612 529 2680 qui
562 2611 850 2669 timeamus
878 2632 947 2672 ne
970 2618 1076 2673 hoc
1099 2620 1307 2677 accidat
1333 2642 1346 2678 :
1376 2628 1570 2684 melius
1596 2642 1678 2687 est
1698 2611 1843 2691 enim
1865 2654 1963 2694 vos

352 2703 537 2757 verbis
558 2714 786 2773 terrere,
810 2723 879 2764 ne
902 2724 963 2765 re
987 2709 1105 2780 ipsa
1125 2712 1377 2773 doleatis.
1400 2717 1469 2775 Et
1495 2719 1596 2778 hoc
1624 2728 1862 2788 maxime
1882 2742 1967 2789 est

348 2794 502 2850 Pauli
548 2797 881 2867 prudentiae.
912 2801 984 2856 Et
1016 2820 1123 2859 non
1156 2805 1314 2876 dixit,
1348 2809 1738 2873 Existimamus
1759 2861 1774 2887 ,
1819 2837 1920 2879 nec
1946 2865 1963 2887 ,

344 2886 710 2958 Conjicimus,
743 2908 869 2957 nec,
907 2893 1322 2966 Exspectamus,
1354 2918 1475 2969 nec,
1505 2905 1834 2978 Speramus;
1867 2886 1963 2970 sed

343 2979 551 3052 quid”
583 2981 638 3035 9.
665 2981 990 3053 Conﬁtlimus
1014 2997 1187 3043 autem
1214 2990 1279 3046 de
1298 2992 1461 3061 vobis,
1484 2996 1830 3071 dilectissimi,
1858 3023 1970 3061 nte-

342 3072 485 3127 liora
510 3084 561 3127 et
593 3076 847 3131 viciniora
874 3079 1062 3145 saluti,
1096 3085 1301 3140 tametsi
1321 3086 1392 3140 ita
1413 3088 1698 3158 loquimur.
1724 3094 1839 3152 Hoc
1858 3108 1972 3169 est,-

341 3163 465 3220 Non
492 3176 551 3220 ut
571 3168 1013 3228 condemnantes
1038 3190 1155 3243 vos,
1186 3177 1285 3232 ista
1310 3179 1562 3252 dicimus,
1591 3201 1766 3259 neque
1793 3200 1852 3245 ut
1875 3163 1965 3247 ar;

343 3258 619 3315 bitrantes
652 3277 753 3317 vos
798 3263 976 3333 spinis
1003 3281 1128 3323 esse
1160 3271 1370 3328 obsitos
1412 3285 1467 3331 et
1509 3258 1699 3348 plenos
1719 3324 1735 3346 ,
1768 3283 1864 3339 sed
1894 3285 1964 3340 ti-

343 3360 567 3405 mentes
598 3368 666 3408 ne
699 3354 805 3410 hoc
840 3355 929 3412 ﬁat
958 3376 971 3412 :
1005 3370 1227 3428 praestat
1253 3367 1399 3421 enim
1429 3383 1523 3424 vos
1553 3385 1621 3426 ex
1652 3374 1830 3430 verbis
1856 3376 1957 3433 for-

343 3442 559 3497 midare
580 3484 597 3509 ,
630 3460 699 3501 ne
728 3462 788 3500 re
818 3448 933 3518 ipsa
966 3451 1185 3508 tandem
1230 3455 1488 3516 deleatis.
1536 3463 1714 3534 Atque
1758 3466 1811 3522 in
1859 3468 1964 3527 hoc

342 3538 658 3632 praesertim
682 3539 970 3608 prudentia
1004 3542 1154 3600 Pauli
1186 3561 1429 3618 apparet.
1449 3551 1637 3624 Neque
1658 3573 1787 3615 vero
1807 3561 1964 3632 dixit,

335 3625 721 3693 Arbitramur,
769 3645 981 3702 neque,
1010 3633 1400 3706 Conjeeturam
1446 3642 1715 3714 facimus,
1752 3625 1968 3725 neque,

336 3717 776 3790 Exspectamus,
806 3740 1007 3796 neque,
1035 3728 1330 3798 Speramus
1353 3772 1369 3802 ,
1400 3735 1496 3794 sed
1528 3741 1695 3810 quid?
1720 3717 1960 3817 Conﬁdis

332 3829 480 3867 mus.
510 3814 670 3880 Quod
692 3816 856 3872 etiam
877 3818 1093 3875 dicebat
1119 3824 1367 3884 scribens
1388 3830 1454 3884 ad
1479 3831 1696 3890 Galatas
1714 3854 1727 3891 :
1743 3814 1963 3909 Conﬁdo

332 3914 515 3959 autem
547 3905 618 3959 de
656 3906 797 3962 vobis
837 3910 893 3963 in
935 3910 1160 3969 Domino
1180 3956 1197 3983 ,
1228 3922 1369 3988 quod
1398 3923 1533 3979 nihil
1572 3928 1723 3982 aliud
1751 3905 1965 4003 sapietis

342 3992 516 4063 (Gal.
549 3996 613 4051 s.
646 3997 928 4068 10).Νοη
974 4002 1135 4071 dixit,
1163 4006 1384 4078 Sapilis,
1422 4014 1518 4069 sed
1564 3992 1823 4089 Sapietis:
1850 4022 1963 4080 illic

335 4089 563 4155 quidem
588 4130 605 4155 ,
642 4092 765 4161 quia
796 4094 954 4151 valde
980 4112 1079 4153 eos
1108 4102 1569 4177 reprehenderat,
1597 4127 1697 4168 nec
1728 4114 1963 4174 habebat

337 4181 485 4234 unde
512 4196 618 4236 eos
650 4197 681 4236 a
713 4183 877 4243 rebus
906 4194 1270 4258 praesentibus
1301 4196 1545 4255 laudaret
1565 4241 1581 4269 ,
1612 4219 1640 4258 a
1684 4205 1881 4264 futuris
1906 4211 1959 4266 id

331 4273 685 4343 aggreditur,
718 4275 929 4345 dicens,
960 4281 1119 4339 Nihil
1145 4287 1297 4343 aliud
1319 4293 1535 4363 sapietis
1560 4311 1580 4349 :
1609 4296 1694 4354 hic
1719 4311 1898 4358 autem
1932 4321 1963 4360 a

332 4368 718 4436 praesentibus
748 4388 763 4425 :
787 4371 1115 4444 Con/idiotas
1144 4391 1341 4447 autem,
1370 4385 1570 4454 dilecti,
1598 4392 1661 4446 de
1687 4395 1827 4452 vobis
1852 4416 1958 4453 me-

328 4457 472 4512 liora
502 4469 554 4512 et
580 4461 836 4516 viciniora
860 4464 1042 4533 saluti,
1074 4471 1172 4525 etsi
1194 4473 1271 4529 sic
1295 4474 1579 4547 loquimur.
1607 4483 1673 4538 Et
1700 4488 1960 4557 quoniam

327 4564 361 4603 ε
395 4552 770 4618 ιιι-ερεειιιίὺυε
790 4571 897 4611 non
926 4560 1091 4616 multa
1122 4563 1355 4624 habebat
1377 4586 1497 4639 qua:
1519 4552 1744 4642 diceret,
1766 4596 1794 4635 a
1823 4599 1959 4653 pra:-

328 4643 519 4697 teritis
544 4643 785 4700 instituit
810 4651 1270 4724 consolationem,
1296 4669 1352 4715 et
1375 4661 1544 4720 dicit:
1573 4667 1660 4723 10.
1684 4669 1807 4727 Non
1823 4643 1959 4731 enim

326 4735 574 4803 injustas
601 4746 681 4791 est
708 4736 852 4795 Deus
872 4783 889 4806 ,
920 4752 976 4796 ut
1004 4746 1336 4805 obliviscatur
1362 4759 1534 4825 operis
1560 4764 1713 4816 vestri
1748 4776 1798 4819 ct
1828 4768 1963 4824 dile-

325 4826 529 4881 ctianis
552 4867 566 4888 .
600 4845 759 4895 quant
803 4834 1096 4891 ostendistis
1133 4839 1188 4894 in
1230 4845 1438 4901 nomine
1466 4848 1662 4919 ipsius,
1699 4857 1788 4925 qui
1814 4860 1941 4913 mini
1952 4892 1964 4901 -

325 4920 552 4972 strastis
582 4922 785 4977 sanctis
813 4934 861 4978 et
892 4928 1217 4990 ministratis.
1251 4934 1444 5008 Papa}!
1470 4920 1743 5011 quomodo
1772 4966 1961 5009 eorum

329 5020 555 5066 recreat
596 5026 653 5067 et
693 5015 988 5074 conﬁrmat
1034 5022 1296 5093 animam,
1326 5045 1416 5085 res
1446 5043 1663 5092 veteres
1694 5055 1960 5099 revocans

331 5104 387 5156 in
432 5105 766 5160 meumriam
790 5150 808 5174 ,
848 5118 903 5165 et
930 5112 1185 5186 redigens
1215 5119 1281 5173 ad
1312 5126 1695 5185 necessitatem
1732 5149 1836 5189 non
1869 5151 1963 5192 ex-

330 5196 629 5265 spectaudi
680 5198 849 5255 Deum
889 5217 1013 5260 esse
1043 5207 1310 5266 oblitum?
1352 5212 1591 5275 Necesse
1619 5232 1701 5277 est
1728 5227 1871 5283 enim
1906 5238 1962 5283 ut

330 5286 426 5341 ille
458 5297 697 5358 peccet,
726 5293 818 5360 qui
865 5309 971 5349 non
1000 5309 1207 5356 certam
1251 5302 1411 5362 habet
1456 5314 1863 5378 persuasionem
1894 5321 1962 5377 de

324 5382 484 5451 justo
513 5382 613 5439 Dei
644 5383 857 5454 judicio
879 5397 936 5444 et
963 5389 1032 5447 de
1056 5408 1212 5466 aequa
1239 5401 1491 5458 mercede
1517 5406 1813 5467 secundum
1838 5412 1962 5471 vitae

401 5546 478 5618 (ᾳ)
506 5545 636 5604 Quae
656 5547 809 5626 [inter
844 5545 1547 5626 duos‘uncinpsclauduntm:
1580 5557 1642 5607 ab
1679 5558 1965 5626 Interprete

334 5605 529 5680 [.atiuo,
561 5621 627 5680 ex
654 5614 823 5681 t;raz_co
846 5622 938 5681 suo
962 5611 1235 5681 exemplari
1258 5605 1497 5679 expreSSa
1524 5605 1966 5681 fuere,”e'tvi1iuiiu:

334 5672 455 5737 iia_ni
484 5669 1005 5737 vetsioyeieguntur.
1028 5673 1081 5723 in
1104 5669 1256 5729 Editis
1270 5669 1435 5729 auiem
1460 5669 1845 5735 ercisinos'tr—is
1862 5669 1963 5737 iiii}.

334 5732 606 5782 habetilm‘.
636 5730 954 5783 Colbcr'tinus
979 5734 1142 5786 Codex
1171 5737 1250 5786 hic
1271 5739 1452 5799 deficit,
1479 5730 1784 5797 ιιιιιιιιιιιῖίὲζ

668 5836 954 5891 ΙἈΤιιοι..
1004 5833 1126 5894 Gn.
1178 5837 1404 5899 LXlll.

1212 294 1275 349 ibi
1316 295 1532 353 Ei‘iST.
1578 296 1668 352 AD
1707 293 1972 352 usuum

2076 337 2083 353 .
2125 298 2283 359 CAP.
2328 300 2417 358 Vi.
2459 302 2696 359 ΙΙΟΜΠ..
2745 305 2813 359 Χ.
3631 309 3698 363 ει»

2099 413 2365 486 rationem
2411 409 2625 476 danda,
2656 422 2709 466 et
2757 422 2815 467 nt
2857 412 3003 469 dicat
3050 415 3217 471 Deum
3263 434 3385 474 esse.
3417 422 3694 491 injustmn.

2099 480 2459 568 Quamobrem
2482 516 2578 556 eos
2601 502 2823 558 omnino
2845 502 3022 575 cncgit
3043 520 3363 576 exstiectare
3382 512 3470 565 illa
3493 512 3695 569 fotum.

2101 595 2241 651 Eum
2272 596 2417 651 enim
2448 597 2536 666 qui
2568 612 2633 651 ex
2679 596 2840 653 rebus
2884 601 3249 668 prmscntibns
3293 604 3601 673 desperavit
3643 620 3701 663 et

2093 672 2332 729 animum
2363 675 2693 747 despondit,
2721 692 2786 734 ex
2816 677 3008 734 futuris
3039 681 3235 749 poterit
3266 672 3533 752 quispiam
3565 698 3692 737 cor-

2094 767 2356 823 roborare
2386 788 2398 825 :
2434 770 2575 824 sicut
2622 772 2736 841 ipse
2786 785 3001 842 quoque
3058 775 3124 826 ad
3178 771 3404 829 Galatas
3451 774 3709 831 scribens

2094 861 2311 916 dicebat
2342 880 2355 915 :
2387 861 2679 919 Currebatis
2724 864 2885 930 bene;
2918 866 3031 934 quis
3070 880 3156 919 vos
3186 866 3489 937 impedivit?
3516 876 3571 922 et
3601 868 3701 921 ite.

2092 966 2209 1007 rum
2239 971 2250 1005 :
2278 954 2445 1007 Tanta
2468 956 2605 1025 passi
2630 956 2750 1009 estis
2772 955 2880 1009 sine
2900 957 3098 1010 causa?
3122 959 3164 1011 si
3189 966 3355 1011 tamen
3378 958 3487 1012 sine
3513 974 3693 1013 causa.

2090 1049 2238 1101 Sicut
2265 1058 2445 1102 autem
2476 1050 2561 1102 hic
2595 1066 2716 1103 cum
2748 1049 3120 1120 tncrepationc
3155 1051 3366 1107 laudem
3407 1054 3577 1122 ponit,
3606 1054 3695 1107 di-

2090 1152 2218 1192 cens
2247 1158 2259 1194 :
2285 1137 2409 1194 Cum
2437 1140 2684 1195 deberetis
2712 1158 2819 1196 esse
2848 1144 3080 1213 magistri
3109 1156 3319 1214 propter
3350 1154 3549 1215 tempus
3577 1162 3595 1200 :
3622 1146 3695 1202 ita

2090 1230 2201 1286 illic
2230 1249 2442 1304 quoque
2469 1252 2483 1289 :
2511 1234 2679 1288 Miror
2704 1236 2841 1305 quod
2868 1246 2970 1289 tam
2999 1237 3097 1290 cito
3128 1241 3502 1309 transferimini
3530 1243 3545 1309 (
3568 1239 3690 1295 Cal.

2087 1322 2141 1375 5.
2174 1322 2224 1375 7.
2253 1334 2298 1377 et
2330 1325 2382 1379 3.
2404 1325 2455 1379 4.
2477 1334 2524 1378 et
2561 1327 2579 1380 l
2628 1326 2703 1397 6).
2731 1326 2873 1383 Laus
2899 1338 2981 1382 est
3003 1344 3124 1383 cum
3148 1329 3506 1386 admiratione
3534 1346 3694 1387 :nam

2085 1412 2152 1467 de
2184 1414 2342 1470 rebus
2370 1417 2577 1487 magnis
2605 1417 2824 1489 quando
2865 1420 3168 1475 exciderint
3211 1422 3493 1478 miramur.
3528 1423 3695 1479 Vides

2086 1504 2143 1561 in
2172 1512 2518 1566 accusatione
2541 1522 2594 1567 et
2623 1513 3049 1584 reprehensione
3075 1516 3402 1574 absconsum
3427 1535 3550 1575 esse
3578 1523 3695 1576 lan-

2084 1599 2245 1657 dem?
2274 1601 2384 1658 Nec
2410 1604 2477 1660 de
2505 1619 2566 1661 se
2593 1606 2769 1661 solum
2800 1606 2904 1662 hoc
2933 1604 3087 1676 dicit,
3113 1609 3206 1665 sed
3232 1611 3395 1667 etiam
3418 1612 3486 1668 de
3515 1616 3695 1668 omni-

2084 1693 2185 1749 bus
2207 1714 2219 1748 :
2241 1712 2345 1750 non
2373 1698 2517 1753 enim
2537 1697 2693 1763 dixit,
2713 1697 2963 1767 Conlidn,
2985 1700 3104 1767 sed,
3125 1699 3446 1773 Conﬁdimus
3469 1706 3533 1759 de
3553 1705 3693 1761 vobis

2087 1786 2304 1843 meliora
2327 1805 2346 1844 :
2373 1789 2424 1844 id
2452 1800 2556 1857 est,
2604 1792 2767 1847 bona.
2802 1795 2906 1849 Ant
2939 1793 3054 1850 haec
3080 1806 3261 1851 autem
3298 1797 3429 1853 dicit
3457 1798 3524 1853 de
3552 1800 3691 1854 bona

2085 1880 2209 1934 vitae
2253 1882 2473 1951 agendi:
2507 1884 2713 1937 ratione
2735 1924 2749 1950 ,
2782 1895 2873 1938 aut
2901 1885 2968 1941 de
2996 1888 3451 1945 remuneratione.
3486 1889 3692 1949 Deinde

2081 1985 2202 2026 cum
2245 1973 2469 2029 dixisset
2502 1976 2749 2045 superius
2780 1978 2922 2048 quod
2957 1979 3027 2033 sit
3054 1980 3287 2049 reproba
3315 1991 3369 2037 et
3401 1984 3690 2040 maledicto

2086 2063 2361 2134 proxima,
2387 2076 2442 2121 et
2467 2067 2612 2137 quod
2641 2070 2739 2123 erit
2772 2070 2826 2124 in
2854 2068 3290 2127 combustionem
3314 2091 3327 2127 :
3350 2087 3418 2130 ne
3443 2075 3691 2133 videatur

2080 2157 2147 2211 de
2179 2155 2247 2211 iis
2277 2156 2466 2214 istbmc
2495 2158 2669 2226 eii‘ari,
2704 2162 2985 2230 sulijnnxit
3013 2163 3196 2219 statim
3234 2184 3247 2219 :
3282 2162 3407 2221 Non
3437 2170 3571 2223 enim
3598 2171 3653 2225 in
3673 2201 3689 2212 -

2075 2248 2255 2318 justus
2281 2259 2352 2305 est
2385 2247 2545 2316 Deus,
2583 2262 2636 2305 ut
2658 2251 2985 2307 obliviscatur
3009 2256 3179 2323 aperis
3210 2258 3362 2311 vestri
3387 2269 3435 2312 et
3460 2260 3688 2316 dilectio-

2094 2342 2205 2407 nis;
2238 2341 2551 2408 ostendens,
2579 2343 2720 2413 quod
2751 2345 2851 2399 etsi
2879 2343 2951 2400 ita
2984 2343 3290 2417 loquimur,
3324 2362 3433 2404 non
3461 2355 3687 2408 omnino

2089 2433 2202 2489 ha-c
2222 2432 2291 2490 de
2319 2434 2471 2490 vobis
2497 2436 2749 2493 dicimus.
2784 2437 2851 2491 Et
2876 2439 2921 2492 si
2953 2438 3021 2493 de
3048 2438 3205 2495 nobis
3235 2454 3341 2496 non
3364 2438 3524 2512 dicis,
3555 2443 3687 2516 quid

2081 2523 2299 2579 demum
2329 2534 2601 2598 tamquam
2625 2525 2842 2583 desides
2872 2529 3209 2601 perstringis,
3233 2540 3287 2586 et
3312 2541 3484 2589 terres
3504 2538 3687 2605 Spina-

2078 2632 2197 2671 rum
2224 2616 2484 2673 reiricans
2514 2620 2869 2674 memoriam?
2900 2621 2987 2674 11.
3008 2618 3259 2691 Cupimus
3292 2634 3466 2679 autem
3497 2634 3685 2682 unum-

2076 2722 2325 2781 quemque
2365 2718 2587 2763 vestrum
2618 2712 2851 2765 eamdem
2883 2713 3147 2767 ostendere
3175 2716 3579 2772 sollicitudinem
3611 2722 3683 2773 nd

2076 2801 2414 2875 expiationem
2439 2805 2548 2875 spei
2576 2821 2736 2875 usque
2765 2806 2818 2860 in
2847 2802 3034 2875 ﬁnem;
3066 2805 3154 2862 i2.
3185 2816 3239 2862 ut
3268 2826 3370 2865 non
3397 2828 3577 2883 segnes
3599 2818 3678 2884 ef-

2077 2894 2330 2968 ﬁciamini
2349 2941 2363 2964 ,
2396 2914 2571 2953 verum
2598 2899 2882 2954 imitatores
2913 2918 3086 2955 eorum
3112 2902 3200 2971 qui
3229 2900 3334 2971 [ide
3360 2916 3406 2958 et
3436 2908 3685 2974 patientia

2076 2991 2427 3046 Itereditabunt
2456 2993 2837 3059 promissiones.

2138 3065 2191 3120 5.
2225 3060 2387 3121 Pauli
2424 3070 2701 3139 prudentia
2747 3072 3017 3130 mirabilis.
3044 3106 3115 3121 η-
3145 3076 3392 3149 Cupimus
3413 3125 3426 3147 ,
3459 3083 3667 3157 inquit:

2072 3172 2177 3211 non
2196 3158 2369 3213 solum
2402 3174 2531 3230 ergo
2564 3162 2630 3217 ad
2650 3162 2809 3220 verba
2832 3180 3002 3237 usque
3023 3167 3123 3223 hoc
3139 3170 3409 3226 Volumus.
3428 3174 3533 3231 Sed
3547 3181 3676 3247 quid

2069 3250 2262 3321 copis?
2289 3252 2549 3323 Cupimus
2575 3270 2670 3311 vns
2693 3256 2972 3314 adhaerere
3000 3261 3183 3315 virtuti
3211 3305 3227 3330 ,
3260 3279 3365 3318 non
3400 3276 3674 3339 tamquam

2069 3344 2245 3414 priora
2268 3346 2715 3417 eondemnantes,
2742 3353 2836 3406 sed
2858 3353 2925 3407 de
2950 3353 3141 3410 futuris
3165 3357 3438 3416 timentes.
3471 3358 3540 3417 Et
3568 3381 3673 3419 non

2067 3436 2224 3505 dixit,
2248 3438 2544 3512 Tamquam
2566 3445 2741 3514 priora
2763 3447 3208 3514 condemnantes,
3234 3454 3327 3508 sed
3353 3461 3635 3526 prieseutia
3659 3478 3674 3514 :

2066 3532 2198 3588 estis
2224 3535 2367 3589 enim
2414 3536 2699 3605 dissoluti,
2755 3540 2882 3597 facti
2915 3546 3047 3599 estis
3087 3548 3385 3617 segniores.
3419 3548 3526 3608 Sed
3556 3558 3675 3609 vide

2066 3637 2226 3692 quam
2258 3626 2467 3695 placide
2519 3625 2570 3684 id
2602 3633 2877 3701 ostendit,
2910 3644 2965 3690 et
2990 3654 3096 3692 nim
3142 3638 3307 3695 leriit.
3356 3642 3495 3711 Quid
3530 3648 3671 3701 cnim

2065 3716 2236 3773 dicit?
2263 3717 2512 3789 Cupimus
2532 3733 2701 3778 autent
2743 3742 3150 3802 unumquemque
3192 3744 3412 3790 vestrum
3442 3739 3672 3793 euindem

2065 3812 2737 3873 ostenderesollicitudinem
2754 3836 2912 3892 usque
2928 3822 2980 3876 in
3004 3825 3177 3893 linem.
3207 3824 3321 3883 lloc
3345 3830 3487 3884 enim
3520 3831 3673 3889 Pauli

2067 3903 2368 3972 prudentia:
2416 3918 2499 3963 est
2543 3909 2862 3968 admirabile
2888 3956 2902 3979 ,
2961 3915 3104 3986 quod
3154 3935 3260 3974 non
3299 3923 3535 3978 ostendit
3577 3941 3674 3979 eos

2064 3995 2317 4064 cessisse,
2340 4009 2393 4054 et
2424 3998 2595 4056 iactos
2616 4018 2737 4059 esse
2764 4007 3125 4064 remissiores.
3156 4006 3346 4069 Dicere
3375 4015 3539 4081 enim,
3564 4011 3672 4073 Cu-

2065 4088 2232 4155 pimus
2262 4107 2669 4165 unumquemque
2698 4109 2866 4152 vestra
2888 4118 2940 4165 τι,
2974 4100 3075 4157 hoc
3126 4113 3233 4171 est,
3285 4107 3506 4174 perinde
3536 4125 3600 4166 ac
3624 4112 3670 4167 si

2062 4180 2212 4235 dicas
2245 4199 2259 4241 :
2291 4181 2427 4238 Volo
2458 4195 2510 4241 te
2540 4204 2755 4258 semper
2776 4192 3017 4258 studere,
3048 4202 3104 4249 et
3133 4192 3307 4265 qualis
3330 4199 3477 4269 prius
3508 4217 3667 4267 eras,

2066 4272 2226 4329 talem
2267 4287 2391 4333 esse
2424 4287 2478 4333 et
2508 4295 2651 4335 nunc
2672 4293 2727 4336 et
2756 4282 2807 4337 in
2838 4294 3136 4355 posterum.
3169 4287 3282 4345 Hoc
3319 4291 3463 4346 enim
3488 4290 3669 4350 mitio-

2064 4382 2176 4423 rem
2198 4363 2326 4425 i‘acit
2352 4371 2855 4443 reprehensionem,
2879 4388 2933 4433 et
2958 4394 3063 4434 non
3086 4396 3229 4452 agre
3257 4382 3668 4445 admittendam.

2062 4458 2174 4515 Nec
2199 4460 2353 4525 dicit,
2386 4456 2545 4529 Volo,
2577 4461 2719 4536 quod
2750 4474 2866 4523 erat
2891 4468 3120 4526 docendi
3147 4475 3517 4543 auctoritatis;
3551 4479 3668 4542 sed,

2063 4553 2206 4623 quod
2238 4562 2479 4624 paternae
2525 4568 2643 4613 erat
2672 4554 3067 4617 benevolentia:
3099 4566 3271 4636 magis
3300 4584 3459 4638 quam
3493 4570 3628 4627 velle
3652 4615 3668 4637 ,

2064 4645 2345 4718 Cupimus;
2370 4649 2760 4721 prepemodum
2789 4653 3007 4712 dicens:
3041 4656 3309 4729 ignoscite
3334 4661 3377 4717 si
3406 4664 3531 4733 quid
3558 4682 3670 4720 mo-

2062 4736 2257 4793 lestum
2295 4748 2352 4795 et
2396 4756 2559 4812 grave
2590 4742 2919 4803 dixi-rimus.
2964 4747 3211 4817 Cupimus
3267 4768 3673 4827 unumquemque

2063 4842 2282 4887 vestrum
2323 4832 2557 4891 eamdem
2606 4839 2876 4895 ostendere
2903 4842 3302 4898 sollicitudinem
3324 4846 3394 4898 ad
3420 4849 3670 4919 explatio-

2064 4940 2177 4980 ncm
2202 4924 2311 4996 spei
2332 4937 2511 4984 vestra:
2536 4946 2693 4999 usque
2719 4932 2770 4985 in
2800 4933 2975 5001 ﬁnem.
3003 4931 3143 5000 Quid
3174 4946 3259 4991 est
3302 4937 3447 4992 hoc?
3490 4940 3626 5010 Spes
3650 4982 3667 5005 ,

2064 5016 2255 5088 inquit,
2284 5029 2485 5088 portat,
2527 5020 2643 5091 ipsa
2687 5036 2897 5080 recreat
2932 5026 3046 5083 :Ne
3092 5022 3429 5099 aiﬂ:gatnini,
3477 5046 3542 5086 ne
3570 5034 3670 5087 de-

2062 5114 2311 5182 Speretis,
2349 5131 2415 5170 ne
2447 5116 2517 5170 sit
2543 5126 2723 5172 vestra
2764 5133 2889 5189 spes
2931 5135 3329 5191 supervacanea
3363 5140 3376 5176 :
3411 5140 3532 5178 nam
3578 5129 3669 5197 qui

2063 5204 2202 5260 bona
2234 5216 2510 5276 operatur,
2559 5208 2697 5263 bona
2730 5219 2934 5280 Sperat,
2985 5220 3038 5265 et
3070 5228 3359 5283 numquam
3387 5215 3455 5272 de
3487 5234 3545 5273 se
3576 5216 3672 5273 des

2063 5307 2264 5368 sperat.
2308 5297 2376 5353 Ut
2424 5315 2526 5354 non
2554 5317 2731 5373 segnes
2771 5301 3076 5374 cﬁiciamini,
3101 5303 3279 5362 adhuc
3310 5306 3620 5366 el'fn-ianiini
3654 5329 3668 5366 :

2064 5394 2227 5465 Atqui
2283 5393 2513 5478 dicebat
2562 5397 2856 5469 superius,
2933 5398 3189 5469 Quoniam
3250 5403 3494 5460 imbecilli
3550 5408 3673 5478 {acti

2072 5481 2192 5531 estis
2221 5477 2292 5530 ad
2315 5479 2643 5551 audiendum.
2668 5480 2781 5535 Sed
2820 5481 2939 5535 vide
2970 5484 3241 5553 quomodo
3283 5477 3567 5558 segnitiem
3598 5490 3669 5545 ibi

2072 5570 2136 5623 ad
2167 5571 2408 5633 auditum
2456 5587 2624 5642 usque
2665 5575 2946 5642 statuerit;
2984 5575 3071 5633 hic
3111 5588 3290 5633 autem
3341 5578 3482 5634 aliud
3514 5580 3675 5640 tacite

2072 5664 2331 5732 signiﬁcat
2357 5682 2367 5716 :
2389 5680 2511 5719 cum
2543 5659 2786 5720 dicturus
2816 5667 2959 5723 enim
2988 5679 3152 5735 esset,
3183 5666 3259 5725 Ne
3288 5674 3670 5739 permaneatis,

2072 5757 2227 5827 dixit,
2277 5756 2356 5812 Ne
2405 5775 2583 5829 segnes
2630 5757 2941 5830 eﬂiciamini.
2974 5762 3179 5817 Rursus
3207 5779 3300 5816 eos
3338 5765 3402 5815 ad
3434 5764 3667 5821 futurum

3315 5856 3353 5921 6
