4172 6528
563 354 626 407 87
1281 352 1340 410 S.
1380 349 1660 411 JOANNIS
1694 347 2173 408 CllRYSOSTOMI
2212 350 2530 410 ARClllEf‘.
2571 351 3108 411 CONSTANTINOP.
3427 374 3440 381 ·
3773 357 3845 413 88

571 478 780 535 tempus
811 463 1013 536 profert
1033 465 1173 536 quod
1202 465 1371 535 culpa:
1401 481 1508 520 non
1534 475 1617 521 est
1640 465 1819 529 afﬁne,
1847 465 2052 534 dicens,
2085 463 2153 521 Ut

571 573 673 610 non
713 559 968 628 segniores
1021 558 1324 628 eﬂiciamini.
1373 557 1522 612 Illius
1565 558 1709 613 enim
1738 557 1879 629 quod
1913 559 2150 614 nondum

569 661 670 716 est,
701 667 988 722 numquam
1010 652 1268 706 fuerimus
1291 652 1464 722 culpae
1485 652 1723 708 obnoxii.
1747 654 1878 710 Nam
1903 655 1968 721 is,
1993 669 2150 724 quem

568 742 688 809 quis
715 741 957 795 hortatur
983 750 1041 796 ut
1069 741 1123 795 in
1164 757 1408 812 praesens
1434 744 1504 796 sit
1529 743 1759 814 diligens
1784 754 1837 800 et
1866 746 2150 814 sollicitus,

568 848 688 888 cum
719 835 787 887 sit
815 834 1110 902 negligens,
1133 833 1364 890 fortasse
1409 835 1513 890 erit
1541 837 1702 890 etiam
1745 839 1942 910 pigrior
1966 851 2020 894 et
2055 859 2151 897 ne-

567 923 884 992 gligentior;
916 939 1076 994 quem
1101 933 1279 980 autem
1305 928 1356 980 in
1386 927 1647 995 futurum,
1668 944 1771 982 non
1801 929 1889 984 ita.
1909 930 2154 1001 Cupimus

565 1024 750 1078 autem,
794 1015 984 1084 inquit,
1031 1033 1434 1088 unumquemque
1457 1029 1697 1074 vestrum.
1729 1020 1889 1076 Multa
1918 1024 2153 1099 benevo-

567 1107 725 1162 lentia
757 1119 838 1162 cst
862 1127 876 1161 :
901 1118 955 1163 et
979 1125 1292 1180 magnorum
1319 1121 1370 1166 ct
1394 1127 1676 1181 parvorum
1700 1114 1949 1170 similiter
1970 1132 2152 1174 curam

564 1200 719 1267 gerit,
752 1210 808 1255 et
839 1201 990 1255 novit
1032 1217 1243 1268 omnes,
1277 1211 1332 1257 et
1382 1204 1651 1257 neminem
1683 1203 1940 1274 despicit;
1972 1207 2065 1262 sed
2097 1210 2150 1263 in

563 1307 1000 1363 unumquemque
1044 1294 1286 1350 eamdem
1343 1296 1481 1365 gerit
1534 1311 1740 1362 curam,
1773 1306 1827 1352 et
1866 1314 2045 1366 parem
2099 1301 2148 1353 in

563 1398 754 1438 omnes
786 1385 1067 1439 honorem.
1108 1385 1258 1441 Unde
1299 1388 1460 1441 etiam
1493 1388 1661 1457 magis
1691 1390 2063 1457 persnadebat,
2094 1401 2152 1444 ut

565 1475 852 1529 verberum
877 1476 1209 1545 susciperent
1256 1477 1553 1530 molestiam
1583 1487 1639 1532 et
1687 1480 2050 1548 asperitatem.
2084 1479 2150 1536 Ut

475 1611 483 1619 .
566 1580 666 1616 non
695 1581 889 1635 segnes,
926 1566 1115 1635 inquit,
1149 1567 1455 1637 eﬂiciamini.
1489 1567 1619 1622 Nam
1652 1577 1711 1624 ut.
1753 1571 1956 1625 desidia
2007 1572 2152 1628 lzedit

566 1667 758 1722 corpus
787 1670 800 1705 :
836 1653 904 1706 ita
932 1655 1096 1708 etiam
1127 1656 1360 1709 animam
1381 1658 1608 1711 cessatio
1655 1673 1684 1710 a
1725 1658 1881 1712 bonis
1911 1662 2150 1731 supinio-

567 1759 678 1796 rem
724 1744 915 1809 reddit,
963 1755 1018 1799 et
1047 1746 1370 1816 ignaviorem
1402 1757 1456 1801 et
1485 1748 1826 1805 imbecillam.
1861 1748 2149 1808 lmitatores

564 1845 748 1901 autem,
774 1837 960 1905 inquit,
980 1852 1150 1890 eorum
1171 1838 1258 1906 qui
1283 1855 1370 1906 per
1386 1839 1539 1907 ﬁdem
1563 1849 1611 1894 et
1633 1843 1925 1909 patientiam
1951 1844 2149 1900 [teredi-

565 1937 672 1980 tant
703 1929 1078 1997 promissiones.
1112 1929 1178 1983 Et
1203 1931 1417 1999 quinam
1451 1931 1502 1985 hi
1555 1933 1681 1995 sint,
1711 1933 1967 2004 deinceps
1995 1936 2142 1992 dicit.

565 2018 717 2072 Prius
731 2019 882 2082 dixit,
903 2018 1185 2074 lmitamiui
1201 2037 1260 2075 ea
1281 2038 1398 2092 qua:
1427 2025 1572 2092 prius
1593 2039 1622 2078 a
1647 2025 1797 2080 vobis
1830 2036 1975 2082 recte
1999 2040 2145 2099 gesta

561 2118 687 2162 sunt
718 2128 730 2163 :
761 2111 954 2166 deinde
983 2128 1048 2165 ne
1076 2111 1277 2179 dicant,
1301 2117 1689 2184 qumnam?eos
1714 2117 1933 2172 deducit
1951 2121 2016 2174 ad
2049 2138 2144 2190 pa-

568 2201 882 2268 triarcham,
906 2217 1090 2256 eorum
1119 2203 1334 2272 quidem
1361 2221 1479 2275 quae
1506 2215 1648 2261 recte
1670 2218 1818 2278 gesta
1849 2218 1993 2278 sunt,
2018 2213 2146 2282 ipsis

561 2295 773 2363 propria
801 2296 1040 2364 exempla
1066 2295 1326 2362 aﬂ'erens;
1360 2314 1425 2351 ne
1468 2308 1644 2352 autem
1676 2309 1920 2368 putarent
1947 2318 2006 2358 se
2025 2318 2146 2359 esse

560 2385 827 2448 desertos,
860 2401 888 2438 a
918 2387 1218 2454 patriarcha
1241 2387 1526 2443 confortat.
1564 2389 1672 2443 lloc
1693 2399 1870 2446 autem
1903 2391 2048 2460 facit,
2077 2411 2146 2451 ne

557 2475 804 2532 dicerent
832 2493 891 2532 se
918 2487 1258 2547 contemples
1277 2481 1429 2550 quasi
1461 2481 1658 2536 nullius
1685 2483 1838 2552 pretii
1859 2483 2144 2541 derelictos

560 2568 761 2634 fuisse;
789 2569 882 2624 sed
902 2580 1121 2640 possent
1142 2571 1282 2626 scire
1308 2571 1446 2641 quod
1478 2573 1713 2627 virorum
1748 2574 1898 2628 valde
1920 2591 2146 2645 genero-

559 2673 740 2713 sarum
768 2669 824 2715 et
871 2663 1086 2715 fortium
1131 2663 1201 2716 sit
1234 2663 1354 2727 hoc,
1385 2679 1577 2734 nempe
1605 2665 1742 2719 viam
1798 2667 2001 2737 ingredi
2048 2683 2144 2739 per

561 2751 901 2816 tentationes,
932 2761 986 2806 et
1010 2752 1152 2820 quod
1190 2753 1318 2808 viris
1347 2757 1554 2826 magnis
1594 2766 1649 2810 et
1698 2756 2026 2814 admirandis
2066 2760 2144 2817 sie

557 2856 691 2896 usus
735 2840 803 2895 sit
831 2842 990 2896 Deus.
1039 2842 1260 2912 Oportet
1289 2857 1492 2911 autem,
1535 2846 1723 2916 inquit,
1777 2849 1954 2904 omnia
2001 2848 2143 2906 ferre

559 2949 680 2987 cum
708 2935 992 3002 patientia:
1015 2934 1115 2990 hoc
1145 2937 1284 2990 enim
1314 2947 1396 2992 est
1423 2939 1583 2993 etiam
1612 2940 1854 2997 credere.
1879 2941 1934 2997 Si
1965 2955 2141 2998 autem

559 3024 700 3078 dicat
715 3026 854 3094 quod
871 3025 980 3093 det,
999 3035 1050 3081 et
1068 3028 1244 3082 statim
1261 3031 1553 3098 acceperis,
1575 3031 1701 3102 quid
1717 3033 2022 3090 credidisti?
2038 3051 2141 3090 non

559 3123 660 3177 est,
693 3115 881 3184 inquit,
907 3116 1134 3186 amplius
1161 3126 1264 3172 tute
1310 3118 1452 3182 ﬁdei.
1482 3121 1578 3176 sed
1619 3137 1773 3188 mete,
1825 3125 2026 3194 inquit,
2049 3126 2141 3196 qui

566 3202 826 3266 promissa
859 3204 1005 3272 prius
1035 3208 1246 3278 explevi
1302 3220 1357 3267 et
1379 3211 1525 3267 dedi.
1578 3212 1674 3268 Sin
1713 3223 1890 3271 autem
1927 3217 2100 3276 dicam
2127 3265 2146 3293 ,

564 3290 662 3356 Do,
687 3301 742 3345 et
769 3303 887 3362 post
915 3306 1127 3352 centum
1156 3315 1328 3357 annos
1347 3302 1510 3368 dabo,
1536 3313 1588 3359 tu
1619 3315 1798 3362 autem
1827 3323 1932 3364 non
1949 3290 2146 3383 despe;

557 3381 790 3450 caveris,
819 3392 943 3439 tunc
973 3401 1059 3442 me
1084 3390 1401 3447 existimasti
1426 3394 1530 3448 ﬁde
1555 3395 1794 3466 dignum,
1826 3406 1954 3454 tunc
1984 3381 2147 3458 habes

553 3473 630 3525 de
671 3488 753 3528 me
807 3490 925 3530 eam
965 3494 1122 3546 quam
1179 3497 1277 3552 par
1312 3494 1395 3538 est
1438 3486 1769 3554 Opinionem.
1813 3489 1974 3546 Vides
2002 3495 2146 3564 quod

557 3576 706 3631 εωρθ
744 3567 981 3622 nascitur
1010 3571 1378 3641 incredulitas,
1410 3591 1515 3629 non
1548 3577 1720 3632 solum
1752 3594 1815 3634 ex
1866 3581 1981 3650 spei
2023 3599 2148 3654 ege-

561 3661 721 3718 state,
752 3655 846 3711 sed
875 3659 1034 3712 etiam
1061 3675 1125 3715 ex
1171 3663 1629 3734 pusillanimitate,
1669 3678 1721 3722 et
1754 3672 1894 3739 quod
1926 3687 2032 3727 non
2073 3675 2148 3730 sis

555 3747 783 3815 patienti
823 3764 1024 3819 animo,
1076 3763 1130 3808 et
1168 3769 1274 3808 non
1300 3770 1365 3811 ex
1393 3771 1459 3812 eo
1490 3759 1580 3828 qui
1627 3762 1887 3829 promisit.
1924 3762 2047 3819 Non
2074 3776 2146 3820 est

549 3838 713 3902 enim,
747 3839 940 3910 inquit,
972 3843 1193 3912 injustus
1221 3843 1377 3912 Deus,
1413 3857 1472 3900 ut
1510 3849 1834 3905 obliviscatur
1861 3856 2146 3912 dilectionis

559 3940 736 3983 vestra!
749 3941 795 3984 et
806 3933 1182 3999 sollicitudinis,
1201 3953 1354 4008 quam
1373 3940 1661 3994 ostendistis
1680 3943 1731 3996 in
1745 3945 1944 3998 nomine
1963 3945 2143 4016 ipsius,

553 4021 647 4088 qui
672 4022 994 4077 ministrastis
1015 4027 1204 4079 sanctis
1223 4037 1270 4080 et
1289 4028 1607 4085 ministratis.
1628 4031 1813 4103 Magna
1835 4033 1903 4090 de
1935 4036 2038 4090 illis
2067 4048 2144 4093 te-

558 4112 839 4175 stificatur.
875 4129 982 4168 non
1012 4131 1174 4185 opera
1208 4125 1434 4185 tantum,
1459 4121 1552 4175 sed
1590 4131 1642 4177 et
1669 4123 1834 4179 alacri
1864 4127 2042 4180 animo
2066 4129 2143 4181 fa-

551 4212 638 4256 cta
671 4221 685 4255 :
720 4204 769 4258 id
796 4207 938 4275 quod
971 4207 1095 4265 alibi
1127 4219 1201 4264 att
1228 4228 1241 4264 :
1279 4209 1399 4266 Non
1427 4213 1592 4268 solum
1627 4226 1831 4288 autem,
1871 4220 1961 4272 sed
1989 4231 2036 4273 et
2061 4238 2138 4274 se-

556 4294 694 4361 ipsos
739 4298 986 4352 dederunt
1031 4299 1254 4358 Domino
1298 4315 1344 4358 et
1392 4307 1555 4360 nobis.
1606 4309 1771 4374 Quam
1815 4313 2140 4375 ostendistis.

559 4384 748 4453 inquit,
783 4388 834 4440 in
865 4389 1068 4444 nomine
1091 4393 1224 4462 ejus,
1245 4394 1331 4460 qui
1358 4396 1680 4453 ministrastis
1707 4401 1897 4454 sanctis
1922 4413 1966 4454 et
1995 4403 2144 4456 mini-

557 4478 747 4531 stratis.
779 4478 909 4534 Vide
930 4484 1200 4551 quomodo
1226 4485 1345 4541 illos
1373 4502 1558 4542 rursus
1585 4500 1756 4556 curat,
1789 4501 1844 4545 ut
1874 4495 1962 4563 qui
1991 4494 2128 4548 dixe-

557 4567 624 4620 rit
649 4580 700 4621 et
737 4569 821 4622 hic
865 4573 1158 4640 repetierit.
1195 4575 1296 4642 Qui
1339 4577 1670 4645 ministratis,
1704 4591 1762 4634 ut
1789 4597 1883 4636 eos
1921 4585 2137 4652 excitat,

557 4659 848 4714 ostendens
897 4663 1036 4731 quod
1083 4679 1188 4720 non
1239 4666 1348 4721 illis
1380 4666 1626 4736 fecerint,
1676 4671 1770 4724 sed
1801 4672 1928 4728 Deo.
1967 4674 2134 4741 Quam

555 4751 865 4817 ostendistis,
923 4753 1113 4824 inquit,
1172 4770 1279 4810 non
1325 4757 1501 4812 solum
1558 4761 1611 4813 in
1653 4773 1886 4830 sanctos,
1930 4766 2023 4820 Sed
2081 4769 2132 4822 in

556 4838 721 4893 Deum
753 4861 765 4894 :
797 4841 898 4897 hoc
925 4846 1066 4897 enim
1116 4854 1219 4912 est,
1275 4844 1343 4900 In
1385 4848 1587 4904 nomine
1627 4851 1824 4920 ipsius;
1875 4869 1940 4911 ac
1968 4857 2012 4910 si
2058 4857 2138 4911 di-

481 4939 485 4948 ‘
553 4943 721 4999 ceret,
752 4934 974 5005 Propter
1003 4949 1197 4992 nomen
1245 4936 1363 5008 ejus
1406 4941 1584 4994 omnia
1630 4941 1851 4999 fecistis.
1879 4945 1980 5014 Qui
2007 4963 2135 5020 ergo

555 5032 758 5078 tantam
807 5041 838 5079 a
891 5025 1044 5081 vobis
1087 5027 1282 5099 accipit
1325 5030 1740 5090 sollicitudinem
1785 5046 1839 5092 et
1883 5037 2132 5096 dilectio-

554 5130 717 5181 nem,
766 5131 860 5172 vos
915 5133 1207 5190 numquam
1255 5122 1533 5194 despiciet,
1563 5141 1738 5198 neque
1785 5131 1954 5188 vestri
1998 5133 2137 5190 obli-

473 5203 478 5206 ’
552 5206 802 5262 viscetur.

621 5299 680 5352 4.
711 5297 837 5354 Hice
862 5299 1160 5370 audientes,
1188 5320 1336 5377 rogo,
1368 5307 1734 5367 ministremus
1756 5315 1974 5371 sanctis.
2003 5317 2131 5372 Om-

553 5391 636 5444 nis
672 5393 817 5444 enim
849 5391 1023 5448 ﬁdelis
1066 5406 1149 5449 est
1193 5408 1409 5454 sanctus
1436 5441 1450 5465 ,
1481 5412 1747 5472 quatenus
1790 5415 1873 5460 est
1913 5407 2085 5463 ﬁdelis
2116 5429 2132 5468 :

461 5549 468 5559 .
550 5483 760 5538 etiamsi
787 5485 908 5555 quis
935 5486 1005 5542 sit
1031 5489 1332 5546 mundanus
1357 5503 1412 5548 et
1458 5497 1755 5563 saecularis,
1780 5509 1861 5553 est
1883 5509 2132 5558 sanctus:

552 5570 917 5644 Sanctiﬁcatus
946 5577 1088 5633 enim
1114 5621 1128 5648 ,
1156 5580 1361 5651 inquit,
1395 5597 1468 5638 est
1506 5586 1583 5639 vir
1610 5587 1834 5655 inﬁdelis
1861 5589 1914 5644 in
1955 5607 2130 5660 uxore,

550 5676 595 5718 et
623 5684 750 5721 uxor
774 5669 992 5736 inﬁdelis
1016 5674 1069 5726 in
1091 5674 1199 5728 viro
1231 5675 1304 5745 (Ι.
1335 5673 1451 5732 Cor.
1487 5677 1539 5733 7.
1574 5678 1686 5753 14).
1709 5679 1842 5738 Vide
1863 5695 2135 5753 quomodo

552 5759 683 5812 fides
709 5757 832 5814 facit
855 5763 1356 5822 sanetiﬁcationem.
1387 5766 1444 5823 Si
1469 5782 1600 5836 ergo
1631 5770 1960 5829 mundanum
1984 5775 2135 5834 vide-

2263 455 2430 506 rimus
2471 457 2520 508 iu
2567 456 2746 526 aliquo
2791 452 3103 525 infortunio,
3144 477 3361 518 manum
3390 469 3442 519 et
3483 468 3843 540 porrigamns.

2261 543 2339 599 Nc
2383 546 2432 598 in
2482 561 2575 600 eos
2620 549 2792 602 solum
2839 550 2928 620 qui
2973 550 3165 607 sedent
3207 555 3258 608 in
3300 559 3568 614 montibus
3599 575 3842 621 tto-trum

2260 638 2491 693 studium
2521 640 2867 697 ostendamus
2907 661 2920 696 :
2947 644 3020 698 illi
3050 645 3268 715 quidem
3295 659 3419 703 sunt
3459 656 3626 707 sancti
3656 665 3709 710 et
3737 660 3846 714 vita

2260 739 2313 786 et
2344 729 2479 795 ﬁde;
2529 734 2697 788 sancti
2735 745 2912 787 autem
2954 733 3005 788 hi
3050 751 3262 808 quoque
3308 739 3432 806 ﬁde,
3471 744 3622 798 multi
3665 757 3847 804 autem

2231 825 2418 880 'etism
2448 824 2576 880 vita.
2610 825 2687 881 Ne
2711 867 2726 893 ,
2757 827 2802 880 si
2834 829 3152 885 monachum
3189 830 3479 888 viderimus
3509 835 3559 889 in
3590 853 3846 906 carcere,

2252 917 2380 968 tunc
2408 913 2802 985 ingrediamur;
2833 917 2914 968 sin
2942 927 3119 971 autem
3151 921 3499 985 mundanum,
3531 940 3636 979 non
3668 928 3844 998 ingre-

2252 1006 2462 1060 diantur
2489 1023 2504 1060 :
2533 1014 2615 1060 est
2643 1005 2727 1060 hic
2749 1023 2963 1077 quoque
2984 1022 3202 1066 sanctus
3228 1023 3279 1066 et
3307 1013 3486 1068 frater.
3519 1017 3656 1085 Quid
3683 1035 3838 1084 vero,

2253 1097 2443 1165 inquit,
2491 1097 2534 1150 si
2576 1098 2645 1150 sit
2691 1098 2996 1153 immundus
3037 1111 3092 1155 et
3134 1103 3466 1159 sceleratus?
3497 1107 3631 1162 Audi
3677 1109 3841 1163 telluri-

2250 1201 2390 1242 stum
2438 1189 2745 1244 dicentem:
2799 1189 2976 1245 Nolite
3011 1195 3272 1263 judicare.
3307 1207 3358 1249 ut
3397 1214 3499 1252 non
3532 1199 3842 1269 judicentini

2251 1279 2464 1343 (Matth.
2503 1279 2555 1334 7.
2599 1281 2676 1350 l).
2710 1280 2787 1334 'l‘u
2831 1279 2912 1335 fac
2950 1293 3169 1352 propter
3199 1285 3385 1340 Deum.
3424 1289 3488 1342 Et
3517 1290 3642 1358 quid
3673 1292 3842 1346 dico?

2255 1371 2454 1423 ttiamsi
2482 1385 2547 1425 ex
2579 1372 2827 1440 gentibus
2854 1373 3158 1444 quempiam
3191 1375 3481 1433 viderimus
3511 1381 3562 1434 in
3607 1381 3839 1438 infertu-

2251 1461 2361 1525 uio,
2391 1469 2604 1530 oportet
2632 1462 2680 1515 ei
2711 1463 3061 1528 benefacere;
3095 1475 3168 1530 et,
3195 1475 3251 1520 ut
3271 1469 3437 1523 semel
3465 1470 3662 1538 dicam,
3685 1475 3837 1529 etntti

2251 1549 2454 1604 homini
2481 1551 2564 1605 eui
2593 1552 2808 1606 adversi
2838 1553 3037 1624 aliquid
3063 1556 3258 1611 accidit
3283 1576 3295 1610 :
3322 1561 3492 1613 multo
3521 1572 3697 1617 autem
3721 1580 3839 1618 ma-

2246 1641 2330 1708 gis
2357 1643 2626 1698 mundano
2656 1643 2822 1700 fideli.
2865 1647 3000 1701 Audi
3031 1647 3253 1705 Paulum
3286 1651 3592 1721 dicentem,
3633 1655 3838 1712 Bonum

2247 1732 2398 1794 facile
2434 1734 2503 1787 ad
2531 1751 2736 1801 omnes,
2779 1737 2999 1791 maxime
3036 1749 3206 1793 autem
3249 1741 3318 1796 ad
3365 1745 3666 1801 domesticos
3711 1750 3839 1816 ﬁdei

2245 1823 2390 1886 (Gal.
2423 1827 2475 1879 (λ.
2513 1826 2625 1900 10).
2659 1828 2765 1883 Sed
2806 1831 2988 1886 nescio
3018 1833 3159 1888 unde
3188 1834 3290 1890 hoc
3319 1838 3388 1891 sit
3427 1839 3786 1896 introductum
3813 1885 3834 1910 ,

2243 1927 2298 1972 et
2337 1918 2603 1974 ttndcnam
2641 1919 2754 1975 lucc
2787 1922 3038 1978 invaserit
3063 1927 3419 1982 consuetudo.
3455 1929 3586 1985 Nam
3616 1934 3704 2002 qui
3737 1950 3838 1989 eos

2241 2009 2414 2063 solum
2447 2011 2638 2079 quaerit
2664 2012 2752 2081 qui
2778 2013 2937 2067 vitam
2965 2025 3129 2084 agunt
3159 2017 3475 2085 solitariam,
3507 2031 3562 2076 et
3593 2024 3702 2077 vult
3725 2025 3838 2080 illis

2243 2101 2579 2169 benefacere,
2610 2113 2664 2159 et
2691 2104 2760 2158 de
2792 2104 2899 2158 illis
2931 2120 3119 2162 rursus
3153 2111 3364 2165 curiose
3398 2122 3644 2168 scrutans
3670 2125 3726 2170 et
3749 2116 3837 2171 di-

2238 2208 2370 2248 cens
2399 2211 2414 2246 :
2443 2193 2498 2248 Si
2531 2209 2635 2248 non
2667 2194 2737 2248 sit
2763 2195 2978 2265 dignus,
3006 2198 3051 2250 si
3084 2213 3188 2253 non
3213 2199 3505 2270 sitjustus,
3538 2205 3583 2258 si
3614 2220 3720 2259 non
3751 2206 3834 2259 fa-

2237 2284 2345 2338 ciat
2371 2286 2543 2354 signa,
2584 2301 2798 2339 manum
2838 2302 2942 2340 non
2972 2289 3240 2358 porrigant
3274 2307 3288 2345 :
3319 2292 3680 2365 eieemosynaa
3711 2298 3834 2366 plu-

2246 2379 2440 2432 rimutn
2472 2377 2733 2443 detraxit,
2774 2378 2900 2449 quin
2927 2381 3088 2434 etiam
3118 2380 3219 2436 hoc
3257 2382 3428 2452 ipsum
3457 2400 3668 2456 queque
3694 2397 3833 2443 tem-

2239 2484 2370 2538 pore
2395 2467 2722 2538 procedente
2761 2484 2949 2524 rursus
2976 2470 3203 2527 auferet.
3237 2475 3395 2544 Atqui
3435 2477 3522 2530 illa
3553 2479 3714 2532 etiam
3743 2491 3829 2536 est

2239 2562 2580 2632 eleemosyna
2609 2575 2728 2630 qua:
2757 2561 2817 2614 fit
2845 2561 2896 2615 in
2931 2572 3266 2631 peccatores,
3308 2581 3428 2636 qua:
3455 2567 3506 2620 in
3537 2585 3677 2624 reos.
3712 2571 3828 2627 Hoc

2236 2654 2379 2709 enim
2419 2663 2503 2708 est
2529 2653 2873 2724 eleemosyna
2901 2693 2916 2718 ,
2945 2669 3050 2708 non
3081 2669 3268 2710 eorum
3297 2659 3385 2728 qui
3420 2659 3554 2713 bona
3585 2661 3828 2719 fecerunt

2238 2764 2422 2817 epera,
2472 2747 2567 2802 sed
2610 2762 2800 2803 eorum
2844 2747 2936 2816 qui
2981 2759 3293 2817 peccarunt,
3339 2752 3606 2808 misereri.
3654 2756 3717 2810 Et
3767 2769 3828 2812 ut

2236 2841 2396 2904 scias,
2426 2838 2549 2892 audi
2570 2837 2768 2893 Christi
2799 2839 3130 2907 parabolam.
3160 2839 3456 2906 Descendit,
3491 2845 3678 2914 inquit,
3711 2852 3826 2916 qui-

2235 2933 2356 2985 dam
2383 2931 2446 2983 ab
2483 2927 2820 3000 Jerosolymis
2859 2931 2913 2983 in
2952 2927 3162 2985 Iericho
3183 2973 3198 2996 ,
3237 2943 3283 2984 et
3313 2933 3491 2988 incidit
3519 2936 3570 2989 in
3602 2937 3824 2994 latrones

2234 3022 2382 3095 (Luc.
2408 3019 2497 3076 10.
2525 3020 2616 3075 50.
2647 3020 2810 3090 seqq.)
2839 3033 2857 3074 :
2886 3028 2942 3075 et
2967 3035 3090 3076 cum
3119 3037 3244 3077 eum
3293 3025 3696 3096 verberassent,
3728 3047 3822 3086 re.

2232 3117 2507 3186 liquerunt
2537 3114 2589 3166 in
2618 3113 2701 3164 via
2730 3111 3137 3166 semimortuum
3169 3116 3490 3171 sauciatum.
3535 3118 3694 3175 Venit
3719 3138 3822 3177 au-

2233 3215 2341 3261 tem
2385 3204 2520 3258 forte
2550 3201 2766 3273 quidam
2815 3201 3022 3270 Levita,
3066 3212 3122 3258 et
3158 3219 3280 3259 eum
3311 3207 3483 3264 visum
3513 3215 3819 3279 prietes-iit:

2215 3297 2584 3364 similiterque
2622 3292 2878 3348 sacerdos
2920 3293 3013 3348 illo
3039 3295 3156 3350 viso
3188 3300 3502 3366 praeterivit.
3535 3301 3688 3358 Venit
3718 3306 3820 3360 de-

2233 3405 2380 3446 mum
2425 3387 2641 3458 quidam
2686 3385 3077 3454 Samaritanus,
3121 3398 3176 3444 et
3218 3391 3438 3445 multam
3478 3394 3596 3464 ejus
3631 3411 3820 3454 curam

2202 3483 2396 3554 gessit
2429 3497 2442 3535 :
2475 3479 2713 3549 alligavit
2759 3479 3002 3544 vulnera,
3053 3479 3246 3534 infudit
3293 3482 3508 3548 oleum,
3563 3487 3824 3556 imposuit

2232 3575 2405 3635 asino,
2431 3571 2583 3626 duxit
2609 3569 2661 3624 in
2685 3569 3063 3636 diversorium,
3092 3569 3332 3640 dixitque
3359 3574 3611 3643 prinfecto
3639 3579 3822 3634 diver-

2232 3665 2582 3729 sorii,t2nram
2603 3660 2718 3730 ejus
2738 3674 2887 3729 gere.
2914 3658 2982 3713 Et
3002 3659 3126 3714 vide
3147 3676 3391 3732 magnam
3414 3664 3817 3724 liberalitatem:

2235 3753 2301 3808 Et
2331 3768 2442 3823 ego,
2473 3751 2665 3820 inquit,
2694 3750 2826 3803 dabo
2865 3751 2951 3803 tibi
2977 3751 3223 3820 quidquid
3253 3754 3578 3823 impendsris.
3611 3760 3820 3817 Deinde

2195 3847 2538 3913 interrogat,
2594 3841 2721 3908 Quis
2770 3850 2840 3894 est
2884 3857 3037 3911 ergo,
3088 3843 3292 3912 ittquit,
3343 3847 3455 3916 ejus
3502 3850 3813 3918 proximus?

2227 3931 2576 4002 Respondens
2605 3935 2961 4005 legisperitus,
2997 3936 3099 4001 Qui
3125 3938 3243 4008 fecit
3269 3937 3686 3997 misericordiam,
3715 3951 3820 3990 au-

2226 4022 2343 4078 dit:
2382 4022 2522 4079 Vade
2549 4041 2703 4096 ergo,
2739 4037 2785 4080 et
2811 4037 2865 4080 tu
2929 4032 3012 4098 [ac
3038 4029 3290 4084 similiter.
3336 4030 3401 4083 Et
3441 4028 3562 4085 vide
3599 4027 3818 4098 qualem

2226 4111 2364 4168 dixit
2405 4114 2736 4183 parabolam.
2778 4117 2894 4171 Non
2919 4117 3091 4185 dixit,
3123 4118 3264 4188 quod
3295 4118 3514 4175 Judaeus
3541 4119 3726 4175 fecerit
3757 4121 3816 4175 in

2229 4202 2622 4260 Samaritanutn
2651 4249 2664 4270 ,
2713 4207 2806 4261 sed
2836 4208 2980 4278 quod
3011 4209 3380 4265 Samaritanus
3408 4225 3624 4265 omnem
3668 4211 3821 4266 illam

2229 4295 2524 4349 ostenderit
2551 4296 2954 4353 liberalitatem.
2987 4299 3118 4355 l’l-inc
3145 4300 3424 4368 discimus,
3446 4316 3650 4372 .parem
3689 4317 3820 4356 om-

2227 4385 2376 4438 nium
2405 4401 2589 4442 curam
2615 4402 2734 4444 eSSe
2765 4388 3086 4458 habendam,
3116 4407 3215 4447 nec
3242 4389 3662 4448 domesticorum
3691 4391 3822 4448 ﬁdei

2186 4476 2424 4555 (solum,
2457 4477 2714 4548 neglectis
2738 4481 2878 4536 aliis.
2921 4482 3012 4538 Sic
3039 4498 3170 4554 ergo
3197 4495 3252 4538 ttt
3280 4500 3514 4555 quoque,
3543 4485 3586 4540 si
3616 4483 3825 4542 vider-is

2226 4566 2459 4635 aliquem
2503 4571 2643 4624 male
2690 4573 3002 4640 patientem,
3053 4575 3185 4629 nihil
3230 4575 3463 4646 amplius
3508 4580 3821 4632 scruteris:

2228 4653 2392 4712 habet
2438 4658 2528 4713 ille
2553 4660 2643 4728 jus
2685 4663 2903 4729 auxilii,
2954 4663 3097 4734 quod
3140 4665 3281 4720 male
3309 4666 3561 4736 patiatur.
3606 4664 3737 4720 Nam
3771 4668 3822 4723 si

2225 4750 2457 4814 “illum,
2485 4765 2644 4821 quem
2687 4753 2884 4809 videris
2909 4755 3182 4823 suffocari,
3212 4757 3392 4827 erigis,
3427 4773 3526 4813 nec
3551 4758 3706 4828 cujus
3741 4759 3823 4814 sit

2227 4841 2506 4907 scrutaris,
2557 4843 2730 4898 multo
2770 4847 2940 4917 magis
2987 4861 3093 4901 non
3138 4857 3351 4917 eportet
3397 4847 3622 4902 scrutari
3663 4849 3827 4914 cujus

2228 4931 2319 4986 ille
2346 4931 2508 4988 homo
2536 4935 2608 4989 sit
2637 4952 2651 4991 :
2676 4937 2768 4992 Dei
2793 4947 2894 5003 est,
2924 4939 3042 4994 sive
3064 4941 3137 4994 sit
3157 4940 3397 5004 Grai-cus,
3421 4943 3534 4996 sive
3557 4941 3778 4997 Juda‘us
3806 4961 3822 4997 :

2228 5023 2273 5078 si
2303 5024 2373 5079 sit
2404 5025 2656 5092 infidelis,
2691 5028 2896 5097 indiget
2937 5031 3156 5085 auxilio.
3208 5031 3264 5086 Si
3312 5033 3455 5087 enim
3505 5033 3826 5090 examinare

2227 5116 2442 5186 quidem
2472 5127 2527 5172 et
2552 5118 2850 5188 dijudicare
2878 5123 2971 5176 tibi
3001 5134 3144 5177 esset
3172 5127 3515 5194 permissum,
3555 5133 3703 5178 recte
3728 5124 3819 5177 di-

2228 5221 2381 5262 ceres
2411 5223 2426 5260 :
2460 5225 2598 5264 nunc
2627 5221 2804 5265 autem
2833 5213 3112 5267 cafamitas
3153 5230 3260 5268 non
3291 5216 3415 5268 sinit
3459 5214 3575 5270 bzee
3615 5217 3828 5271 exami-

2229 5313 2378 5352 nare.
2407 5299 2540 5354 Nam
2581 5301 2626 5354 si
2654 5317 2755 5356 nec
2792 5302 2861 5357 de
2890 5306 3038 5358 sanis
3081 5313 3293 5375 oportet
3333 5307 3590 5371 scrutari,
3625 5321 3722 5360 nec
3750 5308 3828 5363 de

2228 5390 2455 5445 aliorum
2496 5393 2657 5447 rebus
2698 5408 2819 5449 esse
2847 5396 3108 5460 curiosos,
3156 5397 3325 5450 mtdto
3365 5400 3533 5468 mang
3569 5399 3641 5454 de
3681 5402 3828 5456 male

2231 5484 2577 5553 patientibus.
2623 5487 2838 5558 Alioqui
2872 5504 3002 5557 vero
3045 5489 3217 5559 quid?
3251 5489 3440 5546 Vidisti
3490 5506 3612 5545 eum
3659 5491 3828 5547 rebus

2231 5576 2305 5628 uti
2331 5576 2602 5641 secundis,
2628 5588 2682 5633 et
2703 5580 2871 5649 gloria
2898 5579 3092 5636 florere
3115 5590 3169 5635 et
3191 5583 3241 5635 in
3265 5583 3402 5636 bona
3422 5583 3828 5639 existimatione

2229 5681 2372 5734 esse,
2401 5683 2522 5724 cum
2547 5669 2681 5726 dicis
2706 5687 2830 5726 eum
2854 5687 2974 5728 esse
3001 5672 3200 5727 malum
3226 5683 3280 5728 et
3308 5674 3606 5744 improbum
3629 5674 3653 5728 Ἰ
3680 5675 3830 5732 unde

2230 5762 2428 5834 patitur
2469 5783 2481 5819 :
2527 5765 2572 5819 si
2600 5775 2789 5838 autem
2829 5765 3012 5823 videas
3043 5767 3182 5824 male
3223 5768 3535 5840 patientem,
3578 5783 3644 5824 ne
3674 5768 3828 5826 dicas
