4172 6452
344 340 414 394 89
1210 341 1276 397 IN
1317 339 1532 397 EPIST.
1575 338 1668 394 AD
1706 335 1964 395 HEBRE

2068 377 2082 393 .
2124 338 2281 397 CAP.
2326 338 2416 396 Vl.
2474 340 2708 398 llOMlL.
2754 342 2846 399 XI.
3589 334 3680 387 θυι

349 457 474 494 eum
505 456 626 497 esse
653 444 857 497 malum
886 452 944 499 et
971 450 1299 516 improbum.
1327 449 1459 504 Nam
1484 452 1702 522 quando
1731 465 1813 510 est
1841 461 1954 527 qui-

343 534 475 589 dem
518 535 655 588 fama
698 534 958 603 celebris,
1003 537 1121 593 lucc
1162 548 1309 594 recte
1336 540 1566 598 dicimus
1593 560 1606 597 :
1633 547 1848 616 quando
1873 565 1965 602 au-

351 636 466 682 tem
494 638 579 681 est
610 629 662 682 in
691 628 1009 685 calamitate
1033 642 1088 687 et
1110 644 1231 703 eget
1257 634 1486 703 auxilio,
1516 653 1623 691 non
1646 649 1863 708 oportet
1884 640 1966 695 di-

344 735 473 775 cere
503 736 629 774 eum
660 736 789 776 esse
818 723 1025 778 malum
1057 742 1071 777 :
1105 728 1204 780 hoc
1233 727 1379 780 enim
1413 737 1494 782 est
1523 729 1860 786 crudelitatis
1908 742 1963 787 et

351 812 772 868 inhumanitatis
801 826 862 889 et
888 818 1232 887 arrogantiic.
1262 820 1439 888 Quid,
1484 822 1572 878 die
1613 841 1799 894 qumso
1823 869 1837 892 ,
1871 828 1967 885 fuit

352 904 550 959 Judreis
582 905 824 974 ini-ptius
846 908 871 959 ἲ
894 908 1000 962 Sed
1035 910 1173 964 Deus
1202 926 1296 966 eos
1326 913 1519 982 puniit,
1553 925 1608 970 et
1632 916 1774 985 jure,
1806 930 1966 990 atque

349 996 485 1051 adeo
508 996 634 1066 jure
664 999 877 1067 Optimo
909 1019 923 1055 :
955 1009 1011 1054 et
1044 1010 1222 1057 unuen
1251 1018 1367 1069 eos,
1400 1007 1491 1075 qui
1524 1007 1764 1077 ipsormn
1797 1012 1967 1068 mise-

352 1088 630 1150 nibantur,
688 1088 879 1144 habuit
920 1103 1206 1162 acceptos,
1255 1111 1350 1150 eos
1391 1113 1544 1166 Vero,
1590 1102 1682 1170 qui
1730 1103 1965 1172 ipsorum

348 1182 642 1235 calamitati
686 1183 1017 1239 insultarunt
1059 1198 1113 1242 et
1154 1188 1320 1243 luatati
1357 1200 1507 1257 sunt,
1550 1194 1741 1263 puniit.
1778 1196 1966 1269 Nihil,

348 1272 563 1341 inquit,
598 1274 931 1343 patiebantur
961 1278 1023 1331 ob
1062 1282 1418 1336 contritionem
1446 1282 1641 1356 Joseplt
1671 1285 1866 1360 (Amos.
1908 1294 1963 1346 6.

344 1366 429 1434 6).
476 1366 546 1419 Et
588 1382 781 1422 rursus
821 1367 952 1422 dicit
991 1387 1006 1423 :
1050 1369 1264 1426 Redime
1294 1390 1382 1427 eos
1409 1381 1497 1445 qui
1523 1379 1862 1451 occiduntur,
1905 1400 1965 1438 ne

345 1456 758 1548 parcastf’rov.
781 1457 876 1514 24.
912 1460 1021 1530 Η).
1043 1462 1172 1548 ,Νηη
1203 1464 1366 1529 dixit,
1397 1470 1672 1548 Scrutare,
1702 1484 1753 1527 et
1784 1492 1965 1543 qua-re

340 1540 472 1608 quis
505 1540 579 1591 sit
604 1554 618 1591 :
642 1552 973 1607 quamquam
1005 1540 1321 1612 plerumque
1349 1545 1474 1600 mali
1515 1557 1641 1601 sunt
1670 1550 1763 1619 qui
1791 1540 1962 1605 abdu-

340 1638 588 1694 cuntur;
621 1628 721 1683 sed
764 1628 1087 1699 simpliciter
1129 1634 1279 1698 dixit,
1333 1634 1567 1704 Redime,
1596 1642 1840 1712 quisquis
1869 1645 1963 1713 sit,

340 1721 542 1791 itiquit.
576 1719 693 1775 lloc
723 1722 870 1775 enim
899 1724 1132 1779 maxime
1172 1738 1253 1779 e5t
1296 1727 1666 1801 eleemosyna.
1700 1734 1832 1789 Nam
1872 1740 1961 1807 qui

333 1816 525 1870 amico
556 1814 699 1871 bene
730 1815 895 1883 facit,
926 1834 1034 1871 non
1061 1818 1113 1873 id
1146 1820 1305 1889 plane
1338 1820 1464 1877 facit
1496 1837 1718 1895 prOpter
1747 1829 1912 1885 Deum
1947 1852 1961 1887 :

332 1910 431 1978 qui
467 1919 651 1963 autem
696 1908 902 1979 ignoto,
952 1911 1000 1965 is
1046 1927 1181 1982 pure
1226 1924 1281 1968 et
1328 1916 1544 1972 sincere
1585 1919 1713 1974 facit
1740 1933 1960 1993 propter

339 2002 545 2057 Deum.
583 2001 650 2057 Et
675 2001 767 2057 ille
794 2002 1015 2073 quidem
1044 2004 1195 2072 dicit,
1228 2006 1303 2062 Ne
1335 2023 1524 2077 parcas
1558 2014 1819 2080 pecuniis,
1861 2017 1957 2071 sed

332 2096 558 2150 etiamsi
607 2111 797 2151 omnes
843 2107 1098 2167 oporteat
1144 2100 1421 2156 effundere
1443 2145 1458 2169 ,
1492 2104 1557 2158 da
1588 2122 1601 2158 :
1634 2122 1733 2162 nos
1769 2121 1954 2165 autem

338 2186 593 2241 videntes
618 2186 893 2254 suffocari,
927 2188 1235 2256 lamentari,
1265 2193 1417 2248 mille
1447 2195 1715 2252 mortibus
1737 2200 1954 2269 gravio-

349 2292 412 2333 ra
438 2280 585 2348 pati,
614 2289 667 2336 et
694 2296 838 2352 smpe
879 2280 1107 2353 injuste,
1140 2285 1413 2355 parcimus
1449 2290 1729 2358 pecuniis,
1759 2301 1951 2350 etnon

2073 449 2345 521 parcimus
2376 446 2661 510 fratribus;
2694 461 2873 500 rerum
2905 444 3262 498 immi‘marum
3295 457 3478 497 curam
3524 445 3670 512 geri-

2073 557 2212 609 mus,
2242 542 2476 596 animam
2507 550 2686 595 autem
2717 538 3057 609 negligimus.
3093 539 3252 608 Atqui
3279 537 3409 591 dicit
3453 538 3666 593 Paulus:

2069 636 2095 690 Ι
2104 654 2136 691 η
2164 636 2549 691 mansuetudine
2567 635 2767 689 erudire
2780 650 2866 689 eos
2879 633 2965 704 qui
2987 634 3323 687 adversantur
3348 649 3364 686 :
3384 650 3445 686 ne
3463 634 3668 705 quando

2072 730 2209 785 Deus
2233 730 2316 784 det
2345 730 2448 784 illis
2479 727 2825 800 paenitentiam
2855 726 2922 779 ad
2951 725 3353 795 ceguosccndum
3386 727 3666 790 veritatem,

2066 834 2114 878 et
2142 824 2443 894 resipiscant
2466 838 2499 875 a
2524 819 2716 874 diaboli
2746 818 2942 889 laqueis
2963 859 2978 886 ,
3010 834 3042 871 α
3068 834 3167 888 quo
3215 818 3404 888 captivi
3437 829 3672 872 tenentur

2065 916 2134 971 ad
2160 916 2321 986 ipsius
2346 914 2655 969 voluntatem
2682 912 2758 980 (2.
2786 909 2923 965 Tim.
2960 909 3019 965 2.
3053 910 3146 965 25.
3175 907 3291 981 26).
3337 908 3423 962 Ne
3461 911 3669 980 quando

2062 1005 2195 1061 dicit
2240 1021 2256 1061 :
2303 1006 2454 1061 vides
2494 1015 2691 1076 quanta
2725 1009 2980 1076 patientia
3028 1008 3243 1076 plenum
3292 1009 3362 1060 sit
3401 1007 3670 1062 verbum!

2066 1097 2200 1151 Eum
2235 1112 2334 1153 nos
2379 1113 2595 1168 quoque
2641 1099 2915 1154 imitantes
2943 1099 3011 1153 de
3043 1100 3258 1155 nemine
3287 1099 3666 1169 desperemus.

2067 1191 2279 1247 Etenim
2313 1191 2613 1263 piscatores
2642 1206 2764 1246 eum
2795 1206 2940 1262 sa‘pe
2970 1192 3101 1245 retia
3134 1193 3188 1246 in
3224 1208 3375 1247 mare
3396 1191 3630 1261 jeceriut
3650 1233 3679 1265 λ

2065 1283 2199 1339 nihil
2230 1293 2355 1338 sunt
2392 1285 2702 1354 assequuti;
2751 1299 2874 1339 eum
2921 1294 3109 1355 postea
3152 1293 3331 1338 autem
3371 1284 3674 1353 jccisscnt,

2067 1389 2238 1433 totum
2267 1388 2614 1450 acceperunt.
2652 1380 2725 1433 Ita
2758 1394 2855 1434 nos
2883 1395 3099 1450 quoque
3132 1378 3440 1448 neutiquam
3471 1378 3668 1448 despe-

2066 1486 2268 1536 ramus,
2300 1472 2397 1527 sed
2428 1484 2807 1542 expectamus
2849 1472 2990 1542 quod
3025 1481 3197 1525 totmn
3244 1471 3403 1525 simul
3450 1480 3685 1540 repentes

2067 1566 2221 1620 nobis
2250 1564 2550 1621 ostendetis
2583 1565 2811 1620 fructum
2839 1576 3132 1619 maturum.
3163 1563 3297 1619 Nam
3330 1574 3385 1619 et
3411 1563 3668 1632 agricola,

2067 1669 2347 1729 postquam
2380 1658 2771 1725 seminaverit,
2805 1658 3041 1728 primum
3079 1658 3222 1713 diem
3269 1666 3324 1711 ct
3371 1656 3670 1710 secundum

2066 1752 2428 1822 przcstolatur,
2452 1761 2504 1806 et
2524 1751 2687 1822 longo
2710 1763 2950 1821 tempore
2972 1760 3248 1822 exspectat
3275 1768 3288 1815 ;
3316 1760 3424 1803 tum
3450 1760 3681 1819 repente.

2068 1843 2250 1909 videt,
2285 1842 2523 1913 undique
2568 1843 2777 1898 fruetus
2816 1843 2979 1898 simul
3020 1843 3411 1913 germinantes.
3461 1841 3574 1896 llue
3621 1840 3672 1893 in

2066 1938 2220 1993 vobis
2251 1953 2468 2009 quoque
2497 1937 2735 1993 futurum
2784 1946 3163 2008 exspectamus
3205 1936 3374 2008 gratia
3418 1945 3474 1990 et
3519 1934 3673 1988 beni-

2066 2033 2271 2103 gnitate
2322 2030 2538 2086 Domini
2584 2031 2754 2085 nostri
2801 2029 2930 2085 Jesu
2974 2027 3212 2109 Christi,
3243 2028 3329 2083 cui
3358 2043 3482 2084 cum
3514 2026 3674 2080 l’atre

2070 2142 2173 2182 una
2219 2142 2342 2183 cum
2387 2134 2575 2180 sancto
2618 2124 2823 2196 Spiritu
2864 2124 3057 2196 gloria,
3103 2123 3410 2193 imperium,
3459 2121 3675 2187 honor,

2070 2235 2212 2276 nunc
2232 2231 2285 2275 et
2313 2235 2548 2291 semper,
2574 2229 2630 2275 et
2657 2220 2711 2274 in
2737 2219 2933 2276 smcula
2965 2217 3311 2274 smculorum.
3341 2217 3539 2271 Amen.

366 2414 3654 2438 MM“

1708 2511 2060 2581 HOMILIA
2116 2522 2209 2583 XI
2227 2568 2241 2581 .

348 2660 481 2713 Car.
516 2658 569 2712 ϐ.
598 2673 648 2709 v.
680 2656 767 2710 15.
803 2655 1026 2708 Abrahae
1057 2652 1189 2706 enim
1218 2651 1514 2719 promittens
1545 2648 1699 2715 Deus,
1730 2669 1845 2706 cum
1877 2672 1962 2710 ne.

416 2753 607 2805 minem
634 2751 838 2804 haberet
865 2765 956 2817 per
975 2763 1123 2815 quem
1142 2748 1343 2817 juraret
1371 2746 1636 2815 majorem,
1652 2746 1849 2815 juravit
1874 2766 1963 2818 per

411 2848 670 2915 εμῑρεωη,
693 2844 867 2895 dicens
893 2857 910 2894 :
934 2842 1016 2896 Μ.
1055 2837 1176 2893 Nisi
1201 2837 1498 2892 benedicens
1529 2840 1820 2895 benedicam
1848 2843 1959 2908 tibi,

410 2949 462 2992 et
504 2936 861 3005 multiplicans
892 2930 1245 3001 mulsiplicaba
1281 2939 1348 2983 te.
1389 2931 1477 2985 15.
1513 2930 1577 2984 Et
1606 2932 1680 2984 sic
1725 2933 1965 3003 longani-

412 3034 570 3087 miter
608 3035 781 3101 furens
818 3027 1039 3096 adeptus
1081 3034 1155 3078 est
1201 3024 1661 3093 rem-amissionem.
1713 3023 1962 3082 Homines

407 3128 553 3179 enim
586 3139 677 3194 per
698 3122 949 3183 maiorem
979 3134 1031 3172 se
1050 3117 1232 3187 jurant
1256 3132 1273 3169 :
1301 3116 1386 3170 16.
1412 3126 1459 3168 et
1480 3118 1643 3169 omnis
1665 3127 1961 3172 controver-

408 3221 505 3273 site
529 3217 651 3284 linis
675 3216 728 3267 in
754 3211 1215 3284 conformationem
1241 3219 1313 3262 est
1334 3211 1714 3280 juramentum.

416 3315 468 3365 t.
511 3308 653 3362 Cum
682 3304 947 3360 Hebraeos
974 3302 1323 3356 Vehementer
1359 3311 1414 3355 et
1457 3302 1667 3357 fortiter
1696 3304 1964 3375 tetigisset

324 3417 393 3462 ct
423 3420 524 3459 eos
554 3402 690 3457 satis
718 3398 1043 3465 terruisset;
1080 3397 1311 3466 primum
1338 3394 1554 3466 quidem
1587 3412 1682 3451 eos
1712 3398 1963 3452 consola-

329 3513 429 3554 tnr
455 3495 749 3555 laudibus;
781 3490 1023 3548 secundo
1045 3499 1249 3553 autem,
1274 3488 1414 3559 quod
1438 3498 1521 3544 est
1551 3491 1712 3545 etiam
1747 3490 1959 3561 fortius,

326 3592 487 3662 quod
520 3606 586 3645 ea
618 3605 742 3658 qua:
770 3594 992 3658 sperant
1033 3585 1143 3638 sint
1179 3584 1403 3638 omnino
1441 3588 1852 3655 consequuturi.
1895 3586 1963 3643 Et

323 3686 689 3748 consolatur,
734 3698 840 3735 non
887 3696 915 3733 a
964 3678 1319 3749 prmseutibus
1346 3719 1363 3743 ,
1410 3677 1505 3731 sed
1551 3693 1579 3729 a
1622 3678 1957 3747 praeteritis:

322 3780 487 3853 quod
518 3777 744 3848 quidem
772 3774 853 3828 eis
883 3773 1054 3842 magis
1086 3771 1462 3839 persuadebat.
1490 3770 1956 3837 Quemadmodum

323 3867 485 3920 enim
532 3865 589 3918 in
633 3860 904 3931 supplicio
940 3875 1035 3929 per
1062 3858 1149 3913 illa
1184 3857 1355 3927 magis
1384 3863 1583 3923 terret,
1614 3855 1687 3910 ita
1713 3856 1875 3911 etiam
1910 3856 1962 3909 in

331 3956 591 4028 praemiis
623 3969 721 4025 per
750 3952 868 4008 haec
897 3950 1232 4015 consolatur,
1263 3950 1353 4005 Dei
1386 3964 1506 4004 esse
1538 3965 1744 4004 morem
1777 3958 1963 4003 osten-

338 4052 479 4104 dens
513 4067 529 4103 :
566 4048 615 4102 is
644 4054 827 4102 autem
860 4052 966 4107 est,
997 4058 1105 4098 non
1138 4041 1321 4098 statim
1361 4041 1619 4096 exhibere
1663 4045 1964 4110 promissa,

339 4144 434 4197 sed
465 4144 639 4211 longo
665 4148 791 4209 post
817 4147 1080 4207 tempore.
1119 4134 1231 4189 lioc
1257 4144 1439 4189 autem
1470 4132 1615 4198 facit,
1646 4143 1701 4188 et
1726 4148 1837 4187 sum
1868 4147 1965 4203 po-

341 4236 530 4289 tentiae
562 4246 822 4302 maguum
852 4228 1135 4300 proferens
1164 4226 1421 4281 indicium
1442 4236 1541 4291 ,‘et
1573 4241 1671 4281 nos
1702 4225 1966 4281 inducens

338 4328 408 4379 ad
442 4326 637 4389 tidem,
665 4330 724 4376 ut
752 4320 842 4392 qui
877 4322 1060 4375 vivunt
1101 4320 1153 4373 in
1183 4316 1598 4383 afﬂictionibus,
1629 4325 1684 4371 et
1710 4332 1809 4371 nec
1838 4333 1962 4386 pro-

341 4420 514 4472 missa
565 4414 841 4483 accipiunt
884 4427 986 4467 nec
1025 4409 1326 4475 mercedes,
1358 4409 1424 4463 ad
1458 4410 1673 4464 labores
1701 4423 1805 4462 non
1834 4409 1971 4464 deti-

340 4512 517 4565 ciant.
577 4508 642 4562 Et
692 4521 885 4561 omnes
928 4503 1245 4567 dimittens,
1290 4503 1416 4558 licet
1460 4501 1684 4557 haberet
1730 4502 1958 4571 multos,

346 4602 635 4657 Abraham
669 4600 725 4653 in
759 4597 997 4652 tnedimu
1028 4596 1291 4661 adduxit,
1320 4603 1375 4649 et
1402 4604 1623 4666 propter
1654 4593 1752 4648 viri
1780 4602 1962 4647 aucto-

346 4698 612 4758 ritatem,
641 4702 699 4747 et
726 4691 870 4762 quod
901 4690 952 4744 id
986 4688 1218 4743 maxime
1262 4686 1318 4741 in
1359 4702 1426 4741 eo
1469 4686 1733 4741 evenerit.
1774 4686 1974 4752 Quam-

343 4802 520 4856 quam
552 4784 688 4837 dieit
718 4783 773 4837 in
800 4784 909 4836 line
931 4778 1198 4851 Epistulae,
1228 4777 1369 4849 quod
1398 4777 1482 4831 isti
1513 4791 1702 4830 tllllllcS
1729 4791 1850 4830 cum
1877 4788 1971 4830 eas

347 4878 550 4949 procul
586 4875 848 4929 vidissent
888 4881 943 4926 et
983 4871 1216 4940 amplexi
1255 4877 1476 4934 essent,
1508 4885 1612 4923 non
1646 4875 1972 4938 acceperunt

349 4968 803 5041 promissiones,
852 4979 920 5017 ne
975 4965 1181 5030 absque
1239 4960 1393 5014 nobis
1444 4967 1971 5014 consunnnarentur.

344 5038 579 5117 dor-aha:
605 5056 764 5120 enim,
800 5049 1010 5123 inquit,
1050 5045 1348 5117 promittens
1377 5040 1534 5107 Deus,
1563 5054 1677 5092 cum
1709 5038 1963 5091 neminem

348 5158 566 5208 haberet
609 5165 702 5219 per
738 5161 889 5217 quem
914 5144 1120 5213 juraret
1156 5137 1422 5206 majorem,
1443 5132 1641 5201 juravit
1664 5146 1755 5201 per
1780 5136 1970 5185 semet.

346 5254 545 5317 ipsum,
580 5243 760 5296 dicens
784 5255 803 5293 :
830 5235 949 5291 Nisi
974 5233 1270 5288 benedicens
1298 5228 1594 5283 benedicam
1620 5224 1735 5290 tibi,
1764 5231 1810 5277 et
1840 5221 1974 5276 mul-

342 5343 603 5411 tiplicans
645 5329 1002 5400 multiplicabo
1045 5336 1113 5379 te.
1157 5323 1222 5378 Et
1266 5322 1339 5375 sic
1379 5318 1740 5389 longanimiter
1781 5319 1971 5387 μίτρης,

346 5408 573 5503 adeptus
620 5437 693 5482 est
735 5420 1205 5494 repromissionem.
1245 5413 1529 5481 Quomodo
1570 5410 1730 5479 igitur
1769 5409 1822 5463 in
1866 5408 1975 5462 lino

346 5497 516 5589 dicit,
553 5518 681 5575 Non
712 5516 910 5583 accepit
935 5509 1301 5582 pri-missiones
1341 5506 1358 5573 (
1390 5504 1550 5558 Ilcbr.
1579 5503 1666 5557 ll.
1695 5500 1766 5557 39
1793 5501 1843 5570 );
1888 5497 1976 5554 hic

349 5634 511 5680 vero,
545 5609 941 5683 Longanimiter
962 5602 1379 5677 ferens,adeptus
1401 5609 1473 5653 est
1498 5592 1979 5669 repromissionem.’

348 5707 640 5782 quomodo
688 5719 797 5758 non
847 5698 1100 5769 accepit?
1144 5693 1419 5767 quomodo
1449 5701 1529 5747 est
1562 5688 1828 5759 adeptus?
1856 5687 1975 5743 Non

350 5811 419 5867 de
448 5805 654 5864 iisdem
683 5801 771 5857 hic
802 5808 855 5856 et
884 5796 996 5854 illic
1018 5793 1178 5860 dicit;
1211 5788 1307 5848 scd
1334 5786 1603 5860 duplicem
1632 5783 1759 5842 facit
1785 5797 1977 5877 conso-

2068 2654 2344 2702 lationem.
2432 2637 3090 2698 Promisit‘Abrahaimt
3134 2650 3257 2705 qua:
3306 2633 3395 2690 hic
3442 2634 3660 2703 quidem

2066 2745 2214 2803 sunt,
2261 2735 2411 2792 dedit
2450 2734 2610 2803 longo
2651 2742 2771 2802 post
2813 2739 3085 2798 tempore;
3131 2743 3251 2798 qutc
3289 2735 3469 2780 autem
3516 2725 3660 2792 illic,

2068 2832 2305 2888 nondum
2340 2848 2353 2885 :
2384 2839 2442 2884 et
2467 2828 2545 2882 sic
2573 2827 2729 2895 longa
2762 2838 2894 2878 usus
2926 2819 3179 2891 patientia
3200 2861 3216 2887 ,
3248 2817 3673 2889 promissionem

2066 2937 2149 2981 est
2188 2920 2453 2992 adeptus?
2502 2918 2661 2974 Vides
2699 2915 2841 2987 quod
2875 2930 2984 2969 non
3014 2913 3128 2967 sola
3163 2910 3453 2982 promissio
3495 2920 3689 2965 totum-

2067 3019 2265 3080 effecit,
2306 3015 2402 3071 sed
2443 3013 2605 3068 etiam
2650 3010 2807 3080 longa
2854 3005 3149 3079 patientia?
3198 3004 3294 3059 llic
3337 3018 3434 3059 eos
3474 3011 3687 3067 terret,

2066 3111 2360 3167 ostendens
2390 3106 2531 3177 quod
2559 3119 2703 3175 saepe
2729 3101 3017 3172 impeditur
3042 3098 3329 3170 promissio
3361 3112 3455 3167 per
3484 3095 3664 3167 pusilli

2064 3204 2230 3263 animi
2260 3202 2472 3257 vitium.
2506 3199 2573 3253 Et
2602 3198 2704 3252 hoc
2731 3194 2948 3267 quidem
2974 3190 3213 3248 ostendit
3239 3205 3337 3263 per
3367 3188 3619 3260 populum
3647 3207 3662 3243 :

2067 3315 2189 3357 nam
2211 3297 2464 3368 quoniam
2490 3290 2686 3362 pusillo
2716 3288 2934 3345 fuerunt
2962 3286 3165 3350 animo,
3196 3298 3299 3339 non
3330 3290 3455 3337 sunt
3485 3281 3665 3349 adepti

2065 3389 2480 3464 promissionem
2503 3405 2517 3441 :
2538 3381 2868 3438 contrarium
2897 3389 3077 3435 autem
3106 3376 3342 3433 ostendit
3371 3390 3465 3445 per
3488 3375 3663 3429 Abrao

2065 3484 2213 3538 ham.
2254 3476 2460 3535 Deinde
2500 3476 2553 3529 in
2595 3474 2703 3528 fine
2750 3472 2879 3527 facit
2925 3470 3089 3526 etiam
3133 3466 3336 3538 aliquid
3377 3466 3613 3536 amplius
3645 3488 3687 3522 :-

2062 3571 2297 3631 ostendit
2335 3567 2477 3641 quod
2511 3566 2672 3621 etiam
2712 3578 2835 3620 eum
2878 3564 3033 3633 longa
3065 3560 3317 3631 patientia
3348 3574 3452 3613 non
3482 3568 3690 3617 essent.

2060 3666 2267 3737 adepti,
2298 3676 2474 3733 neque
2501 3660 2578 3714 sic
2606 3655 2823 3728 quidem
2851 3661 2980 3709 sunt
3003 3653 3218 3707 tristitia
3246 3651 3446 3706 atiecti.
3480 3648 3686 3705 Homi-.

2062 3778 2148 3812 nes
2175 3758 2309 3813 enim
2342 3770 2432 3827 per
2457 3752 2704 3821 majorem
2723 3748 2930 3818 jurant,
2954 3755 3001 3799 et
3025 3745 3150 3816 ipsis
3181 3744 3345 3797 omnis
3374 3752 3665 3797 controver-

2060 3850 2151 3903 sia?
2178 3848 2299 3917 ﬁnis
2325 3847 2377 3900 in
2406 3840 2851 3911 conﬁrmationem
2881 3846 2955 3890 est
2973 3838 3327 3905 juramentum
3354 3849 3373 3889 :
3401 3832 3538 3887 Deus
3567 3850 3678 3885 au--

2058 3948 2158 3995 tem
2187 3954 2305 3992 cum
2342 3934 2543 3989 nullum
2585 3930 2788 3984 haberet
2835 3928 3083 3998 majorem
3122 3943 3212 3997 per
3247 3942 3397 3995 quem
3431 3926 3665 3995 juraret,

2055 4032 2248 4103 iuravit
2269 4046 2358 4100 per
2382 4026 2729 4097 semetipsum.
2763 4020 2952 4076 Recte.
2980 4018 3111 4087 Quis
3132 4027 3215 4073 est
3240 4032 3370 4088 ergo
3395 4016 3485 4088 qui
3509 4017 3663 4090 jura-

2059 4124 2133 4172 vit
2163 4116 2427 4173 Altrahzn?
2464 4128 2645 4167 annon
2679 4110 2885 4167 Filius?
2929 4108 3079 4175 Non,
3121 4106 3315 4176 inquit.
3368 4104 3519 4160 Unde
3558 4103 3660 4155 hoc

2054 4208 2228 4264 dicis?
2276 4204 2513 4261 Maxime
2564 4200 2786 4273 quidem
2840 4200 2990 4270 ipse;
3045 4197 3142 4253 sed
3198 4212 3307 4251 non
3360 4193 3653 4251 contendo.

2056 4299 2283 4371 Quando
2309 4312 2440 4368 ergo
2469 4297 2583 4366 ipse
2607 4295 2756 4365 jurat
2800 4292 2902 4347 hoc
2942 4290 3059 4361 ipso
3095 4290 3425 4361 juramento,
3459 4288 3620 4341 Amen
3644 4326 3658 4347 ,

2059 4411 2205 4448 amen
2228 4393 2340 4447 dico
2364 4391 2537 4454 vobis;
2562 4402 2741 4443 annon
2765 4386 2887 4442 ideo
2905 4384 3133 4452 scilicet,
3156 4382 3298 4455 quod
3330 4398 3437 4438 non
3468 4378 3663 4435 habeat

2062 4486 2323 4557 majorem
2351 4498 2445 4554 per
2472 4496 2633 4553 quem
2660 4479 2847 4551 juret?
2876 4477 2947 4535 Ut
2974 4476 3119 4533 enim
3140 4476 3342 4546 juravit
3374 4475 3553 4541 Pater,
3590 4472 3663 4526 ita

2063 4584 2224 4639 etiam
2256 4580 2587 4650 Filiusjurat
2615 4593 2711 4649 per
2731 4592 2791 4632 se
2816 4575 3025 4641 dicens,
3058 4572 3239 4636 Amen,
3266 4586 3414 4625 amen
3442 4568 3558 4623 dico
3580 4582 3665 4621 eo-

2063 4677 2158 4732 bis.
2201 4676 2299 4731 llic
2343 4674 2472 4745 ipsis
2516 4679 2737 4728 revocat
2781 4670 2833 4725 in
2876 4667 3190 4723 memoriam
3217 4662 3421 4720 Christi
3447 4675 3689 4733 quoque

2060 4770 2389 4840 jnrameuta,
2429 4780 2551 4836 qua:
2595 4762 2809 4818 dicebat
2843 4759 3061 4816 assidue
3092 4775 3106 4813 :
3133 4757 3312 4821 Amen,
3357 4769 3505 4809 amen
3551 4752 3667 4807 dico

2068 4861 2177 4927 tibi,
2203 4860 2290 4930 qui
2319 4859 2477 4913 credit
2507 4857 2561 4911 in
2589 4872 2698 4920 me,
2732 4870 2835 4908 non
2860 4853 3108 4908 morietur
3134 4849 3188 4905 in
3218 4856 3460 4904 internum
3487 4842 3669 4914 (Jomt.

2069 4954 2157 5009 ll.
2190 4952 2309 5022 26).
2338 4949 2476 5017 Quid
2507 4957 2612 5014 est,
2644 4945 2711 5001 Et
2740 4946 2906 5001 omnis
2934 4940 3289 4999 controversia:
3314 4939 3431 5003 linis
3458 4937 3509 4989 in
3541 4951 3667 4987 con-

2069 5046 2412 5119 ﬁrmationem
2441 5052 2511 5098 est
2534 5039 2926 5114 juramentum?
2963 5036 3020 5093 ld
3054 5043 3139 5090 est
3168 5052 3181 5089 :
3211 5048 3278 5089 ex
3308 5031 3414 5086 hoc
3443 5028 3672 5085 solvitur.

2070 5141 2248 5197 omnis
2275 5136 2667 5194 controversia:
2693 5133 2958 5191 dubitatio
2992 5149 3006 5185 :
3038 5144 3146 5185 non
3174 5125 3357 5197 hujus,
3385 5132 3478 5179 aut
3505 5122 3686 5192 illius,_

2072 5234 2168 5291 sed
2198 5233 2398 5289 omnis.
2430 5232 2605 5301 Atque
2633 5225 2917 5298 oportebat
2943 5221 3163 5294 quidem
3190 5221 3354 5276 etiam
3381 5218 3497 5273 sine
3525 5216 3676 5286 jura-

2074 5336 2258 5384 mento
2303 5325 2414 5380 Deo
2455 5321 2702 5377 credere.
2730 5319 2819 5373 17.
2864 5314 2930 5370 In
2957 5331 3078 5383 quo,
3108 5312 3301 5385 inquit.
3333 5310 3681 5369 abundantius

2074 5424 2246 5478 volens
2273 5418 2415 5473 Deus
2440 5413 2705 5470 ostendere
2734 5408 3119 5482 pollicitationis
3148 5403 3676 5462 heredibus.innnubi-

2078 5516 2271 5572 litatem
2292 5509 2496 5567 consilii
2524 5508 2625 5574 sui,
2655 5504 2957 5575 interposuit
2979 5501 3372 5575 jusjurandum.
3406 5497 3504 5552 llic
3532 5514 3679 5552 com-

2077 5605 2365 5682 prehendit
2384 5603 2547 5659 etiam
2574 5599 2781 5657 lideles.
2809 5598 3100 5667 Propterea
3127 5593 3373 5650 meminit
3392 5592 3554 5649 etiam
3583 5589 3687 5644 ltu-

2077 5702 2163 5777 jus
2208 5694 2605 5771 promissionis,
2635 5709 2752 5764 qua:
2797 5690 2944 5763 prior
2989 5690 3128 5746 facta
3177 5697 3259 5744 est
3302 5683 3688 5743 communiter.

2159 5793 2172 5829 ¹
2206 5791 2297 5845 llic
2321 5788 2490 5853 incipit.
2515 5784 2711 5839 humilia
2735 5781 2993 5835 undecima
3019 5779 3066 5829 in
3090 5774 3228 5827 Coll).
