4172 6462
528 297 590 352 εί
1229 317 1284 370 s.
1326 312 1606 373 JOANNlS
1635 307 2105 369 cunvsosront
2156 306 2474 365 ARClllEP.
2513 308 3047 366 coxsrmrmor.
3726 305 3793 365 se

523 426 860 497 interposuit,
893 423 1087 495 inquit,
1110 425 1496 496 Jusjurandum.
1531 422 1628 478 llic
1656 437 1842 478 rursus
1865 422 1991 477 dicit
2022 422 2101 477 Fi-

523 518 647 571 lium
681 516 848 572 fuisse
889 517 1339 579 intercessorem,
1383 514 1523 569 inter
1564 514 1809 568 homines
1836 524 1884 567 et
1919 513 2104 567 Deum.

522 609 609 664 £8.
647 607 715 663 Ut
744 622 835 676 per
857 609 989 661 duas
1025 623 1105 661 res
1139 604 1438 671 immobiles,
1473 605 1652 675 quibus
1688 605 1998 677 impossibile
2036 613 2109 658 est

520 702 721 755 mentiri
751 699 935 754 Deum.
970 698 1072 753 Per
1098 712 1356 765 quasnam
1385 699 1513 754 res?
1557 698 1658 754 l’er
1687 698 1788 753 hoc
1807 699 1945 769 quod
1975 699 2110 756 dixit

518 810 580 848 ac
609 792 873 865 promisit,
897 800 950 845 et
978 806 1072 861 per
1101 790 1205 847 boc
1230 791 1371 861 quod
1401 789 1740 861 promissioni
1769 790 1965 862 adjecit
1991 792 2107 862 jus-

520 885 823 954 jurandum.
862 883 996 939 Nam
1038 884 1294 952 quoniam
1319 883 1458 949 apud
1490 882 1735 937 homines
1762 881 1869 939 hoc
1896 881 2106 939 videtur

516 993 637 1032 esse
692 975 1031 1042 credibilius,
1084 990 1317 1045 nempe,
1368 975 1776 1047 juramentutn,
1827 986 2108 1047 propterea

518 1071 693 1137 ipsum
723 1082 939 1137 quoque
967 1066 1192 1123 addidit.

589 1152 646 1206 9.
683 1152 840 1206 Vides
868 1149 1013 1220 quod
1056 1164 1161 1203 non
1192 1163 1344 1200 suam
1384 1153 1593 1215 spectet
1620 1143 1936 1214 dignitatem
1957 1183 1972 1209 ,
2014 1141 2111 1198 sed

524 1242 794 1313 quomodo
824 1239 1132 1295 hmninibus
1162 1235 1515 1307 persuadeat,
1567 1245 1624 1289 et
1670 1234 1738 1288 de
1786 1248 1849 1287 se
1893 1231 2112 1301 indigna

524 1334 629 1389 dici
657 1332 907 1395 suatinet,
947 1340 1007 1383 ut
1035 1328 1126 1398 qui
1160 1328 1291 1382 velit
1338 1327 1551 1396 plenam
1584 1335 1639 1378 et
1683 1332 1886 1379 certam
1917 1321 2115 1377 alierre

522 1422 935 1495 probationem?
969 1421 1036 1475 Et
1076 1420 1130 1474 iu
1174 1419 1483 1473 Abrahamo
1522 1415 1741 1486 quidem
1769 1413 2003 1469 ostendit
2036 1422 2115 1469 to-

523 1530 637 1572 tum
659 1532 782 1572 esse
814 1516 945 1579 Dei,
976 1531 1083 1569 non
1113 1513 1259 1568 illius
1288 1512 1556 1567 diuturna:
1587 1510 1861 1579 patientia:
1881 1550 1897 1574 ,
1948 1507 2117 1579 siqui-

522 1608 648 1663 dem
697 1605 953 1662 sustinuit
1003 1605 1162 1659 etiam
1214 1601 1418 1657 addere
1463 1601 1867 1671 juramcntum;
1923 1599 1967 1651 si
2021 1613 2118 1669 per

521 1715 682 1766 quem
707 1697 890 1768 jnrant
921 1696 1189 1757 homines,
1228 1693 1369 1749 Deus
1400 1708 1613 1763 quoque
1642 1706 1736 1760 per
1772 1692 1947 1762 ipsum
1963 1689 2114 1758 jura-

521 1794 619 1856 vit,
654 1806 848 1862 nempe
890 1805 982 1859 per
1030 1788 1291 1857 seipsnm.
1335 1785 1440 1843 Sed
1474 1786 1546 1840 illi
1578 1785 1794 1857 quidem
1843 1793 2114 1855 tamquam

524 1899 621 1953 per
649 1882 928 1951 majorem,
979 1880 1065 1934 hic
1109 1889 1286 1932 autem
1337 1893 1442 1931 non
1495 1890 1765 1947 tamquam
1800 1891 1894 1947 per
1949 1875 2118 1944 majo-

525 1992 636 2030 rem
669 1993 681 2027 :
713 1984 767 2028 et
815 1984 993 2027 tamen
1049 1971 1194 2025 fecit.
1236 1969 1352 2024 Non
1405 1978 1529 2024 sunt
1582 1968 1725 2023 enim
1771 1966 1914 2037 paria
1942 2007 1958 2034 ,
2020 1965 2117 2020 bo-

521 2070 719 2121 minem
753 2083 847 2136 per
870 2081 929 2120 se
946 2066 1152 2134 jnrare,
1180 2074 1234 2117 ct
1265 2062 1432 2117 Deum
1460 2080 1473 2116 :
1504 2061 1668 2116 homo
1697 2063 1839 2115 enim
1882 2076 1987 2115 non
2019 2058 2116 2114 ba-

525 2162 615 2215 lict
657 2160 740 2214 sui
803 2167 1147 2227 potestatem.
1208 2157 1372 2212 Vides
1421 2155 1564 2227 quod
1616 2154 1721 2211 hoc
1777 2169 1885 2211 non
1943 2153 2114 2225 magis

522 2256 753 2308 Abrahae
779 2252 979 2308 dictum
1007 2252 1075 2305 sit
1101 2266 1263 2321 quam
1288 2250 1483 2304 nobis?
1510 2248 1889 2313 Fortissimum,
1918 2246 2111 2317 inquit,

523 2344 764 2398 solatium
791 2343 1068 2396 habeamus
1111 2341 1198 2409 qui
1224 2341 1549 2410 confugimus
1586 2338 1654 2393 ad
1682 2338 1951 2393 tenendam
1995 2354 2117 2408 pro-

523 2438 745 2505 positam
774 2451 938 2507 spent.
970 2434 1066 2488 llic
1097 2446 1309 2502 quoque
1338 2446 1526 2485 rursus
1556 2432 1711 2502 longa
1741 2444 1874 2485 usus
1903 2429 2115 2499 patien-

525 2527 616 2586 tia.
649 2537 971 2595 assequutns
1005 2534 1089 2579 est
1126 2522 1563 2593 promissionem.
1599 2519 1748 2575 Nunc
1770 2560 1785 2585 ,
1821 2520 1989 2590 inquit
2012 2559 2029 2586 ,
2060 2529 2117 2575 et

523 2630 629 2671 tum
678 2616 856 2670 dixit:
887 2612 1155 2684 Quoniam
1194 2614 1415 2683 juravit.
1462 2611 1602 2680 Quid
1635 2612 1705 2666 sit
1746 2614 1926 2666 autem
1968 2610 2117 2681 jura-

524 2719 786 2775 mentnm,
814 2708 1072 2774 Ostendit,
1104 2707 1292 2761 dicens
1313 2746 1326 2770 ,
1351 2704 1544 2763 Jurare
1573 2719 1672 2777 per
1700 2703 1980 2774 majorem.
2008 2702 2116 2759 Sed

522 2802 777 2869 «ptouiam
804 2809 889 2855 est
914 2798 1245 2854 incredulum
1276 2811 1449 2867 genus
1477 2795 1773 2859 hominum,
1803 2794 1870 2849 ad
1898 2793 2113 2860 eadem,

523 2892 590 2946 ad
611 2908 730 2963 qum
755 2907 872 2956 nos,
901 2906 961 2947 se
990 2891 1232 2946 dimittit.
1256 2891 1406 2945 Sicut
1432 2904 1563 2960 ergo
1582 2888 1728 2956 jurat
1754 2896 1972 2958 propter
1993 2901 2115 2954 nos,

525 2984 740 3039 etiamsi
781 2983 877 3040 illo
921 2985 993 3039 sit
1024 2984 1298 3054 indignum
1343 2981 1487 3053 quod
1538 2996 1644 3037 non
1684 2980 1939 3037 credatur
1979 2996 1995 3036 :
2042 2980 2116 3038 ita

524 3101 537 3128 ι
559 3078 689 3133 tiam
714 3077 919 3133 dictum
960 3087 1042 3133 est
1084 3075 1213 3131 illud
1235 3118 1249 3139 ,
1286 3071 1482 3129 Didicit
1508 3089 1572 3128 ca:
1602 3074 1667 3129 iis
1688 3087 1802 3142 quia
1835 3088 2016 3144 passus
2042 3082 2116 3127 est

528 3169 714 3236 (llebr.
739 3168 794 3224 5.
821 3169 880 3237 8)
915 3186 928 3221 :
957 3168 1213 3237 quoniam
1238 3166 1549 3225 existimant
1575 3165 1821 3221 homines
1858 3162 1962 3221 hoc
1994 3179 2117 3220 esse

527 3262 695 3331 magis
724 3263 825 3316 lide
852 3261 1071 3331 d'gnnm
1094 3302 1109 3325 ,
1148 3259 1360 3329 assequi
1405 3274 1499 3328 per
1538 3256 1949 3328 experientiam.
1976 3256 2116 3323 Quid

526 3363 631 3420 est,
670 3351 996 3420 Ριομοδίιαηι
1027 3367 1168 3421 spent
1190 3350 1216 3405 Ρ
1241 3348 1321 3405 Es
1351 3349 1435 3403 his
1458 3388 1475 3415 ,
1503 3349 1716 3418 inquit,
1747 3346 1921 3401 futura
1948 3344 2118 3416 conji-

526 3446 737 3499 cimus:
770 3461 890 3498 mon
918 3445 961 3497 si
993 3444 1107 3499 base
1133 3450 1256 3511 post
1296 3449 1503 3496 tantum
1544 3449 1757 3509 tempus
1794 3446 2114 3504 evenerunt,

527 3554 749 3592 ntnnmo
789 3538 876 3592 illa
905 3552 1136 3606 quoque.
1179 3534 1542 3601 Quamobrem
1578 3549 1698 3602 qua:
1734 3531 1872 3586 facta
1902 3530 2119 3585 fuerunt

523 3625 777 3690 Aiil'llhlll,
809 3626 961 3685 nobis
986 3641 1201 3701 quoque
1223 3624 1382 3680 ﬁdem
1412 3625 1616 3679 faciunt
1642 3622 1710 3679 de
1737 3622 1954 3678 futuris.
1979 3623 1997 3655 ⁸
2029 3621 2112 3679 l9.

527 3723 692 3786 Quam
712 3722 841 3775 sicut
867 3736 1109 3776 ancoram
1137 3719 1379 3774 habemus
1406 3713 1592 3773 animat
1613 3727 1771 3771 tutam
1801 3733 1863 3771 ac
1888 3716 2109 3785 firmam,

524 3824 573 3866 et
601 3813 914 3868 incedentem
953 3825 1111 3884 usque
1156 3812 1224 3867 ad
1269 3811 1514 3866 interiora
1557 3809 1821 3865 voluminis
1851 3823 1871 3863 :
1896 3806 1989 3865 ΞΟ.
2031 3806 2114 3861 ubi

527 3922 812 3976 privent-sor
836 3922 934 3979 pro
959 3906 1102 3961 nobis
1127 3905 1349 3960 introivit
1372 3902 1406 3957 .l
1414 3918 1545 3967 esus,
1577 3902 1857 3956 serentium
1885 3900 2114 3955 ordinem

526 3999 901 4055 Melchisedech
928 4001 1157 4072 pontifex
1186 3998 1352 4064 {actus
1387 3998 1441 4051 in
1477 4006 1741 4050 cateruam.
1774 3994 1907 4048 Cum
1939 3992 2116 4048 adhuc

526 4096 698 4150 sitnus
747 4095 798 4149 in
846 4094 1069 4159 mutulo,
1099 4102 1156 4148 et
1200 4106 1233 4148 e
1276 4091 1382 4145 vita
1416 4089 1655 4145 nondum
1698 4089 2112 4148 cxcesserimus,

528 4186 764 4242 ostendit
786 4185 897 4256 jam
929 4199 1050 4241 esse
1092 4185 1147 4239 in
1177 4182 1459 4253 promissis
1491 4198 1507 4236 :
1540 4197 1662 4237 nam
1693 4194 1789 4250 per
1825 4193 1977 4249 spem
2005 4178 2116 4247 jam

527 4292 714 4333 smnus
757 4278 810 4332 in
859 4277 1027 4332 cadis.
1071 4275 1432 4344 Exsrectate,
1482 4273 1687 4342 inquit;
1732 4271 1951 4325 tnunino
1973 4270 2114 4325 enim

527 4371 650 4425 erit.
689 4369 889 4425 Deinde
921 4368 1135 4439 plenam
1164 4366 1398 4424 atterens
1449 4365 1850 4433 persuasionem
1878 4403 1894 4425 ,
1937 4359 2070 4415 dicit
2101 4376 2115 4413 :

528 4463 693 4534 Magis
721 4473 900 4518 autem
932 4476 1029 4530 spe
1053 4460 1164 4530 jam
1191 4456 1510 4527 consequuti
1538 4455 1692 4509 estis.
1733 4454 1797 4506 Et
1825 4467 1931 4505 non
1960 4450 2118 4517 dixit,

528 4554 731 4610 Sumus
760 4554 943 4616 intus;
973 4551 1090 4612 sed.
1127 4550 1243 4618 Ipsa
1290 4559 1371 4603 est
1413 4549 1651 4613 ingressa
1686 4561 1700 4597 :
1730 4542 1873 4613 quod
1904 4541 2119 4611 quidem

528 4642 646 4702 erat
674 4647 854 4700 verius
898 4654 954 4699 et
993 4641 1347 4713 probabilius.
1398 4638 1545 4694 Sicut
1591 4637 1734 4690 enim
1774 4648 1972 4689 ancora
2000 4632 2122 4687 navi

529 4752 766 4810 appensa
792 4779 807 4804 ,
840 4752 948 4791 non
982 4734 1112 4789 sinit
1156 4747 1276 4787 eam
1320 4726 1658 4784 circumferri
1689 4767 1703 4786 ,
1747 4723 1959 4779 etiamsi
2000 4737 2119 4778 eam

533 4832 674 4887 venti
705 4831 950 4902 quatiant
993 4821 1418 4884 innumerabiles
1442 4863 1456 4884 ,
1496 4818 1590 4874 sed
1631 4830 1869 4889 appensa
1912 4815 2121 4870 ﬁrmam

532 4925 709 4981 reddit
732 4934 786 4981 ct
814 4921 1065 4980 stabilem
1099 4937 1112 4972 :
1144 4918 1215 4972 ita
1239 4916 1399 4971 etiam
1430 4927 1574 4984 spes.
1612 4911 1744 4966 τωο
1764 4920 1942 4967 autem
1964 4924 2122 4982 quam

532 5017 689 5073 valde
723 5019 1110 5087 congruentem
1155 5006 1424 5064 invenerit
1465 5004 1749 5075 imaginem
1795 5019 1810 5058 :
1844 5017 1950 5058 non
1977 5004 2123 5058 enim

533 5111 668 5166 dicit
689 5108 1119 5167 litudamentum,
1144 5099 1286 5173 quod
1315 5101 1697 5168 discrepa‘sset,
1724 5095 1819 5152 sed
1846 5108 2120 5149 ancoram.

534 5200 670 5258 Nam
696 5199 838 5269 quod
879 5206 964 5253 est
1009 5200 1062 5250 in
1100 5196 1262 5249 [luctu
1310 5191 1493 5254 maris,
1526 5197 1581 5244 et
1621 5203 1726 5242 non
1767 5186 1983 5243 videtur
2006 5197 2127 5244 esse

536 5290 827 5347 admodum
861 5287 1072 5342 lit-tuum
1103 5294 1159 5341 et
1185 5284 1377 5338 stabile
1397 5322 1411 5346 ,
1445 5288 1552 5335 stat
1576 5294 1743 5348 super
1766 5293 1959 5350 aquam
1995 5284 2127 5331 tam-

535 5399 696 5455 quam
728 5396 886 5450 supra
921 5386 1156 5443 terram,
1200 5375 1530 5443 labascitqne
1578 5383 1634 5426 et
1682 5386 1788 5425 non
1820 5368 2039 5425 labascit
2078 5368 2125 5426 ⁸.

596 5523 611 5551 ι
641 5518 763 5577 Qua!
785 5517 1059 5577 sequuntur
1079 5515 1237 5616 usque
1259 5503 1325 5576 ad.
1344 5513 1601 5554 numerum
1626 5498 1657 5547 4
1677 5499 1856 5550 desunt
1881 5497 1932 5569 in
1951 5496 2090 5550 Colb.

596 5583 617 5613 ι
647 5580 696 5616 ι..
730 5577 844 5616 mss-
881 5571 1007 5616 aliud
1039 5569 1149 5616 Savi
1177 5604 1188 5615 .
1229 5567 1408 5616 legitur
1435 5578 1446 5613 :
1476 5571 1593 5613 Nam
1616 5561 1746 5616 quod
1784 5566 1855 5611 est
1888 5572 1937 5610 tu
1975 5558 2090 5616 [lact

596 5583 617 5613 ι
646 5558 1013 5637 magis)“;
1032 5558 1188 5637 .Savil.
1229 5566 1408 5637 legitur
1435 5578 1446 5613 :
1476 5571 1593 5637 Nam
1616 5561 1746 5637 quod
1888 5558 1937 5637 in

535 5622 697 5693 muri;
720 5622 850 5691 e—t—‘iu
889 5622 1073 5694 liquido
1102 5622 1334 5694 clanculo
1357 5638 1450 5675 tum
1482 5622 1640 5692 potest
1666 5622 1863 5694 tgnnino
1895 5622 2122 5694 stabiliri,

644 5681 775 5755 iii}
798 5681 1001 5762 ﬁstulis
1014 5681 1078 5747 iu:
1102 5681 1142 5746 ti
1167 5690 1214 5742 in
1238 5697 1369 5743 terra
1390 5681 1539 5749 esset,
1575 5683 1815 5750 siq'idcm
1849 5681 2048 5735 labascit
2079 5687 2128 5734 et

539 5781 627 5820 non
651 5765 869 5817 labascit.

2208 421 2340 477 Nam
2394 422 2446 476 in
2494 420 2559 476 iis
2609 420 2828 493 quidem
2883 422 2974 492 qui
3026 431 3153 478 sunt
3211 423 3365 480 valde
3418 425 3555 481 lirmi
3609 427 3796 482 solidi-

2206 529 2312 585 que
2341 523 2397 571 et
2440 514 2774 586 pltilosOpbi,
2825 515 2954 569 illud
2994 527 3360 574 consentanea
3417 521 3596 589 posuit
3633 522 3794 576 Chri—

2219 622 2373 677 stus,
2429 608 2616 665 dicens
2667 623 2683 662 :
2732 606 2832 675 Qui
2869 605 3143 675 aediﬁcavit
3192 606 3403 660 domum
3452 624 3598 663 main
3641 624 3806 665 suam

2219 717 2414 777 petram
2459 700 2691 774 (Matth.
2724 700 2779 755 7.
2810 698 2923 769 Si)
2952 716 2967 753 :
3001 700 3054 754 in
3101 698 3167 753 iis
3211 706 3392 754 autem
3430 700 3520 769 qui
3548 709 3675 756 sunt
3702 700 3803 756 de-

2220 776 2380 864 lcssi,
2429 806 2486 854 et
2522 795 2721 852 debent
2765 808 2862 865 spe
2887 792 3126 864 portari,
3165 776 3552 848 convenienter
3578 792 3681 850 boc
3710 809 3809 863 po-

2218 893 2325 951 suit
2354 890 2570 947 Paulus.
2593 888 2726 945 Nam
2755 888 2949 943 ﬂuctu
2972 884 3191 956 quidem
3218 894 3275 941 et
3300 900 3491 957 magna
3512 896 3821 957 tempestas-

2217 982 2481 1053 scspbatn
2501 980 2675 1051 quatit
2703 997 2717 1035 :
2750 993 2878 1050 spes
2904 988 3085 1033 autem
3119 993 3227 1032 non
3274 977 3405 1032 sinit
3443 976 3807 1045 circumferri,

2215 1074 2427 1133 etiamsi
2452 1089 2571 1129 eam
2592 1075 2735 1128 venti
2758 1071 2959 1142 agitent
2981 1070 3418 1126 innumerabiies.
3443 1071 3808 1140 Quamobrem

2213 1168 2258 1222 si
2287 1182 2406 1222 eam
2434 1180 2539 1221 non
2562 1164 2955 1227 habuissemus,
2975 1162 3087 1231 jam
3115 1163 3242 1218 olim
3269 1177 3520 1218 essemus
3542 1162 3807 1217 demersi.

2215 1258 2335 1315 Non
2366 1258 2541 1314 solum
2583 1265 2762 1311 autem
2807 1255 2862 1309 in
2891 1253 3258 1323 spiritualibus
3283 1294 3299 1319 ,
3341 1252 3439 1310 sed
3465 1254 3628 1308 etiam
3659 1254 3712 1308 in
3738 1254 3813 1310 iis

2215 1365 2338 1421 qua:
2365 1349 2433 1404 ad
2460 1348 2600 1404 hanc
2628 1347 2790 1403 vitam
2820 1345 3094 1416 pertinent
3118 1386 3134 1410 ,
3165 1359 3413 1414 magnam
3440 1343 3560 1415 ejus
3584 1344 3693 1398 vim
3719 1345 3810 1400 in-

2215 1440 2431 1499 veneris
2454 1482 2469 1505 ,
2520 1440 2575 1494 in
2622 1446 2922 1493 mercatura
2944 1477 2961 1502 ,
2990 1437 3045 1491 in
3084 1436 3446 1506 agricultura,
3483 1436 3535 1490 in
3572 1434 3756 1489 militia
3788 1450 3805 1490 :

2216 1535 2318 1591 nisi
2346 1532 2493 1589 enim
2521 1530 2785 1601 quispiam
2824 1542 2946 1584 eam
2973 1528 3155 1583 statim
3189 1527 3291 1581 sibi
3322 1527 3705 1597 pra'posueril,
3736 1541 3813 1583 ne

2214 1638 2352 1696 opus
2378 1622 2593 1695 quidem
2620 1619 2878 1691 attigerit.
2918 1623 3190 1674 Ancoram
3217 1627 3397 1673 autem
3426 1633 3532 1674 non
3560 1618 3695 1673 dixit
3719 1619 3812 1673 ab-

2214 1718 2412 1785 solute,
2442 1713 2538 1772 sed
2565 1713 2770 1769 llrmam
2809 1720 2866 1768 et
2893 1711 3162 1778 stabilem,
3193 1719 3252 1765 ut
3275 1710 3525 1766 ostendat
3553 1711 3671 1782 eius
3707 1710 3810 1766 lir-

2214 1810 2452 1866 mitatem
2485 1807 2552 1862 iis
2571 1806 2661 1878 qui
2691 1805 2779 1861 illa
2805 1803 3100 1859 loleiuntnr
3124 1802 3191 1858 ad
3218 1803 3449 1858 salutem
3476 1819 3490 1855 :
3519 1802 3642 1858 ideo
3670 1803 3808 1858 sub-

2214 1900 2407 1973 iungit,
2437 1899 2565 1967 Qua
2591 1895 2878 1967 ingreditur
2911 1895 2966 1948 in
2991 1894 3238 1949 interiora
3278 1893 3579 1960 voluminis;
3616 1893 3668 1949 id
3695 1904 3805 1960 est,

2212 2008 2334 2065 qua:
2357 1989 2601 2062 pervadit
2625 1999 2794 2060 usque
2820 1987 2886 2041 ad
2915 1985 3129 2042 caelum.
3162 1985 3367 2042 Deinde
3403 1985 3561 2041 tidem
3589 1998 3810 2057 quoque

2213 2083 2509 2154 subiunxit,
2537 2091 2595 2137 ut
2635 2096 2743 2136 non
2784 2077 2963 2134 solum
3007 2079 3079 2133 sit
3104 2090 3266 2148 spes,
3314 2078 3408 2133 sed
3451 2078 3614 2133 etiam
3651 2078 3811 2134 valde

2213 2175 2514 2232 vera.Nam
2536 2182 2657 2245 post
2695 2169 3068 2243 jusjurandum
3115 2169 3265 2240 ponit
3298 2169 3461 2225 etiam
3506 2170 3682 2235 aliam,
3711 2185 3814 2240 per

2213 2284 2304 2327 res
2324 2272 2465 2341 ipsas
2476 2266 3017 2330 demonstrationem,
3037 2278 3230 2333 nempe
3238 2263 3385 2334 quod
3396 2261 3697 2319 Prwcursor
3711 2278 3811 2333 pro
3832 2282 3845 2295 ι

2213 2366 2356 2420 nobis
2376 2363 2602 2417 introivit
2618 2358 2797 2415 Jcsus.
2816 2357 3127 2412 Pro-cursor
3168 2366 3346 2411 autem
3377 2362 3464 2412 est
3500 2355 3808 2426 aliquorum

2215 2470 2536 2529 prmcnrsor,
2562 2455 2700 2510 sicut
2726 2451 2959 2506 Joannes
2973 2448 3196 2505 Christi.
3222 2447 3289 2502 Et
3318 2463 3425 2502 non
3454 2448 3585 2502 dixit
3605 2448 3802 2514 solmn,

2214 2547 2478 2613 Introivit,
2532 2544 2650 2608 sed,
2709 2541 2806 2598 Ubi
2854 2556 3143 2611 pra'cursor
3195 2555 3290 2608 pro
3353 2539 3495 2593 nobis
3540 2541 3806 2606 introivit;

2217 2646 2401 2708 utpote
2431 2652 2552 2691 cum
2574 2649 2671 2690 nos
2696 2648 2909 2705 quoque
2937 2632 3230 2687 debeamus
3259 2646 3324 2685 eo
3352 2632 3653 2701 pervenire.
3687 2631 3805 2687 Non

2219 2742 2298 2787 et
2331 2730 2473 2786 enim
2499 2727 2722 2782 multum
2756 2723 3105 2780 interstitinm
3137 2723 3276 2778 inter
3316 2737 3703 2793 prmcursorcm
3749 2733 3807 2779 et

2218 2839 2314 2879 eos
2370 2824 2459 2894 qui
2509 2828 2853 2892 sequuntur:
2886 2833 3012 2873 nam
3067 2816 3267 2888 alioqui
3315 2831 3423 2872 non
3464 2825 3609 2872 esset
3665 2832 3809 2886 prae-

2225 2930 2435 2973 οιπευτ.
2468 2915 2865 2969 Prmcursorem
2911 2910 3055 2965 enim
3106 2921 3158 2964 et
3201 2923 3297 2963 eos
3345 2907 3435 2979 qui
3465 2918 3807 2978 sequuntur,

2215 3017 2428 3078 oportet
2454 3019 2575 3061 esse
2604 3003 2656 3058 in
2675 3003 2862 3059 eadem
2891 3002 3013 3069 via;
3044 3000 3192 3055 illum
3219 3000 3357 3053 viam
3381 2999 3610 3070 ingredi,
3628 3013 3685 3055 et
3707 2998 3809 3055 hos

2214 3095 2496 3168 consequi.
2545 3093 2840 3150 Secundum
2883 3091 3111 3146 ordinem
3162 3090 3534 3145 Melchisedech
3579 3091 3808 3161 pontifex

2214 3193 2267 3246 in
2318 3200 2562 3246 wternum
2608 3186 2795 3257 factus.
2853 3185 2992 3239 Ecce
3050 3184 3151 3239 alia
3205 3200 3418 3253 quoque
3471 3185 3808 3251 considatio,

2214 3284 2260 3342 si
2308 3285 2523 3356 quidem
2566 3296 2727 3352 supra
2771 3290 2854 3335 cat
2881 3289 3066 3335 noster
3100 3277 3335 3348 pontifex
3363 3319 3377 3341 ,
3410 3286 3465 3333 et
3495 3278 3662 3333 nudto
3690 3295 3808 3334 me-

2216 3381 2318 3435 linr
2348 3379 2409 3430 iis
2436 3375 2523 3447 qui
2556 3383 2679 3431 sunt
2700 3372 2840 3443 apud
2869 3371 3107 3430 Juda‘os.
3140 3388 3244 3425 non
3276 3372 3448 3425 solum
3491 3373 3669 3429 ιιιοιιο,
3712 3371 3807 3425 sed

2214 3459 2376 3520 etiam
2406 3463 2528 3519 loco
2552 3504 2568 3529 ,
2629 3461 3012 3530 tabernaculo,
3065 3467 3388 3516 testamento
3437 3463 3491 3512 et
3553 3465 3808 3526 perstans.

2216 3554 2423 3611 Dictum
2453 3563 2538 3613 est
2563 3565 2744 3615 autem
2791 3555 2860 3612 de
2908 3570 2974 3611 eo
3013 3553 3156 3626 quod
3203 3561 3287 3608 est
3333 3549 3631 3607 secundum
3688 3561 3813 3602 caro

2215 3662 2359 3702 nem.
3100 3687 3104 3691 .

2287 3739 2342 3793 3.
2366 3737 2589 3808 Oportet
2625 3752 2754 3809 ergo
2791 3745 2845 3793 et
2872 3751 2968 3793 eos
2993 3750 3220 3807 quorum
3249 3745 3333 3791 est
3375 3731 3628 3791 sacerdos
3653 3731 3817 3800 longe

2216 3843 2341 3885 esse
2409 3829 2703 3895 meliores;
2764 3836 2819 3884 et
2883 3838 3144 3899 quantum
3218 3829 3357 3881 inter
3428 3829 3702 3881 Aaronem
3759 3831 3817 3879 et

2218 3922 2488 3978 Christum
2544 3922 2807 3986 interest,
2862 3928 3068 3974 tantum
3120 3920 3384 3973 interesse
3430 3918 3571 3972 inter
3609 3932 3712 3973 nos
3758 3925 3818 3970 et

2218 4014 2457 4072 Jndmos.
2494 4014 2632 4069 Ecce
2657 4015 2801 4069 enim
2845 4014 2897 4068 in
2959 4014 3169 4082 soporis
3202 4012 3466 4065 habemus
3492 4009 3765 4067 victimam
3791 4050 3809 4073 ,

2222 4108 2275 4164 in
2302 4107 2511 4179 superis
2549 4107 2930 4173 sacerdotem,
2988 4107 3040 4160 in
3079 4107 3289 4178 superis
3328 4104 3676 4160 sacriﬁcium.
3709 4102 3818 4156 Eas

2226 4214 2356 4270 ergo
2405 4188 2955 4255 oﬂ'eramus’ltostias
2982 4214 3103 4267 quas
3150 4199 3201 4250 in
3232 4197 3322 4255 illa
3352 4211 3444 4252 ara
3485 4195 3693 4265 possint
3735 4194 3823 4247 of.

2226 4291 2397 4347 l‘erri:
2444 4306 2550 4346 non
2599 4291 2830 4360 amplius
2885 4304 3015 4344 oves
3068 4299 3125 4345 et
3178 4289 3384 4355 boves,
3431 4304 3537 4343 non
3580 4287 3821 4356 ampiius

2230 4383 2546 4453 sangtdnem
2577 4392 2631 4437 et
2660 4382 2907 4443 nidorem
2935 4400 2948 4437 :
2980 4382 3095 4436 luce
3120 4382 3298 4436 omnia
3348 4389 3472 4435 sunt
3497 4379 3690 4434 abolita
3715 4419 3730 4444 ,
3766 4388 3829 4433 et

2228 4488 2325 4543 pro
2373 4473 2454 4528 eis
2483 4482 2565 4527 est
2609 4472 2950 4527 introductus
2992 4472 3170 4527 cultus
3218 4471 3510 4529 rationalis.
3549 4468 3686 4539 Quid
3737 4480 3859 4525 est.

2226 4576 2407 4643 autem
2436 4566 2614 4620 cultus
2654 4565 2934 4619 rationalis
2958 4568 2981 4618 ’ἰ
3030 4563 3163 4632 Qua:
3195 4579 3290 4634 per
3318 4563 3553 4622 animam
3582 4561 3825 4616 ellcrun-

2232 4664 2337 4724 lur,
2365 4673 2486 4730 qua:
2533 4672 2628 4728 per
2656 4657 2906 4728 Spiritum
2939 4667 2954 4725 ί
2981 4655 3230 4728 Spiritus,
3279 4656 3470 4725 inquit,
3532 4664 3604 4709 est
3649 4652 3833 4718 Dius;

2231 4761 2277 4807 et
2308 4768 2391 4806 eos
2412 4752 2497 4822 qui
2528 4751 2693 4821 ipsum
2719 4756 2939 4804 adorant
2964 4790 2979 4817 ,
3011 4751 3065 4803 in
3094 4749 3278 4819 spiritu
3325 4758 3370 4803 et
3396 4749 3605 4805 veritate
3629 4756 3834 4817 oportet

2231 4844 2448 4899 adorare
2476 4840 2655 4916 [leam
2685 4848 2739 4896 4.
2762 4840 2904 4914 9η),
2921 4857 3039 4911 qua:
3069 4857 3175 4896 tnn
3202 4855 3337 4909 opus
3358 4839 3556 4903 habent
3577 4854 3834 4909 corpore,

2231 4946 2337 4991 non
2380 4950 2514 5005 opus
2545 4934 2744 4989 habent
2789 4932 3182 4998 instrumentis,
3213 4947 3322 4986 non
3347 4930 3482 4986 locis
3512 4948 3527 4985 :
3562 4931 3675 4987 ιιωο
3701 4945 3838 4985 vero

2232 5035 2362 5082 sunt
2392 5025 2679 5089 mmlestia,
2715 5024 3091 5095 temperantia,
3120 5025 3493 5094 eleetnosyua,
3520 5023 3837 5091 tolerantia,

2233 5118 2462 5180 lenitas.
2517 5128 2571 5173 et
2611 5116 2893 5186 patientia.
2949 5113 3076 5171 lbec
3118 5098 3382 5170 sacriﬁcia
3424 5114 3629 5170 videris
3650 5116 3838 5184 etiam

2235 5199 2417 5283 inullis
2457 5222 2603 5265 retro
2632 5210 2844 5264 sacculis
2873 5209 3153 5279 pra-ﬁgura
3166 5220 3238 5263 ta.
3289 5208 3593 5278 Sacriﬁcate
3618 5248 3635 5273 ,
3660 5206 3839 5276 inquit

2239 5302 2430 5368 David,
2455 5300 2558 5356 Deo
2589 5302 2899 5371 sacrificium
2916 5302 3137 5373 justitia!
3161 5317 3180 5357 :
3202 5310 3257 5355 et
3286 5314 3499 5364 rursus,
3517 5297 3841 5365 Sacrifiwa

2239 5395 2326 5449 tibi
2351 5394 2663 5460 sacri/icium
2714 5393 3030 5459 laudis;_et,
3064 5391 3394 5461 Sacriﬁcium
3441 5389 3609 5444 laudis
3634 5387 3840 5459 glorifi-

2198 5488 2377 5548 ‘cabit
2446 5503 2562 5553 me;
2615 5495 2711 5552 et,
2760 5485 3088 5555 Sacriﬁcium
3146 5483 3257 5539 Deo
3330 5484 3544 5555 spiri:us_
3592 5480 3845 5539 contritus

2245 5577 2515 5651 (Plaut.
2569 5577 2625 5634 6.
2667 5587 2713 5631 et
2744 5577 2867 5633 ηδ.
2902 5578 2989 5633 l7.
3024 5586 3069 5631 et
3118 5574 3309 5632 49.23
3351 5584 3397 5630 et
3437 5574 3527 5630 50.
3585 5571 3714 5643 l9}:
3747 5577 3841 5636 et,

2247 5672 2384 5741 Quid
2432 5689 2463 5725 α
2515 5681 2563 5725 te
2605 5672 2814 5742 requirit
2872 5669 3124 5723 Dominus
3173 5668 3276 5723 nisi
3334 5680 3387 5722 ut
3442 5668 3609 5737 ipsum
3655 5664 3845 5718 audias

2252 5762 2435 5836 (Mil-It.
2467 5765 2517 5818 6.
2550 5763 2647 5834 8}?
2691 5760 3002 5817 llulocaustu
3028 5771 3072 5815 et
3098 5777 3190 5833 pro
3228 5771 3433 5830 peccato
3472 5775 3570 5814 non
3609 5757 3694 5812 tibi
3722 5755 3842 5822 [κως
