4172 6516
410 394 485 449 93
1236 394 1299 449 IN
1341 391 1558 451 EPIST.
1602 390 1693 447 AD
1726 390 2096 449 "SBH/EOS.
2140 394 2297 451 CAP.
2346 396 2430 454 Vl.
2484 400 2716 458 IIOMIL.
2762 403 2856 459 XI.
3665 404 3733 460 94

402 519 524 555 runt
576 504 755 570 (I'sul.
788 505 880 559 ΞΟ.
919 505 1027 574 18).
1066 504 1209 560 Tum:
1238 506 1519 571 dixi,Erce
1540 510 1704 568 reuio.
1738 521 1792 564 ut
1820 514 2028 582 facium,

400 601 550 653 Duas
577 642 591 661 ,
625 601 943 652 rolnutatnn
968 610 1109 652 tuum
1157 599 1331 672 (Psal.
1385 602 1473 657 59.
1517 606 1569 657 8.
1606 605 1693 673 9);
1739 614 1794 658 et
1820 622 2028 673 rursus,

406 697 551 760 Quin
609 694 739 745 milii
793 693 913 747 thus
955 692 1156 759 a/I'ertis
1198 710 1262 749 ea:
1304 694 1446 750 Saba
1488 696 1625 768 (Jer.
1657 698 1711 753 6.
1752 700 1887 768 20)?
1939 711 1989 755 et
2014 743 2029 767 ,

407 792 598 841 Amore
639 805 672 840 a
700 804 780 841 me
824 804 1008 841 sonum
1038 789 1357 843 canticorum
1407 800 1648 859 tuorum;
1689 802 1735 847 et
1766 796 2019 862 psalmum

410 883 873 935 instrumentorum
924 888 1134 934 tuorum
1182 898 1284 936 non
1313 882 1526 937 audiam
1552 883 1756 957 (Amos.
1796 887 1851 942 5.
1891 886 2028 955 23):

413 979 509 1035 5rd
562 995 667 1050 pro
711 979 800 1034 his
851 978 1269 1036 Jlisericordiam
1316 981 1430 1035 volo
1474 991 1523 1035 et
1570 998 1672 1036 non
1722 982 2035 1051 sacriﬁcium

413 1073 569 1139 (Osee
613 1076 672 1128 o.
704 1073 788 1141 6).

485 1166 631 1220 Deus
656 1168 970 1236 quibusnam
997 1168 1269 1235 sacriﬁciis
1287 1168 1540 1236 placatur.
1559 1198 1632 1211 --
1656 1168 1817 1225 Vides
1838 1169 2036 1241 quibus

408 1258 701 1313 sacriﬁciis
754 1259 1002 1328 placatur
1036 1260 1225 1314 Deus?
1268 1259 1420 1316 vides
1460 1270 1514 1315 et
1539 1260 1724 1315 multis
1742 1262 1853 1331 jam
1886 1272 2035 1317 retro

404 1352 629 1406 sutilis
658 1351 753 1406 illa
788 1352 1008 1420 quidem
1031 1353 1356 1416 excessisse,
1393 1353 1508 1407 lucc
1539 1368 1668 1409 vero
1695 1370 1881 1408 eorum
1914 1356 2032 1409 loro

404 1444 688 1499 subiisse?
746 1444 879 1499 Han
929 1445 1093 1514 igitur
1134 1444 1443 1499 afferamus.
1495 1444 1626 1499 Nam
1676 1446 1765 1499 illa
1812 1448 2030 1516 quidem

402 1546 535 1591 sunt
572 1538 892 1593 divitiarum
940 1548 997 1592 et
1040 1552 1229 1591 eorum
1263 1538 1350 1605 qui
1393 1536 1630 1603 habent;
1685 1538 1801 1593 It:l:C
1847 1548 2030 1592 autem

403 1630 627 1684 \ii‘tuliS
657 1647 676 1693 ;
712 1629 803 1683 illa
833 1637 963 1683 sunt
984 1628 1329 1684 extrinsecus
1353 1670 1366 1690 ,
1403 1628 1503 1682 ista
1536 1629 1866 1685 intrinsecus
1892 1646 1907 1695 ;
1940 1631 2030 1685 illa

404 1722 489 1775 vel
539 1721 782 1792 quilibet
831 1720 1050 1790 operari
1108 1722 1384 1790 poluerit,
1441 1721 1557 1775 hinc
1605 1733 1789 1777 autem
1850 1724 2025 1793 pauci.

402 1816 623 1883 Quanto
661 1813 817 1869 enim
865 1828 968 1867 ove
1000 1814 1166 1869 homo
1210 1823 1295 1868 est
1339 1814 1532 1870 melior
1562 1825 1617 1870 ct
1664 1819 2027 1886 prmstantior,

404 1918 559 1963 tanto
591 1905 700 1962 hoc
751 1906 849 1963 illo
878 1906 1207 1961 sacriﬁcium
1244 1925 1257 1960 :
1292 1906 1379 1961 hic
1409 1908 1553 1962 enim
1597 1910 1833 1964 animam
1883 1919 2028 1967 tuan)

403 2003 570 2053 ait-rs
615 1998 876 2054 hostiam.
931 1998 1076 2055 Sunt
1132 2010 1314 2055 autem
1354 2000 1477 2055 alite
1522 2016 1741 2072 quoque
1797 2001 2022 2075 hostia?"

406 2109 534 2149 vere
566 2092 891 2146 holocausta
914 2134 932 2159 ,
990 2107 1189 2162 nempe
1214 2101 1524 2148 sanctorum
1558 2103 1860 2165 martyrum
1901 2111 2027 2151 cor-

412 2202 542 2255 pora
574 2203 591 2241 :
623 2186 732 2240 illic
772 2193 966 2240 sancta
999 2194 1056 2240 et
1084 2184 1264 2238 anima
1293 2194 1348 2240 ct
1375 2200 1573 2256 corpus
1610 2206 1623 2242 :
1659 2187 1744 2241 illa
1775 2204 2030 2259 maguum

424 2280 625 2335 habent
666 2280 891 2335 odorem
927 2278 1336 2333 suaveolenti:e.
1380 2279 1542 2333 Potes
1589 2289 1643 2335 tu
1695 2296 1950 2350 quoque,
1981 2282 2028 2337 si

429 2373 599 2437 vidis,
633 2372 735 2426 tale
778 2371 980 2427 oﬁ'erre
1011 2370 1364 2428 sacriﬁcimn.
1417 2372 1554 2441 Quid
1598 2375 1740 2428 enim
1770 2416 1784 2437 ,
1828 2375 1873 2429 si
1907 2375 2029 2446 igne

420 2480 613 2535 corpus
651 2480 753 2520 non
790 2465 1223 2520 combusseris?
1276 2465 1372 2519 sed
1414 2476 1568 2534 potes
1605 2467 1711 2520 alio
1739 2467 1895 2532 igne;
1946 2478 2029 2522 ut-

416 2570 537 2631 pnta
581 2559 702 2629 igne
745 2558 1092 2628 paupertatis
1136 2558 1487 2623 voluntariae,
1544 2559 1664 2629 igne
1694 2560 2023 2616 alﬁictiouis.

419 2652 609 2706 Licere
652 2652 802 2705 enim
856 2651 1092 2705 delicate
1140 2649 1391 2720 lauteque
1449 2660 1502 2705 ct
1542 2652 1821 2721 Splendida
1862 2654 2024 2708 vitam

404 2760 603 2814 agere;
638 2744 977 2798 laboriosam
1007 2751 1190 2796 autem
1223 2753 1277 2797 et
1319 2743 1570 2798 acerbam
1606 2745 1766 2797 vitam
1797 2745 2023 2815 eligere,

397 2847 457 2890 et
496 2852 700 2905 corpus
731 2845 909 2889 marte
958 2834 1181 2889 afﬁcere
1214 2853 1227 2889 :
1265 2850 1445 2889 annon
1490 2845 1570 2891 est
1619 2836 1821 2890 oblatio
1871 2837 2022 2891 holo-

395 2928 615 2982 causti?
660 2928 878 2998 Corpus
913 2937 1062 2982 tuum
1119 2938 1294 2982 morte
1324 2927 1482 2982 afﬁce
1534 2937 1590 2983 ct
1635 2930 1923 3001 crucilige,
1970 2940 2026 2986 et

400 3023 523 3097 ipse
550 3038 770 3093 quoque
811 3021 1052 3091 accipies
1084 3035 1344 3076 Coronam
1391 3020 1550 3091 hujus
1583 3022 1855 3094 martyrii.
1890 3023 2021 3079 Nam

395 3115 545 3185 quod
598 3115 710 3171 illic
754 3124 1018 3183 cperatur
1048 3115 1226 3178 ensis,
1270 3113 1373 3171 hoc
1424 3114 1511 3169 hic
1558 3115 1723 3169 iaciat
1769 3126 2020 3185 prompta

392 3209 567 3262 animi
618 3209 900 3263 alacritas.
948 3205 1067 3264 Non
1150 3215 1308 3271 urat,
1361 3223 1534 3275 neque
1582 3207 1823 3263 detucat
1870 3225 2024 3266 antur

394 3299 653 3371 pecunia:
674 3343 690 3365 ,
743 3299 839 3354 sed
870 3308 1057 3353 uratur
1087 3310 1143 3354 et
1192 3299 1568 3371 cxstinguatur
1618 3300 1730 3370 ipsa
1767 3303 1937 3371 turpis
1968 3313 2023 3358 et

396 3393 614 3449 nefaria
672 3390 946 3462 cupiditas
1002 3392 1124 3461 igne
1158 3390 1423 3462 Spiritus,
1484 3394 1803 3448 eoncidatur
1835 3395 2017 3465 gladio

388 3487 656 3554 Spiritus.
694 3485 809 3539 lloc
835 3494 918 3539 est
946 3485 1231 3554 pulchrum
1262 3485 1588 3540 sacriﬁcium
1612 3525 1626 3552 ,
1656 3488 1800 3555 quod
1829 3504 2019 3544 sacer-

386 3580 524 3634 dote
548 3594 694 3650 Opus
747 3595 853 3633 non
899 3577 1099 3644 habet,
1155 3579 1248 3633 sed
1280 3580 1398 3648 ipso
1445 3589 1651 3633 tantum
1700 3579 2012 3637 oll'erente:

385 3674 547 3744 quod
629 3672 839 3728 inferne
892 3671 1113 3742 quidem
1175 3673 1481 3742 peragitur,
1540 3688 1775 3743 superne
1828 3686 2011 3730 autem

382 3768 692 3823 confesti-ii
752 3766 1018 3821 ascendit.
1066 3765 1254 3820 Nonne
1305 3766 1644 3820 admiramur
1688 3768 1831 3834 quod
1884 3769 2014 3823 olim

381 3852 535 3922 ignis
588 3851 931 3906 descendens
977 3852 1159 3907 omnia
1191 3854 1601 3909 consumebat?
1655 3854 1842 3910 Potest
1896 3853 2021 3912 ﬁeri

384 3952 445 3996 ut
499 3942 645 4012 ignis
678 3958 898 4013 quoque
949 3960 1093 3999 nunc
1143 3945 1439 4000 descendat
1492 3946 1585 4000 illo
1642 3944 1799 4016 longe
1841 3946 2018 4000 aduli-

385 4037 643 4099 rabilior,
697 4046 754 4091 et
802 4037 983 4091 omnia
1020 4054 1141 4107 qum
1189 4048 1315 4092 sunt
1371 4040 1646 4109 proposiza
1692 4049 2016 4100 ennsumat:

386 4130 507 4181 imo
541 4145 681 4184 vere
732 4145 839 4183 non
881 4139 1205 4195 consumat,
1239 4131 1335 4185 sed
1369 4134 1550 4186 omnia
1600 4134 1649 4186 iu
1682 4134 1873 4187 οιυιιιιιι
1906 4132 2012 4189 tol-

386 4223 465 4281 iat
496 4239 511 4275 :
541 4238 656 4274 non
690 4222 888 4289 redigit
918 4221 1004 4276 illa
1032 4223 1082 4277 in
1111 4224 1375 4290 cinerem,
1409 4224 1506 4279 sed
1539 4225 1649 4281 Deo
1670 4226 1830 4281 οπειί
1854 4226 2014 4283 dona.

464 4313 845 4370 Misericordia
887 4332 1010 4387 erga
1040 4333 1290 4387 pauperes
1319 4320 1727 4374 commendatur.
1756 4350 1830 4360 —-
1856 4320 2017 4375 Tales

384 4418 553 4463 erant
582 4408 831 4463 Cornelii
862 4410 1174 4465 oblationes
1206 4428 1219 4464 :
1267 4411 1541 4467 Orationes
1587 4413 1765 4479 enim,
1811 4414 2015 4483 inquit,

386 4516 498 4561 tua:
544 4514 593 4557 et
625 4505 967 4576 eleemosyna:
1007 4505 1347 4560 ascenderunt
1389 4512 1442 4561 in
1469 4508 1767 4562 memoriam
1810 4509 1862 4562 iu
1891 4526 2011 4563 con-

385 4606 575 4664 spectu
599 4594 699 4648 Dei
717 4594 856 4667 (Act.
879 4595 968 4651 10.
991 4598 1068 4667 4).
1089 4597 1253 4655 Vides
1274 4600 1532 4670 optimam
1557 4601 2017 4672 conjugationem?

388 4688 552 4743 Tunc
572 4687 851 4754 audimur,
884 4689 1103 4759 quando
1125 4692 1225 4761 ipsi
1249 4708 1465 4762 quoque
1486 4694 1734 4749 audimus
1755 4696 2018 4750 acceden-

386 4792 476 4837 tes
495 4797 786 4852 pauperes.
811 4782 913 4850 Qui
934 4782 1171 4852 obstruit,
1196 4787 1389 4857 inquit,
1419 4804 1571 4842 aures
1600 4805 1720 4841 suas
1744 4806 1806 4842 ne
1835 4789 2018 4843 audiat

386 4894 699 4946 pauperem,
754 4894 929 4948 preces
950 4882 1061 4948 ejus
1090 4897 1191 4933 non
1237 4883 1476 4935 exaudiet
1507 4880 1646 4936 Deus
1684 4881 1871 4952 (l’rov.
1919 4883 2013 4939 2|.

385 4972 510 5039 l5).
545 4970 740 5024 Beatus
768 4974 855 5042 qui
884 4972 1123 5043 intelligit
1151 4989 1306 5042 super
1335 4991 1548 5043 egenum
1595 4984 1641 5027 et
1688 4991 1963 5044 pauperem
1996 4991 2015 5029 :

382 5066 439 5116 in
490 5063 581 5115 die
602 5063 747 5116 mala
775 5063 1007 5117 liberabit
1033 5081 1150 5118 eum
1180 5063 1432 5120 Dominus
1459 5065 1631 5136 (Psal.
1663 5066 1752 5121 40.
1787 5067 1863 5136 ‘2).
1890 5067 2006 5121 Non

380 5165 577 5209 autem
612 5155 757 5210 alius
778 5155 894 5210 dies
922 5155 1131 5222 malus,
1173 5158 1276 5213 nisi
1306 5158 1397 5213 ille
1439 5158 1556 5213 dies
1611 5160 2011 5228 peccatoribus.

381 5247 531 5313 Quid
569 5256 696 5311 est,
753 5248 856 5314 Qui
881 5248 1164 5320 intelligit?
1206 5249 1307 5317 Qui
1349 5258 1533 5304 mente
1570 5259 1751 5305 versat
1774 5251 1900 5320 quid
1945 5253 2015 5306 sit

381 5356 623 5411 pauper,
675 5341 767 5407 qui
816 5341 935 5411 ejus
981 5340 1144 5395 discit
1165 5340 1515 5398 afﬁictionem
1555 5360 1568 5394 :
1603 5358 1725 5397 nam
1758 5343 1847 5413 qui
1891 5344 2008 5413 ejus

379 5440 576 5493 didicit
609 5437 989 5506 aﬂlictionem,
1043 5438 1267 5493 omnino
1298 5440 1415 5508 ejus
1452 5439 1815 5494 miserebitur.
1848 5440 1903 5495 Si
1934 5441 2015 5493 vi-

376 5534 466 5589 dei
486 5534 533 5587 is
565 5545 890 5603 pauperem,
943 5546 1011 5585 ne
1043 5540 1434 5600 pr;rtercurras
1456 5575 1471 5597 ,
1502 5531 1595 5587 sed
1626 5532 1808 5586 Statim
1842 5533 2016 5601 cogita

378 5628 644 5697 quisnam
669 5637 850 5689 esses,
876 5625 919 5679 si
945 5634 1000 5677 tu
1022 5624 1112 5677 ille
1128 5638 1284 5678 esses
1304 5639 1317 5675 :
1336 5624 1462 5694 quid
1496 5639 1600 5677 non
1623 5623 1793 5678 velles
1818 5640 2010 5679 muucs

379 5718 610 5773 tmere?
641 5717 748 5783 Qui
775 5712 1056 5787 intelligit,
1105 5715 1300 5782 inquit.
1347 5716 1534 5786 Cogita
1564 5715 1707 5786 quod
1755 5724 1838 5770 cst
1865 5732 2017 5785 irque

378 5812 527 5865 hln-r
578 5820 753 5878 atque
782 5819 837 5862 tu
861 5850 873 5873 ,
925 5818 980 5862 et
1021 5818 1105 5863 est
1134 5808 1379 5877 ejusdem
1411 5808 1569 5879 cujus
1613 5819 1667 5861 tu
1696 5808 2014 5872 nobilitatis,

376 5916 432 5964 et
460 5908 651 5964 omma
674 5912 857 5959 tecum
890 5900 1133 5973 possidet
1163 5902 1472 5961 communia
1509 5919 1520 5957 :
1560 5911 1609 5958 et
1642 5917 1783 5973 smpc
1828 5917 1894 5957 ne
1922 5915 2015 5974 pa-

2139 536 2252 574 rem
2301 519 2519 589 quidem
2575 522 2708 575 facis
2767 520 2875 574 tuis
2920 520 3188 587 canibus;
3248 520 3342 576 scd
3396 522 3470 576 illi
3520 521 3738 592 quidem

2142 612 2441 677 satiantur,
2491 611 2577 665 hic
2618 623 2798 666 autem
2846 629 2991 681 saepe
3017 612 3217 667 dormit
3257 606 3537 677 esuriens;
3569 624 3624 668 et
3652 615 3743 684 qui

2136 714 2218 757 est
2252 704 2407 769 liber,
2457 720 2604 774 saepe
2636 705 2743 759 tuis
2771 706 2944 760 servis
2976 706 3149 760 factus
3181 716 3266 761 est
3320 708 3480 761 vilior
3509 718 3563 762 et
3593 707 3743 777 ahje-

2136 799 2293 852 otior.
2342 801 2408 852 At
2435 798 2511 852 illi
2545 798 2701 854 nobis
2730 810 2990 870 pnestant
3021 816 3238 867 operam
3266 841 3282 867 ,
3314 801 3544 869 inquies.
3591 801 3744 868 Qua:-

2139 908 2261 943 nam
2294 907 2356 945 ea
2398 892 2527 945 est?
2560 891 2697 947 bene
2729 892 2820 945 tibi
2852 894 3138 947 serviunt?
3179 893 3317 962 Quid
3347 894 3497 948 dices
3520 935 3534 957 ,
3567 896 3611 948 si
3644 894 3742 949 tibi

2136 983 2428 1039 ostendero
2470 984 2614 1040 hunc
2663 986 2820 1056 longe
2870 986 3131 1055 majorem
3174 986 3266 1041 tibi
3301 998 3559 1057 pra35tarc
3606 1002 3740 1056 ope-

2137 1094 2252 1133 ram
2278 1120 2294 1144 ,
2340 1094 2499 1149 quam
2528 1079 2647 1134 illos
2679 1079 2703 1133 ?
2746 1080 2839 1134 tibi
2869 1081 3012 1134 enim
3045 1080 3218 1134 aderit
3249 1080 3303 1134 in
3330 1080 3419 1134 die
3444 1079 3658 1150 judicii,
3688 1087 3742 1134 et

2136 1180 2191 1228 te
2222 1174 2291 1226 ab
2324 1173 2445 1243 igne
2472 1173 2685 1242 eripiet.
2719 1173 2857 1240 Quid
2890 1173 3156 1242 ejusmodi
3189 1173 3281 1227 tibi
3313 1172 3517 1228 faciunt
3545 1188 3737 1227 «mines

2138 1265 2324 1318 servi?
2370 1264 2595 1333 Quando
2626 1278 2833 1320 mortua
2875 1275 2958 1319 est
3004 1264 3233 1319 Tabitha
3282 1264 3415 1334 (Act.
3452 1263 3567 1333 10),
3607 1263 3729 1332 quis

2135 1370 2252 1408 eam
2294 1352 2607 1410 suscitavit?
2636 1357 2774 1411 servi
2803 1356 3265 1411 circumsistentes
3290 1395 3304 1419 ,
3348 1370 3417 1408 an
3447 1355 3678 1409 mendici
3704 1354 3728 1407 ?

2134 1446 2213 1500 Tn
2245 1459 2423 1501 autem
2456 1465 2520 1502 ne
2546 1448 2771 1509 liberum
2795 1449 3009 1516 quidem
3030 1448 3109 1501 vis
3133 1463 3291 1502 servo
3317 1462 3503 1519 parem
3530 1447 3713 1500 fat-ere

2137 1537 2229 1591 E~t
2256 1554 2505 1607 magnum
2538 1537 2707 1609 frigus
2733 1550 2786 1593 et
2813 1540 2956 1609 jacet
2989 1554 3193 1607 pauper
3226 1552 3522 1607 pannosus,
3547 1553 3722 1589 emor-

2136 1638 2280 1692 tnus,
2313 1630 2549 1686 stridens
2574 1632 2825 1686 dentibus
2848 1673 2864 1697 ,
2916 1641 2969 1685 et
2996 1631 3087 1700 qui
3115 1638 3336 1699 aspectu
3380 1640 3427 1683 et
3462 1629 3645 1681 habitu
3677 1637 3729 1683 te

2136 1730 2314 1790 potest
2338 1738 2686 1778 commovere
2722 1742 2735 1779 :
2781 1735 2838 1777 tu
2870 1733 3049 1777 autem
3078 1723 3264 1777 calens
3285 1730 3341 1775 et
3371 1721 3553 1776 chrius
3584 1736 3726 1787 pra--

2133 1813 2261 1867 teris
2286 1830 2300 1867 :
2332 1822 2386 1869 ct
2414 1814 2690 1885 quomodo
2719 1815 2799 1868 vis
2827 1823 2882 1867 ut
2914 1814 3052 1868 Deus
3079 1824 3130 1868 te
3155 1814 3380 1884 eripiat,
3419 1811 3636 1883 quando
3666 1827 3726 1865 es

2137 1904 2188 1959 in
2212 1906 2563 1961 calamitate?
2586 1906 2743 1976 Saepe
2772 1914 2948 1961 autem
2970 1904 3072 1960 hoc
3097 1921 3311 1975 quoque
3338 1905 3505 1959 dicis:
3542 1902 3654 1973 F.in
3680 1903 3724 1956 si

2130 2011 2335 2059 essem,
2380 2007 2435 2052 et
2488 1998 2652 2052 multa
2686 2007 2998 2067 peccantem
3048 1997 3279 2067 aliquem
3339 1996 3667 2065 accepissem
3706 2035 3721 2059 ,

2132 2104 2253 2144 eum
2271 2089 2621 2154 dimisissem,
2645 2098 2698 2143 et
2718 2089 2855 2143 Deus
2875 2105 2979 2143 non
2998 2087 3252 2141 dimittit?
3269 2086 3345 2141 Ne
3366 2088 3467 2141 hoc
3485 2086 3686 2140 dixeris
3709 2102 3723 2139 :

2133 2190 2187 2236 tu
2226 2180 2370 2237 enim
2399 2196 2521 2235 eum
2580 2180 2670 2251 qui
2718 2180 2769 2234 in
2804 2188 2854 2235 te
2882 2179 3012 2233 nihil
3051 2179 3324 2249 peccavit,
3368 2193 3526 2247 quem
3574 2187 3727 2246 potes

2134 2273 2394 2337 liberare,
2423 2272 2680 2343 despicis.
2728 2273 2784 2329 Si
2838 2273 2998 2327 talem
3052 2282 3104 2326 ιιι
3135 2273 3400 2341 despicis,
3451 2271 3725 2341 quomodo

2132 2364 2272 2419 Deus
2291 2373 2341 2419 te
2357 2363 2447 2434 qui
2472 2365 2523 2418 in
2553 2366 2726 2434 ipsum
2752 2379 2941 2433 peccas
2966 2362 3249 2417 dimittet?
3269 2380 3447 2417 annon
3470 2364 3581 2416 haec
3620 2378 3727 2416 iue-

2129 2467 2315 2511 rentur
2329 2456 2671 2527 gehennam?
2700 2457 2765 2512 Et
2785 2457 2909 2527 quid
2937 2455 3172 2511 mirum?
3195 2471 3391 2526 corpus
3417 2471 3561 2524 satpe
3587 2471 3725 2510 mor-

2135 2559 2315 2612 tuum,
2341 2549 2491 2605 nullo
2516 2565 2677 2605 sensu
2717 2549 3019 2620 praeditum,
3055 2549 3314 2603 honorem
3336 2565 3439 2602 non
3482 2549 3719 2618 amplius

2127 2640 2390 2708 sentiens,
2416 2640 2896 2697 innumerabilibus
2913 2640 3075 2695 variis
3095 2651 3149 2696 et
3171 2640 3352 2695 aureis
3371 2656 3534 2694 ornas
3552 2641 3722 2694 vesti—

2126 2731 2223 2785 bus
2245 2753 2258 2788 :
2279 2732 2405 2786 illud
2429 2742 2607 2787 autem
2637 2733 2779 2802 quod
2808 2732 2975 2800 dolet,
3001 2733 3267 2787 laceratur
3288 2742 3339 2786 et
3370 2742 3651 2802 torquetur
3669 2744 3725 2787 et

2120 2836 2150 2875 a
2182 2822 2321 2878 fame
2346 2832 2399 2878 et
2431 2823 2635 2895 frigore
2664 2824 2959 2891 cruciatur,
2993 2824 3247 2894 despicis,
3276 2831 3331 2878 et
3357 2824 3501 2878 inani
3532 2824 3721 2895 gloria:

2125 2915 2244 2985 plus
2296 2916 2513 2987 largiris
2543 2932 2703 2986 quam
2758 2916 2850 2970 Dei
2896 2915 3099 2970 timori.
3149 2917 3325 2985 Atque
3356 2915 3562 2970 utinam
3595 2916 3722 2971 hac-

2124 3015 2280 3061 tenus
2304 3023 2319 3073 ;
2350 3007 2446 3062 sed
2467 3007 2714 3077 protinus
2742 3010 3092 3062 accedentem
3118 3022 3343 3061 accusas
3369 3025 3381 3060 :
3412 3008 3523 3062 Cur
3549 3009 3719 3074 enim,

2125 3098 2325 3168 inquis,
2383 3115 2489 3154 non
2518 3100 2816 3169 operetur?
2864 3114 2961 3153 cur
2990 3115 3119 3153 vero
3164 3099 3369 3152 otiosus
3400 3100 3596 3153 alitur?
3628 3100 3723 3155 Dic

2124 3192 2256 3245 mihi
2288 3210 2301 3246 :
2331 3201 2384 3245 tu
2414 3202 2914 3262 autcmopcransne
2936 3192 3105 3247 babes
3135 3208 3256 3262 qua:
3281 3192 3468 3259 habes,
3492 3209 3596 3247 non
3627 3211 3722 3247 au-

2122 3292 2231 3337 tem
2257 3293 2477 3354 accepta
2501 3284 2797 3339 hereditate
2826 3295 3043 3354 paterna
3062 3285 3085 3335 Ἰ
3099 3284 3250 3351 Quod
3272 3285 3316 3337 si
3340 3285 3501 3338 etiam
3524 3303 3719 3355 opera-

2124 3377 2242 3443 ris,
2299 3386 2584 3447 propterea
2639 3377 2730 3433 alii
2760 3376 3101 3447 exprobras?
3155 3392 3261 3431 non
3310 3378 3464 3431 audis
3497 3378 3719 3432 Paulum

2122 3467 2437 3523 dicentem?
2466 3468 2775 3539 Postquam.
2805 3470 2947 3522 enim
2990 3468 3160 3534 dixit,
3200 3469 3301 3537 Qui
3342 3487 3443 3523 non
3476 3483 3724 3537 operatur

2124 3577 2213 3614 nec
2235 3563 2504 3616 manducet
2529 3605 2544 3629 ,
2575 3562 2705 3617 dicit
2740 3580 2753 3617 :
2793 3560 2892 3616 Vos
2927 3572 3094 3616 autem
3124 3563 3308 3615 bonum
3343 3564 3587 3633 facientes
3620 3584 3723 3619 mm

2122 3655 2372 3722 deﬁciatis
2435 3655 2528 3726 (2.
2581 3654 2762 3710 Thess.
2810 3656 2867 3711 5.
2914 3654 3003 3709 10.
3055 3652 3189 3727 15).
3248 3655 3354 3710 Sed
3409 3655 3585 3725 dicis,
3632 3659 3724 3713 Est

2126 3749 2408 3818 iuipostor.

2191 3864 2225 3919 ι
2274 3863 2406 3927 Quid
2439 3872 2492 3917 tu
2519 3862 2674 3926 dicis,
2706 3878 2737 3913 o
2766 3862 2964 3916 homo?
2999 3873 3219 3932 propter
3248 3878 3412 3917 unmn
3446 3878 3635 3933 panem
3664 3876 3721 3921 et

2121 3964 2321 4008 vestem
2354 3972 2476 4009 eum
2505 3955 2746 4023 appellas
2772 3954 3169 4024 impostorem?
3203 3956 3271 4008 At
3292 3956 3473 4009 Statim
3511 3957 3560 4010 id
3586 3974 3685 4013 ven
3704 3990 3717 3999 ε

2118 4045 2195 4100 dit
2218 4086 2233 4110 ,
2262 4046 2452 4115 inquit.
2482 4045 2562 4099 Tu
2593 4057 2772 4099 autem
2807 4046 2986 4099 omnia
3033 4056 3118 4099 tua
3154 4054 3302 4102 recte
3327 4046 3721 4101 administras?

2119 4125 2257 4192 Quid
2287 4141 2417 4181 vero
2436 4126 2461 4178 ?
2489 4140 2753 4181 omnesne
2799 4135 2923 4179 sunt
2950 4141 3214 4193 pauperes
3259 4135 3478 4193 propter
3506 4126 3723 4177 otium?

2118 4233 2281 4273 nemo
2311 4227 2533 4288 propter
2558 4218 2896 4286 naufragium
2920 4218 2943 4270 ?
2973 4233 3133 4271 nemo
3161 4227 3383 4287 propter
3408 4215 3671 4283 judicium
3697 4215 3720 4268 ’9

2118 4326 2279 4366 nemo
2308 4319 2529 4382 propter
2557 4309 2802 4364 furtum?
2828 4325 2987 4364 nemo
3004 4321 3225 4379 propter
3253 4307 3534 4379 pericula?
3560 4322 3721 4360 nemo

2120 4412 2343 4473 propter
2374 4402 2593 4455 morbos
2616 4401 2636 4454 ?
2682 4416 2842 4455 nemo
2870 4409 3091 4469 propter
3120 4399 3285 4453 alium
3316 4400 3542 4455 casum?
3570 4397 3677 4451 Sed
3702 4439 3718 4459 ,

2117 4493 2161 4547 si
2207 4492 2537 4548 audierimus
2588 4493 2823 4562 aliquem
2857 4492 2973 4546 hate
3021 4490 3433 4560 deplorantem,
3464 4499 3519 4545 ct
3563 4489 3721 4545 valde

2116 4584 2499 4639 voeiferautem
2526 4627 2540 4648 ,
2571 4595 2627 4640 ct
2678 4585 2879 4638 nmium
2910 4585 2961 4638 iu
2993 4583 3184 4638 caelum
3213 4584 3636 4652 suspicientem,
3664 4590 3720 4637 et

2118 4678 2438 4747 promiSsam
2457 4692 2666 4731 comam
2688 4678 2945 4738 alentem,
2970 4686 3022 4731 et
3050 4677 3241 4746 pannis
3255 4678 3511 4741 obsitum,
3539 4676 3720 4731 statim

2117 4785 2240 4824 eum
2261 4770 2628 4840 impostorem,
2643 4771 2862 4841 planum
2882 4779 2937 4825 et
2958 4769 3328 4824 simulatorem
3355 4767 3714 4839 appellamus.

2118 4864 2234 4919 Non
2286 4874 2337 4919 tc
2386 4864 2587 4933 pudet?
2620 4880 2909 4933 quemnam
2952 4879 3114 4919 vocas
3163 4862 3551 4934 impostorem‘!
3578 4861 3721 4917 Nihil

2118 4956 2338 5011 dederis
2359 4998 2373 5019 ,
2398 4966 2452 5011 et
2498 4972 2565 5011 ne
2591 4972 2716 5012 eum
2762 4971 3007 5012 accuses.
3040 4956 3147 5012 Sed
3202 4956 3399 5020 habet,
3432 4956 3635 5025 inquit,
3666 4965 3722 5012 et

2118 5050 2354 5103 simulat.
2391 5049 2503 5103 Hoc
2532 5058 2617 5104 est
2648 5050 2721 5102 tui
2748 5091 2762 5113 ,
2797 5065 2904 5104 nou
2946 5049 3088 5103 illius
3132 5048 3409 5102 accusatio
3440 5066 3452 5101 :
3482 5048 3584 5101 scit
3611 5048 3713 5101 sibi

2120 5156 2234 5195 rem
2263 5156 2388 5196 esse
2429 5156 2553 5195 cum
2602 5140 2946 5207 crudelibus,
2977 5154 3102 5193 cum
3134 5138 3327 5193 bclluis
3356 5138 3525 5207 magis
3551 5155 3712 5207 quam

2117 5249 2241 5288 cum
2291 5233 2599 5288 hominibus
2618 5273 2635 5299 ,
2665 5243 2718 5287 et
2746 5232 2889 5304 quod
2917 5232 3127 5287 etiamsi
3179 5232 3403 5286 verbum
3435 5230 3721 5298 eloquatnr

2119 5327 2464 5392 miserabile,
2500 5327 2773 5381 neminem
2810 5326 3006 5395 poterit
3053 5324 3326 5379 attrahere
3352 5343 3365 5379 :
3395 5333 3449 5379 et
3478 5324 3598 5379 ideo
3628 5342 3721 5379 nc-

2119 5434 2273 5473 cesse
2300 5418 2463 5473 habet
2490 5433 2549 5472 se
2577 5417 2953 5472 miserabiliori
2985 5415 3170 5472 habitu
3203 5417 3448 5481 induere,
3480 5427 3538 5471 ut
3568 5427 3719 5472 tuum

2120 5512 2328 5579 frangat
2357 5511 2619 5564 animmn.
2644 5510 2702 5564 Si
2732 5508 3024 5563 viderimus
3067 5509 3372 5577 quempiam
3417 5511 3468 5563 in
3513 5509 3722 5567 liberali

2120 5603 2303 5657 habitu
2334 5601 2717 5666 accedentem;
2747 5599 2876 5667 Iste,
2906 5601 3101 5671 inquit,
3135 5611 3221 5657 est
3252 5604 3545 5671 impostnr,
3579 5614 3633 5657 ct
3664 5616 3724 5658 ut

2120 5698 2364 5752 videatur
2390 5697 2617 5750 honesto
2645 5696 2765 5752 loco
2792 5712 2913 5751 esse
2963 5705 3151 5760 natus,
3184 5696 3253 5749 ita
3285 5696 3492 5751 accedit
3522 5714 3533 5748 :
3567 5698 3610 5750 si
3639 5699 3723 5752 vi-

2119 5793 2203 5846 dei
2222 5793 2358 5846 imus
2387 5790 2439 5845 in
2470 5790 2654 5844 habitu
2673 5794 2969 5855 contrario,
2991 5806 3113 5843 eum
3142 5789 3304 5845 etiam
3337 5789 3720 5856 vituperamus.

2121 5884 2387 5956 Quidjam
2423 5884 2663 5941 facient?
2693 5884 2736 5941 Ο
2787 5882 3086 5940 svitiam!
3131 5898 3163 5939 ο
3197 5882 3583 5938 indolentiam!
3613 5883 3720 5937 Cur
