4172 6448
531 280 600 334 9Γί

527 394 790 458 membra,
826 394 992 463 inquit
1022 436 1036 461 ,
1084 395 1332 464 aperiunt
1382 397 1662 452 mutilata?
1687 399 1912 471 Propter
1944 416 1994 459 te
2025 426 2038 457 :
2071 409 2114 463 si

528 498 770 537 essemus
802 485 1200 551 misericordes,
1222 501 1326 538 non
1346 497 1487 540 esset
1506 488 1584 541 eis
1606 504 1740 558 opus
1768 489 1850 546 his
1877 495 2079 552 artibus
2101 542 2113 555 ,

528 575 571 625 si
595 589 622 626 a
654 575 1054 642 primoacccssn
1082 576 1490 644 persuasissent,
1510 594 1615 632 non
1640 583 1922 638 tamtnulta
1936 597 2118 644 essent

528 668 838 720 machinati.
872 667 1001 733 Quis
1019 679 1097 720 est
1122 667 1260 722 adeo
1282 669 1466 733 miser,
1499 680 1554 725 ut
1577 680 1783 728 tantum
1815 677 1944 732 velit
1967 682 2112 735 voci-

529 757 708 819 ferari,
737 766 791 810 ιιι
817 773 874 810 se
897 757 1021 811 velit
1040 757 1291 812 indecore
1315 774 1525 830 gerere,
1555 772 1612 816 ιιι
1637 764 1763 818 velit
1783 767 1992 834 publice
2016 771 2110 824 de-

529 849 660 902 ﬂere
683 859 735 902 et
759 849 1035 902 lamentari
1052 865 1172 903 cum
1191 851 1328 905 nuda
1349 869 1541 921 uxore,
1559 871 1677 909 cum
1698 857 1819 913 ﬁliis
1835 867 2114 935 conspergi

525 937 746 993 cinere?
775 937 900 993 Haac
925 948 1052 994 sunt
1101 943 1289 1011 quavis
1335 956 1648 1017 paupertate
1681 947 1969 1008 deteriora.
2009 957 2114 1013 Sed

527 1040 744 1098 prepter
775 1029 888 1084 haec
920 1046 1020 1086 nos
1048 1049 1152 1086 nun
1182 1035 1354 1088 solum
1392 1052 1578 1091 eorum
1605 1055 1712 1094 non
1742 1044 2069 1102 miseremur
2095 1093 2110 1115 ,

525 1121 619 1178 sed
647 1123 806 1176 etiam
847 1138 943 1178 eos
987 1140 1319 1183 accusamus.
1352 1128 1416 1184 Et
1456 1132 1632 1188 adhuc
1675 1140 2115 1198 succensebimns

523 1214 669 1284 quod
697 1215 862 1270 Deum
883 1230 1135 1288 rogantes
1159 1235 1263 1276 u0n
1296 1223 1678 1281 exaudiamur?
1703 1238 1755 1284 et
1772 1230 1949 1288 adhuc
1971 1249 2115 1305 a‘gre

524 1302 782 1370 feremus,
807 1308 947 1378 quod
975 1318 1191 1365 orantes
1211 1327 1314 1365 non
1360 1316 1817 1381 persuadeamus?
1840 1320 1957 1375 Non
1988 1302 2116 1380 bor-

519 1394 804 1460 rescimns,
835 1411 868 1449 0
893 1395 1116 1451 dilecti?
1147 1398 1216 1452 At
1239 1412 1404 1468 saepe,
1428 1400 1617 1469 inquit,
1649 1402 1794 1458 dedi.
1827 1403 1904 1458 Tu
1927 1414 2106 1460 autem

520 1498 627 1537 non
674 1500 887 1554 semper
913 1487 1192 1542 comedis?
1239 1505 1434 1558 pueros
1463 1501 1640 1546 autem
1690 1508 1833 1563 szepe
1861 1507 2106 1564 petentes

519 1587 646 1628 num
677 1575 888 1643 abigis?
917 1576 963 1631 Ο
1008 1578 1422 1648 impudentiam!
1456 1583 1750 1653 Panperem
1797 1603 1959 1642 vocas
2008 1589 2106 1642 im-

519 1665 808 1734 pudentem
833 1669 856 1722 ?
882 1678 936 1724 et
967 1679 1020 1724 tu
1065 1673 1279 1740 quidem
1309 1676 1527 1743 rapiens
1557 1692 1663 1730 non
1693 1693 1752 1732 es
1780 1679 2103 1748 impudens:

518 1755 612 1812 ille
639 1769 818 1814 autem
851 1777 1044 1830 rogans
1072 1773 1128 1817 ut
1152 1763 1248 1818 des
1300 1780 1492 1834 panem
1523 1777 1604 1821 cst
1639 1768 1958 1838 impudens?
1986 1771 2102 1827 Non

515 1851 718 1918 cogitas
748 1861 942 1920 quanta
970 1853 1040 1907 sit
1064 1855 1266 1908 ventris
1293 1857 1634 1912 necessitas?
1663 1874 1845 1914 annon
1886 1871 2107 1930 propter

518 1938 620 1993 hoc
632 1941 761 1996 facis
788 1943 1192 1998 omnia?aunon
1213 1956 1499 2015 propterea
1528 1949 1750 2019 negligis
1775 1951 2104 2020 spiritualia?

513 2046 691 2088 annon
719 2039 1044 2104 propositum
1065 2047 1154 2092 est
1183 2039 1372 2093 cmlum
1401 2051 1454 2094 et
1481 2056 1704 2111 regnum
1727 2045 2020 2099 ett-lorum?
2048 2055 2102 2101 tu

514 2134 695 2180 autem
727 2126 869 2180 illius
911 2129 1108 2181 timens
1159 2130 1499 2199 tyrannidem
1530 2134 1712 2188 omnia
1754 2136 2019 2201 sustines,
2048 2144 2104 2191 et

517 2231 622 2270 non
652 2217 928 2287 despicis?
956 2219 1081 2274 llaec
1121 2231 1204 2276 est
1230 2222 1579 2291 impudentia.
1609 2223 1724 2278 Non
1767 2225 1916 2280 vides
1943 2241 2102 2282 senes

514 2322 732 2362 mancos
761 2318 813 2362 et
837 2311 1095 2364 mutilos?
1125 2312 1254 2376 Sed,
1283 2328 1316 2365 o
1342 2312 1592 2368 delirium
1619 2316 1631 2368 !
1661 2315 1776 2382 llic,
1811 2317 1999 2386 inquit,
2027 2325 2103 2374 ιυι

512 2413 702 2452 aureos
732 2399 822 2453 dat
855 2399 1084 2465 faenori;
1121 2403 1214 2456 ille
1245 2413 1422 2458 autem
1459 2415 1554 2468 tot,
1582 2417 1634 2460 ct
1657 2409 1942 2464 mendicat.
1971 2411 2102 2465 Par-

511 2506 701 2546 vorum
736 2509 1020 2561 puerorum
1055 2499 1284 2550 narratis
1335 2499 1536 2554 [al.mlas
1558 2543 1572 2564 ,
1609 2517 1882 2574 nnga-que
1919 2513 1972 2559 et
2000 2502 2122 2560 de-h

512 2581 629 2635 liria
664 2602 676 2635 :
711 2599 834 2637 nam
879 2586 951 2638 illi
988 2586 1192 2641 fabulas
1226 2589 1360 2644 tales
1396 2606 1424 2643 a
1454 2593 1662 2647 nutrice
1702 2597 1944 2649 audiunt.
1977 2596 2096 2651 Non

512 2671 616 2726 hoc
647 2688 956 2740 persuasum
991 2675 1185 2742 habeo,
1220 2695 1322 2732 non
1351 2681 1549 2748 credo,
1584 2684 1742 2737 absit.
1782 2684 2100 2742 Faenerator

511 2763 745 2832 aliquis,
776 2776 830 2819 et
882 2782 1002 2820 cum
1062 2769 1300 2824 abundet
1327 2773 1516 2842 opibus
1561 2777 1872 2831 mendicat?
1915 2793 2100 2848 qnam-

509 2854 723 2920 obrem,
743 2857 851 2922 die,
869 2860 1088 2927 quaeso?
1112 2861 1238 2931 quid
1260 2874 1340 2917 est
1361 2866 1563 2934 turpius
1581 2884 1739 2936 quam
1759 2869 2098 2926 mendicare?

508 2945 679 2999 satius
708 2957 791 3001 cst
816 2950 953 3003 tnori
980 2992 994 3015 ,
1023 2967 1184 3020 quam
1214 2955 1542 3010 mendicare.
1570 2957 1859 3029 Quousque
1897 2963 2098 3020 erimus

508 3039 634 3092 suavi
661 3049 714 3094 et
745 3041 1060 3097 inhumani?
1104 3045 1241 3111 Quid
1276 3064 1425 3113 vero,
1452 3066 1713 3107 omnesne
1737 3051 2092 3122 fmnerautur,

508 3141 766 3185 omnesne
807 3143 930 3186 sunt
990 3135 1353 3205 impostores?
1383 3155 1611 3196 nenione
1663 3159 1786 3198 vere
1835 3146 2096 3215 pauper?

507 3219 684 3283 Certe,
709 3223 1037 3293 inquit,snut
1066 3230 1237 3285 multi.
1262 3232 1369 3286 Cur
1387 3249 1514 3302 ergo
1542 3235 1648 3289 illis
1666 3253 1770 3290 non
1792 3237 1896 3292 fers
1913 3255 2092 3309 opem,

507 3331 627 3368 cum
650 3316 724 3370 sis
751 3332 934 3371 eorum
959 3321 1080 3374 vitzc
1107 3333 1326 3376 exactus
1346 3333 1396 3377 et
1424 3337 1705 3380 accuratus
1727 3331 2096 3386 examinator?

507 3404 633 3458 lhee
658 3416 782 3459 sunt
811 3418 1096 3476 pra-textus
1122 3422 1175 3466 et
1199 3415 1496 3467 excusatio.
1524 3413 1602 3467 Da
1632 3419 1768 3470 omni
1796 3423 2020 3488 petenti;
2048 3432 2096 3476 et

507 3512 620 3548 eum
645 3538 660 3560 ,
693 3497 781 3566 qui
809 3499 923 3551 velit
951 3511 1126 3554 mutuo
1156 3504 1413 3573 accipere,
1448 3522 1510 3560 ne
1539 3511 1784 3562 averseris
1813 3527 1830 3564 :
1861 3514 2093 3568 extende

507 3602 720 3640 manum
755 3598 918 3657 tuam,
947 3609 1013 3646 nc
1040 3593 1108 3647 sit
1138 3605 1436 3650 contracta.
1467 3598 1580 3652 Non
1605 3616 1790 3657 sumus
1821 3607 1939 3658 vita:
1966 3622 2094 3661 exa-

509 3677 836 3746 minatores;
889 3683 1082 3752 alioqui
1142 3685 1339 3739 nullius
1387 3688 1454 3740 ita
1503 3691 1895 3748 miserebimur.
1942 3696 2084 3762 Car,

504 3767 719 3833 quando
763 3769 925 3824 llenm
955 3788 1112 3840 rogas
1133 3815 1147 3838 ,
1176 3774 1345 3829 dicis:
1375 3775 1452 3832 Ne
1484 3780 1796 3836 memineris
1847 3798 2095 3852 peccato-

505 3861 630 3902 rum
659 3855 937 3907 meorum?
958 3855 1574 3928 Quamobrem,etiautsi
1598 3867 1686 3920 ille
1704 3867 1773 3920 sit
1795 3867 1949 3922 valde
1972 3885 2094 3938 pec-

508 3949 680 4008 cator,
707 3944 810 4000 hoc
835 3945 888 4000 in
916 3947 1034 4016 ipso
1059 3967 1276 4021 quoque
1301 3968 1506 4024 reputa,
1533 3965 1584 4009 et
1605 3961 1916 4014 memineris
1943 3961 2088 4019 illius

507 4045 881 4104 peccatorum.
921 4039 1278 4112 Bettignitatis
1305 4056 1357 4098 et
1394 4047 1693 4104 clementia:
1725 4063 1810 4106 est
1849 4061 2084 4122 tempus,

507 4144 617 4183 non
639 4141 907 4188 accuratae
924 4142 976 4187 et
991 4143 1196 4192 exacta:
1215 4140 1652 4207 exatuinationis;
1677 4143 2084 4210 misericordia,

504 4234 615 4272 non
644 4224 1102 4281 ratiocinationis.
1128 4227 1254 4283 Vult
1277 4233 1474 4286 nutriri
1501 4250 1513 4286 :
1538 4234 1583 4286 si
1608 4235 1688 4288 vis
1707 4235 1948 4303 quidem,
1983 4236 2084 4302 da;

505 4311 589 4366 sin
643 4315 846 4382 minus,
879 4319 1132 4384 amanda,
1165 4322 1299 4376 nihil
1331 4324 1666 4393 disceptaus.
1695 4324 1878 4391 Quare
1919 4328 2085 4382 miser

504 4419 566 4460 es
600 4413 653 4459 et
690 4407 913 4463 infelix?
951 4407 1132 4477 Quare
1165 4430 1264 4468 nec
1297 4417 1412 4484 ipse
1442 4418 1749 4481 misereris,
1781 4426 1835 4472 et
1861 4433 1957 4474 eos
1989 4420 2083 4488 qui

506 4498 695 4551 volunt
726 4504 970 4559 avertis?
997 4503 1133 4558 Nam
1173 4509 1394 4574 quando
1437 4507 1524 4562 hic
1563 4510 1643 4562 vel
1697 4509 1788 4562 ille
1819 4524 1848 4561 a
1897 4521 1948 4565 te
1983 4526 2084 4585 att-

504 4586 668 4641 dierit
699 4595 842 4660 quod
872 4595 974 4651 iste
1002 4595 1220 4661 quidem
1261 4607 1345 4652 est
1380 4599 1656 4667 deceptor,
1689 4597 1780 4650 ille
1817 4614 1946 4653 vero
1981 4601 2080 4668 by-

499 4695 641 4706 ...οι-

649 4697 880 4706 ————_

1189 288 1246 345 S.
1287 291 1560 353 JOANNIS
1595 301 2069 358 CIIRYSOSTOMI
2109 303 2421 369 ARCHIEP.
2463 311 2992 400 CONSTANTINOP.

3712 351 3784 403 illi

2220 413 2421 475 pocrita
2467 426 2520 469 et
2551 419 2835 476 simulator
2859 466 2872 489 ,
2910 425 3010 484 iste
3061 439 3238 487 autem
3273 435 3601 503 faeneratur:
3630 464 3803 519 neque

2219 499 2301 553 his
2328 503 2437 570 dat,
2456 523 2626 577 neque
2653 513 2756 565 illis
2783 519 3120 586 :suspicatnr
3136 527 3278 580 enim
3298 544 3487 588 omnes
3508 499 3797 600 essetales.

2215 592 2371 647 Scitis
2395 598 2534 651 enim
2553 603 2690 670 quod
2725 607 2858 661 mala
2883 609 3034 666 facile
3056 619 3428 689 snSpicamnr;
3460 641 3582 697 qua:
3612 643 3796 690 autem

2213 683 2376 752 bona,
2406 703 2510 742 non
2541 691 2688 747 item.
2709 693 2889 753 Simus
2918 703 3320 776 misericordes,
3350 729 3454 769 non
3485 733 3795 794 utcumque,

2209 777 2303 828 sed
2334 787 2390 832 ut
2412 779 2570 836 Pater
2602 798 2784 843 noster
2807 792 3038 850 celestis
3071 816 3084 851 :
3115 799 3225 868 ipse
3249 807 3414 860 nutrit
3442 777 3716 871 adulteros
3737 777 3796 874 ei

2207 877 2537 926 scortatores
2566 885 2618 928 et
2645 883 3060 952 prrestigiatorcs
3089 907 3104 942 :
3132 900 3184 944 et
3213 894 3340 962 quid
3366 896 3531 954 dico?
3568 919 3665 961 eos
3696 911 3788 978 qtti

2208 959 2453 1018 laborant
2501 970 2645 1023 onmi
2675 987 2874 1041 genere
2908 980 3039 1034 vitii.
3072 983 3201 1039 Nam
3232 959 3476 1048 necesse
3502 1006 3585 1050 est
3639 959 3806 1058 ut'ini

2207 1059 2354 1106 tanto
2383 1059 2581 1112 muqu
2613 1065 2760 1118 multi
2789 1070 2897 1123 sint
2928 1074 3060 1128 tales
3086 1093 3100 1130 :
3131 1078 3225 1132 sed
3257 1090 3438 1138 tamen
3471 1100 3660 1145 omnes
3689 1109 3793 1148 nn-

2205 1143 2295 1195 trit
2321 1185 2335 1207 ,
2367 1161 2553 1204 omnes
2584 1151 2751 1210 induit
2785 1176 2798 1212 :
2826 1176 2986 1217 nemo
3013 1182 3260 1238 umquam
3293 1170 3434 1230 fame
3457 1180 3646 1247 petiit,
3677 1184 3782 1240 nisi

2203 1233 2324 1300 quis
2346 1235 2482 1292 fut-te
2509 1255 2602 1295 sua
2628 1257 2841 1310 Sponte.

2275 1323 2519 1382 Monachi
2539 1332 2906 1407 eleemosynam
2923 1353 3164 1409 petentes.
3190 1348 3524 1426 Eleemosyna
3537 1364 3795 1428 quomodo

2196 1413 2388 1470 danda.
2416 1448 2488 1459 —
2525 1423 2593 1475 Ita
2627 1428 2794 1482 simus
2838 1433 3212 1494 misericordes
3249 1462 3261 1497 :
3295 1454 3349 1499 et
3375 1449 3417 1501 si
3442 1413 3616 1520 egeat,
3649 1464 3702 1508 ct
3736 1457 3784 1511 si

2196 1507 2264 1559 sit
2288 1508 2338 1560 in
2360 1515 2698 1584 necessitate,
2718 1521 2766 1574 ei
2787 1524 2864 1577 fer
2881 1541 3058 1595 opem.
3077 1531 3227 1587 Nunc
3248 1551 3425 1593 amem
3451 1543 3692 1599 venimus
3716 1562 3782 1601 eo

2197 1595 2700 1673 irrationabilitatis,
2734 1620 2789 1664 ut
2820 1629 2924 1668 non
2956 1621 3128 1673 solum
3155 1621 3256 1678 hoc
3281 1625 3542 1684 faciamus
3572 1633 3622 1685 in
3655 1651 3788 1704 pauo

2195 1689 2408 1755 poribus
2435 1693 2523 1760 qni
2547 1698 2822 1756 ambulant
2852 1720 2949 1774 per
2987 1714 3218 1782 compita
3250 1726 3305 1770 et
3330 1689 3669 1790 angiportns:
3689 1727 3787 1782 sed

2191 1779 2428 1838 etiamin
2461 1791 2756 1846 monachis.
2783 1795 2878 1852 llic
2910 1801 2989 1855 vel
3020 1803 3128 1869 ille,
3158 1808 3348 1878 inquit,
3373 1824 3451 1867 est
3478 1816 3763 1885 impostor.

2191 1870 2309 1980 ljou
2356 1875 2460 1980 hoc
2504 1882 2668 1980 modo
2707 1885 2949 1946 dicebam
2971 1935 2988 1961 ,
3020 1898 3160 1966 quod
3191 1870 3244 1954 si
3285 1870 3535 1962 omnibus
3555 1870 3780 1980 quidem

2189 1961 2380 2023 denws
2429 1971 2893 2036 indiscrimiuatim
2919 2024 2936 2051 ,
2976 2000 3198 2058 semper
3238 1995 3648 2068 miserebimur;
3685 2007 3772 2059 sin

2198 2071 2376 2120 autem
2405 2073 2731 2139 cmperimns
2755 2091 2875 2131 esse
2900 2081 3097 2133 curiosi
3126 2123 3140 2146 ,
3173 2099 3462 2154 numquam
3499 2090 3786 2144 miserebi-

2199 2159 2362 2213 mur?
2385 2160 2520 2228 Quid
2544 2165 2711 2221 dicis?
2742 2177 2798 2222 ut
2822 2185 3010 2239 panem
3034 2176 3260 2245 accipiat
3287 2189 3367 2231 est
3398 2180 3696 2249 imposwr?
3719 2181 3779 2238 Si

2199 2257 2404 2317 peteret
2433 2255 2648 2324 quidem
2701 2259 2895 2315 talenta
2925 2264 3039 2318 auri
3085 2275 3136 2320 et
3176 2270 3418 2337 argenti,
3469 2281 3561 2325 ant
3606 2283 3786 2330 vestes

2196 2343 2459 2410 pretiosas
2495 2356 2550 2401 et
2599 2352 2943 2421 magnificas,
2978 2368 3070 2412 aut
3098 2361 3363 2431 mancipia
3388 2403 3403 2427 ,
3437 2365 3630 2418 merito
3658 2383 3782 2420 eum

2191 2447 2412 2490 vocares
2439 2438 2778 2509 deceptorem
2805 2463 2819 2498 :
2849 2448 2892 2501 si
2921 2458 3098 2504 autctn
3145 2451 3275 2506 nihil
3307 2454 3521 2522 horum,
3552 2457 3646 2511 sed
3678 2459 3782 2512 ali-

2191 2538 2430 2583 mentum
2452 2542 2504 2585 et
2533 2542 2917 2606 tegumentum,
2944 2557 3062 2612 qum
3081 2555 3204 2598 sunt
3232 2545 3604 2617 pbilusophim,
3627 2565 3776 2616 num,

2187 2634 2372 2688 quaeso
2398 2664 2411 2686 ,
2438 2624 2558 2680 ideo
2587 2627 2881 2699 deceptor?
2910 2636 3193 2693 Cesscmns
3214 2641 3280 2694 ab
3308 2639 3407 2696 bac
3434 2643 3738 2712 importuna
3761 2689 3778 2710 ,

2184 2716 2420 2770 satanica
2457 2729 2510 2774 et
2551 2724 2846 2791 perniciosa
2875 2731 3210 2789 curiositate.
3244 2734 3374 2790 Nunt
3408 2738 3450 2793 si
3480 2755 3538 2794 se
3563 2742 3612 2794 in
3645 2741 3777 2798 cleri

2183 2804 2396 2874 quidem
2430 2826 2714 2869 numerum
2743 2817 2884 2874 dicat
2904 2837 3025 2878 esse
3047 2826 3293 2893 relatum,
3325 2840 3415 2882 aut
3443 2831 3487 2886 si
3515 2847 3574 2886 se
3603 2838 3780 2890 numi-

2183 2906 2276 2951 nct
2329 2901 2684 2971 sacerdotem,
2704 2907 2986 2980 diligenter
3031 2915 3257 2985 inquire,
3283 2929 3336 2973 et
3374 2920 3450 2974 sis
3497 2925 3774 2994 curiosus;

2183 3002 2289 3042 non
2317 3000 2400 3046 est
2428 2995 2572 3049 enim
2604 3012 2800 3068 expers
2827 3005 3048 3072 periculi
3081 3023 3202 3078 qua:
3231 3013 3348 3068 sine
3390 3017 3638 3072 examine
3666 3019 3778 3074 illic

2182 3075 2240 3130 tit
2264 3085 2720 3151 communicatio;
2754 3091 2822 3146 de
2853 3094 3012 3150 rebus
3042 3100 3185 3153 enim
3219 3104 3423 3171 magnis
3454 3117 3534 3160 est
3566 3110 3778 3178 pericu-

2179 3167 2286 3222 ltun
2320 3189 2332 3223 :
2362 3177 2502 3243 quod
2530 3179 2572 3232 si
2601 3181 2777 3236 cibum
2807 3197 2970 3255 petat,
3004 3190 3129 3245 nihil
3155 3196 3462 3261 examines;
3496 3216 3600 3255 non
3628 3204 3772 3258 enim

2178 3262 2292 3327 (las,
2326 3268 2418 3321 scd
2445 3273 2666 3341 accipis.
2697 3276 2928 3347 Exquire
2954 3283 2997 3335 si
3023 3285 3120 3344 vis.
3158 3295 3210 3339 cl
3237 3300 3478 3344 scrutare
3503 3295 3774 3362 quomodo

2189 3350 2458 3404 Abraham
2493 3367 2552 3407 se
2583 3355 2862 3413 exhiberet
2893 3360 3210 3431 hospitalem
3256 3367 3308 3421 in
3338 3350 3533 3424 unane;
3556 3374 3646 3443 qui
3687 3389 3781 3430 ac-

2186 3440 2467 3496 cedebant.
2489 3443 2544 3499 Si
2571 3446 2638 3500 de
2661 3449 2722 3503 iis
2746 3451 2834 3518 qui
2866 3453 2932 3506 ad
2962 3455 3133 3524 ipsum
3165 3459 3542 3531 confugiebant
3564 3440 3780 3524 curioso

2185 3542 2331 3587 esset
2359 3545 2646 3604 scrutatus,
2669 3539 2899 3611 hospitio
2928 3562 3032 3599 non
3058 3551 3356 3618 excepisset
3382 3555 3633 3625 angelus;
3668 3558 3777 3613 Ωιι·-

2187 3634 2326 3680 tasse
2344 3628 2486 3681 enim
2516 3645 2621 3684 non
2648 3633 2960 3690 existimans
2986 3653 3079 3694 eos
3099 3655 3220 3696 esse
3242 3644 3481 3714 angelos,
3511 3663 3631 3703 cum
3654 3651 3776 3707 aliis

2188 3717 2307 3773 illos
2336 3737 2546 3790 quoque
2585 3726 2880 3794 expulisset
2912 3749 2924 3784 :
2955 3731 3049 3784 sed
3085 3735 3335 3801 quoniam
3384 3752 3572 3794 omnes
3621 3743 3775 3796 exci-

2186 3812 2383 3880 piebat,
2416 3817 2625 3885 excepit
2648 3820 2809 3873 etiam
2831 3823 3072 3892 angelos.
3099 3826 3231 3880 Num
3252 3845 3314 3882 ex
3339 3830 3442 3884 vita
3471 3846 3657 3888 eorum
3681 3837 3773 3905 qui

2184 3906 2449 3972 accipiunt
2468 3947 2482 3972 ,
2517 3909 2608 3962 tibi
2636 3913 2938 3966 mercedem
2968 3914 3057 3970 dat
3085 3917 3263 3973 Dens?
3306 3919 3383 3974 Ex
3411 3923 3580 3977 libero
3607 3926 3773 3980 animi

2185 3996 2448 4063 instituto,
2471 4015 2534 4053 ex
2559 4004 2722 4056 multa
2747 4005 3066 4064 liberalitate
3093 4014 3552 4083 ctmuntlicentia,
3582 4033 3649 4072 ex
3679 4019 3775 4073 be-

2184 4091 2441 4159 nignitate
2471 4103 2526 4147 et
2559 4094 2795 4152 bonitate
2831 4117 2841 4151 :
2875 4099 2990 4154 ba-c
3019 4103 3178 4168 adsit,
3223 4116 3274 4160 et
3299 4108 3478 4160 omnia
3519 4109 3655 4164 bona
3683 4125 3776 4164 as-

2183 4183 2450 4247 sequeris.
2477 4185 2605 4252 Quae
2629 4187 2787 4241 detur
2813 4192 3065 4247 omnibus
3093 4194 3247 4250 nobis
3274 4200 3528 4269 consequi
3553 4242 3568 4266 ,
3599 4202 3770 4270 gratia

2182 4283 2235 4327 et
2265 4274 2589 4347 benignitate
2623 4280 2836 4336 Domini
2887 4287 3055 4339 nostri
3087 4287 3213 4342 Jesu
3243 4289 3441 4345 Christi
3467 4334 3483 4358 ,
3511 4308 3632 4346 cum
3664 4291 3772 4364 quo

2185 4368 2326 4421 Patri
2373 4387 2473 4423 una
2527 4386 2648 4426 cum
2698 4384 2886 4430 sancto
2930 4377 3131 4447 Spiritu
3176 4383 3345 4451 gloria
3374 4425 3390 4450 ,
3446 4385 3768 4458 imperium,

2185 4457 2392 4524 honor,
2428 4475 2571 4515 nunc
2613 4470 2668 4516 et
2712 4479 2960 4536 semper,
3001 4478 3056 4523 et
3087 4471 3138 4524 in
3186 4472 3381 4529 saecula
3428 4457 3770 4532 sa'culorum.

2187 4547 2377 4600 Amen.

890 4696 3360 4731 ’,Ἥ

1957 4751 2298 4820 HOMILIA
2331 4761 2481 4823 XII.

497 4868 621 4933 (In.
658 4870 703 4924 'l.
759 4885 807 4922 v.
862 4869 909 4922 l.
959 4864 1059 4921 Hic
1099 4863 1234 4919 enim
1286 4861 1690 4930 Melchisedech,
1731 4880 1822 4918 rea:
1869 4864 2086 4933 Solem,

570 4931 807 5024 snt-cruos
840 4961 932 5014 Dei
956 4961 1157 5015 summi.
1190 4958 1277 5024 qni
1303 4956 1512 5009 obuiauit
1545 4955 1761 5009 Mira/ta:
1784 4973 2012 5026 regresso
2060 4975 2092 5013 α

571 5055 711 5110 (atde
735 5070 930 5124 regum,
965 5061 1010 5105 et
1039 5049 1287 5104 benedixit
1316 5051 1365 5104 ei
1392 5065 1411 5103 :
1437 5049 1490 5103 2.
1523 5050 1606 5103 cui
1630 5058 1676 5101 et
1717 5049 1938 5105 decimas
1981 5068 2093 5104 om-

575 5149 717 5200 nium
744 5145 913 5198 dirisit
941 5141 1232 5206 Abraham;
1265 5142 1479 5211 primum
1506 5141 1708 5213 quidem
1731 5142 2090 5212 interpretatur

573 5255 664 5292 rex
681 5235 919 5307 justitiw,
944 5235 1128 5290 deinde
1151 5244 1318 5288 autem
1340 5245 1387 5288 et
1409 5251 1500 5289 rea;
1519 5235 1715 5301 Solem,
1746 5235 1882 5304 quod
1905 5244 1976 5289 est
2002 5252 2092 5290 rea:

576 5333 717 5400 paris
735 5344 753 5391 ;
786 5327 840 5380 5.
872 5328 979 5381 sine
1005 5338 1181 5398 putre,
1214 5327 1324 5381 sine
1362 5337 1555 5391 matre,
1603 5329 1712 5382 sine
1753 5327 2088 5399 genealogia,

578 5401 736 5488 neque
761 5418 958 5472 initium
989 5419 1207 5483 dierum,
1239 5435 1395 5489 neque
1421 5419 1573 5488 ﬁnem
1601 5419 1714 5474 vita:
1751 5420 1971 5484 habens,
2002 5436 2092 5474 as-

576 5509 826 5563 similatas
856 5522 1021 5565 autem
1054 5511 1191 5567 Filio
1217 5510 1336 5578 Dei,
1371 5521 1536 5567 manet
1566 5513 1801 5566 sacerdos
1827 5512 1878 5566 in
1907 5529 2088 5583 perpe-

577 5612 738 5665 41mm.

584 5697 629 5761 ξ.
673 5696 878 5755 \‘ctct'is
901 5709 952 5755 et
981 5698 1109 5756 Novi
1142 5699 1330 5756 volens
1373 5698 1572 5757 Paulus
1608 5696 1894 5756 ostendere
1936 5695 2091 5755 dilic-

2196 4869 2452 4938 rentiam,
2480 4871 2664 4928 multis
2695 4873 2750 4930 in
2781 4874 2913 4931 locis
2940 4875 2992 4931 id
3023 4877 3335 4935 dissentiunt
3359 4921 3374 4946 ,
3409 4883 3784 4955 pra-luditque,

2195 4973 2458 5027 auresque
2488 4962 2791 5018 auditorum
2816 4966 3061 5036 explorat
3087 4977 3141 5022 et
3186 4971 3332 5038 prius
3372 4985 3608 5028 exercet.
3653 4975 3785 5032 Nam

2201 5059 2257 5104 et
2285 5051 2464 5105 statim
2494 5054 2561 5107 ab
2593 5053 2745 5110 initio
2774 5055 2878 5112 hoc
2907 5067 3174 5130 tamquam
3201 5062 3603 5122 fundamentum
3629 5069 3784 5138 jecit,

2195 5141 2380 5198 dicens
2413 5160 2427 5198 :
2459 5143 2566 5198 Illis
2595 5147 2812 5215 quidem
2841 5149 3088 5218 loquutus
3113 5163 3196 5207 est
3225 5154 3275 5208 in
3300 5156 3596 5226 prOpbetis,
3629 5161 3786 5217 nobis

2195 5245 2374 5291 autem
2407 5237 2456 5290 in
2490 5236 2625 5291 Filio
2659 5254 2672 5290 :
2708 5240 2813 5295 illis
2852 5243 3197 5299 multifariam
3247 5249 3533 5320 multisque
3578 5253 3786 5320 modis,

2196 5328 2350 5382 nobis
2375 5341 2554 5384 autem
2583 5346 2676 5400 per
2705 5333 2925 5388 Filium.
2962 5337 3164 5393 Deinde
3192 5354 3312 5394 cum
3340 5341 3408 5396 de
3457 5342 3594 5400 Filio
3639 5346 3785 5415 quis-

2196 5433 2318 5472 nam
2348 5432 2490 5475 essct
2517 5422 2856 5479 disseruisset
2885 5435 2942 5480 et
2964 5428 3090 5497 quid
3119 5429 3332 5486 fecisset
3353 5473 3367 5496 ,
3402 5442 3458 5488 et
3497 5435 3545 5487 ei
3589 5451 3784 5506 parere

2196 5513 2470 5578 suasisset,
2506 5530 2572 5570 ne
2603 5516 2755 5571 nobis
2785 5517 2972 5574 eadem
3005 5522 3310 5579 acciderent
3339 5541 3457 5595 quae
3483 5527 3704 5596 Judaais,
3733 5540 3786 5585 ct

2195 5603 2419 5660 dixiSsct
2461 5623 2583 5662 eum
2628 5624 2748 5666 esse
2797 5612 3136 5670 sacerdotem
3185 5617 3481 5673 secundum
3537 5620 3783 5676 ordinent

2196 5697 2584 5757 Melchisedech
2607 5743 2620 5770 ,
2669 5712 2723 5759 ct
2763 5718 2904 5776 saepe
2935 5706 3190 5766 voluisset
3218 5707 3356 5768 hanc
3388 5711 3598 5784 ingredi
3625 5714 3778 5770 ditio-
