4172 6466
411 361 481 418 97
770 440 773 441 ί
1152 327 1162 338 ”
1211 377 1278 434 IN
1317 375 1530 435 EPIST.
1575 379 1667 434 AD
1707 378 2068 436 "sunmus.
2110 379 2259 434 me.
2304 378 2415 436 vu.
2461 377 2686 439 HOMIL.
2733 381 2840 442 xu.
3653 395 3722 452 ss

410 490 677 557 tentiam,
697 493 934 567 etmulta
953 492 1104 564 prius
1121 493 1510 565 dispensassct,
1531 511 1732 567 eosque
1751 507 2024 568 tamquam

412 582 724 638 imbecillos
751 586 1096 656 increpasset
1122 599 1175 642 et
1228 604 1414 644 rursus
1446 602 1686 646 curasset
1713 602 1764 646 et
1790 607 2034 647 recreas-

410 686 498 732 set
522 686 581 731 ut
601 678 947 733 conliderent
967 697 979 732 :
1003 688 1131 736 tunc
1155 681 1376 737 auribus
1398 682 1510 751 jam
1531 684 1832 754 vigentibus
1855 694 1910 739 et
1937 700 2032 740 ve-

417 767 1020 840 getisaﬂ'ertrationcm
1050 772 1372 830 dill'erentite
1402 792 1416 831 :
1446 792 1571 830 nam
1600 777 1923 847 quidejecto
1949 791 2029 837 est

420 865 624 930 animo,
643 881 752 920 non
774 865 934 922 facile
946 868 1200 924 audierit.
1224 871 1285 924 Et
1307 870 1359 925 id
1385 879 1441 925 ut
1462 872 1623 938 scias,
1643 873 1766 926 audi
1791 873 1880 928 Scr
1895 884 2034 943 iptu-

419 975 532 1012 ram
579 960 856 1015 dicentem
893 977 907 1014 :
941 961 1008 1015 Et
1063 980 1167 1017 non
1211 966 1485 1019 audierunt
1535 965 1769 1037 Moysent
1823 977 2032 1037 propter

415 1052 902 1122 pusillunimitatem
931 1054 1130 1123 (Exod.
1159 1055 1212 1112 6.
1256 1057 1340 1128 9).
1371 1057 1666 1128 Propterea
1701 1075 1824 1114 cum
1883 1059 2032 1128 prius

415 1145 602 1198 multis
644 1153 706 1199 et
758 1146 1095 1204 terribilibus
1146 1156 1202 1203 et
1250 1149 1474 1220 placidis
1496 1166 1558 1204 ac
1584 1151 1830 1220 benignis
1853 1151 2032 1206 verbis

410 1249 604 1290 eorum
633 1237 995 1293 exinaniisset
1015 1239 1182 1293 animi
1210 1241 1590 1311 aegritudinem
1611 1285 1626 1307 ,
1662 1253 1788 1298 tunc
1817 1244 1886 1298 de
1926 1259 2034 1298 cce-

412 1338 536 1382 tero
581 1329 872 1384 descendit
899 1330 968 1387 ad
1000 1333 1267 1388 rationem
1298 1333 1620 1391 dim-rentia:
1650 1355 1662 1391 :
1694 1348 1748 1392 et
1777 1337 1904 1408 quid
1944 1339 2032 1392 die

406 1420 524 1474 cit?
559 1419 665 1474 llic
687 1423 824 1476 enim
855 1421 1236 1480 Melchisedech
1295 1445 1385 1481 rea:
1409 1428 1585 1483 Salen:
1604 1472 1619 1496 ,
1648 1431 1888 1486 sacerdos
1934 1431 2031 1486 Dei

405 1513 622 1565 somnii.
657 1513 727 1567 Et
757 1514 902 1584 quod
930 1525 1016 1570 est
1045 1518 1292 1574 mirabile
1315 1561 1330 1586 ,
1360 1519 1416 1574 in
1449 1521 1566 1590 ipso
1618 1532 1743 1592 typo
1791 1525 2032 1578 ostendit

405 1607 641 1660 multam
677 1622 806 1662 esse
831 1608 1221 1665 dilTerentiam.
1253 1613 1384 1668 Nam
1433 1616 1575 1669 sicut
1621 1617 1766 1683 dixi,
1819 1632 1850 1672 a
1901 1626 2030 1690 typo

403 1712 632 1767 semper
678 1699 842 1754 tidem
884 1700 1010 1756 facit
1041 1704 1253 1759 veritati
1279 1747 1294 1770 ,
1323 1721 1389 1760 ex
1421 1709 1707 1775 praiterttis
1740 1711 2027 1778 prtescntia

401 1791 634 1857 asserit,
670 1803 899 1861 propter
926 1792 1350 1851 imbecillitatem
1379 1799 1706 1854 auditorum.
1743 1801 1844 1856 Hic
1870 1805 2025 1871 enim,

403 1882 608 1955 inquit.
646 1883 1054 1952 Melchisedech,
1084 1905 1178 1942 rex
1203 1888 1403 1956 Salem,
1433 1893 1672 1947 sacerdos
1697 1893 1790 1947 Dei
1810 1897 2026 1962 summi,

403 1986 456 2028 et
486 1978 580 2041 qui
605 1977 829 2032 obuiauit
852 1978 1075 2034 Abraha:
1095 1999 1323 2053 regresso
1343 2001 1374 2036 a
1400 1985 1538 2038 ccede
1561 2003 1736 2058 regum
1755 2029 1769 2050 ,
1799 1998 1844 2042 et
1875 1989 2027 2042 bene-

399 2069 547 2123 dixit
588 2071 634 2123 ei
663 2087 680 2122 :
719 2072 804 2124 cui
853 2081 902 2125 et
943 2071 1170 2129 decimas
1210 2076 1436 2130 omnimn
1481 2078 1650 2132 divisit
1697 2080 1974 2135 Abraham.
2009 2084 2025 2114 ¹

407 2160 552 2215 Cum
604 2162 848 2217 breviter
900 2173 1070 2220 totam
1127 2167 1396 2236 posuisset
1446 2172 1808 2230 narrationem
1840 2216 1855 2238 ,
1908 2190 2026 2230 cam

422 2256 650 2324 mystice
670 2267 747 2310 εει
768 2259 1172 2328 contemplatus
1193 2277 1208 2314 :
1230 2271 1286 2316 et
1309 2262 1537 2332 primum
1559 2280 1588 2318 a
1618 2267 1835 2322 nomine
1862 2285 1875 2321 :
1913 2268 2030 2324 Pri-

427 2362 573 2398 mum
603 2348 816 2416 quidem,
844 2349 1040 2420 inquit,
1069 2355 1437 2422 interpretatur
1455 2373 1548 2412 rea:
1558 2360 1797 2429 iustitiae.
1825 2361 2026 2422 Recte;

423 2439 635 2494 Sedcch
664 2441 804 2496 enim
837 2443 1038 2498 dicitur
1063 2445 1294 2514 justitia,
1318 2449 1507 2506 Melchi
1530 2461 1710 2508 autem
1737 2470 1827 2510 rex
1857 2475 1869 2510 :
1899 2474 2030 2527 ergo

416 2530 814 2588 Melchisedech
843 2551 938 2590 rex
969 2535 1197 2605 justitim
1223 2549 1324 2596 est.
1357 2540 1522 2597 Vides
1547 2545 1707 2599 etiam
1752 2545 1804 2600 in
1850 2550 2028 2604 nomi-

413 2624 580 2678 nibus
619 2638 933 2682 accuratam
977 2629 1355 2700 diligentiam?
1401 2634 1533 2702 Quis
1577 2645 1662 2691 cst
1697 2649 1878 2693 autem
1924 2657 2026 2696 rex

403 2718 658 2787 justitiae,
682 2721 788 2774 nisi
813 2722 1073 2777 Dominus
1105 2734 1292 2780 noster
1317 2725 1477 2801 lesus
1505 2729 1799 2787 Christus?
1826 2733 2030 2791 Deinde

407 2811 577 2865 etiam
614 2829 710 2867 rex
741 2813 944 2881 Saleio,
975 2832 1005 2870 a
1035 2817 1253 2874 civitate
1285 2841 1298 2876 :
1332 2819 1437 2878 hoc
1464 2833 1550 2880 est
1579 2839 1675 2882 rex
1702 2828 1849 2896 pacis
1882 2846 1896 2882 ε
1928 2811 2048 2884 Ιιυίξ¹

409 2906 562 2959 cnim
592 2905 872 2977 signiﬁcat
899 2909 1103 2966 Salem.
1140 2912 1294 2981 Quod
1328 2931 1516 2972 rursus
1537 2929 1619 2976 est
1647 2919 1850 2976 Christi
1877 2939 1892 2976 :
1943 2923 2032 2980 hic

404 2996 562 3050 etaim
597 3013 698 3052 nos
729 2999 858 3054 fecit
882 3001 1064 3070 justos
1084 3045 1098 3065 ,
1128 3014 1182 3059 et
1212 3007 1514 3076 paciﬁcavit
1541 3026 1662 3081 quae
1686 3022 1811 3067 sunt
1841 3013 1892 3068 in

404 3087 501 3147 lis.
530 3099 588 3143 ct
616 3105 739 3161 qua:
770 3091 1019 3147 interra.
1052 3095 1186 3186 Quis
1235 3098 1396 3155 homo
1437 3111 1522 3156 est
1567 3118 1662 3158 rex
1707 3103 1935 3174 iustitia:
1977 3118 2033 3164 et

404 3180 611 3246 pacis?
658 3181 850 3238 Nullus
897 3196 980 3240 est
1025 3180 1128 3242 nisi
1179 3190 1329 3245 solus
1363 3191 1626 3249 Dominus
1655 3206 1841 3251 noster
1868 3198 2032 3254 Jesns

407 3273 694 3330 Christus.
729 3273 939 3330 Deinde
978 3277 1140 3331 aliam
1187 3290 1403 3346 quoque
1445 3276 1722 3347 subjungit
1766 3277 2026 3336 differen-

407 3365 574 3421 tiam.
608 3365 739 3421 Sine
759 3376 925 3435 patre,
965 3365 1076 3421 sine
1113 3375 1310 3431 matre,
1351 3367 1463 3422 sine
1497 3370 1828 3441 genealogia,
1869 3387 2030 3441 neque

407 3458 624 3510 initium
645 3457 872 3522 dierum,
897 3474 1060 3527 neque
1083 3459 1200 3512 vim:
1245 3459 1399 3527 ﬁnem
1440 3459 1630 3515 habens
1653 3503 1669 3527 ,
1713 3462 2029 3518 assimilatas

409 3559 592 3604 autem
627 3549 766 3604 Filio
797 3549 925 3615 Dei,
954 3561 1124 3604 manet
1154 3553 1394 3608 sacerdos
1431 3553 1485 3606 in
1523 3566 1842 3624 perpetuum.
1884 3556 2030 3624 Quo-

408 3642 567 3696 niam
598 3657 736 3712 ergo
762 3642 814 3697 ei
842 3641 1268 3698 adversabantur
1303 3660 1423 3714 qua:
1471 3645 1613 3700 dicta
1659 3656 1812 3712 sunt,
1862 3647 1942 3702 Tu
1978 3665 2030 3703 es

407 3734 662 3787 sacerdos
694 3735 746 3787 in
773 3743 1019 3788 (sternunt
1047 3736 1325 3790 secundum
1350 3738 1581 3792 ordinem
1617 3738 2030 3806 Melchisedech;

408 3824 507 3879 ille
530 3835 717 3880 autem
746 3835 864 3880 erat
891 3834 1160 3893 mortuus,
1188 3836 1371 3884 etnon
1401 3827 1498 3884 fuit
1528 3829 1779 3886 sacerdos
1801 3830 1855 3886 in
1879 3843 2030 3888 auer-

407 3934 550 3972 num
584 3933 599 3970 :
635 3917 762 3972 vide
789 3919 1066 3989 quomodo
1101 3920 1202 3975 hoc
1227 3920 1301 3975 sit
1327 3923 1746 3992 contemplatus.
1789 3924 1867 3980 Ne
1909 3924 2032 3995 quis

403 4010 567 4064 enim
592 4009 880 4079 objiceret,
915 4010 983 4065 Et
1015 4010 1137 4080 quis
1168 4011 1271 4070 hoc
1302 4012 1373 4068 de
1404 4014 1622 4070 homine
1651 4014 1886 4071 dixerit?
1910 4016 2031 4074 Non

409 4117 475 4158 re
504 4103 625 4172 ipsa
647 4143 664 4164 .
694 4102 893 4172 inquit,
949 4102 1074 4158 dico
1099 4124 1112 4160 :
1136 4103 1240 4160 hoc
1270 4113 1375 4171 est,
1406 4105 1691 4162 Nescimus
1732 4123 1890 4178 quem
1917 4108 2030 4164 Pa-

408 4204 557 4250 trem
581 4195 857 4254 habuerit.
889 4206 980 4250 ant
1001 4212 1162 4266 quam
1185 4206 1412 4253 matrem
1440 4214 1454 4252 :
1491 4215 1598 4256 non
1624 4199 1842 4270 quando
1869 4216 2030 4257 acce-

409 4287 563 4358 perit
591 4287 807 4342 initium
831 4328 848 4353 ,
881 4305 987 4344 non
1018 4289 1234 4359 quando
1262 4291 1332 4346 sit
1361 4301 1627 4348 mortuus.
1652 4293 1720 4348 Et
1743 4294 1869 4365 quid
1894 4305 2028 4364 tum,

414 4380 802 4451 inquit?num
828 4383 1082 4452 quoniam
1111 4385 1383 4441 nescimus
1405 4427 1422 4450 ,
1467 4403 1572 4442 non
1621 4396 1706 4442 est
1749 4398 2028 4466 mortuus,

410 4491 520 4531 nec
554 4472 748 4528 habuit
779 4476 1072 4544 parentes?
1101 4476 1269 4533 Recte
1298 4478 1455 4546 dicis,
1487 4488 1542 4533 et
1565 4489 1805 4536 mortuus
1826 4492 1944 4550 est,
1975 4490 2034 4537 et

415 4568 618 4622 habuit
658 4579 930 4638 parentes.
963 4568 1246 4634 Quomodo
1273 4585 1424 4640 ergo,
1453 4570 1581 4626 Sine
1605 4583 1751 4642 patre
1772 4584 1816 4626 et
1840 4576 2034 4630 matre?

410 4663 726 4729 quomodo,
767 4658 946 4731 Neque
985 4661 1189 4714 initium
1234 4662 1467 4727 dierum,
1512 4679 1674 4731 neque
1721 4666 1876 4733 finem
1919 4667 2036 4722 vita:

413 4753 613 4807 habens
633 4754 661 4807 ?
689 4753 1017 4822 Quomodo?
1047 4770 1114 4810 eo
1142 4756 1283 4826 quod
1315 4757 1366 4811 in
1399 4758 1677 4827 Scriptura
1707 4777 1813 4816 non
1841 4759 2037 4816 affera-

413 4857 528 4902 tur.
569 4847 634 4901 Et
665 4847 796 4918 quid
823 4848 926 4902 hoc
949 4849 1072 4903 est?
1125 4849 1192 4904 Ut
1237 4850 1326 4905 hic
1372 4851 1490 4906 sine
1543 4851 1736 4914 Patre,
1778 4853 2035 4922 quoniam

411 4955 528 4994 non
561 4951 883 4994 recensetur
907 4940 1218 5012 genealogia
1251 4957 1268 4994 :
1305 4942 1376 4997 ita
1405 4942 1656 4999 Christus
1685 4943 1799 5015 ipsa
1830 4945 1906 5000 rei
1935 4961 2036 5001 na-

387 5067 390 5069 λ
412 5042 564 5084 tura.

487 5123 550 5178 2.
583 5123 731 5178 Ecce
760 5138 864 5179 nec
887 5123 1100 5184 initium
1136 5140 1234 5180 nec
1258 5125 1420 5182 linem
1447 5125 1673 5183 habens.
1701 5127 1852 5186 Sicut
1879 5127 2038 5198 huius

412 5217 704 5271 nescimus
733 5231 909 5286 neque
932 5217 1144 5272 initium
1174 5217 1388 5273 dierum
1414 5260 1428 5282 ,
1459 5235 1634 5290 neque
1663 5220 1787 5276 vita:
1833 5220 1992 5277 linem
2019 5262 2036 5287 ,

411 5324 486 5364 eo
515 5309 668 5376 quod
705 5325 811 5363 non
841 5311 1039 5381 scripta
1071 5311 1182 5365 sint
1215 5329 1228 5365 :
1261 5312 1334 5367 ita
1380 5313 1508 5369 Jesu
1559 5314 1832 5371 nescimus
1855 5357 1873 5382 ,
1926 5330 2038 5370 non

412 5400 568 5471 quod
603 5418 714 5455 non
745 5403 946 5472 scripta
985 5402 1098 5458 sint
1118 5445 1134 5466 .
1159 5404 1254 5461 sed
1286 5405 1412 5476 quia
1447 5421 1552 5462 non
1583 5417 1732 5463 sunt.
1763 5407 1896 5464 Nam
1945 5409 2038 5464 ille

413 5493 646 5564 quidem
674 5504 757 5548 est
786 5495 979 5563 ligura,
1006 5505 1062 5550 et
1091 5496 1214 5552 ideo
1241 5514 1348 5553 non
1374 5508 1456 5553 est
1486 5499 1747 5570 scriptum
1775 5517 1790 5553 :
1821 5500 1907 5556 hic
1935 5515 2037 5562 au-

416 5597 530 5640 tem
565 5587 789 5646 veritas.
808 5597 862 5640 et
889 5587 1012 5643 ideo
1040 5605 1147 5643 non
1167 5599 1252 5644 est
1270 5591 1578 5646 talis.Sicut
1598 5591 1760 5647 etiam
1785 5593 1837 5648 in
1867 5593 2042 5649 nomi-

416 5679 584 5734 nibus
609 5695 628 5731 :
666 5693 789 5732 nam
821 5679 906 5733 hic
947 5680 1163 5752 quidem
1189 5689 1346 5736 erant
1369 5683 1782 5754 appellationes,
1809 5683 1921 5742 Rex
1946 5685 2038 5756 ju-

497 5847 517 5881 ί
546 5846 635 5897 Ille
663 5846 827 5909 Int‘il‘il
852 5847 898 5896 in
924 5843 1059 5895 Colb.
1089 5844 1285 5898 humilia
1310 5848 1618 5905 duodecima.

2128 499 2289 553 stitia:
2316 509 2371 555 et
2394 502 2565 572 pacis,
2596 502 2705 555 illic
2735 511 2916 556 autem
2948 515 3126 554 rcrmn
3164 501 3362 557 veritas
3407 518 3420 554 :
3461 502 3531 556 ita
3565 503 3728 557 etiam

2131 590 2216 646 hic
2228 607 2444 662 quoque
2472 603 2596 647 sunt
2621 594 3034 662 appellationes,
3060 592 3167 646 illic
3195 603 3375 648 autem
3393 609 3569 649 rerum
3590 593 3729 648 veri-

2133 693 2233 740 tas.
2265 685 2547 754 Quomodo
2573 702 2703 756 ergo
2735 687 2897 742 habet
2926 688 3180 741 initium?
3211 687 3368 742 Vides
3386 687 3577 742 Filium
3606 704 3730 742 esse

2132 777 2249 833 sine
2273 779 2446 845 initio,
2463 794 2570 834 non
2589 780 2734 850 quod
2750 796 2854 835 non
2874 780 3296 835 babeatcausam
3315 799 3330 846 ;
3348 780 3451 837 hoc
3463 771 3606 835 enim
3628 795 3735 835 non

2133 878 2312 938 potest
2355 869 2506 936 ﬁeri;
2549 871 2710 926 habet
2745 872 2890 926 enim
2920 872 3132 926 Patrem
3166 891 3182 927 :
3213 886 3337 926 nam
3369 871 3571 942 alioqui
3597 887 3737 941 quo-

2136 960 2297 1017 modo
2324 959 2504 1016 lilius?
2531 961 2625 1015 sed
2648 961 2792 1031 quod
2815 977 2918 1016 non
2943 961 3137 1015 habeat
3155 961 3365 1014 initium
3385 959 3530 1023 vitze,
3563 972 3740 1026 neque

2139 1053 2321 1109 linem.
2368 1054 2693 1110 Assimilatus
2722 1064 2890 1108 autem
2939 1053 3078 1108 Filio
3117 1052 3234 1107 Dei.
3271 1052 3374 1109 Ubi
3415 1063 3499 1107 est
3545 1050 3741 1106 simili-

2138 1146 2307 1203 tudo?
2350 1147 2504 1214 Quod
2555 1156 2611 1202 et
2654 1147 2813 1217 hujus
2854 1155 2911 1202 ct
2955 1147 3100 1202 illius
3148 1146 3310 1201 ﬁnem
3345 1146 3656 1216 ignoramus
3683 1156 3738 1198 et

2133 1236 2348 1293 initium
2379 1253 2392 1291 :
2424 1238 2521 1294 sed
2546 1237 2706 1310 hujus
2751 1238 3004 1310 quidem,
3055 1254 3121 1292 ex
3164 1252 3232 1293 eo
3281 1237 3422 1307 quod
3470 1252 3575 1291 non
3627 1236 3738 1290 sint

2135 1331 2369 1398 scripta;
2401 1331 2544 1387 illius
2570 1348 2731 1399 vero,
2760 1348 2824 1386 ex
2855 1347 2920 1387 eo
2947 1330 3091 1402 quod
3123 1346 3232 1385 non
3258 1330 3384 1384 sint.
3417 1330 3515 1384 llic
3543 1339 3626 1384 est
3664 1331 3738 1382 si-

2136 1423 2403 1478 militudo.
2429 1424 2487 1481 Si
2517 1434 2708 1488 autem,
2747 1424 2944 1495 ubique
2990 1425 3167 1479 futura
3217 1432 3363 1478 esset
3407 1421 3735 1486 similitudo,

2135 1532 2240 1571 non
2271 1515 2456 1586 utique
2481 1526 2666 1572 essent
2697 1525 2855 1588 typus
2884 1524 2935 1570 et
2964 1515 3164 1571 veritas
3185 1557 3199 1583 ,
3233 1513 3327 1570 scd
3357 1513 3518 1569 ambo
3552 1521 3740 1568 essent

2137 1616 2316 1678 typus.
2347 1608 2499 1663 Sicut
2529 1611 2689 1662 etiam
2724 1608 2776 1663 in
2808 1607 3133 1674 imaginibus
3158 1615 3241 1662 est
3290 1605 3488 1676 aliquid
3517 1603 3736 1676 quidem

2133 1703 2332 1768 simile,
2354 1703 2553 1772 aliquid
2586 1720 2714 1759 vero
2737 1701 3004 1758 dissimile
3038 1720 3052 1756 :
3083 1717 3207 1755 nam
3237 1700 3499 1754 linearum
3514 1698 3734 1770 quidem

2132 1803 2188 1848 et
2237 1794 2608 1850 charactcrum
2657 1804 2740 1850 est
2793 1793 3038 1866 qua-dam
3087 1792 3416 1856 similitudo;
3471 1790 3740 1861 impositis

2133 1896 2310 1941 autem
2341 1887 2652 1953 coloribus,
2684 1897 2812 1942 tunc
2842 1885 3128 1942 manifeste
3157 1884 3462 1939 ostenditur
3482 1883 3740 1938 dill'cren-

2133 1978 2202 2031 tia
2228 2017 2244 2039 .
2289 1987 2344 2034 et
2389 1979 2492 2033 hoc
2543 1979 2760 2049 quidem
2789 1978 2967 2032 simile
2989 2020 3004 2043 ,
3043 1977 3174 2032 illud
3202 1993 3332 2032 vero
3356 1976 3644 2031 dissimile.
3677 1977 3733 2030 4.

2133 2066 2415 2123 Intuemini
2439 2078 2606 2122 autem
2634 2080 2852 2140 quantus
2878 2069 2941 2122 sil
2970 2069 3073 2134 hic,
3107 2067 3190 2121 cui
3229 2077 3275 2121 et
3323 2067 3549 2121 decimas
3594 2066 3736 2119 dedit

2131 2160 2192 2213 de
2214 2161 2486 2230 prtccipuis
2518 2159 2776 2214 Abraham
2801 2159 3112 2228 patriarcha.
3146 2157 3264 2214 Jam
3295 2157 3571 2228 adaptavit
3603 2156 3738 2228 ligu-

2134 2266 2270 2306 ram.
2308 2251 2379 2306 De
2409 2261 2611 2308 cmtero
2651 2252 2934 2307 εοιιῐίδθιιε
2979 2250 3216 2306 ostendit
3260 2265 3378 2304 eam
3425 2265 3548 2304 esse
3599 2265 3737 2318 prte-

2131 2345 2416 2402 clariorem
2443 2347 2584 2402 veris
2613 2349 2775 2401 rebus
2807 2363 2928 2418 qua:
2975 2345 3116 2416 apud
3160 2343 3397 2400 Judzeos.
3443 2345 3504 2402 Si
3551 2355 3734 2400 autem

2130 2436 2219 2506 qui
2248 2446 2431 2506 typum
2461 2438 2621 2492 habet
2670 2435 2911 2504 Christi,
2966 2446 3049 2492 est
3098 2437 3234 2492 adeo
3283 2436 3629 2506 prmstantior
3671 2452 3737 2492 ac

2133 2531 2348 2593 melior,
2371 2547 2476 2585 non
2507 2532 2683 2586 solum
2711 2532 3106 2595 sacerdotibus,
3140 2531 3235 2587 sed
3264 2531 3383 2601 ipso
3410 2531 3571 2586 etiam
3597 2532 3738 2602 prin-

2131 2622 2252 2690 cipe
2287 2623 2504 2694 generis
2533 2624 2876 2678 sacerdotum
2912 2642 2924 2676 :
2959 2623 3084 2695 quid
3117 2624 3321 2678 dixeris
3351 2623 3418 2679 de
3466 2625 3690 2678 veritate
3713 2624 3738 2676 ?

2135 2712 2299 2770 Vides
2328 2731 2489 2786 quam
2513 2716 2729 2771 abunde
2761 2716 2997 2772 ostendit
3022 2717 3529 2788 exsuperationcm?
3562 2717 3736 2772 Intue-

2133 2809 2280 2873 mini,
2316 2810 2507 2880 inquit,
2541 2820 2764 2882 quantus
2791 2811 2854 2863 sit
2879 2811 2959 2864 hic
3007 2811 3088 2863 cui
3134 2821 3180 2865 et
3222 2811 3446 2864 decimas
3490 2810 3627 2864 dedit
3673 2812 3739 2865 de

2131 2901 2404 2972 pt'teciput's
2434 2902 2754 2970 patriarcha.
2788 2901 3061 2972 Prtecipna
3091 2902 3348 2957 dicuntur
3390 2902 3584 2972 spolia.
3627 2902 3737 2958 Nec

2131 2993 2234 3048 dici
2264 3001 2439 3063 potest
2463 2993 2604 3063 quod
2638 2993 2758 3048 illas
2789 2997 2836 3048 ei
2869 2993 3114 3057 dederit,
3147 3003 3205 3049 ut
3238 2995 3328 3065 qui
3371 3003 3516 3050 esset
3556 2996 3738 3051 socius

2133 3088 2258 3142 belli
2295 3105 2306 3138 :
2343 3095 2626 3156 propterea
2680 3087 2827 3142 enim
2875 3086 3040 3149 dicit,
3087 3087 3336 3142 Obviavit
3378 3102 3627 3159 regresso
3667 3104 3736 3144 ex

2131 3183 2280 3237 thdc
2304 3197 2510 3252 regum.
2543 3180 2727 3248 Domi,
2758 3181 2950 3252 inquit,
2975 3180 3195 3236 sedebat
3217 3221 3236 3249 ,
3262 3189 3318 3236 et
3351 3179 3506 3236 dedit
3532 3181 3582 3236 ei
3620 3181 3736 3253 pri-

2133 3274 2312 3328 mitias
2338 3288 2528 3329 eorum
2554 3288 2674 3344 qute
2699 3273 2812 3328 suis
2838 3272 3110 3327 laboribus
3136 3272 3482 3342 acquisierat.
3511 3272 3564 3327 5.
3595 3271 3658 3326 Et
3675 3289 3742 3329 ex

2131 3367 2256 3435 ﬁliis
2283 3364 2489 3436 quidem
2520 3364 2642 3418 Levi
2671 3363 3012 3418 sacerdotium
3043 3363 3348 3432 accipientes
3372 3403 3388 3429 ,
3435 3363 3740 3419 mandatum

2135 3457 2317 3512 habent
2341 3456 2566 3511 decimas
2591 3473 2790 3510 stnnere
2813 3472 2845 3508 a
2871 3456 3066 3526 papula
3095 3456 3377 3510 secundum
3425 3457 3584 3528 legem
3615 3495 3630 3521 ,
3679 3457 3735 3510 id

2131 3546 2241 3600 est,
2271 3553 2302 3588 α
2349 3535 2595 3604 fratribus
2643 3535 2749 3588 suis
2778 3548 3125 3603 :quamquam
3173 3544 3220 3584 et
3265 3533 3363 3600 ipsi
3407 3533 3622 3585 exierint
3672 3532 3739 3585 de

2130 3626 2314 3681 lumbis
2343 3625 2578 3680 Abrahaz.
2609 3624 2782 3681 Tanta
2810 3625 3119 3689 sacerdotii,
3151 3624 3358 3694 inquit,
3391 3633 3474 3678 cst
3497 3637 3702 3688 exsupe
3721 3651 3735 3662 -

2133 3719 2290 3781 ratio,
2324 3728 2382 3772 ut
2410 3718 2500 3788 qui
2532 3717 2738 3772 honore
2766 3727 2888 3770 sunt
2906 3732 3068 3788 pares
3091 3731 3119 3769 a
3149 3715 3442 3784 majoribus
3458 3725 3513 3769 et
3533 3714 3738 3769 habent

2130 3809 2380 3865 eumdem
2413 3808 2498 3864 sui
2524 3810 2739 3880 generis
2770 3808 3071 3879 principem
3092 3850 3106 3872 ,
3141 3808 3249 3861 sint
3277 3807 3448 3861 multo
3479 3806 3737 3861 meliores

2126 3913 2180 3960 et
2207 3903 2610 3974 prtestantiores
2654 3903 2796 3958 aliis.
2826 3902 3073 3956 Decimas
3107 3899 3322 3972 quidem
3348 3909 3499 3954 certe
3534 3897 3735 3953 abillis

2125 3997 2414 4068 accipiunt.
2449 3996 2676 4064 Quando
2716 4011 2844 4066 ergo
2869 3994 3114 4049 inventus
3149 3992 3306 4048 fuerit
3334 3991 3528 4063 aliquis
3553 3989 3738 4047 abhis

2127 4089 2260 4159 ipsis
2280 4090 2520 4146 decimas
2549 4087 2823 4158 accipiens
2846 4130 2861 4155 ,
2895 4102 3079 4142 annon
3111 4085 3165 4140 hi
3196 4085 3412 4156 quidem
3439 4085 3616 4139 locum
3649 4092 3734 4139 te-

2127 4192 2258 4239 nent
2280 4183 2560 4247 laicorum,
2579 4182 2672 4236 ille
2689 4169 2869 4235 autem
2888 4190 2970 4235 est
2991 4181 3130 4234 inter
3155 4175 3508 4257 sacerdotes?
3547 4177 3736 4244 Nequa

2128 4275 2232 4332 hoc
2257 4275 2456 4342 solum,
2479 4274 2575 4329 sed
2606 4290 2674 4329 ne
2695 4273 2760 4328 iis
2773 4271 2992 4343 quidem
3021 4281 3138 4326 erat
3169 4285 3264 4341 par
3288 4269 3517 4337 honore,
3543 4268 3638 4324 sed
3665 4284 3732 4324 et

2127 4369 2234 4424 alio
2262 4383 2484 4439 genere.
2505 4365 2867 4434 Quamobrem
2893 4379 2999 4420 non
3026 4363 3268 4419 dedisset
3282 4360 3521 4418 decimas
3542 4361 3736 4416 alieni-

2126 4476 2301 4532 genae,
2333 4459 2436 4514 nisi
2466 4458 2669 4513 multus
2699 4457 2888 4511 luisset
2914 4456 3114 4512 honor.
3142 4454 3337 4526 Papae!
3366 4453 3493 4524 quid
3515 4453 3738 4511 etfacit?

2112 4552 2303 4623 majus
2333 4566 2492 4622 quam
2524 4560 2581 4604 nt
2625 4550 2774 4606 credi
2818 4549 3031 4622 possit,
3083 4546 3294 4620 agitans
3339 4545 3634 4602 declaravit
3679 4547 3737 4601 in

2130 4643 2368 4714 Epistula
2398 4642 2463 4696 ad
2491 4642 2787 4698 Romanos.
2815 4639 2950 4696 Nam
2976 4639 3089 4696 illic
3113 4647 3170 4694 et
3197 4648 3396 4694 nostrae
3421 4647 3476 4693 et
3499 4637 3738 4694 ludaica:

2116 4737 2346 4791 vivendi
2380 4736 2606 4791 rationis
2635 4745 2688 4790 et
2715 4732 2943 4790 instituti
2973 4732 3273 4803 principem
3304 4741 3356 4786 et
3382 4733 3610 4800 primum
3644 4746 3741 4802 pa-

2131 4835 2268 4883 trem
2299 4828 2432 4884 dicit
2458 4844 2580 4883 cssc
2609 4827 2882 4883 Abraham
2919 4843 2933 4880 :
2967 4824 3055 4878 hic
3083 4835 3263 4880 autem
3307 4824 3569 4880 adversus
3612 4839 3738 4879 cum

2127 4920 2645 4988 audctadmodum,
2689 4930 2744 4976 et
2784 4918 3025 4976 ostendit
3062 4917 3443 4988 praeputiatum
3492 4931 3560 4971 eo
3614 4931 3739 4973 esse

2130 5017 2300 5069 multo
2327 5013 2780 5085 prtcstautiorem.
2804 5010 3085 5078 Quomodo
3101 5018 3282 5064 autem
3298 5007 3572 5063 ostendit?
3593 5007 3738 5079 quod

2130 5105 2260 5163 Levi
2289 5106 2529 5162 decimas
2558 5104 2819 5160 dederit?
2846 5102 3151 5168 Abraham,
3194 5099 3402 5171 inquit,
3448 5099 3618 5156 dedit.
3670 5099 3740 5159 Et

2131 5198 2260 5268 quid
2289 5197 2393 5252 hoc
2419 5197 2486 5251 ad
2515 5195 2653 5252 nos?
2678 5194 2904 5249 Maxime
2929 5191 3144 5262 quidem
3170 5189 3238 5245 ad
3263 5205 3358 5246 vos
3387 5208 3402 5244 :
3444 5207 3552 5247 non
3591 5192 3740 5250 enim

2131 5290 2473 5346 contendetis
2496 5289 2714 5344 Levitas
2734 5301 2855 5342 esse
2884 5284 3293 5355 prmstantiorcs
3321 5284 3648 5341 Abrahamo.
3680 5287 3738 5344 6.

2133 5381 2294 5452 Cujus
2320 5391 2488 5435 autem
2513 5384 2771 5451 generatio
2798 5395 2898 5430 non
2927 5387 3299 5432 annumeratur
3324 5379 3377 5432 in
3397 5378 3488 5442 eis,
3513 5378 3742 5436 decium

2131 5475 2345 5544 sumpsit
2371 5474 2434 5526 ab
2466 5472 2746 5527 Abraham.
2787 5470 2990 5523 Deinde
3032 5484 3138 5523 non
3170 5470 3362 5525 leviter
3391 5471 3738 5540 pertransiit,

2132 5567 2229 5624 sed
2261 5564 2492 5631 addidit,
2523 5563 2592 5618 Et
2621 5565 2756 5618 hunc
2779 5563 2866 5634 qui
2894 5563 3113 5617 habebat
3142 5563 3561 5632 repromissioucs
3589 5564 3743 5618 bene-

2134 5662 2286 5718 dixit.
2330 5657 2597 5728 Quoniam
2644 5656 2746 5713 hoc
2787 5667 2904 5712 erat
2952 5657 3099 5712 omni
3131 5672 3196 5713 ex
3237 5666 3389 5726 parte
3421 5657 3736 5727 praeclarum

2135 5755 2362 5822 Judmis,
2391 5752 2632 5811 ostendit
2660 5753 2810 5808 illum
2837 5752 2918 5808 eis
2943 5767 3066 5808 esse
3095 5751 3466 5807 honestiorem
3509 5761 3560 5805 et
3603 5766 3739 5820 pra:-

2137 5850 2424 5908 clariorem
2450 5863 2514 5904 es
2547 5847 2820 5905 communi
2849 5845 3092 5901 omnium
3119 5843 3346 5916 judicio.
3377 5845 3428 5897 7.
3462 5843 3590 5897 Sine
3628 5843 3741 5897 aha
