4172 6444
571 298 638 350 ne
1287 307 1326 361 ς
1385 302 1658 367 tensis
1697 295 2112 354 cnnvsosro:

2217 297 2528 356 ARClIlEP.
2570 300 3104 360 CONSTANTINOP.
3727 295 3829 348 1οἾ

570 416 736 459 autem
767 405 1186 466 contradictione,
1221 406 1415 473 inquit,
1443 405 1576 474 quod
1601 406 1766 458 minus
1793 415 1863 458 est
1891 422 1921 458 a
1952 403 2158 457 meliore
2246 399 2378 453 Nam
2406 419 2526 456 cum
2550 403 2792 467 dixisset,
2826 407 3088 477 Scriptum
3115 421 3222 473 est,
3252 411 3524 466 Miserebor
3548 416 3694 479 cuius
3727 421 3817 468 mi-

569 499 899 554 bcncdicitur.
931 498 1039 553 lloc
1059 507 1160 561 est,
1191 499 1441 552 omnibus
1470 497 1682 552 videtur
1709 497 1782 562 id,
1811 499 1952 569 quod
1981 503 2112 556 mint

2237 493 2456 556 sercbor,
2486 506 2532 548 et
2557 500 2947 554 connuiserabor
2972 503 3119 574 cujus
3149 507 3537 560 commiserabor
3565 508 3734 576 (Ibid.
3765 526 3813 564 v.

565 609 667 665 est,
701 599 940 654 benedici
969 614 996 650 a
1028 595 1423 666 pnestantiore.
1485 592 1649 662 igitur
1677 591 1871 645 melior
1913 599 1969 645 et
2010 606 2149 660 pras-
2233 584 2321 654 '5);
2351 585 2499 652 dicit,
2529 586 2648 642 Non
2680 607 2799 660 ergo
2835 593 3045 649 volentis
3071 635 3086 658 ,
3112 613 3200 649 nec
3240 599 3490 652 currentis
3510 641 3523 661 ,
3557 601 3646 653 sed
3674 605 3820 654 mite-

565 690 796 744 stantior
815 699 899 744 est
927 699 1082 759 typus
1110 685 1330 748 Christi,
1360 684 1519 738 etiam
1547 697 1614 737 eo
1646 683 1763 752 ipso
1789 682 1878 751 qui
1917 681 2146 736 habebat
2256 675 2385 728 cutis
2414 686 2486 730 est
2525 677 2639 733 Dei.
2675 681 2828 736 Dices
2849 695 3028 738 autem
3060 687 3190 741 mihi
3217 729 3230 748 ,
3264 689 3401 757 Quid
3433 690 3607 745 adhuc
3635 695 3813 761 queri-

566 780 966 850 promissioncs.
1017 779 1070 839 8.
1127 775 1193 831 Et
1260 777 1341 829 hic
1396 775 1601 847 quidem
1655 775 1878 827 decimas
1928 772 2152 826 ῃιοιοὶεη-
2219 767 2690 827 ‘tur?Secundum
2721 786 2922 842 autem,
2953 778 3079 832 illud
3112 780 3239 835 licet
3263 782 3460 848 dicere,
3497 786 3636 852 quod
3661 787 3816 851 cujus

561 879 636 924 tes
709 870 934 923 homines
985 867 1238 937 accipiunt
1265 882 1284 921 :
1312 867 1380 920 ibi
1432 875 1600 918 autem
1653 874 1961 919 contestatur
2010 862 2150 932 quod
2229 866 2312 910 est
2343 858 2392 912 id
2422 862 2562 928 quod
2602 868 2938 939 estgamplius
2961 909 2977 934 ,
3001 870 3117 939 ejus
3143 870 3271 926 dicit
3301 888 3424 927 esse
3458 883 3648 929 totum.
3680 877 3810 931 Nam

561 963 696 1017 vivit.
744 961 848 1016 Sed
900 977 968 1016 ne
1015 960 1104 1015 illa
1149 959 1429 1021 dicerent,
1455 957 1564 1012 Cur
1591 957 1862 1025 superiora
1907 966 2112 1026 temper

2227 958 2469 1003 nostrum
2500 937 2712 1021 quidem
2752 969 2833 1012 est
2875 937 3184 1031 praeeligere
3225 975 3280 1018 et
3316 965 3482 1032 velle;
3513 967 3602 1022 Det
3631 981 3811 1022 autem

560 1055 719 1108 adis?
739 1053 864 1123 quid
893 1053 958 1106 ad
987 1051 1296 1106 sacerdmcs
1319 1058 1562 1113 ηρεηηιε,
1607 1047 1649 1103 si
1697 1050 1965 1103 Abraham
2003 1048 2146 1103 ἀρεῖ.
2224 1048 2309 1093 est
2359 1044 2615 1111 perlicere
2655 1059 2709 1102 et
2737 1050 2804 1104 ad
2858 1051 3020 1108 linem
3050 1054 3340 1112 deducere.
3371 1058 3634 1125 Quoniam
3680 1077 3813 1131 ergo

559 1159 674 1198 mas
717 1145 901 1198 dedit?
957 1143 1044 1198 dic
1091 1158 1152 1197 ea
1183 1157 1301 1212 qum
1331 1141 1396 1194 ad
1427 1156 1523 1194 nos
1549 1149 1791 1208 spectant
1823 1155 1837 1191 :
1871 1139 2143 1209 subjungit
2224 1131 2365 1199 quod
2398 1133 2518 1202 plus
2545 1146 2629 1191 est
2655 1179 2670 1204 ,
2701 1148 2784 1195 est
2811 1141 2954 1198 illius
2977 1185 2993 1211 ,
3025 1151 3194 1200 totum
3223 1147 3364 1203 illius
3389 1164 3512 1204 esse
3537 1150 3700 1215 dicit,
3724 1151 3810 1206 lo-

552 1249 615 1290 ac
655 1234 832 1290 dicit:
875 1234 930 1289 9.
978 1231 1066 1300 Et,
1125 1242 1179 1286 ut
1220 1233 1290 1284 ita
1323 1232 1512 1283 dictum
1559 1231 1643 1284 sit.
1701 1229 1865 1283 Recte
1933 1229 1981 1281 id
2033 1233 2139 1284 non
2231 1243 2400 1300 quens
2429 1228 2814 1284 convenienter
2841 1230 3087 1284 humana:
3112 1233 3508 1286 consuetudini.
3552 1233 3683 1288 Nam
3717 1249 3818 1289 nos

551 1337 738 1395 aperte
783 1325 938 1386 dixit,
995 1339 1062 1378 ne
1109 1323 1321 1392 gravius
1350 1319 1688 1390 percelleret.
1743 1317 1846 1371 Per
1884 1318 2140 1372 Abraham
2227 1333 2438 1388 quoque
2481 1320 2560 1374 sic
2601 1318 2828 1374 facimus
2877 1336 2892 1374 :
2945 1330 3002 1374 ut
3049 1322 3278 1391 exempli
3332 1338 3515 1389 causa,
3568 1326 3819 1385 videmus

550 1427 596 1470 et
625 1417 766 1483 Levi,
790 1417 877 1489 qui
903 1417 1125 1470 decimas
1153 1414 1365 1484 accepit,
1397 1412 1675 1465 decimatas
1700 1420 1792 1464 est.
1821 1411 2139 1474 Quomodo?

551 1509 640 1565 l0.
670 1510 850 1563 Adhuc
880 1509 1012 1562 enim
1038 1507 1089 1559 in
1116 1506 1297 1560 lumbis
1326 1504 1484 1574 patris
1513 1511 1652 1566 erat,
1685 1501 1888 1566 quando
1925 1502 2138 1555 obuiauit

547 1601 592 1653 ei
623 1598 1019 1655 Melchisedech.
1055 1596 1166 1650 lloc
1192 1605 1294 1660 cst,
1328 1593 1455 1648 Levi
1483 1601 1598 1648 erat
1630 1591 1682 1646 in
1723 1591 1874 1662 ipso,
1927 1593 2134 1646 etiamsi

547 1693 783 1748 nondum
813 1701 928 1746 erat
957 1698 1112 1744 natus
1139 1705 1151 1741 :
1187 1703 1282 1758 per
1307 1702 1428 1740 cum
1462 1685 1723 1739 decimam
1757 1683 1922 1737 dedit.
1959 1683 2110 1738 Vide.

545 1799 654 1837 non
679 1782 840 1847 dixit,
896 1779 1118 1845 Levitat,
1168 1777 1284 1842 sed,
1335 1775 1456 1829 Levi
1503 1791 1522 1829 :
1566 1774 1708 1845 quod
1761 1775 1934 1843 majus
1983 1785 2129 1832 crat,

544 1875 717 1930 libens
767 1873 973 1928 induxit
1025 1871 1091 1925 ad
1147 1870 1402 1940 majorem
1456 1869 1908 1940 exsuperantiam.
1945 1868 2131 1921 Vidisti

539 1976 797 2039 quantum
850 1965 1059 2020 intersit
1111 1965 1252 2017 inter
1291 1961 1558 2016 Abraham
1599 1971 1654 2015 et
1702 1959 2128 2025 Melchisedech,

539 2061 626 2132 qui
675 2060 779 2114 fert
831 2068 1010 2130 typum
1054 2055 1222 2110 nostri
1263 2053 1568 2124 pontiﬁcis?
1619 2052 1686 2106 Et
1722 2051 1956 2107 ostendit
1997 2067 2132 2121 prte-

536 2154 838 2209 cellentiam
893 2149 1058 2205 fuisse
1112 2157 1412 2219 potestate,
1466 2162 1571 2200 non
1617 2145 1959 2200 necessitate.
2027 2145 2121 2200 ille

537 2246 682 2300 enim
711 2245 859 2299 dedit
886 2243 1148 2297 decimam
1173 2283 1186 2300 ,
1231 2239 1370 2309 quod
1399 2237 1614 2308 quidem
1663 2247 1747 2292 est
1791 2237 2125 2292 sacerdotis:

538 2342 626 2395 hic
648 2337 946 2401 benedixit,
985 2334 1126 2405 quod
1157 2334 1372 2404 quidem
1403 2341 1486 2388 est
1513 2331 1755 2386 melioris
1783 2345 1847 2385 ac
1875 2340 2130 2400 praestan-

537 2432 707 2486 tioris.
745 2430 868 2483 llaec
900 2427 1263 2496 praacellentia
1312 2425 1507 2478 transit
1553 2423 1714 2478 etiam
1763 2423 1829 2477 ad
1879 2433 2124 2492 nepotes.

535 2522 941 2578 Admirabiliter
967 2529 1169 2574 etcum
1203 2517 1456 2586 prrcclara
1486 2515 1706 2569 victoria
1749 2529 1837 2568 res
1880 2514 2126 2568 Judaicas

535 2615 678 2668 foras
739 2611 961 2680 expulit.
1021 2609 1310 2675 Propterea
1367 2605 1621 2660 dicebat:
1656 2603 1941 2658 Imbecillos
2003 2606 2124 2676 facti

532 2707 652 2760 estis
678 2703 872 2774 (Hebr.
926 2701 982 2757 5.
1034 2701 1184 2769 ll):
1237 2698 1487 2768 quoniam
1531 2695 1646 2750 haec
1688 2695 1903 2750 volebat
1942 2696 2124 2765 jacere

533 2795 876 2852 fundamenta
907 2835 921 2858 ,
953 2807 1022 2846 ne
1053 2790 1152 2861 ipsi
1188 2789 1478 2843 resilirent.
1530 2788 1604 2842 Ea
1653 2795 1738 2842 est
1782 2787 1924 2842 enim
1977 2788 2121 2842 l‘auli

530 2884 793 2956 sapientia
827 2902 840 2937 :
873 2884 1104 2953 primum
1137 2881 1524 2950 prannuniens,
1555 2877 1750 2933 deinde
1775 2893 1835 2932 ea
1861 2894 1978 2947 qua:
2003 2880 2114 2934 vult

528 2975 855 3048 aggreditur.
881 2974 974 3028 Est
997 2973 1142 3028 enim
1163 2986 1332 3042 genus
1354 2970 1631 3024 hominum
1658 2967 1874 3023 difficile
1901 2969 1964 3022 ad
1995 2985 2110 3039 per-

526 3066 883 3132 suadendum,
915 3072 972 3120 et
995 3063 1161 3118 multa
1189 3077 1316 3118 cura
1340 3061 1604 3130 indigens,
1636 3067 1690 3114 et
1729 3059 1916 3129 majori
1952 3075 2111 3129 quam

527 3161 746 3228 plantat.
778 3155 909 3211 Nam
944 3155 1057 3210 illic
1098 3153 1314 3224 quidem
1364 3163 1447 3207 est
1492 3162 1680 3206 natura
1727 3166 2012 3220 corporum
2057 3157 2115 3206 ct

528 3259 710 3313 terrae,
742 3249 942 3304 cedens
971 3245 1218 3300 manibus
1246 3244 1602 3314 agricolarum
1629 3260 1641 3295 :
1673 3241 1760 3297 hic
1801 3254 1981 3297 autem
2029 3251 2115 3297 est

527 3341 692 3396 libera
723 3338 950 3410 eligendi
983 3336 1248 3400 voluntas,
1277 3351 1394 3405 quae
1421 3335 1619 3389 multas
1667 3334 1895 3403 suscipit
1942 3345 2114 3387 muta-

525 3433 722 3498 tiones,
754 3439 807 3485 et
833 3444 974 3484 nunc
999 3427 1210 3499 quidem
1239 3426 1359 3489 hoc,
1393 3440 1534 3480 nunc
1561 3435 1741 3479 autem
1765 3425 1895 3478 illud
1923 3425 2070 3492 eligit
2094 3441 2108 3477 :

526 3523 637 3592 ipsa
668 3523 810 3575 enim
839 3529 923 3576 est
949 3534 1212 3589 propensa
1240 3517 1306 3570 ad
1331 3517 1541 3570 vitium.

2225 1409 2368 1464 :edcs
2393 1409 2614 1480 pulchre
2639 1409 2928 1466 tedilicatas
2951 1453 2965 1476 ,
2992 1423 3047 1467 et
3070 1412 3300 1468 dicimus
3327 1423 3496 1469 totum
3529 1431 3650 1473 esse
3676 1422 3817 1473 arti-

2229 1500 2346 1555 ficis
2375 1519 2388 1555 :
2415 1516 2737 1571 quamquam
2787 1517 2890 1557 non
2921 1512 3088 1557 totum
3121 1505 3191 1558 sit
3234 1506 3351 1574 ejus
3373 1547 3388 1569 ,
3419 1507 3512 1561 scd
3538 1518 3592 1562 et
3617 1524 3817 1578 opera-

2221 1592 2448 1652 riorum,
2469 1601 2526 1646 et
2547 1592 2746 1647 domini
2770 1594 2860 1664 qui
2889 1595 3089 1663 prtebet
3119 1598 3418 1660 materiam,
3447 1602 3816 1657 etmultorum

2224 1686 2452 1740 aliorum
2479 1703 2493 1752 ;
2527 1686 2620 1742 sed
2655 1696 2830 1742 tamen
2857 1689 3110 1759 quoniam
3136 1691 3226 1745 ille
3247 1691 3388 1760 quod
3421 1693 3537 1761 plus
3567 1703 3650 1748 est
3671 1704 3820 1748 attu-

2222 1776 2322 1843 lit,
2357 1778 2497 1833 illius
2541 1787 2713 1833 totum
2753 1794 2876 1834 esse
2915 1780 3162 1835 dicimus.
3215 1781 3287 1836 Ita
3335 1782 3420 1838 hic
3466 1799 3700 1854 quoque.
3751 1788 3823 1841 lit

2220 1885 2406 1926 rursus
2443 1871 2496 1926 in
2538 1871 2897 1938 multitudine,
2942 1874 3030 1929 ubi
3072 1885 3198 1930 sunt
3229 1877 3424 1942 multi,
3468 1893 3656 1933 omnes
3687 1894 3819 1932 esse

2219 1963 2484 2028 dicimus;
2511 1964 2601 2018 ubi
2645 1978 2823 2020 autem
2852 1967 3003 2036 pauci
3031 2009 3046 2032 ,
3076 1967 3368 2022 neminem.
3400 1969 3491 2025 Sic
3519 1971 3680 2024 etiam
3726 1975 3823 2026 hic

2219 2052 2349 2107 dicit
2375 2052 2569 2108 Paulus
2591 2094 2604 2119 ,
2638 2053 2757 2108 Non
2787 2057 3002 2110 volentis
3028 2072 3185 2126 neque
3223 2060 3478 2113 currentis
3501 2101 3516 2125 ,
3547 2061 3634 2114 sed
3664 2062 3821 2116 mise-

2219 2145 2375 2198 rentis
2396 2154 2468 2199 est
2504 2145 2615 2198 Dei.
2645 2145 2740 2200 llic
2761 2156 2938 2200 autem
2978 2147 3086 2200 duo
3116 2163 3305 2217 magna
3329 2158 3384 2204 et
3408 2151 3661 2219 prteclara
3692 2154 3818 2206 elli-

2218 2235 2294 2288 cit
2321 2255 2333 2288 :
2366 2251 2530 2290 unum
2557 2235 2770 2306 quidetn
2790 2279 2805 2302 ,
2837 2253 2904 2292 ne
2929 2237 3216 2293 efferamur
3238 2239 3307 2295 de
3333 2240 3488 2295 bonis
3516 2244 3777 2311 operibus
3801 2261 3816 2299 :

2218 2329 2535 2394 secundum,
2559 2340 2616 2384 ut
2640 2339 2789 2386 recte
2816 2330 3076 2386 factorum
3103 2347 3319 2388 causam
3350 2334 3458 2389 Deo
3490 2337 3814 2392 tribuamus.

2217 2420 2440 2476 Etiamsi
2505 2436 2739 2490 curras,
2784 2422 2992 2478 etiamsi
3044 2425 3276 2479 studium
3347 2441 3557 2495 ponas,
3614 2428 3812 2498 inquit,

2217 2529 2286 2568 ne
2310 2523 2457 2567 tuum
2491 2528 2611 2568 esse
2633 2513 2911 2570 existimes
2941 2515 3082 2584 quod
3117 2525 3261 2572 recte
3285 2527 3493 2594 gestum
3521 2527 3605 2572 est
3635 2535 3648 2572 :
3682 2535 3810 2575 nam

2216 2605 2318 2659 nisi
2343 2619 2628 2679 supernam
2651 2620 2809 2676 opem
2833 2606 3168 2678 adipiscaris,
3200 2607 3394 2662 frustra
3419 2619 3576 2664 erunt
3602 2612 3810 2666 omnia.

2214 2696 2318 2752 Sed
2347 2705 2430 2752 est
2464 2698 2802 2769 perspicuum
2830 2697 2945 2754 fore
2970 2709 3030 2754 ut
3056 2700 3148 2755 illo
3173 2701 3466 2757 auxiliante
3495 2706 3809 2775 assequaris

2208 2786 2260 2842 id
2297 2787 2349 2842 in
2388 2806 2497 2858 quo
2530 2793 2692 2860 ponis
2712 2793 2956 2848 studium
2978 2812 2992 2857 ;
3017 2795 3112 2850 sed
3131 2796 3176 2851 si
3193 2806 3250 2851 et
3268 2806 3324 2852 tu
3344 2814 3557 2865 curras,
3577 2804 3622 2855 si
3638 2805 3801 2860 velis.

2208 2877 2328 2933 Non
2361 2881 2467 2935 hoc
2497 2897 2630 2953 ergo
2657 2881 2812 2948 dicit,
2835 2886 2982 2955 quod
2999 2886 3199 2943 frustra
3214 2892 3513 2957 currimus,
3532 2894 3626 2947 sed
3649 2898 3805 2965 quod

2209 2970 2415 3028 frustra
2447 2975 2746 3040 currimus,
2775 2976 2821 3032 si
2859 2986 3033 3033 totum
3062 2995 3184 3036 esse
3217 2990 3471 3036 nostrum
3509 2986 3804 3042 existima-

2210 3076 2353 3121 mus.
2385 3064 2430 3118 si
2463 3079 2576 3119 non
2617 3065 2742 3135 plus
2769 3067 2881 3122 Deo
2917 3069 3246 3126 tribuamus.
3294 3073 3413 3128 Non
3450 3076 3600 3130 enim
3632 3092 3803 3134 suum

2203 3164 2325 3204 esse
2365 3160 2540 3208 totum
2572 3155 2751 3209 voluit
2779 3157 2944 3222 Deus,
2970 3175 3040 3214 ne
3060 3160 3345 3216 videretur
3360 3179 3462 3219 nos
3475 3172 3681 3220 temere
3696 3182 3802 3222 co-

2205 3257 2434 3310 ronare;
2464 3260 2643 3315 neque
2673 3263 2866 3302 rursus
2893 3259 3164 3317 nostrum,
3191 3269 3260 3308 ne
3286 3254 3597 3312 incidamus
3624 3259 3680 3312 in
3700 3273 3800 3312 ar-

2205 3335 2532 3400 rogantiam.
2559 3336 2695 3391 Nam
2717 3338 2762 3391 si
2785 3353 2910 3393 cum
2935 3341 3203 3397 minorem
3227 3344 3528 3401 habeamus
3555 3357 3800 3417 partem,

2201 3419 2509 3487 ell‘erimur,
2557 3431 2615 3478 et
2673 3429 2934 3495 praeclare
2984 3429 3054 3485 de
3101 3432 3263 3488 nobis
3315 3435 3621 3490 sentimus:
3656 3439 3801 3506 quid

2203 3511 2531 3580 faceremus,
2562 3516 2609 3571 si
2633 3526 2808 3574 totum
2829 3531 2977 3578 esset
3002 3525 3056 3578 in
3079 3535 3264 3580 nostra
3289 3535 3560 3596 potestate
3577 3529 3798 3587 ?'Multa

591 3608 645 3660 '5.
684 3608 1042 3674 Quamobrem
1073 3617 1284 3678 oportet
1321 3623 1419 3662 nos
1459 3620 1674 3675 semper
1697 3602 2002 3665 custodire,
2029 3613 2099 3654 ne
2190 3603 2354 3657 enim
2409 3604 2542 3660 fecit
2600 3607 2748 3664 Deus
2785 3619 2845 3666 ut
2885 3624 3130 3669 nostram
3171 3606 3480 3687 amputaret
3529 3635 3797 3691 arrogan-

516 3699 889 3754 dormitemus.
915 3698 1046 3754 Ecce
1071 3701 1212 3754 enim
1242 3716 1345 3753 non
1382 3696 1694 3760 dormitabit,
1724 3693 1914 3764 inquit,
1943 3705 2102 3760 neque

516 3791 732 3846 dormiet
757 3791 1254 3861 quicustoditlsraef
1277 3809 1295 3857 ;
1321 3803 1394 3858 et,
1419 3787 1502 3844 Ne
1531 3789 1619 3843 des
1642 3788 1696 3840 in
1716 3784 2100 3840 commotionem

516 3883 694 3955 pedem
722 3894 864 3938 tuum
889 3882 1064 3954 (Psat.
1098 3883 1221 3939 120.
1249 3885 1302 3939 4.
1333 3883 1412 3954 5).
1445 3881 1561 3937 Non
1584 3879 1738 3944 dixit,
1762 3877 1838 3933 Ne
1862 3889 2102 3932 commo-

515 3978 719 4041 veuris,
747 3977 842 4031 sed
867 4018 884 4044 ,
930 3975 1007 4031 Ne
1033 3975 1149 4031 des.
1182 3975 1317 4030 Dare
1362 3989 1494 4046 ergo
1521 3979 1606 4028 est
1635 3971 1686 4026 in
1732 3977 1914 4024 nostra
1944 3973 2101 4038 pote-

515 4076 686 4130 state,
719 4082 824 4121 non
857 4067 908 4121 in
938 4066 1163 4136 alicujus
1193 4067 1434 4120 alterius.
1476 4063 1609 4119 Nam
1637 4061 1680 4117 si
1708 4061 1934 4116 velimus
1957 4068 2100 4112 stare

517 4158 655 4213 lirmi
683 4200 698 4224 ,
727 4159 948 4214 stabiles
986 4168 1040 4214 et
1070 4158 1374 4213 immobiles
1395 4199 1410 4225 ,
1441 4172 1546 4211 non
1591 4153 2050 4211 commovebimur
2083 4167 2098 4205 :

515 4250 599 4304 his
625 4251 766 4305 enim
796 4249 972 4304 verbis
993 4249 1120 4305 illud
1139 4249 1516 4305 subindicavit.
1539 4247 1677 4315 Quid
1703 4245 1873 4316 ergo?
1895 4243 2101 4298 nihilne

493 4349 598 4404 est
625 4341 676 4394 in
722 4341 812 4394 Dei
855 4341 1159 4410 potestate?
1186 4342 1241 4395 In
1271 4341 1363 4394 Dei
1401 4339 1616 4410 quidem
1659 4345 1924 4407 potestate
1977 4343 2104 4386 sunt

516 4434 717 4498 omnia,
743 4431 838 4486 sed
865 4448 969 4486 non
995 4434 1064 4486 ita
1094 4440 1154 4488 nt
1178 4441 1422 4488 nostrum
1449 4430 1674 4484 liberum
1709 4427 1933 4480 laedatur
1958 4424 2102 4478 arbi-

518 4524 696 4578 trium.
749 4524 805 4578 Si
855 4539 1020 4594 ergo,
1061 4525 1269 4595 inquit,
1316 4534 1392 4578 est
1425 4523 1477 4576 in
1521 4521 1612 4576 Dei
1660 4527 1960 4590 potestate,
2005 4531 2102 4570 cur

519 4614 569 4668 in
623 4629 720 4668 nos
759 4614 966 4670 confert
1011 4615 1261 4684 culpam?
1305 4613 1593 4682 Propterea
1620 4611 1752 4675 dixi,
1786 4608 1859 4663 lla
1890 4615 1946 4662 ut
1994 4622 2100 4662 non

519 4704 741 4759 lzcdatur
791 4714 1032 4759 nostrum
1087 4705 1316 4758 liberum
1379 4702 1679 4756 arbitrium.
1732 4700 1826 4754 Est
1877 4713 2003 4767 ergo
2049 4697 2102 4751 in

517 4805 700 4850 nostra
723 4836 737 4859 ,
765 4803 820 4850 et
864 4796 915 4849 in
962 4795 1077 4863 ejus
1107 4802 1370 4864 potestate
1401 4809 1415 4846 :
1441 4799 1655 4860 oportet
1684 4789 1826 4845 enim
1856 4803 1953 4842 nos
1997 4785 2103 4854 pri-

517 4903 662 4940 mum
715 4887 851 4941 bona
891 4888 1124 4956 eligere,
1177 4893 1233 4941 et
1257 4900 1378 4939 cum
1410 4883 1750 4951 elegerimus,
1798 4890 1921 4934 tunc
1945 4877 2103 4932 all‘ert

516 4995 634 5050 qum
665 4995 758 5034 sua
787 4989 931 5034 sunt.

589 5071 668 5124 De
694 5072 848 5126 libero
869 5069 1097 5124 arbitrio.
1132 5097 1204 5108 -
1233 5067 1347 5122 Non
1385 5065 1644 5137 pnevenit
1678 5073 1884 5116 nostras
1913 5060 2101 5116 volun-

520 5171 677 5228 tates,
709 5180 774 5218 ne
807 5162 996 5232 perdat
1016 5168 1258 5214 nostrum
1290 5159 1516 5214 liberum
1544 5157 1821 5211 arbitrium
1849 5171 1862 5207 :
1888 5152 2100 5224 quando

519 5265 696 5310 autem
749 5267 846 5308 nos
889 5251 1226 5321 elegerimus,
1283 5259 1408 5305 tunc
1457 5249 1610 5304 nobis
1667 5247 1894 5301 multum
1941 5243 2099 5299 aﬂ'ert

520 5347 797 5400 auxilium.
831 5343 1112 5410 Quomodo
1139 5357 1266 5413 ergo
1293 5385 1307 5409 ,
1335 5343 1378 5396 si
1403 5343 1454 5396 in
1487 5351 1666 5396 nostra
1703 5347 1965 5410 potestate
1993 5345 2096 5404 est,

519 5439 650 5492 dicit
673 5437 869 5491 Paulus
903 5452 915 5488 :
945 5433 1063 5490 Non
1104 5437 1315 5490 volentis
1346 5452 1502 5506 neque
1531 5435 1776 5488 currentis
1797 5475 1812 5499 ,
1837 5433 1924 5488 sed
1947 5433 2097 5486 mise-

518 5532 676 5584 rentis
697 5541 769 5585 est
819 5528 912 5583 Dei
939 5529 956 5601 (
983 5529 1130 5583 Rom.
1158 5531 1210 5585 9.
1246 5529 1312 5585 16
1335 5529 1401 5598 )?
1449 5529 1683 5582 Primum
1725 5524 1941 5595 quidem
1993 5538 2097 5578 non

522 5633 788 5692 tamquam
817 5639 964 5677 suam
993 5621 1285 5678 introduxit
1309 5620 1648 5684 sententiam,
1679 5618 1770 5671 sed
1792 5615 2009 5686 collegit
2029 5629 2098 5668 ex

527 5730 588 5770 so
610 5715 749 5770 ouod
782 5725 898 5771 erat
927 5717 1277 5782 prepositum,
1310 5723 1364 5769 et
1393 5727 1457 5767 ex
1491 5727 1555 5766 eo
1575 5710 1715 5787 quod
1744 5708 2098 5780 przentissum.

449 6167 516 6278 ⁵1

2177 4901 2490 4958 «numquam
2519 4889 2780 4945 reddituri
2806 4890 3068 4946 rationem

2205 3692 2359 3748 tiam.
2396 3694 2468 3750 Et
2500 3708 2757 3767 prceterea
2790 3703 2996 3758 excelsa
3030 3723 3219 3760 manus
3252 3709 3366 3778 ejus
3409 3709 3562 3781 (lsai.
3598 3711 3650 3766 5.
3671 3712 3796 3781 25),

2204 3783 2409 3857 inquit.
2432 3787 2578 3857 Quot
2601 3807 2704 3848 nos
2727 3793 3097 3853 circumdedit
3120 3800 3493 3867 passionibus,
3523 3812 3584 3857 ut
3609 3805 3796 3861 elatos

2201 3886 2412 3932 resecet
2438 3877 2705 3948 spiritus?
2731 3894 2891 3950 quam
2916 3881 3105 3936 multis
3125 3881 3292 3937 cinxit
3311 3882 3541 3938 bestiis?
3569 3883 3803 3951 Quando

2193 3966 2345 4023 enim
2393 3967 2578 4024 dicunt
2619 3969 2806 4042 aliqui,
2847 3971 2986 4040 Quid
3027 3970 3175 4028 hoc?
3201 3987 3459 4044 quorsum
3507 3973 3650 4030 hoc?
3677 3973 3806 4032 lucc

2191 4059 2384 4117 dicunt
2412 4070 2604 4130 prazter
2635 4062 2730 4118 Dei
2755 4063 3032 4134 placitum.
3061 4063 3119 4119 ln
3151 4074 3300 4122 tanto
3329 4076 3381 4122 te
3411 4068 3598 4122 statuit
3619 4076 3792 4135 metu,

2197 4162 2252 4207 et
2294 4167 2362 4207 ne
2413 4167 2491 4208 sic
2540 4151 2761 4225 quidem
2817 4154 2887 4210 de
2939 4163 2993 4211 te
3039 4155 3314 4214 humiliter
3368 4158 3556 4224 sentis,
3597 4158 3693 4214 sed
3745 4161 3796 4215 si

2195 4242 2414 4313 quando
2458 4243 2542 4299 vel
2589 4259 2787 4315 parvus
2831 4246 2926 4302 tibi
2970 4245 3176 4326 faustus
3214 4249 3458 4304 evenerit
3484 4263 3794 4316 successus,

2193 4335 2264 4390 ad
2291 4335 2463 4402 ipsum
2494 4351 2661 4406 ttsque
2688 4337 2879 4393 caelum
2908 4341 3098 4409 spiritu
3129 4341 3426 4397 extolleris.

2267 4425 2322 4479 4.
2348 4424 2638 4496 Pr0ptcrea
2663 4428 2962 4485 celerrimas
3001 4429 3137 4485 fiunt
3170 4431 3492 4487 mutationes
3515 4441 3570 4487 et
3595 4445 3791 4496 casus;

2197 4529 2252 4575 et
2279 4536 2347 4575 ne
2375 4521 2453 4576 sic
2481 4521 2697 4591 quidem
2723 4525 3080 4594 castigamur:
3109 4525 3233 4581 ideo
3262 4526 3567 4596 frequentes
3587 4535 3794 4582 mortes

2193 4619 2251 4665 et
2281 4610 2580 4668 immatura:
2609 4630 2623 4680 ;
2658 4617 2758 4670 nos
2799 4625 2980 4671 autem
3014 4625 3286 4687 tamquam
3329 4617 3660 4672 immortales
3692 4632 3793 4672 su-

2200 4704 2360 4772 perbe
2386 4703 2456 4759 de
2477 4705 2632 4761 nobis
2657 4707 2920 4762 sentimus
2943 4749 2959 4774 ,
2992 4708 3144 4777 quasi
3176 4723 3464 4778 numquam
3487 4708 3734 4764 morituri
3775 4727 3790 4764 :

2197 4794 2268 4849 ita
2299 4794 2568 4865 rupimus,
2597 4798 2669 4852 ita
2718 4797 2770 4854 in
2800 4798 3028 4853 aliorum
3060 4798 3198 4853 bona
3239 4798 3544 4855 invadimus
3565 4841 3581 4866 ,
3628 4801 3793 4870 quasi

3115 4908 3129 4945 :
3169 4891 3239 4946 ita
3278 4890 3607 4946 mdificamus
3647 4899 3792 4945 tam-

2197 4993 2358 5048 quam
2405 4978 2493 5035 hic
2533 4997 2748 5051 semper
2781 4991 3095 5048 manentes;
3138 4991 3195 5038 et
3222 4998 3397 5054 neque
3429 4983 3520 5038 Dei
3567 4983 3790 5039 verbum

2196 5071 2434 5140 quotidie
2465 5075 2515 5127 in
2548 5075 2745 5128 nostris
2785 5073 3042 5130 insonans
3068 5074 3309 5142 auribus,
3342 5090 3518 5145 neque
3543 5089 3632 5130 res
3658 5075 3791 5145 ipsae

2195 5177 2296 5218 nos
2323 5163 2594 5218 erudiunt.
2623 5163 2739 5219 Non
2770 5165 2898 5220 licet
2944 5166 3128 5222 videre
3156 5166 3300 5220 diem
3354 5181 3456 5222 nec
3489 5165 3698 5232 horam,
3733 5166 3788 5221 in

2193 5272 2298 5327 qua
2325 5273 2431 5311 non
2477 5258 2694 5314 assidue
2739 5258 2908 5314 videri
2939 5260 3144 5328 possint
3171 5259 3338 5314 multa
3368 5258 3518 5314 elferi
3545 5259 3729 5313 funera
3768 5277 3784 5311 :

2191 5347 2288 5404 sed
2319 5348 2515 5402 frustra
2537 5351 2737 5415 omnia,
2768 5365 2869 5406 nec
2895 5351 3187 5422 quidquam
3216 5355 3282 5405 ad
3312 5360 3551 5405 nostram
3579 5349 3786 5421 pertin-

2191 5442 2270 5514 git
2311 5441 2584 5496 duritiem.
2615 5442 2801 5513 Neque
2844 5444 2897 5499 in
2927 5444 3120 5500 alienis
3160 5443 3558 5499 calamitatibus
3596 5457 3790 5512 possu—

2167 5548 2312 5589 -mus
2347 5533 2489 5590 eflici
2535 5537 2826 5602 meliores;
2875 5538 2984 5592 imo
3029 5553 3158 5593 veto
3201 5536 3452 5593 nolumus
3484 5554 3496 5591 :
3528 5538 3621 5593 sed
3661 5552 3784 5592 cum

2189 5625 2289 5682 soli
2319 5625 2592 5697 lugemus,
2624 5637 2752 5684 tunc
2791 5629 3200 5694 contrahimur;
3230 5641 3286 5685 et
3312 5623 3356 5684 si
3391 5629 3536 5684 Dens
3566 5643 3784 5684 manum

2195 5718 2466 5775 remiserit
2487 5760 2501 5788 ,
2532 5733 2717 5775 rursus
2747 5735 2845 5777 nos
2873 5737 3089 5777 manum
3117 5722 3442 5802 extollimus.
3468 5708 3636 5777 Nemo
3664 5735 3783 5792 quae
