4172 6468
304 388 402 446 101

290 510 522 555 sursum
573 501 699 551 sunt
731 491 898 565 sapit,
931 505 1094 546 nemo
1133 492 1359 561 despicit
1391 499 1603 544 terrena
1628 527 1645 554 ,
1674 504 1836 544 nemo
1865 487 1932 542 ad

283 594 495 647 cmlum
516 587 754 660 aspicit;
782 585 880 642 sed
901 585 1052 641 sicut
1078 584 1227 655 porci
1257 583 1412 655 proni
1437 592 1637 638 terram
1663 588 1931 652 Spectant,

281 687 340 742 in
388 692 646 739 ventrem
698 677 990 743 inclinati,
1035 676 1089 733 in
1122 689 1290 731 emno
1314 672 1541 730 volutati
1587 689 1604 728 :
1653 671 1728 728 ita
1768 671 1933 727 etiam

283 778 445 836 multi
480 775 744 830 homines
790 769 1078 828 teterrimo
1104 782 1268 825 anno
1318 780 1381 822 se
1413 765 1796 837 inquinantes,
1825 779 1933 819 non

289 873 538 927 sentiunt
589 885 604 922 :
655 866 856 922 melius
892 864 1039 920 enim
1100 870 1186 918 est
1236 860 1518 917 immundo
1593 857 1706 914 luto
1767 857 1942 928 pollui

291 978 458 1033 quam
503 959 775 1031 peccatis.
821 956 958 1012 Nam
990 955 1082 1026 qui
1129 954 1224 1010 illo
1271 963 1354 1010 est
1396 951 1748 1022 inquinatus,
1780 949 1932 1005 brevi

295 1066 548 1124 tempore
567 1051 834 1114 abluitur,
858 1059 916 1105 et
937 1046 1242 1104 redditurei
1271 1044 1465 1100 similis
1486 1043 1576 1114 qui
1593 1057 1693 1097 nec
1720 1038 1926 1095 11111111-

294 1149 372 1201 tio
425 1148 478 1200 in
512 1143 668 1199 illam
713 1141 906 1197 incidit
934 1141 1251 1212 voraginem
1280 1153 1295 1192 :
1327 1136 1419 1209 qui
1450 1143 1631 1192 autem
1653 1133 1848 1190 cecidit
1878 1133 1932 1188 in

305 1237 630 1294 barathrum
656 1233 891 1307 peccati,
909 1232 1121 1302 accepit
1138 1229 1606 1300 inquinamentum
1626 1224 1768 1296 quod
1790 1235 1930 1293 aqua

308 1346 415 1386 non
449 1328 754 1384 mandatur
772 1368 789 1392 ,
817 1323 915 1380 sed
946 1323 1117 1378 multo
1145 1329 1270 1391 eget
1310 1329 1557 1390 tempore
1582 1314 1931 1388 perfectaque

305 1420 637 1493 [renitentia
660 1459 679 1486 ,
727 1416 985 1491 lacrymis
1021 1424 1079 1471 et
1118 1412 1425 1484 planctibus
1448 1453 1463 1478 ,
1517 1409 1823 1482 maiorique
1875 1417 1933 1464 et

305 1511 717 1570 vehementiori
746 1507 1136 1566 lamentatione
1171 1521 1330 1576 quam
1358 1519 1481 1574 qua:
1510 1511 1733 1575 prOpter
1771 1502 1933 1558 caris-

305 1606 483 1662 simos
533 1602 859 1659 ostenditis.
905 1599 1042 1656 Nam
1090 1600 1173 1654 lue
1217 1596 1437 1668 quidem
1483 1594 1676 1651 sordes
1713 1594 1782 1649 ad
1830 1608 1933 1652 nos

307 1697 661 1751 extrinsecus
689 1693 1011 1760 adveniunt,
1044 1701 1101 1746 et
1143 1690 1266 1747 ideo
1299 1704 1394 1746 eas
1427 1688 1536 1743 cito
1561 1685 1886 1758 deponimus
1914 1701 1930 1743 :

304 1787 415 1842 illa:
457 1796 646 1842 autem
679 1785 937 1841 oriuntur
965 1783 1326 1847 intrinsecus,
1357 1789 1415 1838 et
1448 1779 1572 1836 ideo
1600 1777 1683 1832 vix
1711 1792 1805 1835 eas
1835 1777 1935 1834 ab-

302 1879 527 1935 luentes
565 1877 956 1935 emundamus.
1005 1875 1088 1930 Ex
1129 1874 1281 1930 corde
1309 1873 1464 1940 enim,
1519 1871 1712 1942 inquit,
1744 1880 1931 1926 exeunt

299 1971 649 2042 agitationes
677 1969 854 2034 multa,
882 1968 1268 2040 fornicationes,
1295 1965 1575 2030 adulteria,
1605 1967 1768 2034 furta,
1792 1965 1930 2035 falsa

300 2066 605 2119 testimonia
629 2062 848 2134 (Matth.
877 2063 965 2117 l5.
1002 2060 1114 2130 19).
1139 2060 1201 2115 Et
1229 2059 1351 2117 ideo
1380 2059 1594 2114 dicebat
1618 2056 1888 2130 Propheta
1913 2075 1928 2114 :

301 2155 416 2212 Cor
457 2156 710 2212 mundum
740 2170 860 2212 creo
887 2155 940 2212 in
980 2169 1060 2207 me
1089 2151 1226 2210 Deus
1248 2151 1267 2223 (
1289 2151 1435 2205 Psal.
1481 2148 1571 2206 50.
1605 2149 1747 2220 13);
1790 2149 1931 2210 alios

313 2260 526 2314 autem,
559 2249 716 2303 Ablue
737 2264 769 2303 α
795 2246 918 2301 vitio
944 2262 1033 2299 cor
1055 2255 1220 2310 tuum,
1248 2241 1536 2298 Jerusalem
1561 2239 1696 2313 (λεν.
1725 2241 1779 2302 4.
1811 2241 1928 2310 14).

325 2339 499 2393 Vides
522 2339 662 2408 quod
680 2349 821 2394 recte
843 2353 1010 2407 agere
1034 2345 1278 2396 nostrum
1306 2335 1377 2389 sit
1393 2343 1450 2389 et
1472 2334 1564 2388 Dei
1582 2333 1606 2394 ἲ
1622 2333 1689 2393 Et
1707 2347 1930 2388 rursus:

326 2431 480 2485 Beati
528 2433 714 2486 mundo
775 2431 972 2495 corde,
1031 2430 1276 2500 quoniam
1328 2426 1430 2496 ipsi
1473 2424 1644 2481 Deum
1690 2423 1932 2487 uidebunt

321 2525 541 2594 (Matth.
573 2525 627 2580 5.
655 2523 736 2595 8).

389 2617 616 2670 Ριτεαια
635 2615 894 2687 quomodo
918 2613 1276 2686 abstergenda.
1302 2642 1376 2654 —
1405 2610 1720 2668 Efﬂciamur
1741 2607 1931 2665 mundi

310 2726 412 2780 pro
441 2709 645 2763 nostris
658 2711 707 2762 vi
721 2709 872 2764 ribus
893 2724 910 2774 ;
935 2709 1311 2776 abstergamus
1325 2713 1508 2763 nostra
1529 2711 1769 2772 peccata.
1786 2701 1936 2769 Quo-

310 2803 474 2856 tundo
496 2812 680 2856 autem
701 2802 912 2871 possint
932 2799 1190 2868 abstergi,
1209 2797 1368 2854 docet
1391 2794 1677 2866 propheta,
1697 2793 1885 2849 (licens
1916 2810 1930 2846 :

305 2895 609 2957 Lac-mini,
638 2894 819 2949 mundi
837 2903 1017 2957 estote,
1040 2890 1370 2962 παίω-18111111
1391 2889 1452 2944 ab
1474 2887 1740 2944 animabus
1759 2889 1935 2946 vestris

307 3005 483 3043 curant
511 2988 678 3039 oculis
703 2987 829 3038 meis
864 2984 1022 3056 (Istti.
1057 2985 1104 3039 1.
1139 2982 1264 3051 16).
1293 2980 1434 3050 Quid
1467 2988 1575 3049 est,
1599 2977 1787 3038 Coram
1808 2994 1935 3032 ocu-

310 3081 372 3131 111
399 3080 564 3131 νηί-1112³
590 3079 726 3138 Quia
755 3079 1007 3128 videntur
1033 3075 1250 3139 quidem
1278 3074 1583 3141 aliquiesse
1604 3072 1714 3131 vitii
1743 3088 1936 3141 expcr.

324 3159 1719 3185 Μ

1119 379 1187 439 IN
1226 377 1448 438 EPIST.
1491 379 1582 436 AD
1621 376 1990 436 ΠΕΒῙὶιΕΟΒ.
2032 377 2185 437 CAP.
2231 377 2344 437 Vll.
2386 381 2621 441 llOMlL.
2662 385 2807 445 Xlll.

3527 383 3654 442 {Oi

2041 497 2143 558 tes,
2173 489 2270 548 sed
2302 489 2632 560 hominibus,
2662 493 2772 549 Deo
2797 503 2978 550 autem
3005 503 3131 549 sunt
3159 491 3428 550 manifesti
3457 496 3640 564 sepul-

2036 597 2130 644 cra
2181 583 2430 640 dealbata
2457 603 2472 640 :
2501 586 2626 643 ideo
2650 586 2800 652 dicit,
2823 587 2913 643 Sic
2933 586 3141 644 auferte
3166 587 3306 642 sicut
3335 602 3436 657 ego
3458 586 3637 644 video.

2037 674 2233 731 Discite
2264 675 2454 735 bonum
2483 681 2674 748 facere,
2703 679 2952 749 exquirite
2985 679 3242 748 judicium
3269 720 3283 744 ,
3315 678 3559 734 humilem
3592 687 3640 738 ct

2037 786 2317 840 pauperem
2355 771 2638 842 justiﬁcale
2689 781 2787 831 :et
2828 773 2990 826 venite
3017 782 3061 826 et
3092 773 3470 842 disceptemus,
3512 773 3639 827 dicit

2034 867 2318 930 Dominus;
2357 876 2405 920 et
2451 867 2496 920 si
2539 867 2640 920 sint
2687 874 2892 936 peccata
2943 874 3109 920 vestra
3151 865 3283 920 sicut
3340 879 3636 936 puniceum,

2031 961 2162 1016 sicut
2190 960 2354 1014 niuem
2394 957 2674 1022 dealbabo;
2711 958 2754 1012 si
2791 959 2892 1012 sint
2947 969 3118 1012 autem
3154 957 3286 1013 sicut
3345 958 3633 1025 coccinatus,

2034 1063 2292 1123 tamquam
2318 1051 2492 1106 lanam
2515 1049 2760 1104 dealbabo
2794 1049 2946 1121 (lsai.
2982 1050 3032 1104 1.
3063 1051 3153 1107 17.
3183 1049 3290 1120 18).
3315 1050 3636 1120 Videsan

2033 1151 2282 1214 oporteat
2306 1157 2404 1198 uos
2427 1142 2636 1212 priores
2654 1140 2936 1208 mundare,
2969 1151 3024 1196 et
3050 1152 3177 1197 tunc
3203 1143 3342 1198 Deus
3371 1144 3637 1202 mundat!

2032 1235 2165 1291 Nam
2211 1250 2335 1292 cum
2383 1236 2534 1308 prius
2582 1234 2854 1303 dixisset,
2888 1233 3179 1298 Lauantini,
3222 1236 3404 1290 mundi
3442 1248 3634 1300 estote,

2036 1337 2165 1384 tunc
2211 1326 2529 1397 subiunxit,
2565 1325 2676 1398 Ego
2729 1324 3000 1388 dealbabo.
3050 1324 3222 1382 Nemo
3264 1342 3393 1398 ergo
3446 1343 3513 1384 ex
3573 1327 3639 1383 iis

2033 1420 2127 1492 qui
2153 1419 2377 1476 veniunt
2417 1417 2485 1474 ad
2525 1433 2796 1474 summum
2844 1419 3056 1487 vitium,
3099 1419 3169 1480 de
3217 1434 3278 1476 se
3318 1419 3568 1490 desperet
3612 1439 3636 1478 ηε

2031 1512 2166 1571 Nam
2193 1511 2406 1569 etiamsi
2432 1511 2674 1580 intraris,
2706 1511 2902 1584 inquit,
2932 1511 3004 1568 ad
3036 1512 3278 1568 habitum
3304 1554 3320 1574 ,
3361 1521 3416 1568 et
3444 1529 3643 1584 prope-

2034 1607 2254 1662 modum
2280 1603 2347 1660 ad
2372 1613 2620 1660 naturam
2654 1604 2825 1676 ipsius
2845 1604 2984 1673 vitii,
3010 1619 3079 1660 ne
3102 1615 3317 1660 timeas.
3343 1605 3638 1676 Propterea

2034 1714 2143 1756 non
2187 1698 2417 1756 exilibus
2455 1705 2512 1754 et
2555 1697 2800 1754 evanidis
2823 1698 3062 1770 acceptis
3091 1698 3364 1754 coloribus
3388 1740 3403 1764 ,
3428 1699 3522 1755 sed
3551 1702 3640 1770 qui

2034 1799 2160 1846 sunt
2190 1804 2360 1862 prope
2384 1790 2437 1845 in
2467 1791 2581 1860 ipsa
2612 1789 2691 1846 rei
2718 1790 2979 1857 essentia,
3019 1804 3113 1845 eos
3142 1790 3274 1846 dicit
3299 1801 3555 1846 venturos
3587 1792 3640 1846 in

2000 1907 2002 1910 ν
2033 1891 2233 1940 statum
2264 1881 2758 1938 contrarium.Non
2775 1882 2951 1938 solum
2976 1883 3125 1939 enim
3152 1883 3290 1939 dixit
3310 1884 3513 1952 lavare,
3544 1884 3642 1940 sed

2037 1985 2312 2048 tamquam
2342 1973 2522 2030 nivem
2551 1982 2607 2030 et
2637 1983 2912 2045 tamquam
2939 1975 3116 2030 lanam
3145 1974 3424 2041 dealbare,
3457 1985 3515 2030 ut
3545 1978 3663 2030 1111--

2034 2085 2160 2127 1111111
2181 2085 2335 2141 Spem
2366 2069 2524 2126 nobis
2552 2069 2810 2141 praibeat.
2844 2069 2990 2140 Ergo
3017 2084 3210 2141 magna
3251 2069 3334 2125 vis
3366 2070 3638 2138 pmoiteu.

2035 2163 2146 2230 tim,
2173 2161 2440 2234 siquidem
2467 2177 2570 2218 nos
2599 2161 2727 2218 lacit
2751 2162 2905 2234 quasi
2929 2163 3129 2229 nivem,
3161 2177 3218 2219 et
3247 2161 3464 2218 dealbat
3487 2166 3642 2233 quasi

2034 2253 2237 2322 lanam,
2267 2254 2478 2312 etiamsi
2508 2253 2654 2325 quod
2683 2254 2881 2312 invasit
2907 2263 3189 2325 peccatum
3219 2267 3432 2310 nostras
3465 2258 3659 2311 1111111--

2032 2349 2106 2407 rit
2125 2350 2354 2405 animas.
2379 2348 2706 2405 Studeamus
2727 2363 2858 2420 ergo
2890 2348 3010 2405 ﬁeri
3040 2348 3227 2404 mundi
3257 2367 3274 2405 ιε
3317 2349 3452 2405 1111111
3480 2367 3644 2421 grave

2030 2441 2192 2514 jussit
2220 2460 2233 2497 :
2259 2441 2502 2497 Judicate
2528 2441 2778 2514 orphano,
2803 2449 2851 2496 et
2879 2441 3047 2496 uidua:
3065 2441 3204 2511 quod
3237 2453 3308 2496 est
3329 2443 3530 2514 justum
3556 2443 3644 2513 {a-

2033 2538 2131 2592 cite
2173 2536 2340 2606 (Ibid.
2386 2554 2436 2591 υ.
2481 2537 2610 2608 17),
2655 2535 2848 2606 inquit.
2898 2535 3065 2592 Vides
3108 2536 3382 2607 quomodo
3433 2537 3638 2608 ubique

2033 2629 2177 2701 apud
2225 2629 2393 2685 Deum
2435 2643 2628 2700 magna
2665 2627 2896 2693 habetur
2937 2628 3076 2684 ratio
3126 2627 3540 2695 misericordizn,
3586 2642 3644 2688 et

2033 2721 2367 2778 defensionis
2397 2736 2586 2777 eorum
2615 2720 2705 2792 qui
2728 2719 3043 2776 afficiuntur
3071 2720 3309 2792 injuria?
3337 2721 3464 2778 llatc
3493 2723 3634 2776 bona

2034 2815 2413 2888 aggrediamur
2460 2829 2648 2886 Opera,
2694 2824 2750 2869 et
2787 2815 3085 2885 poterimus
3134 2813 3231 2869 Dei
3279 2816 3448 2886 gratia
3496 2813 3640 2869 bona

2033 2911 2196 2966 etiam
2230 2911 2404 2964 futura
2436 2907 2696 2978 consequi
2731 2925 2744 2962 :
2773 2908 2968 2979 qui-bus
3000 2923 3099 2964 nos
3141 2923 3332 2964 onmcs
3361 2910 3643 2980 contingat

2033 3006 2226 3077 dignos
2260 3003 2374 3059 fieri
2405 3004 2456 3057 in
2483 3002 2704 3058 Christo
2725 3001 2852 3058 Jesu
2883 3003 3113 3058 Domino
3141 3012 3350 3059 nostro.

3561 3163 3668 3184 -ι-ιο

1769 3234 2123 3301 HOMILIA
2162 3232 2342 3299 XIII.

329 3326 466 3377 Cu.
500 3322 560 3377 7.
593 3336 651 3376 τ.
689 3320 781 3374 11.
817 3317 881 3373 St
927 3331 1048 3386 ergo
1077 3311 1449 3368 consummatio
1480 3326 1569 3380 per
1611 3305 1956 3363 sacerdotium

406 3412 699 3467 Leriticum
722 3421 832 3464 erat
856 3408 1106 3480 (papulas
1123 3406 1256 3460 enim
1282 3406 1372 3459 sub
1396 3405 1506 3472 ipso
1534 3402 1693 3472 legem
1715 3397 1956 3468 accepit),

406 3508 535 3578 quid
597 3505 772 3557 adhuc
836 3501 1177 3556 necessarium
1240 3499 1336 3568 fuit
1390 3496 1669 3551 secundum
1729 3493 1962 3547 ordinem

411 3595 806 3652 Melchisedech
847 3595 1007 3647 alium
1053 3591 1406 3654 sacerdotem,
1445 3600 1489 3644 et
1532 3605 1634 3641 non
1683 3583 1962 3640 secundum

409 3692 657 3746 ordinem
705 3689 879 3742 Aaron
906 3687 1051 3743 diri?
1102 3685 1190 3747 12,
1224 3684 1469 3738 translato
1501 3682 1634 3734 enim
1675 3677 1961 3734 sacerdotio

319 3790 322 3791 ⁷
405 3800 623 3838 necesse
653 3791 727 3836 est
751 3793 802 3833 ut
823 3791 867 3834 et
897 3779 1021 3849 legis
1047 3777 1318 3831 translatio
1349 3777 1458 3845 ﬁat.
1483 3775 1570 3837 15.
1599 3772 1665 3825 In
1692 3787 1790 3840 quo
1825 3770 1964 3822 enim

405 3880 521 3930 ha’c
551 3875 835 3936 dicuntur,
871 3871 936 3926 de
969 3871 1074 3922 alia
1105 3869 1236 3922 tribu
1266 3878 1360 3927 est,
1390 3866 1454 3919 de
1480 3881 1582 3934 qua
1615 3865 1788 3916 nullus
1810 3859 1965 3914 altari

407 3980 608 4040 pra!le
637 3968 758 4037 fuit.
794 3968 882 4019 H.
917 3965 1252 4034 tiltmifestum
1281 3973 1355 4014 est
1397 3960 1530 4011 enim
1570 3958 1706 4028 quod
1737 3972 1798 4008 cx
1823 3953 1966 4008 Judtt

404 4077 554 4118 ortus
582 4065 651 4118 sit
688 4060 936 4114 Dominus
965 4066 1172 4120 noster,
1221 4055 1275 4108 in
1305 4068 1406 4124 qua
1439 4050 1570 4104 tribu
1601 4049 1730 4103 nihil
1771 4049 1833 4103 de
1879 4063 1965 4101 sae

409 4155 651 4214 cerdotio
682 4151 890 4222 Moyses
919 4151 1156 4219 loquutus
1192 4159 1282 4201 est.

409 4253 466 4308 1.
518 4249 584 4302 Si
633 4262 756 4315 ergo
797 4243 1169 4300 consummatio
1201 4257 1288 4312 per
1317 4239 1657 4294 sacerdotium
1687 4235 1967 4291 Levilicum

343 4353 475 4404 erat,
507 4340 715 4409 inquit.
749 4338 882 4395 Cum
908 4337 1137 4390 dixisset
1160 4335 1230 4390 de
1255 4331 1672 4399 Melchisedech,
1706 4341 1760 4386 et
1778 4340 1966 4385 osten-

339 4436 519 4489 disset
546 4440 819 4502 quantum
848 4438 996 4484 esset
1021 4427 1334 4483 Abrahamo
1363 4425 1731 4496 praestantior,
1764 4433 1822 4478 et
1849 4437 1968 4476 ma,

341 4543 510 4597 gnam
545 4523 964 4595 pronuntiasset
1011 4519 1411 4583 differentiam;
1446 4518 1569 4571 hinc
1595 4517 1852 4585 deinceps
1876 4515 1970 4578 de-

339 4625 622 4673 monstrat
653 4614 780 4686 quid
813 4613 1026 4668 intersit
1060 4613 1203 4666 inter
1227 4610 1637 4666 Testamentum
1668 4610 1842 4677 ipsum
1862 4651 1878 4673 ,
1918 4617 1973 4663 et

340 4708 630 4781 quomodo
683 4706 813 4766 illud
845 4705 1066 4772 quidem
1115 4703 1188 4758 sit
1238 4701 1648 4772 imperfectum,
1693 4702 1800 4756 hoc
1841 4715 1972 4756 vero

341 4805 682 4880 perfectum.
718 4798 784 4856 Et
811 4798 1048 4856 nondum
1073 4797 1140 4852 ad
1169 4812 1255 4852 res
1280 4798 1425 4868 ipsas
1455 4796 1686 4860 accedit,
1717 4795 1810 4850 sed
1833 4796 1972 4850 inte-

341 4901 446 4950 rim
482 4897 766 4965 depugnat
786 4907 853 4948 ex
876 4889 1179 4946 sacerdotio
1205 4899 1259 4944 et
1286 4890 1652 4945 Testamento.
1673 4888 1800 4944 llaec
1829 4889 1973 4951 enim

345 4999 478 5046 tunc
506 4985 810 5042 incredulis
839 4992 998 5040 erant
1025 4982 1197 5052 magis
1224 4981 1526 5048 credibilia,
1567 4979 1786 5050 quando
1811 4995 1879 5035 ex
1909 4979 1976 5034 iis

350 5100 475 5153 quae
501 5081 662 5152 prius
678 5087 899 5147 accepta
917 5074 1420 5132 fuerantetcredita
1454 5074 1513 5127 fit
1561 5072 1972 5132 demonstratio,

345 5175 610 5236 Ostendit
641 5173 779 5228 Levi
804 5180 861 5226 et
878 5169 1189 5226 Abrahamo
1219 5170 1378 5239 longe
1401 5183 1522 5223 esse
1543 5166 1977 5240 praestantiorem

345 5265 882 5330 Meichisedechum,
903 5267 994 5334 qui
1023 5263 1075 5317 in
1103 5262 1296 5320 ordine
1335 5261 1677 5319 sacerdotum
1708 5258 1808 5314 fuit
1835 5260 1979 5330 apud

345 5381 468 5423 eos.
486 5363 570 5423 Ex
595 5361 710 5417 alio
732 5375 921 5415 rursus
943 5367 1373 5428 argumentatur.
1388 5356 1472 5410 Ex
1492 5371 1726 5426 quonam
1747 5357 1770 5410 ?
1788 5357 1864 5420 Ex
1888 5371 1979 5409 sa-

345 5457 605 5514 cerdotio
635 5453 893 5525 presenti
912 5463 966 5508 et
992 5425 1057 5507 e3}
1075 5449 1410 5513 .ludaico.E_t
1438 5425 1560 5505 vide
1589 5449 1718 5505 mihi
1743 5449 1984 5520 pruden-

348 5553 481 5608 tiam
517 5551 804 5619 ingentem
834 5562 848 5598 :
879 5561 946 5600 ex
975 5559 1084 5617 quo
1111 5545 1256 5599 enim
1290 5551 1410 5603 erat
1434 5542 1728 5604 verisimile
1757 5559 1881 5599 eum
1911 5560 1984 5603 ex

347 5642 670 5698 sacerdotio
691 5638 1076 5710 expellendum
1096 5652 1241 5703 esse,
1261 5637 1513 5707 quoniam
1535 5653 1640 5692 non
1661 5645 1982 5696 eratsecun-

349 5743 480 5796 1111111
507 5741 767 5792 ordinent
822 5736 1028 5801 Aaron,
1057 5748 1122 5787 ex
1152 5747 1217 5786 eo
1237 5731 1379 5785 hunc
1399 5731 1615 5800 quidem
1637 5732 1843 5797 statuit,
1865 5733 1986 5787 illos

352 5853 486 5892 vero
519 5835 695 5906 ejicit.
733 5830 851 5885 lloc
897 5837 1079 5881 autem
1109 5825 1235 5879 facit
1281 5840 1341 5880 se
1373 5835 1646 5895 tamquam
1683 5825 1750 5880 de
1801 5828 1982 5897 aliquo

370 5930 722 5986 dubitantem
757 5923 1044 5985 inducens,
1074 5933 1171 5972 cur
1194 5931 1303 5971 non
1334 5915 1546 5974 dicatur
1571 5919 1868 5975 secundum
1897 5933 1983 5981 or-

682 6018 966 6105 l’s__ruoc.
1023 6018 1139 6075 (in.
1195 6016 1418 6083 LXI“,

2063 3320 2248 3377 dinem
2277 3321 2457 3374 Aaron
2484 3359 2500 3386 ,
2529 3316 2715 3389 sicque
2743 3315 2963 3376 dubium
2987 3317 3296 3379 solventem
3339 3335 3355 3374 :
3396 3317 3469 3380 Et
3517 3335 3617 3389 ego
3645 3359 3662 3393 ,

2063 3413 2274 3485 inquit,
2305 3413 2404 3467 hac
2443 3410 2513 3468 dc
2543 3426 2603 3467 re
2637 3411 2823 3467 dubito
2847 3453 2862 3477 ,
2894 3427 2993 3466 cur
3037 3427 3146 3468 non
3178 3411 3340 3474 fuerit
3366 3411 3665 3476 secundum

2063 3508 2312 3570 ordinem
2336 3507 2587 3570 Aaronis.
2621 3505 2736 3563 Hoc
2765 3505 2910 3562 enim
2943 3505 3210 3576 signiﬁcat
3233 3505 3442 3577 dicens,
3474 3505 3537 3561 Si
3565 3523 3668 3559 au.

2065 3612 2162 3659 tem
2202 3600 2572 3656 consummatio
2595 3615 2690 3673 per
2718 3599 3060 3657 sacerdotium
3102 3597 3382 3660 Leviticum
3413 3607 3538 3652 erat.
3594 3599 3665 3657 Et

2069 3691 2235 3757 illud,
2272 3691 2410 3766 Quid
2440 3691 2609 3745 adhuc
2663 3691 3004 3752 necessarium
3048 3690 3180 3760 fuit,
3215 3706 3462 3760 magnam
3493 3689 3658 3752 habet

2078 3782 2402 3854 emphasim.
2427 3781 2560 3840 Nam
2581 3780 2624 3833 si
2656 3790 2783 3845 ante
2813 3791 2958 3840 esset
2985 3781 3206 3852 quidem
3224 3781 3496 3843 Christus,
3517 3782 3666 3850 quod

2076 3873 2143 3927 ad
2166 3889 2385 3937 carnem
2409 3873 2624 3937 attinet,
2644 3872 2947 3932 secundum
2968 3856 3216 3933 ordinem
3239 3871 3663 3947 Melchisedech,

2065 3970 2262 4031 deinde
2283 3969 2470 4024 fuisset
2491 3969 2596 4034 lex,
2631 3977 2686 4022 et
2712 3981 2832 4038 quae
2857 3973 3020 4040 erant
3080 3965 3342 4019 Aaronica
3370 3963 3673 4019 :vcrisimi-

2067 4064 2193 4128 liter
2222 4062 2325 4122 dici
2379 4069 2598 4131 posset,
2627 4060 2766 4125 lucc,
2795 4066 2854 4120 111
2891 4074 3010 4129 qua:
3041 4057 3150 4112 sint
3200 4057 3540 4128 perfectiora,
3579 4057 3671 4120 illa

2067 4156 2384 4220 dissolvere,
2410 4161 2597 4222 atquae
2616 4153 3081 4224 supervenissent.
3113 4149 3168 4204 Si
3200 4156 3380 4203 autem
3425 4147 3672 4208 Christus

2069 4259 2152 4305 est
2180 4248 2469 4318 posterior,
2502 4256 2555 4300 et
2587 4245 2750 4305 alium
2783 4244 2977 4313 accipit
3031 4251 3215 4314 typum
3247 4240 3558 4309 sacerdotii,
3588 4251 3676 4305 est

2072 4341 2413 4411 pchpicunm
2445 4339 2494 4392 id
2520 4337 2704 4403 luisse,
2727 4335 2870 4406 quod
2915 4334 3004 4389 illa
3026 4344 3208 4390 essent
3250 4333 3672 4403 imperfectiora,

2070 4433 2341 4488 Ponamus
2377 4431 2524 4486 .enim
2552 4472 2566 4495 ,
2615 4429 2822 4500 inquit,
2857 4427 3006 4489 verbi
3037 4442 3198 4489 causa
3229 4469 3244 4495 ,
3275 4427 3452 4490 omnia
3511 4426 3676 4493 fuisse

2071 4525 2311 4596 impleta,
2331 4534 2383 4578 et
2414 4521 2546 4577 nihil
2574 4519 3079 4590 esseimpcrfcctum
3100 4520 3151 4572 in
3176 4518 3481 4579 sacerdotio
3505 4537 3524 4573 :
3549 4518 3678 4585 quid

2071 4636 2201 4690 ergo
2253 4633 2386 4689 Opus
2437 4625 2554 4672 erat
2606 4625 2666 4670 ut
2733 4613 3036 4685 diceretur,
3090 4611 3389 4676 Secundum
3449 4610 3680 4676 ordinem

2074 4711 2470 4776 Melchisedech,
2491 4719 2547 4773 et
2574 4727 2702 4772 non,
2731 4706 3038 4770 Secundum
3071 4707 3316 4762 ordinem
3334 4707 3557 4769 Aaron?
3583 4722 3680 4761 Cut‘

2073 4806 2298 4860 dimisso
2327 4805 2541 4867 Aarone
2579 4801 2809 4864 alterum
2842 4799 3049 4860 induxit
3077 4799 3461 4864 sae-rdotium,
3485 4814 3681 4868 nentpu

2076 4897 2451 4961 Melchisedcci
2470 4897 2494 4948 ?
2516 4896 2578 4951 Si
2594 4895 2966 4954 consummatio
2980 4902 3090 4958 erat
3111 4909 3201 4964 per
3217 4891 3492 4956 Leviticum
3519 4909 3683 4952 sacer-

2076 4995 2271 5054 dotium
2285 5033 2308 5064 ,
2349 5001 2543 5065 nempe
2573 4990 2616 5042 si
2639 5003 2820 5052 rerum
2851 4998 2906 5041 et
2927 4986 3054 5065 vitae
3075 4985 3385 5060 dogmatum
3424 4983 3683 5062 perfectio

2079 5101 2175 5162 per
2209 5064 2510 5146 Leviticum
2542 5093 2659 5136 erat
2700 5064 3090 5143 sacerdotium,
3135 5076 3271 5130 Vide
3316 5087 3494 5138 autem
3547 5089 3684 5153 quo.

2079 5175 2240 5231 modo
2285 5183 2433 5230 recta
2461 5171 2544 5234 via
2579 5169 2972 5245 progrediatur.
3006 5167 3179 5249 Dixit,
3213 5168 3353 5249 quod
3386 5167 3587 5228 second
3611 5183 3682 5219 nn

2078 5268 2322 5328 ordinem
2371 5237 2802 5332 Melchisedech,
2836 5237 3142 5323 ostendens,
3177 5237 3320 5336 quod
3365 5261 3440 5315 sit
3488 5261 3685 5326 melius

2080 5363 2132 5425 id
2177 5361 2318 5439 quod
2353 5369 2437 5416 est
2491 5357 2786 5422 secundum
2828 5357 3070 5420 ordinem
3118 5353 3554 5434 Melchisedech:
3599 5363 3686 5415 est

2080 5455 2224 5515 enim
2277 5451 2449 5514 multo
2515 5450 2728 5513 melius.
2780 5449 3043 5520 Deinceps
3094 5447 3198 5503 hoc
3247 5463 3407 5503 euam
3452 5447 3687 5508 ostendit

2080 5565 2147 5609 ex
2181 5559 2424 5617 tempore
2445 5586 2459 5610 ,
2493 5542 2636 5615 quod
2665 5542 2873 5598 scilicet
2904 5550 3028 5612 post
3053 5542 3322 5596 Aaronem
3367 5540 3438 5594 sit
3477 5539 3523 5593 is
3550 5581 3562 5603 ,
3595 5539 3688 5610 qui

2084 5652 2168 5697 est
2213 5639 2571 5715 praestantior.
2620 5634 2688 5690 Et
2730 5634 2855 5705 quid
2901 5633 3000 5688 sibi
3051 5633 3165 5689 vult
3232 5631 3375 5704 quod
3430 5632 3688 5700 deinceps

2085 5735 2328 5805 sequitur
2348 5774 2360 5796 ,
2395 5730 2628 5798 Papulas
2663 5729 2794 5782 enim
2822 5727 2913 5781 sub
2943 5728 3053 5794 ipso
3081 5727 3240 5797 legem
3288 5726 3479 5793 accepit
3504 5725 3529 5778 ξ)
3559 5724 3686 5792 quid

2085 5838 2205 5894 est,
2241 5827 2349 5883 Sub
2390 5824 2540 5896 ipso?
2600 5823 2700 5877 ΡΝ·
2753 5823 2926 5892 ipsum
2976 5821 3308 5892 ingreditur,
3365 5836 3460 5888 per
3515 5821 3689 5887 ipsum

2086 5923 2226 5992 gerit
2255 5919 2436 5975 omnia
2467 5936 2478 5970 :
2522 5933 2628 5973 non
2659 5925 2863 5994 potest,
2886 5915 2988 5978 dici
3047 5913 3186 5985 quod
3217 5913 3338 5968 aliis
3385 5913 3453 5968 sit
3483 5913 3686 5974 datum.

3328 6001 3367 6072 ἰ
