4172 6454
522 379 627 437 illd

546 495 776 551 Pumilus
816 490 907 545 sub
955 491 1066 560 ipso
1122 487 1278 556 lrgem
1322 479 1558 550 accepit:
1584 478 1684 532 hoc
1710 485 1830 543 est,
1878 491 1941 531 ca
1990 490 2123 533 usus

539 601 643 648 est.
673 588 786 643 Non
841 589 1015 654 potest
1067 578 1171 633 dici
1218 571 1360 645 quod
1401 570 1630 642 perlecta
1675 569 1889 639 quidem
1934 576 2117 635 esset,

540 681 735 754 populo
768 685 959 731 autem
1023 684 1128 725 non
1183 664 1467 737 prteposita
1506 661 1681 717 fuerit.
1734 660 1853 754 Sub
1893 663 2007 754 ipso
2048 659 2122 714 lc»-

539 749 650 846 Qui.
694 768 886 839 accepit
929 780 947 819 :
995 762 1098 817 hoc
1152 765 1274 824 est,
1326 756 1444 826 ipSo
1494 768 1625 812 usus
1663 761 1768 807 est.
1821 749 1959 819 Quid
1989 763 2119 846 ergo

537 839 671 937 ἔψη.
700 870 816 919 erat
860 858 964 912 alio
1005 850 1339 914 sacerdotio,
1368 847 1415 902 si
1460 846 1589 901 illud
1636 843 1930 913 perfectum
1970 839 2124 898 erat?

539 933 818 1014 Translata
859 949 1001 1005 enim
1072 940 1413 1005 sacerdotio,
1479 949 1701 992 necesse
1745 944 1827 992 est
1881 943 1939 987 nt
1993 933 2124 1002 legis

536 1061 750 1121 quoque
782 1038 1057 1098 translatio
1088 1035 1218 1089 ﬂat:
1265 1032 1309 1086 si
1354 1040 1530 1084 autem
1559 1039 1777 1082 necesse
1820 1033 1905 1079 est
1947 1034 2007 1078 ut
2055 1023 2124 1077 sit

535 1115 677 1196 alios
719 1133 992 1195 sacerdos,
1018 1128 1103 1182 vel
1152 1124 1331 1195 potius
1364 1120 1511 1174 aliud
1548 1117 1904 1173 sacerdotium
1926 1156 1941 1183 ,
1966 1115 2122 1168 aliam

537 1242 751 1300 quoque
795 1225 968 1294 legem
995 1233 1117 1274 esse
1142 1226 1365 1270 necesse
1393 1222 1500 1265 est.
1545 1211 1656 1264 tloe
1699 1208 1766 1262 ad
1795 1221 1888 1262 eos
1916 1207 2005 1277 qui
2034 1205 2122 1259 di-

538 1298 699 1377 cunt:
723 1316 862 1384 Quid
885 1325 1021 1383 opus
1040 1312 1159 1365 erat
1181 1319 1321 1361 novo
1339 1299 1726 1358 Testamento?
1751 1298 1882 1353 Nam
1911 1304 2123 1367 poterat

538 1412 754 1482 quidem
784 1406 948 1462 etiam
973 1417 1040 1458 ex
1065 1395 1345 1471 prauitatis
1364 1394 1545 1449 dicere
1571 1389 1934 1446 ωειὶιιιαιίιιιιι
1962 1405 1976 1441 :
2010 1386 2124 1443 Hoc

542 1481 622 1561 est
682 1505 1057 1557 testamentum
1133 1489 1276 1561 quod
1341 1485 1581 1556 disposui
1639 1482 1877 1553 putribus
1932 1481 2125 1536 vestris

546 1599 682 1667 (Act.
745 1592 799 1646 ὅ.
826 1587 921 1657 25)
949 1605 965 1642 :
994 1583 1203 1639 interim
1259 1587 1438 1634 autem
1486 1583 1773 1645 pugnate!
1800 1571 2120 1629 sacerdotio.

540 1663 610 1742 Et
636 1685 750 1740 ride
780 1693 938 1751 quam
978 1680 1187 1745 optaret
1213 1671 1267 1726 id
1316 1668 1488 1725 eﬂ‘a‘ri.
1529 1665 1690 1729 Dixit,
1718 1663 2010 1719 Secundum
2035 1680 2121 1717 sr-

542 1779 710 1832 dinem
739 1766 1130 1828 Melchisedech.
1154 1763 1270 1819 Hoc
1291 1760 1452 1831 eiecit
1469 1756 1832 1813 sacerdotium
1862 1756 2120 1810 Aarorris:

542 1887 591 1924 n:
612 1885 648 1922 n
678 1867 820 1922 enim
844 1861 1066 1916 dixisset
1088 1898 1105 1921 ,
1137 1852 1430 1910 Secan
1457 1850 1686 1905 ordinem
1726 1845 2122 1909 Melchisedech,

538 1962 584 2016 si
636 1957 763 2013 illud
792 1961 939 2009 esset
984 1949 1193 2004 melius.
1226 1945 1282 2000 Si
1310 1958 1440 2013 ergo
1467 1940 1828 1996 introductum
1857 1938 1952 1994 luit
1980 1940 2125 1996 aliud

539 2048 917 2111 sacerdotium,
941 2043 1175 2096 alternus
1195 2050 1408 2107 quoque
1425 2032 1658 2103 oportuit
1688 2041 1808 2088 esse
1838 2039 2126 2087 testamen-

541 2153 653 2197 tum
679 2159 692 2195 :
726 2150 899 2207 nerine
938 2133 1080 2189 enim
1107 2130 1225 2185 ﬁeri
1254 2135 1430 2198 potest
1458 2133 1516 2179 ιιι
1540 2125 1611 2178 sit
1639 2122 1892 2181 sacmdos
1918 2124 2125 2195 absque

543 2239 865 2290 testamento
901 2236 956 2283 et
976 2224 1192 2295 legibus
1230 2216 1632 2289 etpraeceptls;
1674 2226 1855 2287 neque
1900 2229 1993 2283 ιιι,
2019 2218 2127 2273 alio

540 2337 763 2398 accepto
789 2317 1090 2378 stimulatio
1110 2356 1126 2385 ,
1154 2315 1249 2370 illo
1274 2320 1472 2368 utatur.
1523 2308 1731 2365 Deinde
1747 2348 1769 2377 ,
1793 2308 1939 2380 quod
1965 2309 2125 2381 obiici

538 2427 755 2494 lauerat
773 2458 791 2485 ,
821 2410 1097 2486 (promodo
1118 2406 1276 2463 tuerit
1299 2402 1553 2494 sacerdos
1576 2441 1591 2466 ,
1618 2402 1709 2471 qui
1748 2412 1858 2457 non
1881 2412 1996 2457 erat
2022 2401 2124 2458 Le-

539 2491 647 2569 i'ita
676 2531 691 2566 :
721 2512 844 2576 hoc,
868 2520 991 2563 cum
1017 2517 1119 2573 per
1145 2496 1422 2568 superiora
1451 2492 1615 2550 veluti
1641 2491 1910 2563 quoddam
1937 2492 2125 2548 lundav

541 2614 777 2662 mentum
806 2600 955 2671 prius
974 2594 1199 2666 iecisset
1223 2631 1239 2656 ,
1256 2603 1335 2643 ne
1361 2586 1473 2640 vult
1501 2583 1717 2655 quidem
1747 2585 1961 2640 solvere
1985 2627 2000 2651 ,
2028 2584 2125 2640 sed

542 2708 812 2766 tamquam
844 2680 1307 2760 prtetereurrendo
1333 2678 1436 2733 hoc
1462 2676 1700 2732 inducit:
1737 2675 1851 2729 Dixi
1877 2715 1897 2740 ,
1930 2676 2122 2746 inquit,

543 2786 862 2843 translatum
889 2788 1013 2837 esse
1038 2772 1397 2832 sacerdotium
1423 2787 1435 2822 :
1466 2783 1595 2838 ergo
1620 2776 1675 2822 et
1718 2776 2120 2822 testantentum.

540 2875 837 2934 Transtulit
889 2879 1069 2926 autem
1116 2879 1221 2920 non
1271 2862 1443 2918 solum
1510 2857 1704 2921 modo,
1751 2871 1926 2927 neque
1992 2870 2126 2925 prte-

539 2974 732 3045 ceptis,
763 2968 859 3024 sed
890 2965 1054 3022 etiam
1086 2961 1227 3016 tribu
1255 2975 1267 3011 :
1297 2953 1581 3026 oportebat
1606 2952 1748 3006 enim
1771 2952 1930 3007 etiam
1962 2950 2122 3005 tribu.

540 3043 858 3136 Quomodo?
909 3057 1182 3113 Translata
1228 3048 1541 3109 sacerdotio,
1590 3044 1785 3116 inquit.
1840 3043 1954 3097 lloc
2002 3051 2122 3108 est,

543 3134 669 3219 Ideo
697 3156 1008 3214 translatum
1051 3158 1134 3206 est
1163 3162 1192 3201 a
1223 3144 1368 3201 tribu
1395 3143 1446 3197 in
1477 3140 1673 3195 tribum
1704 3179 1718 3200 ,
1747 3150 1778 3191 a
1808 3134 2124 3192 sacerdotali

543 3253 609 3310 ad
638 3249 872 3322 regalem
900 3286 914 3309 ,
945 3250 1003 3298 ut
1029 3240 1215 3297 eadem
1262 3243 1403 3291 esset
1434 3240 1489 3288 et
1515 3230 1706 3301 regalis
1737 3240 1791 3284 ct
1818 3226 2124 3284 sacerdota-

539 3347 626 3404 lis.
678 3318 812 3396 \lide
861 3347 1041 3393 autem
1086 3323 1696 3402 mysterinmzprimu'm
1745 3318 1962 3390 quidem
2006 3328 2125 3375 erat

541 3434 736 3506 regalis
757 3475 772 3500 ,
802 3443 857 3488 et
898 3446 1038 3487 nunc
1071 3430 1205 3483 facta
1238 3437 1320 3482 est
1349 3421 1697 3479 sacerdotalis
1726 3436 1738 3471 ε
1768 3418 1906 3473 sicut
1951 3417 2111 3472 etiam

535 3525 589 3580 in
620 3525 835 3578 Christo
860 3541 873 3576 :
907 3536 1026 3575 nam
1050 3532 1263 3589 semper
1286 3515 1498 3586 quidem
1520 3510 1626 3590 iuit
1656 3526 1750 3564 rex
1774 3551 1789 3575 ,
1836 3506 2006 3562 lactus
2032 3510 2115 3560 est

535 3627 712 3671 autem
739 3613 1025 3679 sacerdos,
1075 3610 1289 3682 quando
1335 3620 1552 3662 carnem
1581 3598 1856 3671 suscepit,
1902 3595 2118 3670 quando

540 3703 862 3762 sacrificium
919 3702 1131 3757 obtulit.
1227 3696 1389 3753 Vides
1437 3691 1834 3751 mutationem?
1887 3689 1956 3744 Et
1998 3701 2119 3759 quas

534 3808 692 3857 erant
720 3795 1017 3867 objicienda
1039 3835 1055 3861 ,
1090 3793 1205 3848 lucc
1228 3789 1478 3856 adducit,
1509 3794 1567 3841 ut
1593 3782 1897 3856 postulabat
1938 3794 2117 3835 rerum

536 3888 917 3960 consequentia
948 3904 961 3940 :
1007 3885 1075 3939 lu
1129 3898 1228 3954 quo
1256 3880 1428 3946 enim,
1456 3874 1629 3947 inquit
1654 3916 1672 3943 ,
1707 3877 1815 3929 Itwc
1845 3872 2082 3926 dicuntur
2104 3908 2123 3937 ,

536 3984 584 4035 is
608 3980 670 4034 de
696 3979 799 4032 alia
828 3976 957 4032 tribu
985 3984 1057 4031 est
1082 4017 1097 4042 ,
1144 3989 1171 4027 e
1218 3986 1319 4043 qua
1356 3967 1535 4022 nullus
1583 3965 1736 4020 altari
1787 3973 1969 4033 priesto
2001 3962 2123 4032 fuit.

546 4070 868 4141 Compertum
900 4078 971 4124 est
992 4067 1126 4121 enim
1153 4060 1383 4117 onmibus
1409 4057 1545 4131 quod
1570 4056 1827 4112 Dominus
1860 4063 2029 4109 noster
2066 4068 2128 4107 ea:

543 4159 686 4215 Juda
729 4174 898 4216 ortum
942 4156 1142 4211 duxerit
1171 4195 1186 4222 ,
1218 4168 1371 4223 quant
1419 4152 1473 4205 in
1522 4149 1706 4204 tribum
1750 4148 1817 4202 de
1844 4144 2129 4201 sacerdotio

545 4254 676 4308 nihil
709 4253 945 4325 loquutus
971 4258 1043 4304 est
1075 4247 1299 4319 Moyses.
1331 4242 1484 4312 Quod
1521 4251 1699 4297 autem
1731 4240 1829 4306 ait,
1864 4238 1970 4292 tale
1999 4235 2127 4306 quid

546 4343 670 4403 est:
717 4343 782 4402 Et
812 4358 911 4414 ego
959 4354 1171 4411 quoque
1201 4336 1323 4393 dico
1364 4344 1419 4391 et
1457 4333 1570 4390 Scio
1599 4331 1740 4403 quod
1769 4329 1900 4383 nihil
1948 4327 2134 4382 habuit

473 4502 477 4507 ,
547 4438 834 4496 sacerdotii
868 4434 984 4491 haec
1015 4429 1219 4494 tribus,
1257 4441 1355 4482 nec
1405 4424 1545 4479 ullus
1568 4438 1635 4479 ex
1659 4428 1727 4477 'ea
1771 4418 2127 4475 sacerdotium

549 4531 793 4603 exercuit
838 4550 850 4585 :
897 4527 1039 4600 quod
1070 4527 1244 4597 ipsum
1313 4518 1594 4576 manifeste
1642 4511 1878 4573 ostendit
1924 4509 2124 4569 dictum

546 4614 705 4697 illud,
739 4622 929 4678 Nullus
958 4620 1107 4674 altari
1137 4613 1317 4688 pr'wslo
1338 4616 1453 4686 fuit.
1479 4613 1575 4669 Est
1597 4610 1743 4667 enim
1771 4616 1937 4663 totum
1961 4618 2135 4664 trans-

555 4717 701 4772 latio.
754 4713 845 4770 Sic
883 4709 1241 4767 necessarium
1288 4714 1404 4763 erat
1446 4705 1616 4774 legem
1669 4709 1721 4756 et
1766 4707 1919 4755 vetus
1978 4707 2139 4755 testa-

556 4818 796 4865 mentum
842 4803 1114 4860 translerri
1144 4842 1161 4870 ,
1204 4794 1465 4869 siquidem
1494 4804 1549 4849 et
1588 4793 1697 4865 ipsa
1744 4786 2140 4850 tribus'mutata

558 4909 664 4956 est.
696 4894 854 4954 Vides
878 4904 942 4950 ut
969 4892 1129 4948 aliam
1168 4887 1408 4946 ostendit
1451 4883 1803 4941 dill‘erentiam
1840 4899 1997 4955 quam
2023 4897 2144 4955 quae

557 5008 592 5047 a
632 4984 923 5047 mutatione
970 4984 1139 5040 tribus
1180 4976 1418 5053 petitur?
1446 4976 1626 5048 Neque
1669 4990 1798 5033 vero
1828 4975 1949 5032 inde
1985 4973 2144 5031 dum-

563 5090 717 5139 taxat
764 5088 963 5151 quanta
1012 5074 1083 5130 sit
1130 5070 1431 5128 dill'erentia
1488 5067 1815 5135 ostenditur,
1845 5067 1941 5124 sed
1988 5065 2148 5122 modo

563 5186 776 5246 quoque
803 5186 835 5225 a
884 5180 1132 5239 persona,
1158 5178 1189 5218 a
1216 5171 1534 5218 testamento
1558 5201 1572 5225 .
1601 5175 1629 5214 a
1680 5158 1841 5215 modo
1864 5200 1881 5226 ,
1923 5159 1992 5212 ab
2033 5158 2149 5229 ipso

567 5278 714 5338 typo.
765 5261 853 5319 i6.
897 5260 998 5330 Qui
1037 5274 1139 5312 non
1165 5255 1438 5311 secundum
1488 5254 1647 5326 legem
1684 5251 1913 5307 mandati
1960 5266 2150 5305 carna-

571 5359 634 5413 lis
660 5361 826 5430 {actus
854 5361 947 5417 est,
975 5350 1066 5405 sed
1103 5346 1378 5404 secundum
1419 5346 1651 5401 virtutem
1698 5341 1817 5397 vitta
1843 5341 2147 5399 insolubilis.

640 5450 698 5504 2.
740 5444 1049 5507 Ραςιυεήεει,
1097 5441 1269 5511 inquit
1305 5436 1580 5502 sacerdos,
1621 5434 1715 5491 sed
1745 5451 1846 5489 non
1873 5435 2151 5489 secundum

582 5543 744 5613 legem
772 5534 994 5592 carnalis
1028 5531 1255 5588 mandati
1280 5547 1303 5585 :
1331 5530 1418 5585 lex
1446 5528 1588 5583 enim
1629 5525 1720 5580 illa
1749 5526 1801 5579 in
1832 5524 2012 5579 multis
2038 5532 2157 5580 erat

568 5648 684 5689 non
715 5626 993 5702 legitinia‘.
1030 5626 1094 5682 Et
1118 5633 1265 5682 recte
1304 5620 1513 5678 vocarit
1539 5617 1673 5674 illud
1696 5618 2005 5674 mandatum
2033 5631 2156 5673 car-

640 5770 661 5802 ι
685 5767 759 5818 Ibi
781 5762 919 5818 Cotb.
959 5760 1127 5812 addit:
1153 5753 1281 5819 Quid
1315 5756 1402 5813 est,
1436 5749 1651 5819 carnalis
1686 5746 1949 5819 mandati?
1977 5747 2164 5819 rostra

579 5832 641 5881 iis
660 5808 1241 5888 οἶιῖἶεςῇξτιιιιιῖίῖιῬιιῖιο
1272 5808 1559 5878 interposita
1576 5808 1718 5874 sunt,
1751 5812 1820 5861 ita
1851 5811 2013 5876 pergit
2046 5808 2162 5860 ille:

578 5889 885 5942 circumcide
898 5887 1105 5938 carnem
1130 5894 1149 5945 ί
1166 5887 1274 5930 etc.

1227 369 1282 425 S.
1322 362 1597 423 JOAN-NIS
1631 354 2105 416 CIIRYSOSTOMI
2144 352 2455 410 ΑΜΣῙΗΕΡ.
2490 354 3031 419 CONSTANTINOP.

3714 356 3819 415 ιοι

2226 461 2348 515 nale
2370 480 2382 514 :
2406 459 2590 515 omnia
2615 461 2758 515 enim
2786 477 2906 532 qua:
2924 460 3192 519 statuebat
3211 462 3445 519 carnalia
3473 475 3648 521 erant.
3674 467 3802 523 Nam

2224 554 2423 617 dicere,
2454 550 2792 609 Circumcide
2816 568 3055 620 carnem,
3098 568 3237 624 ungo
3259 570 3500 622 carnem,
3535 557 3653 613 lata
3692 576 3811 614 ear-

2224 661 2371 710 nem,
2400 644 2596 699 nuda
2625 650 2865 711 carnem,
2893 644 3058 701 tonde
3086 659 3324 713 carnem,
3373 649 3532 720 alliga
3559 664 3800 720 carnium,

2225 739 2366 795 nutri
2394 752 2632 801 carnem,
2664 737 2846 792 atinas
2862 736 2933 790 da
2953 737 3103 792 carni
3135 755 3149 791 :
3180 736 3299 792 hinc
3339 748 3542 806 annon,
3593 758 3797 811 qum-sa,

2225 834 2460 891 camalia
2532 835 2698 891 sunt?
2749 836 2807 892 Si
2852 837 2936 890 vis
2986 836 3199 894 discere
3238 852 3360 910 qua
3412 838 3552 894 bona
3611 839 3819 909 promi-

2226 925 2379 988 serit,
2422 924 2545 979 audi
2577 941 2592 981 :
2621 923 2802 996 Longa
2845 926 2953 982 vita
3019 928 3192 993 carni,
3238 928 3429 999 inquit,
3489 929 3573 984 lac
3621 938 3678 985 et
3712 928 3821 983 mel

2232 1016 2398 1081 carni,
2434 1031 2534 1085 pax
2565 1017 2738 1082 carni,
2793 1017 3041 1089 voluptas
3080 1020 3251 1073 carni.
3302 1019 3386 1074 Ab
3434 1019 3535 1075 hac
3575 1020 3695 1091 lege
3731 1034 3825 1074 sa-

2227 1107 2523 1164 cerdotium
2550 1112 2756 1181 accepit
2797 1112 2974 1166 Aaron
3005 1128 3017 1163 :
3050 1111 3449 1168 Mehlﬂsmieeh
3476 1120 3655 1167 autem
3703 1127 3816 1167 non

2228 1199 2320 1252 ita.
2353 1199 2441 1254 15.
2479 1199 2551 1255 Et
2573 1202 2797 1273 ωηιξη
2830 1201 3002 1257 editae
3028 1203 3360 1274 manifestum
3396 1212 3490 1270 est,
3535 1204 3581 1257 si
3625 1213 3817 1258 secan-

2226 1292 2348 1344 dum
2372 1291 2760 1347 similitudinem
2789 1292 3169 1349 Melchisedech
3198 1304 3441 1366 exsurgat
3474 1295 3610 1349 alitis
3648 1304 3825 1349 sacer—

2226 1381 2341 1437 dos.
2372 1381 2511 1451 Quid
2553 1393 2638 1439 est
2683 1380 3065 1440 manifesmm‘l
3110 1383 3384 1451 Quantum
3429 1384 3648 1441 intersit
3678 1385 3826 1439 inter

2228 1484 2520 1546 int-umque
2563 1476 2926 1531 sacerdotium
2950 1517 2964 1541 ,
2991 1485 3046 1531 et
3071 1483 3270 1547 quanta
3296 1479 3366 1531 sit
3393 1474 3695 1531 diderentia
3719 1515 3734 1540 ,
3763 1485 3825 1530 et

2226 1579 2427 1639 quamn
2466 1570 2803 1640 praestantior
2849 1570 2939 1640 qni
2989 1583 3095 1623 non
3154 1568 3327 1624 laenis
3378 1578 3465 1624 est
3511 1568 3822 1623 nebridum

2228 1660 2403 1731 legem
2424 1660 2661 1716 mandati
2690 1662 2946 1716 carnalis.
2972 1659 3103 1727 Quis
3120 1661 3144 1715 2
3167 1660 3252 1716 hic
3266 1668 3354 1715 est
3378 1652 3779 1715 Melchisedech
3796 1658 3827 1712 τ

2226 1752 2369 1818 Non,
2399 1752 2492 1807 sed
2521 1750 2790 1807 Christus.
2818 1751 2926 1806 Sed
2950 1752 3229 1807 secundum
3260 1752 3496 1806 virtutem
3524 1750 3640 1804 vitae
3671 1750 3822 1803 imo-

2230 1843 2423 1899 lnbilis.
2458 1844 2544 1899 l7.
2569 1843 2895 1899 Contcstatnr
2923 1845 3057 1898 enim
3089 1857 3109 1896 :
3135 1840 3215 1896 Tu
3246 1856 3300 1897 es
3322 1842 3562 1896 sacerdos
3587 1843 3643 1894 in
3666 1850 3825 1896 teter-

2228 1950 2371 2004 nnns,
2404 1936 2682 1992 secundum
2713 1935 2945 1990 ordinem
2977 1935 3373 1989 Melchisedech.
3408 1933 3521 1989 Hoc
3560 1942 3663 1995 est,
3711 1946 3826 1988 non

2228 2027 2294 2083 ad
2325 2037 2558 2098 tempus,
2589 2040 2762 2097 neque
2794 2026 2953 2080 lliiem
2982 2026 3213 2089 habens,
3237 2024 3354 2090 sed,
3394 2024 3691 2079 Secundum
3715 2026 3829 2077 vir-

2229 2129 2385 2174 tatem
2412 2121 2531 2174 vita
2558 2119 2868 2173 insolubilis.
2903 2117 3013 2172 lloc
3056 2112 3213 2181 dixit,
3261 2126 3320 2171 ut
3356 2115 3608 2170 ostendat
3645 2117 3831 2185 ipsum

2229 2213 2565 2270 sacerdotem
2597 2227 2715 2268 esse
2744 2213 2938 2268 factum
2972 2225 3068 2281 per
3086 2222 3237 2264 suam
3268 2218 3324 2264 et
3349 2209 3523 2264 Patris
3543 2209 3825 2273 virtutem,

2231 2314 2327 2379 per
2355 2308 2518 2363 vitam
2549 2305 3001 2360 indissolubitcm.
3046 2304 3205 2373 Atqui
3238 2316 3343 2356 non
3373 2311 3457 2356 est
3492 2301 3596 2356 hoc
3631 2316 3830 2356 conse-

2231 2415 2403 2473 quens
2428 2400 2478 2456 ei
2508 2398 2650 2471 quod
2681 2398 2881 2453 dictum
2925 2406 3031 2461 est,
3064 2396 3167 2464 Qui
3208 2412 3309 2449 non
3351 2397 3629 2449 secundum
3662 2395 3829 2465 legem

2231 2493 2460 2548 mandati
2502 2491 2725 2545 carnalis
2778 2489 2941 2560 factus
2984 2498 3054 2542 est
3085 2503 3103 2541 :
3132 2497 3269 2557 erat,
3295 2487 3437 2541 enim
3479 2499 3827 2554 consequens

2232 2583 2434 2648 dicere,
2468 2580 2575 2636 Sed
2607 2578 2841 2633 mandati
2878 2577 3192 2648 spiritualis.
3228 2574 3335 2633 Sed
3364 2591 3465 2647 per
3492 2576 3706 2631 carnale
3733 2590 3829 2630 os-

2234 2675 2407 2732 tendit
2432 2673 2771 2743 temporale:
2803 2672 2941 2726 sicnt
2978 2672 3140 2725 etiam
3171 2670 3302 2724 dicit
3344 2669 3491 2733 alibi,
3538 2667 3721 2738 Usque
3755 2668 3828 2722 ad

2235 2776 2450 2837 tempus
2497 2763 2853 2821 correctionis
2898 2762 3179 2832 impositas
3241 2761 3387 2830 leges
3427 2760 3828 2830 justil‘rcutionis

2234 2860 2413 2917 carnis
2449 2858 2744 2915 secundum
2780 2857 3033 2911 virtutem
3067 2853 3189 2915 \‘itze
3221 2870 3236 2905 :
3267 2852 3369 2907 hoc
3397 2861 3501 2919 est,
3531 2853 3660 2905 vivit
3698 2865 3829 2921 pro-

2240 2955 2355 3027 pria
2384 2954 2601 3009 virtute.
2633 2951 2775 3007 Dixit
2803 2950 2916 3004 lieri
2942 2949 3072 3018 legis
3101 2946 3531 3009 translationem,
3564 2954 3617 2999 et
3647 2952 3833 2998 Osteno

2236 3046 2317 3101 dit
2354 3042 2627 3116 quomodo
2676 3059 2690 3095 :
2728 3040 2839 3112 jam
2882 3039 3075 3110 qtuerit
3113 3034 3378 3092 causam":
3407 3035 3546 3106 quod
3595 3036 3830 3091 maxime

2236 3134 2475 3192 omnium
2517 3132 2778 3189 satisfacit
2815 3131 3010 3186 animis
3052 3129 3350 3193 hominum,
3386 3142 3577 3198 nempe
3607 3130 3830 3182 omnino

2235 3241 2454 3286 causam
2476 3226 2638 3291 scire,
2666 3234 2721 3279 et
2748 3222 2917 3292 magis
2954 3220 3077 3276 facit
3110 3219 3291 3285 iidem,
3327 3218 3539 3290 quando
3578 3217 3832 3273 didiceri—

2240 3335 2363 3377 mus
2386 3332 2605 3376 causam
2636 3324 2693 3372 et
2728 3315 2988 3371 rationem
3025 3328 3120 3382 per
3163 3327 3321 3382 quam
3367 3310 3443 3365 lit.
3493 3304 3580 3365 l8.
3630 3307 3832 3382 Repra-

2239 3414 2373 3471 batio
2399 3411 2600 3482 quidem
2633 3409 2691 3478 [it
2734 3405 3060 3477 praecedentis
3106 3403 3337 3458 mandati
3377 3413 3581 3474 propter
3612 3403 3835 3470 inﬁrmi-

2241 3514 2395 3560 tatem
2428 3486 2553 3573 ejus
2591 3510 2639 3554 et
2671 3498 3019 3553 inutilitatem.
3068 3494 3165 3550 llic
3214 3494 3495 3565 insurgunt
3544 3492 3806 3547 hmrctici‘

2244 3595 2507 3672 [dicentes
2532 3611 2545 3646 :
2572 3593 2712 3648 Ecce
2742 3590 2938 3647 Paulus
2969 3588 3166 3642 malum
3187 3586 3313 3641 dicit
3341 3586 3693 3657 mandatum].
3723 3584 3837 3643 Sed

2237 3688 2456 3745 attende
2491 3688 2822 3759 diligenter:
2856 3701 2961 3740 non
3001 3684 3137 3739 dixit
3181 3684 3323 3755 quod
3368 3683 3437 3739 sit
3481 3680 3729 3737 vitiosum
3770 3691 3829 3739 et

2235 3796 2478 3852 pravum,
2506 3780 2626 3847 sed,
2656 3779 2879 3851 Propter
2905 3778 3250 3846 inﬁrmitatem
3276 3778 3387 3849 ejus
3412 3786 3457 3832 et
3478 3776 3831 3832 inutilitatem.

2237 3872 2375 3928 Alibi
2406 3886 2620 3944 quoque
2646 3869 2881 3925 ostendit
2904 3868 3021 3938 ejus
3051 3868 3491 3933 imbecillitatem,
3520 3876 3579 3922 ut
3599 3867 3820 3937 quando

2236 3965 2387 4031 dicit,
2417 3963 2485 4019 In
2507 3980 2608 4035 quo
2644 3963 3001 4033 inﬁrmabatar
3035 3979 3126 4033 per
3152 3977 3375 4018 carnem.
3422 3960 3539 4016 Non
3575 3970 3661 4016 est
3699 3975 3835 4030 ergo

2241 4057 2355 4112 haec
2383 4055 2684 4121 imbecillis,
2717 4054 2811 4109 sed
2844 4069 2963 4110 nos.
2996 4053 3083 4110 i9.
3116 4053 3268 4108 Nihil
3298 4052 3433 4107 enim
3461 4054 3530 4106 ad
3557 4052 3839 4123 perfectum

2239 4149 2454 4203 adduxit
2488 4149 2590 4204 lex.
2630 4146 2768 4215 Quid
2814 4155 2918 4214 est,
2971 4145 3121 4201 Nihil
3148 4144 3218 4199 ad
3257 4144 3537 4215 perfectura
3569 4141 3840 4197 adduxit?

2240 4240 2520 4297 Neminem
2567 4238 2692 4295 fecit
2734 4236 3028 4309 perlectum
3073 4252 3196 4292 cum
3243 4238 3292 4291 ei
3322 4250 3432 4291 non
3477 4234 3838 4290 ohediretur:

2241 4347 2562 4404 quamquam
2587 4346 2687 4387 nec
2713 4331 2758 4386 si
2785 4329 2966 4387 audita
2991 4338 3158 4397 esset,
3187 4326 3483 4399 perlectum
3508 4324 3846 4384 reddidisset

2243 4436 2298 4480 et
2324 4425 2521 4480 virtute
2550 4422 2857 4495 praeditum.
2900 4421 3116 4477 Interim
3155 4430 3337 4476 autem
3382 4435 3489 4474 non
3531 4419 3633 4474 hoc
3670 4417 3833 4484 dicit.

2244 4515 2338 4573 sed
2391 4515 2534 4588 quod
2575 4515 2683 4569 vim
2720 4528 2827 4569 non
2868 4513 3152 4578 habuerit;
3212 4522 3269 4567 et
3306 4511 3539 4567 merito:
3573 4510 3644 4564 ita
3694 4509 3850 4564 enim

2245 4609 2363 4665 sine
2385 4617 2540 4664 erant
2569 4607 2739 4663 literae
2771 4626 2785 4662 :
2821 4606 2933 4662 lloc
2981 4606 3086 4672 lac,
3115 4614 3171 4660 et
3200 4604 3328 4660 illud
3369 4620 3473 4659 non
3517 4602 3597 4658 lac
3626 4620 3641 4657 :
3668 4602 3850 4658 solum

2246 4708 2628 4774 proponentes,
2653 4715 2759 4756 non
2791 4700 2953 4756 etiam
2970 4700 3079 4754 vim
3097 4708 3153 4755 et
3193 4696 3849 4775 potestatem'aﬂ'crentes.

2247 4792 2390 4864 Spes
2421 4800 2599 4848 autem
2633 4808 2737 4848 non
2765 4802 2848 4848 est
2877 4790 3163 4863 ejusmodi.
3207 4789 3345 4857 Quid
3376 4796 3460 4845 est
3489 4787 3802 4860 reprobatio
3825 4787 3855 4842 Ἱ

2249 4886 2480 4958 Ejectio.
2509 4883 2788 4959 [Quamam
2833 4892 3011 4938 autem
3062 4881 3178 4938 lucc
3204 4882 3273 4938 sit
3314 4881 3608 4937 ostendens
3636 4877 3842 4948 intulit,

2253 4979 2596 5059 Prtecedeutis
2618 4976 2893 5032 mandati?
2915 4974 3005 5033 Sic
3030 4975 3202 5046 legem
3232 4988 3456 5039 vocans,
3480 4974 3603 5045 quia
3627 4979 3858 5043 propter

2253 5072 2617 5129 inﬁrmitatem
2638 5084 2788 5125 suam
2829 5067 3001 5139 ejecta
3028 5075 3148 5133 est;
3176 5064 3309 5123 illud
3332 5072 3509 5120 autem
3539 5062 3857 5135 princedens

2254 5174 2411 5222 vocat
2431 5162 2574 5235 quod
2600 5162 2760 5218 desiit
2784 5170 2838 5218 et
2866 5169 3084 5232 propter
3103 5158 3474 5216 infirmitatem
3513 5158 3861 5228 antiquatum

2255 5255 2385 5330 est.]
2413 5253 2735 5326 Reprobatio
2773 5260 2856 5308 est
2884 5251 3160 5322 abrogatio
3185 5258 3239 5306 et
3266 5248 3464 5330 deletio
3505 5260 3863 5317 eorum‘qute

2257 5326 2382 5404 vim'
2418 5345 2688 5401 habebant
2734 5353 2790 5399 et
2833 5342 3108 5399 valebant.
3166 5339 3304 5398 Hinc
3370 5326 3674 5405 ostenditur
3711 5337 3863 5410 quod

2259 5439 2367 5495 vim
2396 5434 2599 5503 habuit,
2622 5445 2681 5491 et
2721 5433 2905 5500 valuit,
2931 5433 3026 5490 sed
3054 5433 3151 5488 luit
3179 5432 3362 5488 habita
3391 5432 3689 5501 despectui,
3721 5443 3865 5503 quo-

2264 5530 2407 5586 niam
2442 5526 2572 5582 nihil
2594 5524 2793 5582 ell‘ecit.
2814 5524 2957 5580 Nihil
2982 5540 3111 5595 ergo
3137 5523 3220 5579 lex
3247 5510 3489 5595 proluit?
3517 5521 3720 5578 Proluit
3742 5519 3869 5592 qui-

2263 5622 2412 5688 dem,
2458 5630 2513 5676 et
2539 5619 2691 5675 valde
2740 5617 2955 5689 proluit,
3012 5616 3106 5672 sed
3135 5616 3202 5672 ad
3234 5616 3566 5672 reddendum
3597 5613 3867 5686 perfectos
3962 5612 3969 5617 “

2272 5713 2405 5770 nihil
2428 5712 2648 5784 proluit.
2675 5709 2783 5766 Lex
2805 5710 2946 5766 enim
2977 5710 3107 5764 nihil
3130 5707 3365 5766 reddidit
3396 5708 3716 5776 perlectum.

2338 5819 2354 5849 ι
2384 5815 2502 5874 Qua:
2526 5813 2713 5874 uncinis
2736 5808 2897 5874 clausa
2930 5815 3045 5874 sunt
3068 5819 3164 5874 non
3201 5804 3434 5874 leguntur
3468 5805 3516 5852 in
3551 5801 3719 5874 quin;
3752 5816 3870 5869 qua

2274 5863 2439 5932 autem
2461 5876 2541 5927 hic
2564 5872 2784 5938 proxime
2807 5868 3069 5921 clausimus
3089 5863 3275 5919 desunt
3294 5867 3344 5917 in
3368 5863 3653 5919 Conimsiin.
