4172 6444
409 321 512 377 105
1199 329 1270 388 ιιι
1309 329 1526 389 ΕΡῙΒἝ.
1569 329 1664 386 AD
1704 327 2052 387 llEBRJEOS

479 429 862 496 Circumcisio,
906 428 1190 500 sacriﬁcia,
1234 431 1499 485 sabbatum
1547 433 1729 488 umbra
1777 446 2017 490 erant..-

403 525 539 580 ldeo
570 524 728 590 dicit,
762 521 918 577 Nihil
947 523 1033 578 lea:
1059 525 1272 596 perfecit
1297 541 1322 580 :.
1344 526 1526 580 omnia
1548 527 1693 581 enim
1719 538 1873 583 erant
1899 530 2036 601 typi,

402 617 592 672 munia
639 616 868 682 umbra,
903 614 1274 683 circumcisio,
1329 617 1677 687 sacrificium,
1729 621 2037 690 sabbatum,

404 729 525 781 ,μιν
561 726 673 763 non
706 718 1003 778 potuerunt
1028 709 1095 764 ad
1117 709 1352 764 animam
1381 711 1678 780 pervadere
1705 730 1717 766 :
1748 724 2036 784 propterea

411 802 613 858 cedam
643 811 704 858 et
733 801 1068 857 abscedunt.
1119 802 1450 860 lntroductio
1494 821 1612 861 vero
1642 809 1869 864 melioris
1905 811 2036 882 spei,

418 911 681 968 perquam
715 895 1075 964 proximamus
1103 895 1172 948 ad
1210 893 1380 950 Deum
1417 913 1436 951 :
1467 896 1559 952 20.
1594 909 1642 952 et
1680 912 1929 969 quantum
1970 913 2043 958 est

417 1005 518 1042 non
544 988 658 1040 sine
673 985 1056 1057 jurejurando.
1087 986 1253 1044 Vides
1276 988 1427 1058 quod
1455 989 1543 1044 hie
1574 991 1734 1046 fuerit
1757 992 2040 1062 juramen-

417 1096 527 1138 tum
573 1080 952 1137 necessarium
979 1081 1004 1134 ?
1033 1081 1396 1148 Quamobrem
1436 1085 1690 1154 superius
1730 1096 1836 1142 tam
1878 1089 2044 1145 multa

418 1185 500 1230 est
530 1172 983 1248 philosophatus,
1012 1174 1158 1244 quod
1190 1175 1332 1231 Deus
1355 1176 1644 1246 iuraverit,
1689 1190 1745 1235 et
1779 1181 2045 1250 iuraverit

419 1279 477 1324 ut
503 1276 651 1323 esset
684 1267 893 1323 certior
919 1275 976 1321 et
1003 1267 1216 1336 plenior
1240 1271 1546 1338 persuasio.
1577 1269 1906 1327 lntroductio
1945 1293 2045 1327 au-

421 1377 522 1420 tem
567 1364 802 1420 melioris
849 1363 984 1434 spei.
1020 1361 1163 1428 Quid
1191 1361 1298 1417 hoc
1341 1361 1470 1418 est?
1499 1359 1617 1415 Lex
1648 1373 1872 1430 quoque
1894 1373 2046 1429 Spem

419 1463 686 1523 habebat,
729 1459 835 1515 sed.
879 1474 989 1514 non
1033 1456 1198 1514 talem
1238 1475 1253 1513 :
1300 1455 1594 1528 sperabant
1641 1454 1808 1519 enim,
1851 1453 1896 1508 si
1940 1454 2050 1508 Deo

419 1555 792 1625 placuissent,
825 1567 886 1608 se
916 1563 1116 1608 terram
1146 1550 1449 1618 habituros,
1485 1558 1542 1605 et
1567 1549 1700 1603 nihil
1730 1563 1894 1620 grave
1922 1563 2048 1618 pas-

420 1665 605 1704 suros.
631 1648 737 1703 Hie
764 1657 952 1702 autem
985 1661 1289 1716 speramus,
1319 1645 1366 1700 si
1395 1645 1506 1700 Deo
1536 1643 1922 1714 placuerimus,
1949 1659 2048 1698 nos

416 1759 526 1797 non
562 1752 778 1795 terram
809 1754 1183 1811 possessuros,
1219 1738 1317 1794 sed
1357 1738 1548 1793 emtum
1570 1738 1751 1808 ;\iino,
1791 1737 1932 1808 quod
1965 1747 2049 1792 est

414 1835 522 1889 hoc
553 1833 733 1888 multo
753 1833 1125 1903 prwstantius,
1149 1846 1432 1902 Speramus
1461 1830 1578 1885 fore
1604 1839 1661 1884 ut
1687 1831 1856 1885 simus
1878 1846 2046 1900 prope

415 1927 620 1992 Deum,
649 1924 718 1978 ad
753 1926 927 1994 ipsam
959 1923 1152 1979 sedem
1193 1924 1474 1978 veniamus
1507 1933 1808 1993 paternam,
1850 1923 1897 1977 ei
1947 1922 2042 1976 ιιιὶο

414 2020 708 2074 nistraturi
759 2033 883 2074 cum
926 2019 1156 2089 angelis.
1208 2019 1274 2072 Et
1320 2018 1443 2073 vide
1471 2017 1744 2088 quomodo
1787 2033 1848 2071 ea
1897 2019 2048 2088 ponit

417 2111 706 2186 paulatim.
743 2110 878 2168 Nam
917 2110 1031 2161 illic.
1069 2107 1289 2184 quidem
1323 2109 1474 2176 dicit,
1521 2108 1853 2184 Digredimur
1887 2125 2046 2182 usque

377 2273 380 2276 _
421 2208 494 2260 ad
530 2207 776 2260 interiora
816 2205 1124 2269 velaminis;
1156 2203 1244 2259 hic
1285 2215 1492 2270 autem,
1545 2205 1650 2257 Per
1677 2221 1832 2274 quant
1866 2204 2047 2272 proxi—
2097 2262 2102 2269 ,

433 2316 639 2353 ruamus
659 2298 725 2352 ad
753 2298 909 2353 Deum
933 2314 953 2353 :
976 2308 1022 2352 et
1049 2307 1296 2369 quantum
1318 2305 1391 2353 est
1414 2313 1517 2353 non
1543 2299 1654 2352 sine
1669 2299 2040 2371 jurejurando.
2090 2371 2094 2374 Ι

433 2393 576 2462 Quid
604 2403 704 2460 est,
733 2392 796 2447 Et
819 2404 1074 2463 quantum
1111 2404 1206 2460 est,
1249 2409 1352 2446 non
1382 2392 1493 2446 sine
1507 2393 1856 2463 jurejurando
1880 2393 1905 2447 ?
1932 2393 2046 2448 Hoc

427 2497 532 2552 est,
566 2486 681 2542 Non
706 2488 822 2541 sine
846 2486 1186 2556 juramento.
1214 2483 1357 2540 Ecce
1377 2484 1481 2539 alia
1508 2483 1833 2540 ditferentia.
1859 2484 2045 2556 Neque

422 2579 541 2635 bzec
569 2579 690 2634 sine
732 2593 894 2634 causa
936 2586 1069 2633 sunt
1106 2578 1394 2647 promissa,
1446 2575 1639 2646 inquit.
1684 2575 1788 2628 Alii
1833 2575 2039 2647 quidem

417 2673 531 2727 sine
547 2671 899 2744 jurejurando
921 2670 1216 2726 sacerdotes
1255 2670 1384 2739 {acti
1423 2679 1580 2733 sunt;
1625 2667 1719 2722 21.
1761 2668 1844 2722 hic
1870 2677 2042 2723 autem

414 2781 508 2834 per
525 2765 911 2835 jusjurandum
943 2780 1035 2834 per
1063 2780 1178 2817 eum
1208 2763 1295 2833 qui
1331 2761 1464 2816 dixit
1505 2762 1573 2814 ad
1609 2760 1757 2815 illum
1789 2758 2040 2814 :Juravit

412 2856 680 2910 Dominus
726 2866 774 2909 et
825 2872 930 2908 non
968 2854 1230 2924 pamitebit
1274 2871 1387 2907 eum
1434 2869 1452 2906 :
1487 2851 1568 2906 Tu
1605 2869 1657 2905 es
1702 2851 1940 2906 sacerdos
1986 2852 2042 2907 in

407 2962 668 3002 attentum
700 2947 991 3001 secundum
1022 2946 1252 3000 ordinem
1285 2944 1683 3000 Melchisedech.
1710 2944 1802 2998 2'2.
1831 2944 1894 2999 In
1921 2956 2039 3000 tan-

408 3052 522 3094 tum
567 3043 800 3096 melioris
829 3041 1124 3094 testamenti
1163 3057 1380 3109 sponsor
1406 3041 1575 3110 factus
1619 3049 1692 3092 est
1738 3039 1912 3092 Jesus.
1944 3039 2035 3093 25.

411 3135 481 3187 Et
537 3135 632 3188 alii
679 3133 888 3205 quidem
938 3133 1115 3204 plures
1161 3135 1285 3205 facti
1331 3145 1446 3186 sunt
1493 3132 1802 3195 sacerdotes,
1847 3132 2041 3185 idcirco

406 3229 551 3296 quod
593 3240 762 3282 morte
811 3227 1203 3297 prohiberentur
1241 3241 1538 3296 permanere
1577 3241 1595 3278 :
1631 3223 1721 3278 EH.
1757 3225 1840 3277 hic
1868 3234 2040 3279 autent

406 3340 468 3374 eo
496 3320 643 3389 quod
676 3329 882 3372 nianeat
912 3321 965 3371 in
993 3329 1260 3382 wteruum,
1287 3318 1654 3387 sempiternum
1697 3317 1845 3370 habet
1869 3333 2040 3371 sacer-

413 3417 636 3464 r'onum.
697 3411 843 3464 Duas
888 3411 1042 3482 ponit
1088 3410 1445 3473 differentias,
1493 3410 1636 3479 quod
1685 3427 1791 3463 non
1839 3409 2039 3466 habeat

407 3507 577 3560 linem
606 3505 752 3558 sicut
783 3503 974 3574 legale,
1000 3513 1055 3558 et
1080 3504 1222 3573 quod
1252 3519 1373 3557 cum
1399 3503 1734 3574 juramento.
1769 3503 1825 3557 ld
1857 3515 2037 3559 autem

403 3597 541 3652 facit
570 3615 599 3650 ιι
628 3598 876 3658 Christo,
902 3597 992 3666 qui
1021 3613 1088 3650 eo
1121 3599 1362 3666 fungitur
1398 3614 1410 3649 :
1445 3611 1567 3649 nam
1607 3595 1903 3650 Secundum
1933 3596 2038 3650 cir-

401 3702 598 3758 tutem,
631 3692 830 3761 inquit,
864 3691 982 3744 sine
1008 3689 1394 3743 indissolubilis.
1421 3688 1472 3741 Id
1507 3688 1628 3741 facit
1649 3689 1808 3741 etiam
1835 3704 1864 3741 a
1888 3687 2038 3758 jura-

399 3795 598 3842 tuento
620 3785 766 3855 quod
793 3784 1013 3852 juravit,
1057 3793 1158 3837 eta
1192 3799 1249 3836 re
1281 3784 1392 3851 ipsa
1429 3801 1440 3836 :
1473 3782 1758 3851 siquidem,
1783 3781 2036 3851 quoniam

398 3891 525 3934 erat
572 3877 908 3932 imbecillum
936 3917 952 3941 ,
995 3875 1122 3929 illud
1169 3875 1400 3944 ejectum
1429 3885 1511 3928 est
1546 3892 1559 3927 :
1592 3874 1692 3928 hoc
1727 3887 1902 3927 autem
1933 3881 2040 3930 stat

401 3983 458 4028 et
534 3982 760 4035 manet,
812 3969 1066 4041 quoniam
1108 3977 1191 4023 est
1261 3978 1455 4038 potens
1505 3976 1559 4022 et
1617 3967 1877 4022 validum.
1933 3965 2037 4024 Fa-

403 4069 478 4120 cit
531 4065 780 4134 denique
825 4079 890 4117 ex
955 4062 1257 4118 sacerdote.
1307 4059 1628 4128 Quomodo?
1668 4061 1923 4129 (ptoniam
1954 4069 2041 4117 est

403 4174 548 4213 unus
585 4176 599 4210 :
633 4166 693 4211 et
722 4172 829 4209 non
862 4162 1010 4210 esset
1039 4169 1176 4208 unus
1201 4153 1300 4207 nisi
1335 4155 1676 4207 in‘nuortalis.
1708 4156 1858 4208 Sicut
1887 4155 2036 4208 enim

402 4255 564 4308 multi
607 4259 744 4306 sunt
793 4249 1110 4303 sacerdotes
1161 4263 1229 4303 eo
1270 4247 1413 4315 quod
1461 4249 1568 4301 sint
1626 4248 1882 4300 mortales
1918 4265 1931 4301 :
1963 4246 2035 4302 ita

406 4364 550 4400 unus
593 4355 684 4398 est
729 4360 892 4406 unus,
935 4342 1078 4412 quod
1124 4343 1196 4395 sit
1233 4341 1571 4395 immortalis.
1615 4340 1778 4392 Tanto
1810 4339 2033 4394 melioris

404 4433 709 4488 testamenti
750 4448 970 4501 sponsor
1023 4435 1191 4503 factus
1242 4443 1316 4486 est
1367 4430 1540 4496 Iesus,
1586 4433 1726 4502 quod
1763 4431 2031 4500 juraverit

398 4539 529 4581 eum
563 4539 792 4592 semper
825 4522 1063 4577 futurum
1093 4523 1456 4587 sacerdotem,
1491 4540 1596 4575 non
1627 4525 1728 4576 hoc
1763 4522 2026 4587 tacturus,

399 4618 446 4672 si
475 4634 587 4670 non
620 4626 769 4670 esset
799 4615 974 4670 vivus.
1001 4615 1094 4671 25.
1140 4614 1288 4669 Unde
1316 4624 1362 4669 et
1399 4615 1599 4669 salvare
1640 4615 1693 4667 in
1723 4624 2026 4684 perpetuum

399 4718 573 4779 potest
618 4707 923 4762 accedentes
967 4723 1056 4778 per
1101 4708 1425 4770 semetipsum
1462 4705 1532 4759 ad
1577 4704 1779 4770 Dauni,
1824 4720 2026 4774 semper

394 4801 577 4856 vivens
603 4801 674 4854 ad
702 4799 1139 4870 interpellandum
1166 4816 1259 4869 pro
1286 4800 1430 4871 ipsis.

470 4893 530 4948 5.
549 4889 722 4946 Vides
741 4891 884 4962 quod
909 4890 1012 4946 hoc
1035 4891 1186 4957 dicit,
1217 4889 1270 4945 id
1291 4904 1543 4960 spectans
1569 4888 1712 4960 quod
1735 4889 1928 4944 attinet
1954 4888 2024 4944 ad

386 4986 673 5041 cantent?
701 4985 929 5051 Quando
960 5001 1084 5039 eum
1116 4981 1728 5048 sacerdotemostendit,
1765 4991 1893 5037 tunc
1919 4997 2023 5053 op-

389 5091 640 5152 portune
664 5079 799 5134 dicit
825 5079 977 5145 illud,
1003 5078 1366 5147 interpellare.
1386 5076 1568 5144 Itaque
1589 5092 1708 5130 eum
1737 5075 2018 5130 dicitPauo

387 5173 481 5229 lus
512 5173 699 5244 ipsum
731 5172 1074 5241 interpellare
1105 5186 1202 5241 pro
1231 5170 1406 5232 lmitiS,
1427 5169 1730 5222 subindieat
1757 5169 1930 5237 ipsum
1958 5175 2021 5222 ut

387 5268 750 5324 sacerdotem
765 5264 816 5318 id
834 5263 1032 5320 facere.
1052 5264 1188 5319 Nam
1201 5265 1294 5332 qui
1311 5275 1367 5317 nt
1387 5266 1494 5317 vult
1510 5264 1732 5318 suscitat
1749 5271 2022 5328 mortuos,

385 5371 447 5417 et
465 5360 711 5414 viviticat
733 5368 791 5412 ut
809 5357 988 5424 Pater,
1007 5355 1281 5427 quomodo
1309 5357 1394 5412 ubi
1422 5365 1636 5426 oportet
1657 5369 1897 5422 servare,
1926 5355 2011 5410 iu~

385 5451 650 5522 lerpellat
669 5450 695 5504 ?
720 5450 812 5520 qui
841 5464 1003 5503 omne
1031 5447 1494 5517 habctjndieium,
1537 5447 1810 5517 quomodo
1837 5449 2005 5503 inter-

385 5543 690 5614 cedittqui
710 5542 875 5597 mittit
909 5541 1151 5614 angelos,
1183 5554 1241 5594 ιιι
1269 5541 1401 5594 alios
1432 5540 1647 5609 quidem
1687 5540 1928 5610 injiciant
1960 5543 2011 5596 in

382 5639 693 5707 fornacem,
713 5638 854 5692 alios
870 5647 1050 5692 autem
1069 5646 1306 5700 servent,
1325 5635 1598 5707 quomodo
1647 5636 1962 5706 interpellat
1995 5637 2021 5693 'l

393 5732 566 5797 L'ude,
605 5731 806 5802 inquit,
830 5739 877 5785 et
899 5739 1062 5801 potest
1094 5730 1311 5783 salvare.
1341 5729 1630 5800 Propterea
1659 5743 1790 5800 ergo
1807 5735 2014 5785 servat.

387 5826 648 5898 quoniam
676 5841 786 5882 non
805 5824 1052 5883 moritur.
1072 5823 1336 5892 Quoniam
1361 5838 1467 5880 non
1488 5822 1778 5878 morituret
1796 5837 2011 5893 semper

2062 373 2076 389 .
2117 329 2275 388 CAP.
2318 324 2432 388 VII.
2475 330 2856 390 HO.\|IL.XIll.

3628 332 3732 388 £06

2155 436 2302 502 vivit,
2335 451 2442 490 non
2474 435 2653 501 habet,
2683 435 2874 506 inquit,
2907 447 3274 490 successorem
3305 451 3316 487 :
3346 434 3389 489 si
3421 442 3600 490 autem
3638 452 3744 493 non

2156 528 2316 583 habet
2360 539 2762 596 successorem,
2795 536 2976 600 potest
3015 530 3177 582 etiam
3207 543 3397 583 omnes
3423 527 3739 585 defendere.

2152 619 2282 674 Nam
2314 619 2402 674 hic
2431 621 2645 690 quidem
2676 620 2918 691 pontifex
2945 661 2961 689 ,
2988 621 3198 675 etiamsi
3239 620 3570 676 admirabilis
3592 665 3607 687 ,
3633 632 3754 678 erat

2152 730 2320 784 usque
2347 714 2573 770 ad'illud
2611 726 2820 785 tempus
2842 715 2894 769 in
2925 729 3031 786 quo
3045 723 3181 781 erat,
3205 724 3267 770 ut
3289 714 3525 779 Samuel,
3553 726 3607 770 et
3628 718 3750 792 qni-

2149 825 2381 880 cumque
2429 817 2584 865 erant
2628 807 2970 879 huiusmodi,
3002 817 3192 878 postea.
3229 818 3408 862 autem
3452 824 3557 862 non
3591 818 3751 864 enmt

2149 902 2417 973 amplius;
2447 902 2643 956 mortui
2694 903 2837 957 enim
2871 900 3080 955 fuerant
3111 919 3123 954 :
3160 901 3245 955 hic
3275 911 3452 955 autem
3492 917 3595 955 non
3627 907 3704 956 sic
3730 945 3746 968 ,

2149 995 2244 1049 sed
2274 1003 2458 1049 servat
2491 994 2546 1048 in
2592 1002 2932 1064 perpetuum.
2966 992 3102 1061 Quid
3134 1001 3216 1046 (ιιι
3239 1033 3268 1060 ,,
3302 992 3366 1047 In
3396 1007 3693 1063 perpetuum
3719 997 3744 1048 Ρ

2149 1085 2332 1142 Tacite
2359 1086 2622 1157 signitiCat
2655 1084 2867 1155 aliquod
2901 1085 3236 1155 mysterium.
3271 1084 3384 1138 Non
3412 1086 3502 1140 hic
3527 1087 3738 1152 solum,

2147 1178 2359 1252 inquit,
2392 1178 2488 1235 sed
2519 1179 2626 1232 illic
2655 1193 2868 1247 quoque
2897 1191 3000 1230 eos
3023 1186 3200 1230 servat
3232 1177 3318 1245 qui
3347 1193 3439 1246 per
3474 1178 3644 1246 ip~um
3677 1179 3745 1234 ad

2148 1273 2316 1328 Deum
2343 1271 2627 1327 accedunt.
2660 1269 2940 1338 Quomodo
2969 1279 3143 1324 Servat
3175 1269 3196 1322 ?
3229 1266 3442 1340 Semper
3472 1273 3636 1327 virens
3677 1276 3746 1327 ad

2147 1364 2574 1435 interpellandum
2617 1379 2709 1433 pro
2760 1362 2918 1434 ipsis,
2947 1362 3136 1431 inquit.
3174 1361 3332 1416 ‘v’idcs
3387 1361 3744 1420 humilitatem

2147 1456 2446 1514 secundum
2516 1455 2806 1510 humanam
2878 1454 3166 1507 naturam?
3209 1470 3314 1507 non
3359 1457 3502 1510 enim
3575 1458 3746 1526 ipsum

2146 1552 2313 1608 semel
2375 1549 2793 1605 intercedentem
2859 1531 2960 1602 hoc
3022 1562 3368 1619 assequuntur
3424 1567 3545 1606 esse
3596 1553 3746 1618 dit-it,

2146 1646 2241 1700 sed
2294 1657 2507 1711 semper
2529 1682 2543 1704 ,
2586 1651 2641 1696 et
2678 1639 2893 1709 quando
2924 1655 3056 1708 opus
3087 1639 3246 1694 fuerit
3271 1683 3284 1703 ,
3334 1644 3535 1711 procis
3581 1646 3747 1698 inter-

2147 1736 2382 1807 pellare:
2419 1734 2521 1788 hoc
2572 1734 2712 1786 enim
2765 1733 3057 1803 signiﬁcat,
3119 1731 3185 1787 In
3245 1746 3558 1804 perpetuum.
3610 1739 3748 1806 Quid

2145 1841 2269 1899 cst,
2331 1827 2398 1882 In
2453 1828 2796 1897 perpetuum?
2847 1826 2960 1880 Non
3019 1827 3191 1880 solum
3224 1829 3288 1880 ad
3347 1840 3590 1900 tempus,
3646 1833 3745 1886 sed

2149 1927 2310 1978 etiam
2347 1921 2451 1974 illic
2485 1924 2533 1971 in
2566 1921 2669 1971 vita
2703 1919 2900 1971 l'nlura.
2932 1918 3156 1987 Semper
3184 1937 3310 1987 ergo
3333 1938 3466 1988 opm
3498 1922 3652 1977 habet
3687 1935 3746 1976 ιιι

2149 2017 2399 2080 precetur
2415 2010 2503 2065 let
2521 2009 2790 2080 quomodo
2808 2009 2960 2063 fuerit
2976 2009 3436 2063 cooseutaneum?
3461 2011 3616 2079 Smpe
3636 2013 3758 2081 qui-

2142 2103 2264 2156 dem
2281 2101 2525 2158 homines
2543 2101 2671 2170 juSti
2690 2117 2755 2156 ex
2779 2117 2878 2154 una
2906 2101 3342 2170 petitionetonnn
3364 2100 3705 2157 confecerunt
3730 2120 3747 2169 ;

2139 2193 2254 2265 ipse
2279 2204 2456 2248 autem
2483 2209 2700 2262 semper
2723 2203 2974 2263 precatur
2997 2194 3018 2245 ?
3050 2208 3146 2248 cur
3173 2210 3302 2261 ergo
3328 2192 3618 2248 considet?
3650 2195 3739 2248 Vi-

2137 2287 2233 2342 des
2260 2287 2400 2357 quod
2447 2287 2548 2340 hoc
2578 2286 2648 2340 sit
2678 2287 2758 2339 sui
2785 2285 3044 2340 demissio
3075 2285 3220 2355 quod
3269 2284 3502 2339 humana
3553 2286 3739 2354 loqua-

2138 2379 2264 2434 tttr?
2299 2379 2410 2434 Hoc
2431 2389 2610 2433 autem
2643 2379 2757 2432 Vult
2781 2379 3084 2448 significm'c
3111 2397 3121 2431 :
3156 2377 3231 2430 Ne
3263 2379 3513 2435 timearis.
3543 2377 3733 2446 inquit,

2136 2488 2310 2542 neque
2336 2472 2529 2527 dicatis
2557 2515 2569 2533 ,
2597 2472 2758 2525 Certe
2795 2490 2890 2525 nos
2917 2471 3134 2541 quidem
3161 2471 3330 2539 diligit
3360 2513 3370 2533 ,
3402 2483 3455 2526 et
3485 2472 3734 2526 fiduciam

2138 2563 2296 2619 habet
2326 2565 2466 2636 apud
2501 2565 2712 2620 Patrem
2740 2607 2754 2625 ,
2786 2564 2878 2616 sed
2925 2581 3028 2616 non
3060 2580 3274 2633 semper
3308 2566 3487 2618 vivere
3514 2573 3687 2632 potest
3717 2583 3730 2619 :

2133 2671 2349 2726 semper
2378 2658 2520 2710 enim
2567 2657 2716 2709 vivit.
2749 2656 2839 2708 ‘26.
2892 2654 3030 2708 Talis
3078 2655 3209 2706 enim
3251 2655 3455 2708 decebat
3495 2665 3546 2708 ut
3592 2656 3734 2710 nobis

2133 2760 2257 2806 esset
2289 2752 2545 2822 pontifex,
2579 2760 2783 2802 simctns
2809 2791 2820 2810 ,
2855 2750 3115 2807 innocens,
3146 2749 3465 2816 impollutus,
3497 2766 3735 2820 segrega-

2130 2857 2211 2900 tus
2241 2863 2271 2898 a
2305 2844 2675 2915 peccatoribus.
2729 2843 2889 2896 Vides
2927 2841 3074 2911 quod
3126 2851 3294 2894 totum
3325 2842 3526 2895 dictum
3571 2845 3638 2894 sit
3665 2843 3732 2896 de

2130 2938 2463 2992 humanitate
2489 2937 2510 2988 ?
2542 2935 2771 3004 Quando
2796 2944 2972 2988 autem
2999 2933 3121 2987 dico
3150 2933 3537 2987 humanitatem
3566 2977 3578 2996 ,
3611 2949 3730 2990 eam

2128 3031 2252 3086 dico
2279 3046 2400 3100 qum
2425 3029 2586 3082 habet
2605 3028 2940 3081 divinitatem
2965 3043 2978 3089 ;
3007 3043 3110 3078 non
3136 3025 3404 3091 dividens,
3428 3027 3521 3080 sed
3547 3027 3734 3083 sincns

2128 3134 2186 3179 ut
2213 3140 2331 3194 quze
2360 3122 2520 3177 decet
2561 3121 2848 3190 intelligas.
2887 3120 3074 3173 Vidisti
3114 3119 3472 3172 diﬂ‘ercntiam
3508 3120 3730 3188 pontifi-

2125 3219 2246 3272 cis?
2279 3215 2335 3272 in
2369 3232 2636 3270 summam
2672 3215 2882 3283 redegit
2910 3229 3029 3283 quae
3063 3227 3225 3281 Supra
3259 3211 3399 3266 dicta
3433 3221 3558 3266 sunt
3603 3228 3732 3266 cunt

2126 3315 2354 3378 diceret,
2392 3311 2636 3364 Teutalus
2666 3310 2714 3363 in
2758 3307 2992 3362 omnibus
3031 3307 3310 3361 secundum
3342 3305 3729 3360 similitudinem

2123 3411 2311 3480 absque
2343 3417 2567 3476 peccato.
2603 3402 2744 3458 Talis
2767 3445 2780 3469 ,
2834 3401 3046 3471 inquit,
3089 3399 3297 3453 decebat
3345 3409 3399 3453 ut
3430 3399 3573 3452 nobis
3599 3409 3729 3453 esset

2123 3503 2372 3574 pontifex,
2401 3508 2606 3554 sanctus
2631 3540 2646 3564 ,
2687 3498 2950 3550 innocens.
2997 3493 3251 3548 lnnocens
3277 3493 3404 3564 quid
3437 3493 3562 3548 est?
3609 3493 3734 3548 Non

2124 3597 2295 3650 malus
2321 3635 2336 3659 ,
2383 3610 2484 3648 nec
2527 3591 2828 3646 subdolus:
2861 3588 3004 3660 quod
3055 3588 3192 3641 alius
3241 3586 3371 3639 dicit
3420 3587 3720 3656 propheta,

2126 3690 2285 3744 Dolus
2330 3706 2428 3742 non
2461 3697 2532 3741 est
2561 3687 2788 3739 iuventus
2831 3685 2882 3736 iu
2915 3699 3001 3736 ore
3029 3684 3139 3751 ejus
3169 3679 3322 3749 (lsai.
3357 3681 3444 3735 55.
3477 3680 3554 3748 9).
3593 3681 3725 3745 Quis

2123 3785 2225 3840 hoc.
2261 3783 2328 3838 de
2360 3783 2471 3837 Deo
2497 3780 2696 3835 dixerit
2720 3821 2734 3841 ,
2779 3787 2834 3833 et
2862 3793 2968 3831 non
3012 3777 3293 3830 erubescit
3323 3774 3508 3829 dicens
3553 3775 3720 3827 Deum

2123 3895 2230 3935 non
2277 3892 2399 3932 esse
2443 3874 2691 3930 dolosam
2723 3881 2776 3928 et
2825 3869 3274 3926 fraudulentum?
3309 3868 3383 3922 De
3429 3883 3494 3920 eo
3540 3877 3726 3922 autem

2121 3969 2262 4042 quod
2291 3979 2374 4024 est
2419 3965 2714 4022 secundum
2759 3979 3025 4024 carnem,
3077 3961 3257 4014 dicere
3301 3971 3386 4014 est
3435 3969 3723 4013 consenta-

2121 4078 2305 4126 neum,
2340 4061 2591 4121 Sanctus,
2623 4055 2943 4126 impollutus.
2978 4053 3084 4108 Nec
3115 4051 3217 4106 hoc
3245 4051 3312 4105 de
3343 4051 3451 4104 Deo
3474 4051 3675 4105 dixeris
3701 4067 3718 4105 :

2123 4173 2240 4214 eam
2265 4157 2409 4212 enim
2444 4153 2605 4207 habet
2636 4160 2881 4205 naturam
2927 4167 3044 4219 qua:
3078 4164 3182 4202 non
3218 4147 3494 4216 polluitur.
3529 4145 3723 4215 Segre-

2120 4263 2266 4326 gutus
2287 4269 2317 4303 a
2347 4246 2714 4319 peccatoribus.
2743 4244 2929 4299 Hocne
2954 4257 3083 4311 ergo
3110 4242 3284 4295 Solum
3311 4238 3548 4292 ostendit
3568 4237 3723 4292 (ιὶΠέ-
3761 4231 3768 4244 ³

2121 4344 2370 4404 rentiani,
2404 4356 2470 4393 an
2502 4337 2663 4394 etiam
2709 4338 2882 4405 ipsum
2911 4334 3233 4388 sacrificium
3257 4333 3279 4385 ?
3307 4331 3480 4384 Etiam
3512 4331 3723 4386 sacritl-

2119 4440 2283 4493 cium.
2316 4430 2638 4503 Quomodo?
2667 4430 2734 4484 27
2753 4462 2772 4480 ο
2790 4429 2889 4494 Qui
2918 4445 3018 4482 non
3051 4428 3196 4482 habet
3225 4428 3568 4480 necessitatem
3596 4442 3724 4488 quo-

2118 4530 2260 4595 tidie,
2290 4521 2719 4597 quemadmodum
2744 4521 3030 4574 sacerdotes
3057 4560 3070 4581 ,
3105 4520 3246 4588 prius
3275 4535 3366 4586 pro
3394 4518 3500 4571 suis
3525 4517 3723 4571 delictis

2123 4623 2312 4676 hostias
2335 4618 2538 4686 offerre,
2563 4614 2746 4670 deinde
2775 4630 2867 4677 pro
2899 4611 3077 4682 populi
3108 4626 3126 4664 :
3154 4612 3248 4664 hoc
3275 4612 3410 4663 enim
3428 4611 3544 4679 fecit
3570 4607 3726 4663 semel

2123 4732 2176 4768 se
2200 4711 2481 4780 offerendo.
2512 4709 2624 4762 lloe
2661 4702 2794 4776 quid
2815 4703 2841 4756 ?
2874 4704 2960 4759 hic
2981 4701 3108 4758 facit
3125 4703 3286 4757 veluti
3306 4701 3571 4770 quoddam
3595 4715 3723 4768 pro-

2119 4806 2340 4863 temiinn
2357 4800 2690 4858 excellentia:
2701 4796 2956 4868 Spiritalis
2974 4795 3242 4851 sacrificii.
3258 4794 3397 4848 Dixit
3417 4794 3541 4860 quid
3566 4795 3728 4850 inter.

2124 4899 2195 4954 sit
2227 4899 2366 4952 inter
2392 4894 2751 4960 sacerdotem,
2775 4903 2829 4947 et
2849 4891 2978 4962 quid
3004 4890 3142 4944 inter
3167 4889 3594 4952 Testamentum,
3617 4901 3724 4940 non

2131 5003 2302 5049 totum
2328 4989 2566 5063 quidem,
2600 4989 2732 5042 dixit
2780 4995 2956 5040 tamen
2981 5002 2996 5040 :
3024 4984 3111 5037 hic
3126 4983 3236 5052 jam
3259 4981 3381 5035 facit
3409 4980 3726 5048 pra'ludinm

2124 5088 2295 5156 ipsius
2325 5082 2572 5139 sacrilicii
2599 5079 2703 5150 (τι).
2733 5079 2810 5134 Ne
2838 5090 3116 5148 ergo-cum
3142 5089 3264 5128 eum
3311 5071 3545 5126 audieris
3574 5084 3744 5124 sacer-

2123 5179 2332 5241 dotem,
2353 5175 2627 5230 existimes
2647 5188 2767 5229 eum
2795 5165 3010 5239 semper
3038 5167 3179 5238 iungi
3206 5165 3538 5221 sacerdotio:
3559 5166 3729 5218 semet

2125 5272 2270 5327 enim
2294 5269 2508 5324 functus
2533 5276 2614 5321 est
2637 5278 2859 5320 munere
2879 5259 3220 5325 sacerdotali,
3235 5267 3290 5315 et
3303 5258 3559 5327 deinceps
3571 5257 3729 5311 sedit.

2123 5364 2203 5420 Ne
2227 5365 2368 5418 enim
2409 5361 2686 5417 existimes
2727 5373 2850 5413 eum
2881 5366 3025 5411 Stare
3053 5352 3194 5425 apud
3223 5367 3448 5424 superos
3472 5393 3488 5419 ,
3520 5362 3571 5406 et
3604 5367 3725 5405 esse

2126 5459 2452 5524 ministrum,
2481 5453 2713 5510 ostendit
2736 5467 2848 5507 rem
2875 5466 2996 5506 esse
3020 5448 3459 5521 dispensationis.
3513 5445 3644 5501 Nam
3677 5454 3734 5502 ut

2127 5551 2222 5605 fuit
2245 5567 2449 5614 servus,
2481 5549 2550 5602 ita
2577 5548 2740 5602 etiam
2785 5545 3045 5600 sacerdos
3072 5553 3125 5599 et
3155 5543 3402 5598 minister
3431 5565 3444 5602 ;
3475 5540 3567 5596 sed
3593 5539 3733 5595 sicut

2126 5661 2250 5700 cum
2279 5642 2449 5697 factus
2472 5648 2616 5695 esset
2640 5653 2852 5695 servus.
2879 5653 2986 5691 non
3011 5637 3204 5692 mansit
3228 5651 3441 5702 servus,
3469 5634 3538 5688 ita
3566 5635 3728 5687 etiam

2179 5731 2259 5821 1(a)
2279 5751 2682 5821 llic_Colh:_desin
2703 5751 3032 5817 immittitque
3055 5750 3214 5802 omnia
3237 5763 3394 5814 usque
3409 5749 3465 5799 ad
3489 5748 3726 5799 decimam

2127 5815 2347 5878 qun-tant
2373 5815 2636 5867 humilium.
