4172 6444
599 285 694 340 ΗΠ

583 398 701 444 eum
730 391 900 442 factus
923 396 1064 442 esset
1094 385 1359 449 minister,
1391 399 1494 438 non
1522 381 1720 437 mansit
1748 380 1992 435 minister
2017 395 2032 434 :
2063 388 2168 434 non

584 490 666 539 ea
695 483 835 537 enim
885 459 1116 536 ministri
1165 477 1376 543 sedere,
1410 475 1504 529 sed
1551 485 1715 529 stare.
1752 475 1865 528 iloc
1907 485 2039 544 ergo
2085 472 2173 526 hic

585 573 883 630 subiudicat
918 569 1344 640 magnitudinem
1375 565 1642 634 sacrificii,
1671 564 1834 636 quod,
1863 581 2026 618 uumu
2050 580 2173 619 cum

586 677 750 729 esset,
775 665 1006 726 suffecit,
1031 674 1083 716 et
1106 663 1269 716 semel
1299 662 1535 716 oblatum
1562 670 1766 714 tantum
1791 660 1983 729 potuit,
2008 675 2175 726 quau—

587 768 697 810 tum
742 772 844 808 non
887 750 1390 822 potueruntomnia.
1434 751 1538 807 Sed
1581 749 1764 806 dehis
1787 749 2171 804 nondumzuou

586 851 727 904 enim
756 849 880 901 dicit
903 848 1001 901 nisi
1037 863 1049 899 :
1085 845 1200 900 Hoc
1219 846 1349 900 enim
1374 887 1388 912 ,
1416 845 1605 916 inquit,
1639 842 1792 898 semel
1828 845 1966 912 fecit.
1995 843 2172 911 Quod-

587 941 754 996 nam?
788 939 1005 993 Necesse
1033 948 1104 994 est
1125 980 1141 1002 ,
1175 939 1367 1008 inquit.
1396 939 1579 992 habere
1609 939 1760 991 etiam
1789 937 1926 990 [tunc
1953 937 2170 1006 aliquid,

587 1034 778 1102 inquit,
805 1031 939 1101 quod
964 1029 1146 1097 offerat
1169 1049 1188 1097 ;
1220 1045 1326 1084 non
1357 1043 1455 1101 pro
1481 1031 1661 1100 scipso
1689 1036 1703 1084 ἑ
1733 1029 2002 1100 quomodo
2030 1031 2172 1085 enim

589 1139 685 1196 pro
728 1140 786 1178 se
829 1123 1046 1178 offerret
1075 1139 1196 1177 cum
1241 1123 1601 1192 impcccabilis
1657 1123 1777 1177 sit?
1830 1121 1922 1179 sed
1956 1138 2054 1194 pro
2082 1138 2175 1193 po-

589 1218 733 1288 pulo.
773 1215 909 1284 Quid
938 1215 1111 1271 dicis?
1140 1222 1196 1270 et
1239 1231 1344 1269 non
1373 1229 1508 1284 opus
1540 1213 1699 1268 habet
1742 1212 1939 1268 offerre
1975 1223 2074 1284 pro
2114 1230 2175 1270 se

587 1311 725 1378 ipso,
758 1318 811 1362 et
838 1316 1042 1362 tantum
1069 1306 1283 1377 potest?
1323 1306 1503 1372 Certe,
1536 1303 1728 1376 inquit.
1776 1304 1907 1359 Nam
1947 1320 2016 1359 ne
2053 1306 2171 1360 exi-

587 1402 837 1471 SIimares
866 1400 1031 1466 illud,
1069 1398 1210 1452 Fecit
1235 1399 1389 1453 semel
1412 1438 1426 1463 ,
1459 1396 1528 1451 de
1569 1398 1687 1466 ipso
1717 1411 1929 1467 quoque
1970 1395 2174 1451 dictum

587 1508 744 1558 es~e,
787 1491 909 1545 audi
949 1491 1077 1561 quid
1128 1491 1270 1546 dicat
1309 1508 1320 1542 ε
1357 1489 1462 1544 Lca:
1499 1489 1632 1543 enim
1664 1489 1892 1544 flamines
1921 1489 2176 1544 constituit

588 1584 875 1639 succi-dotes
913 1584 1148 1637 [iubentes
1195 1583 1572 1652 inﬁrmitatem;
1621 1589 1675 1636 et
1722 1581 1844 1636 ideo
1873 1581 2035 1636 etiam
2082 1594 2178 1650 pro

592 1689 651 1731 se
680 1691 889 1745 semper
915 1675 1148 1728 offerunt
1177 1690 1189 1726 :
1221 1681 1412 1742 potens
1442 1681 1622 1728 autem
1673 1663 1763 1728 ille
1789 1713 1801 1732 .
1837 1681 1892 1725 et
1933 1672 2025 1742 qui
2069 1687 2174 1725 non

593 1769 754 1826 habet
800 1777 1073 1837 peccatum
1097 1810 1112 1832 ,
1144 1774 1240 1821 cur
1269 1776 1367 1835 pro
1402 1779 1462 1819 se
1490 1764 1727 1819 offerat?
1769 1763 1910 1834 Ergo
1942 1778 2047 1818 non
2082 1777 2179 1830 pro

592 1863 813 1931 seipse,
855 1860 947 1914 sed
993 1875 1091 1930 pro
1121 1857 1318 1928 populo
1361 1855 1592 1921 obtulit,
1647 1854 1808 1924 idque
1852 1853 2043 1909 semel.
2083 1847 2177 1908 28.

594 1953 772 2007 Sermo
802 1961 970 2005 autem
1007 1949 1356 2022 jttrt’sjurandi
1382 1949 1468 2018 qui
1499 1957 1610 2018 post
1653 1948 1813 2017 legem
1842 1957 1950 2012 est,
1990 1939 2183 1999 Filium

592 2053 646 2102 in
675 2057 915 2102 a'ternum
945 2046 1242 2115 perfectum.
1269 2041 1405 2110 Quid
1435 2049 1540 2106 est,
1575 2037 1863 2110 Perfectum
1885 2037 1912 2092 ?
1936 2038 2051 2092 Non
2082 2052 2182 2108 po-

593 2140 673 2196 nit
719 2133 916 2191 Paulus
959 2135 1205 2206 proprias
1245 2149 1363 2202 quae
1393 2140 1738 2203 opponuntur
1763 2128 2180 2184 distinetioues:

591 2237 716 2284 itam
746 2244 868 2285 cum
896 2229 1153 2295 dixisset,
1191 2227 1445 2283 Habentes
1475 2227 1851 2295 inﬁrmitatem,
1887 2239 1995 2279 non
2039 2221 2177 2278 dixit

592 2321 786 2379 Filium
818 2331 1132 2392 potentem,
1175 2320 1292 2388 sed,
1328 2321 1660 2392 Perfectum,
1697 2319 1797 2374 hoc
1823 2325 1938 2382 est,
1985 2323 2177 2386 poten-

591 2427 735 2479 tem;
763 2415 914 2485 quasi
947 2414 1130 2480 dicas,
1163 2413 1278 2468 Non
1311 2412 1460 2466 vides
1498 2411 1641 2482 quod
1689 2425 1884 2465 nomen
1907 2452 1923 2474 ,
1972 2405 2177 2476 Filius,

589 2507 789 2564 dictum
817 2508 908 2572 sit,
933 2518 992 2562 ut
1011 2522 1134 2563 eum
1160 2519 1317 2560 servo
1344 2515 1582 2574 0pp0ltal
1608 2512 1663 2558 ct
1686 2503 1754 2558 ab
1776 2516 1840 2558 eo
1861 2501 2175 2572 distinguat.

592 2600 956 2656 Infirmitatem
989 2609 1169 2655 autem
1219 2607 1312 2652 aut
1343 2606 1618 2669 peccatum
1650 2596 1780 2650 dicit
1805 2606 1898 2650 aut
1926 2604 2176 2650 mortem.

588 2689 727 2758 Quid
749 2702 833 2746 est
862 2698 1036 2745 autem
1059 2731 1076 2757 ,
1105 2689 1172 2743 1η
1211 2686 1492 2744 retentum?
1520 2687 1634 2742 Non
1661 2687 1834 2743 solum
1873 2702 2013 2741 nunc
2048 2685 2179 2740 nulli

591 2793 812 2849 peccato
838 2777 1090 2846 affinem,
1123 2780 1216 2835 sed
1259 2795 1493 2849 semper.
1525 2780 1579 2833 Si
1604 2792 1732 2849 ergo
1753 2787 1836 2834 est
1870 2779 2135 2847 perfecms
2160 2816 2177 2842 ,

589 2873 633 2926 si
665 2887 952 2939 numquam
987 2882 1208 2942 peccat,
1239 2871 1283 2926 si
1315 2886 1536 2940 semper
1561 2871 1728 2934 vivit,
1771 2885 1869 2924 cur
1899 2885 1995 2939 pro
2023 2869 2179 2923 nobis

588 2976 735 3034 saepe
789 2965 981 3018 offeret
1021 2964 1323 3019 sacrificia?
1377 2963 1482 3018 Sed
1529 2962 1738 3016 interim
1797 2961 2009 3032 quidem
2078 2959 2181 3014 hoc

584 3071 696 3108 non
739 3056 952 3119 asserit,
981 3055 1074 3110 sed
1107 3053 1247 3124 quod
1282 3069 1378 3124 pro
1425 3069 1483 3108 se
1531 3053 1756 3114 offerat,
1790 3051 1892 3106 hoc
1941 3051 2197 3106 affirmat.

586 3145 851 3214 Quoniam
881 3161 1011 3215 ergo
1043 3145 1200 3198 talem
1235 3145 1493 3199 habemus
1525 3144 1830 3215 pontificem
1853 3186 1868 3209 ,
1900 3159 2023 3198 eum
2055 3144 2178 3197 imi.

589 3248 785 3304 temur,
823 3239 939 3307 ejus
967 3236 1277 3291 insistantus
1305 3236 1567 3305 vesugiis.
1592 3231 1706 3290 Non
1734 3245 1816 3290 est
1837 3233 1982 3288 aliud
2007 3235 2178 3288 sacri-

589 3329 767 3382 ficium
805 3348 818 3383 :
853 3345 1014 3381 unmu
1059 3342 1157 3382 nos
1189 3327 1474 3397 purgavit;
1510 3336 1697 3394 postea
1728 3336 1908 3380 autem
1958 3323 2096 3395 ignis
2125 3331 2181 3378 et

585 3421 853 3486 gebenna.
890 3419 1174 3488 Propterea
1217 3418 1358 3474 enim
1393 3418 1496 3473 hoc
1537 3433 1734 3488 susque
1762 3418 1937 3486 deque
1963 3425 2176 3484 versat,

585 3511 773 3566 dicens
802 3527 964 3564 unum
992 3525 1113 3565 esse
1138 3509 1500 3572 sacerdotem,
1530 3524 1693 3563 unum
1731 3507 2079 3576 sacrificium,
2107 3522 2178 3563 ne

584 3603 848 3672 quiSplam
877 3601 1190 3655 existimans
1217 3611 1339 3655 esse
1370 3601 1556 3665 multa,
1587 3613 1776 3654 secure
1800 3606 2003 3667 peccet.

656 3696 711 3750 4.
755 3693 942 3748 Contra
980 3711 1063 3748 eos
1099 3693 1186 3761 qui
1229 3693 1534 3764 baptismum
1581 3689 1883 3759 differebant
1921 3707 2080 3762 usque
2105 3690 2175 3745 ad

582 3795 816 3841 mei-tem.
838 3817 910 3827 —
929 3786 1263 3856 Quicumque
1284 3799 1411 3856 ergo
1434 3785 1635 3856 dignati
1664 3799 1850 3840 sumus
1871 3786 2172 3856 signaculo,

581 3880 903 3948 quicumque
926 3876 1263 3946 percepimus
1292 3875 1520 3930 fructum
1549 3875 1818 3940 sacrificii,
1851 3876 2174 3947 quicumque

583 3970 899 4024 immortalis
930 3983 1130 4022 mensa:
1171 3981 1354 4021 smnus
1387 3967 1690 4037 participes,
1729 3983 2044 4021 maneamus
2073 3983 2174 4022 no-

580 4075 747 4120 stram
797 4073 1076 4118 servantes
1117 4063 1453 4116 nobilitatem
1509 4071 1561 4115 et
1599 4061 1863 4116 honorem
1893 4080 1907 4117 :
1937 4078 2041 4116 non
2090 4073 2174 4119 est

591 4158 733 4210 enim
792 4156 969 4226 lapsus
1007 4169 1207 4226 expers
1235 4154 1478 4225 periculi.
1505 4154 1837 4225 Quicumque
1877 4165 2055 4210 autem
2087 4154 2174 4210 his

580 4249 817 4303 nondum
848 4257 974 4302 sunt
999 4249 1227 4317 dignati,
1275 4263 1342 4302 ne
1373 4248 1405 4301 ii
1431 4248 1646 4317 quidem
1679 4258 1961 4318 propterea
1995 4249 2172 4304 confia-

579 4342 710 4394 dant
736 4361 746 4394 :
775 4355 897 4394 nam
925 4340 1136 4407 quando
1162 4341 1426 4410 quispiam
1461 4339 1581 4395 ideo
1604 4348 1810 4410 peccat,
1839 4350 1898 4396 ut
1927 4352 2172 4397 sanctum

580 4432 843 4501 baptisma
871 4431 1098 4498 accipiat
1127 4431 1177 4483 in
1211 4441 1452 4484 extrema
1486 4431 1860 4500 respiratione,
1891 4443 2034 4501 saepe
2065 4448 2169 4488 non

578 4533 914 4594 assequetur.
950 4523 1073 4576 Mihi
1103 4522 1308 4575 credite
1338 4537 1353 4573 ε
1390 4533 1494 4574 non
1524 4537 1619 4574 vos
1648 4530 1854 4575 terrens
1885 4523 2006 4576 dico
2028 4524 2170 4593 qttod

577 4631 697 4672 Sum
741 4617 981 4670 dicturus
1013 4632 1025 4668 :
1052 4615 1173 4668 novi
1221 4615 1420 4669 multos
1457 4613 1650 4682 quibus
1689 4613 1789 4667 hoc
1830 4615 2046 4680 accidit,
2079 4617 2170 4686 qui

581 4725 680 4778 pro
706 4718 802 4759 ter
840 4706 1246 4760 illuminatiunis
1272 4705 1487 4774 quidem
1517 4705 1968 4772 exspectationem
2003 4710 2166 4763 multa

577 4813 889 4884 peccabant,
913 4812 966 4867 in
991 4811 1093 4864 fine
1113 4817 1292 4864 autem
1317 4806 1572 4862 decessus
1589 4813 1938 4862 excesserunt
1957 4806 2164 4864 inanes.

575 4908 716 4961 Deus
735 4906 884 4960 enim
908 4913 1189 4977 propterea
1217 4901 1362 4956 dedit
1383 4901 1665 4969 baptisma,
1698 4911 1756 4954 ut
1784 4900 2016 4956 solveret
2040 4917 2167 4972 pec-

573 5008 714 5065 cata,
740 5013 845 5053 non
869 5009 924 5052 ut
948 5004 1165 5067 peccata
1194 5003 1415 5063 augeret
1434 5011 1447 5047 :
1468 4994 1510 5048 si
1538 4992 1658 5064 quis
1683 5003 1862 5049 autem
1893 5013 1957 5049 eo
1987 5007 2169 5053 utatur

573 5098 633 5143 ut
649 5096 834 5143 secure
857 5088 1024 5158 magis
1043 5095 1244 5156 pace-et,
1269 5085 1369 5140 hoc
1385 5094 1644 5142 estcausa
1661 5087 1916 5142 socordia?
1934 5098 1989 5146 et
2013 5091 2170 5162 negli-

575 5181 789 5250 sentite.
807 5178 936 5233 Nam
966 5183 1009 5235 si
1032 5193 1136 5232 non
1161 5189 1303 5234 esset
1331 5179 1620 5247 lavacrum,
1644 5181 1802 5235 tutius
1827 5183 2086 5246 viverent,
2115 5193 2172 5239 ut

577 5274 665 5342 qui
686 5290 788 5326 non
808 5265 1070 5328 haberan
1089 5272 1649 5330 retitissioneni.Vides
1660 5274 1799 5345 quod
1819 5274 1966 5343 illud,
1986 5275 2173 5332 Facia-

578 5380 691 5418 mus
715 5365 852 5419 inata
871 5373 925 5418 ut
944 5365 1144 5418 veniant
1168 5365 1296 5418 bona
1318 5366 1334 5433 (
1346 5365 1490 5421 Rom.
1509 5364 1647 5436 5.8),
1668 5382 1765 5422 nos
1786 5381 1968 5422 sumus
1987 5370 2074 5440 qui
2095 5369 2173 5423 fa-

579 5454 750 5509 cimus
773 5463 831 5509 ut
850 5455 1095 5510 dieatur?
1111 5455 1468 5523 Quamobrem
1508 5471 1636 5526 rogo
1656 5472 1772 5522 vos,
1804 5457 1893 5530 qui
1914 5475 2018 5513 nou
2041 5462 2172 5517 estis

583 5547 856 5617 mysteriis
870 5546 1079 5613 initiati,
1095 5545 1527 5618 expergiscimini
1545 5565 1556 5598 :
1578 5563 1735 5601 nemo
1750 5557 2016 5620 tamquam
2033 5568 2174 5606 mer-

578 5637 849 5702 cenarius,
892 5647 1051 5692 nemo
1082 5647 1349 5707 utinquam
1381 5637 1619 5708 ingratus
1655 5639 1721 5694 ad
1750 5640 1996 5697 virtutem
2023 5659 2176 5701 acce-

582 5727 706 5794 dat;
739 5738 898 5784 nemo
924 5743 1039 5782 eam
1068 5728 1408 5800 aggrediatur
1439 5738 1706 5801 tamquam
1735 5745 1847 5787 rem
1878 5748 2091 5800 gravem
2119 5744 2176 5792 et

1308 288 1365 342 S.
1407 283 1684 344 JOANMS
1721 275 2202 340 CHRYSOSTOMI
2252 273 2571 338 ARClllEP.
2611 271 3146 337 CONSTA'NTINJP.

3750 274 3851 328 108

2271 379 2573 435 molestam.
2613 375 2692 434 Ad
2731 391 2848 430 eam
2880 390 3010 446 ergo
3036 371 3354 430 accedamus
3393 372 3554 432 alacri
3598 377 3774 431 animo
3800 388 3861 435 et

2273 471 2398 526 laeti.
2430 469 2561 524 Nam
2585 468 2792 524 etiamsi
2817 481 3026 520 merces
3050 479 3154 518 non
3187 477 3334 520 es~et
3361 468 3654 536 preposita,
3681 485 3860 524 annon

2271 569 2545 630 Oporteret
2574 572 2693 616 esse
2725 556 2957 612 bonum?
3000 557 3094 612 sed
3125 565 3298 612 tamen
3341 558 3503 612 etiam
3560 573 3681 614 cum
3713 579 3858 616 mera-

2272 653 2404 708 cede
2433 653 2602 707 simus
2638 650 2782 704 boui.
2818 648 2885 702 Et
2910 648 3183 720 quomodo
3211 665 3317 702 non
3346 658 3430 704 est
3472 651 3575 705 hoc
3607 654 3863 722 probrum

2275 753 2330 799 et
2367 743 2655 797 maximum
2701 739 2975 794 dedecus?
3029 739 3086 794 Si
3131 740 3282 806 mihi,
3329 740 3520 809 inqut,
3560 746 3867 799 mercedem

2275 851 2383 891 non
2414 835 2648 899 dederis,
2697 850 2804 889 non
2835 848 2952 888 sum
2993 833 3268 888 modestus
3313 845 3367 888 et
3398 844 3725 906 temperans.
3757 842 3870 892 Au-

2277 933 2434 988 deam
2466 932 2642 1000 itaque
2669 929 2866 1000 aliquid
2899 929 3121 983 dicere?
3142 927 3440 999 Numquam
3468 929 3631 986 .'ueris
3663 944 3873 1002 tempe-

2277 1039 2404 1082 rans
2430 1035 2482 1080 et
2498 1023 2790 1089 modestus,
2810 1021 2969 1076 etiam
3019 1021 3062 1076 si
3094 1021 3334 1077 modeste
3363 1038 3508 1094 agas,
3530 1025 3572 1078 οἱ
3602 1025 3704 1080 hoc
3737 1026 3874 1082 facis

2277 1117 2527 1174 mercede
2575 1135 2589 1170 :
2636 1115 2887 1170 virtutem
2952 1114 3092 1172 enim
3138 1115 3269 1168 nihil
3312 1117 3608 1182 existimas,
3655 1121 3698 1172 si
3745 1137 3868 1174 eam

2281 1226 2386 1265 non
2431 1222 2602 1263 amas.
2650 1206 2756 1263 Sed
2789 1206 2926 1260 Deus
2957 1216 3169 1276 propter
3197 1221 3441 1276 magnam
3502 1215 3735 1265 nostram
3765 1211 3876 1265 im-

2281 1301 2624 1360 becillitatem
2673 1315 2791 1356 eam
2841 1299 3000 1353 etiam
3049 1299 3299 1354 mercede
3347 1301 3512 1354 voluit
3565 1300 3713 1366 fieri;
3773 1319 3879 1358 nos

2281 1407 2461 1452 autent
2515 1411 2582 1451 ne
2626 1395 2703 1450 sic
2753 1394 2964 1465 quidem
3024 1408 3142 1447 eam
3197 1393 3552 1462 aggredimur.
3603 1395 3879 1451 Ponauius

2282 1500 2483 1556 autem,
2531 1491 2577 1547 si
2607 1489 2758 1554 velis,
2791 1487 2931 1558 quod
2979 1486 3141 1541 homo
3174 1487 3388 1556 quidam
3443 1489 3666 1544 excedat
3715 1494 3882 1547 malis

2286 1584 2607 1657 perpetratis
2633 1580 3130 1647 imunnerabilibus,
3178 1590 3232 1635 et
3267 1580 3531 1651 baptismo
3582 1582 3879 1654 dignatus:

2287 1676 2428 1748 quod
2460 1675 2712 1730 existimo
2757 1689 2866 1728 non
2908 1675 3016 1728 cito
3045 1673 3265 1728 evenire
3295 1688 3308 1726 :
3342 1676 3630 1744 quomodo,
3664 1694 3881 1748 qttzeso,

2289 1770 2416 1825 illuc
2439 1767 2644 1822 abibit?
2677 1766 2778 1820 Pro
2807 1767 2871 1820 iis
2897 1765 3112 1834 quidem
3131 1781 3249 1836 qum
3278 1766 3404 1820 fecit
3433 1783 3538 1821 non
3570 1781 3881 1837 accuSatus,

2290 1862 2386 1918 sed
2417 1876 2521 1915 nou
2551 1859 2752 1914 habens
2779 1857 3050 1921 fiduciam,
3085 1857 3245 1928 idque
3267 1860 3478 1913 merito.
3504 1860 3633 1913 Nam
3665 1864 3890 1931 quando

2289 1964 2410 2014 cum
2426 1962 2640 2012 centum
2662 1971 2833 2012 annos
2855 1958 3066 2025 vixerit,
3083 1959 3283 2014 nullum
3311 1961 3450 2014 aliud
3478 1960 3675 2015 bonum
3697 1972 3882 2016 osten-

2281 2049 2495 2114 dit,nisi
2525 2048 2664 2118 quod
2695 2063 2800 2104 non
2829 2051 3097 2119 peccarit;
3119 2051 3226 2106 imo
3257 2067 3382 2107 vero
3403 2068 3469 2106 ne
3497 2050 3597 2108 hoc
3628 2053 3878 2123 quidem.

2281 2141 2376 2197 sed
2403 2140 2569 2212 gratia
2601 2141 2779 2208 potius
2805 2141 2918 2194 sola
2946 2151 3028 2195 est
3055 2151 3318 2207 servatus,
3351 2143 3486 2198 alios
3506 2153 3684 2198 autem
3712 2143 3882 2198 vide-

2281 2234 2349 2289 rit
2379 2242 2684 2296 coronitos,
2714 2232 3000 2301 praeclaros
3040 2241 3095 2286 et
3143 2233 3194 2286 in
3241 2233 3376 2288 bona
3420 2235 3828 2292 existimatione
3861 2251 3878 2288 ε

2278 2325 2486 2384 etiamsi
2503 2326 2554 2379 in
2567 2324 2864 2396 gehennam
2886 2339 2991 2379 non
3013 2325 3286 2390 ceciderit,
3307 2325 3527 2390 feretne,
3548 2326 3634 2382 dic
3663 2342 3879 2398 quaeso,

2281 2435 2533 2491 angorem
2559 2428 2614 2473 et
2651 2418 3249 2490 animia‘gritudinem?
3296 2419 3361 2474 Ut
3405 2427 3582 2473 autem
3623 2419 3883 2487 exemplo

2281 2510 2383 2566 hoc
2416 2510 2630 2582 planum
2664 2507 2851 2563 faciam
2873 2525 2888 2564 ε
2910 2508 3018 2563 sint
3048 2509 3156 2563 duo
3178 2509 3395 2576 milites,
3418 2509 3627 2563 ctalter
3653 2509 3882 2578 quidem

2285 2603 2507 2666 furetur,
2539 2599 2698 2654 faciat
2740 2599 2986 2670 injuriam
3031 2607 3086 2653 et
3130 2599 3305 2652 aliena
3337 2598 3592 2664 invadat;
3628 2598 3713 2653 hic
3740 2613 3884 2653 vero

2287 2695 2416 2748 nihil
2467 2697 2652 2746 borum
2685 2691 2863 2757 faciat,
2910 2691 3003 2746 sed
3037 2689 3246 2746 fortiter
3290 2705 3350 2746 se
3389 2699 3563 2762 gerat,
3611 2690 3884 2760 praeclara

2285 2788 2408 2843 edat
2437 2786 2694 2850 facinora,
2728 2785 2780 2838 in
2805 2784 2958 2839 bellis
2991 2793 3190 2854 tropaea
3220 2793 3439 2847 statuat,
3471 2784 3706 2839 hostium
3739 2799 3885 2839 san-

2287 2881 2443 2952 guine
2489 2885 2734 2932 cruentet
2773 2877 3050 2931 dexteram
3086 2876 3326 2932 :deimle
3370 2876 3694 2932 adveniente
3738 2887 3885 2933 tem‘b

2286 2986 2439 3044 pure,
2467 2971 2535 3024 ab
2565 2969 2650 3022 illa
2681 2967 2938 3038 dignitate
2966 2967 3018 3021 in
3052 2984 3155 3038 qua
3186 2968 3345 3021 etiam
3381 2967 3463 3021 fur
3490 2969 3579 3024 ille
3615 2979 3752 3035 erat,
3785 2985 3886 3026 re.

2287 3073 2444 3133 ponte
2464 3064 2688 3118 ducatur
2704 3061 2771 3115 ad
2793 3061 2975 3116 sedem
2998 3063 3220 3131 regiam,
3253 3073 3308 3117 et
3334 3062 3582 3117 induatur
3605 3079 3880 3135 purpura;

2285 3156 2371 3211 hic
2389 3163 2566 3209 autem
2600 3153 2710 3207 illic
2739 3163 2973 3218 maneat,
2997 3153 3084 3206 ubi
3112 3164 3248 3219 erat,
3277 3154 3612 3208 solummodo
3632 3155 3884 3210 clemen-

2285 3250 2354 3304 tia
2376 3247 2543 3319 regia,
2569 3262 2673 3301 non
2688 3245 2779 3301 det
2795 3259 2983 3316 pinnas
3004 3261 3189 3300 eorum
3207 3260 3327 3317 qua:
3347 3246 3580 3313 admisit,
3596 3249 3665 3303 sit
3691 3258 3884 3305 auth

2285 3339 2336 3394 in
2369 3339 2485 3392 loco
2513 3337 2721 3401 ultimo,
2751 3348 2805 3391 et
2833 3337 2936 3391 sub
2980 3352 3103 3407 rege
3142 3338 3432 3392 collocetur
3463 3357 3475 3392 :
3505 3337 3733 3403 feretue,
3784 3339 3886 3398 dic

2283 3446 2486 3504 qua-su,
2510 3445 2763 3500 angorem
2785 3437 2839 3484 et
2854 3429 3014 3482 animi
3037 3429 3426 3499 aegritudinem,
3443 3430 3657 3498 quando
3677 3430 3886 3488 viderit

2282 3539 2405 3580 eum
2437 3523 2650 3592 quidem
2679 3523 2766 3592 qui
2796 3530 2914 3575 erat
2941 3536 3062 3576 cum
3093 3521 3229 3590 ipso,
3252 3521 3568 3578 ascendisse
3598 3521 3665 3577 ad
3693 3523 3883 3594 ipsum

2281 3617 2596 3687 dignitatum
2628 3612 2916 3683 fastigium,
2943 3623 2998 3666 et
3023 3613 3259 3666 evasisse
3287 3612 3423 3667 adeo
3453 3612 3792 3682 prmelarum,
3817 3624 3886 3670 et

2283 3710 2432 3764 orbis
2463 3719 2622 3763 terrae
2654 3717 2838 3761 tenere
2869 3705 3262 3776 prittcipatum;
3295 3721 3352 3761 se
3373 3716 3552 3761 autem
3579 3706 3717 3762 infra
3751 3723 3884 3764 ma-

2282 3819 2434 3869 nere,
2460 3810 2515 3856 et
2542 3816 2640 3855 nec
2681 3801 2733 3854 id
2763 3801 2937 3870 ipsum
2965 3800 3204 3868 quidem,
3234 3799 3376 3870 quod
3424 3816 3532 3855 non
3560 3801 3718 3856 luerit
3744 3818 3886 3873 sup-

2285 3897 2522 3967 plicium,
2557 3893 2753 3948 habere
2773 3908 2896 3946 cum
2924 3890 3150 3956 honore,
3175 3892 3269 3947 sed
3297 3907 3326 3946 a
3353 3895 3523 3964 gratia
3551 3903 3608 3948 et
3633 3895 3886 3950 clemen-

2282 3992 2355 4046 tia
2385 3987 2568 4060 regia?
2599 4002 2720 4041 nam
2767 3985 2977 4042 etiamsi
3010 4001 3100 4040 rex
3143 4001 3265 4040 eum
3291 3987 3576 4054 dimiserit,
3611 3997 3667 4041 et
3695 4003 3725 4040 a
3755 3988 3882 4043 (ξι-εδ

2283 4081 2520 4138 minibus
2557 4079 2869 4145 absolverit,
2909 4080 3056 4133 vivet
3098 4089 3275 4132 tamen
3307 4078 3510 4148 pudore
3550 4079 3776 4135 aﬂ‘ectus
3819 4090 3883 4137 et

2282 4174 2574 4247 ignominia
2606 4188 2619 4226 :
2651 4187 2754 4226 non
2786 4172 2928 4227 enim
2960 4173 3120 4226 etiam
3155 4168 3247 4224 alii
3276 4186 3398 4225 eum
3441 4173 3877 4230 admirabuntur.

2281 4269 2413 4325 Nam
2432 4268 2483 4323 iu
2508 4265 2772 4338 ejusmodi
2792 4264 3278 4320 condonationibus
3296 4281 3402 4319 non
3426 4281 3520 4321 eos
3541 4266 3884 4324 admiramur

2278 4361 2372 4431 qui
2415 4360 2706 4429 accipiunt,
2739 4358 2836 4414 sed
2880 4374 2976 4414 eos
3016 4358 3105 4429 qui
3134 4358 3337 4411 donant
3364 4373 3380 4414 :
3411 4367 3468 4415 et
3512 4375 3620 4431 quo
3662 4362 3878 4432 majora

2271 4454 2409 4512 dona
2439 4459 2708 4524 dederint,
2738 4475 2803 4514 eo
2829 4459 3018 4529 majori
3045 4459 3247 4530 pudore
3268 4460 3578 4516 afficiuntur
3598 4462 3687 4532 qui
3719 4462 3876 4520 acci-

2271 4551 2440 4619 piunt,
2477 4551 2693 4621 quando
2739 4569 2927 4624 magna
2959 4547 3193 4609 admissa
3238 4563 3363 4608 sunt
3391 4554 3459 4608 ab
3505 4554 3586 4609 eis
3614 4563 3874 4624 peccauit

2269 4640 2472 4707 Quibus
2511 4655 2640 4711 ergo
2667 4644 2838 4698 oculis
2878 4644 2922 4699 is
2951 4643 3145 4698 intueri
3180 4645 3376 4714 peterit
3404 4660 3498 4700 eos
3537 4645 3626 4714 qui
3655 4652 3779 4698 sunt
3813 4646 3875 4700 in

2270 4732 2434 4802 regia.
2477 4733 2584 4788 illis
2614 4735 2845 4790 sudores
2872 4735 3295 4790 innumerabiles
3331 4745 3387 4791 et
3414 4737 3634 4790 vulnera
3668 4745 3869 4791 ostent-

2269 4821 2538 4890 dentibus,
2585 4835 2706 4879 cum
2753 4827 2867 4894 ipse
2918 4826 3050 4880 nihil
3103 4827 3276 4898 possit
3319 4828 3627 4890 ostendere,
3667 4826 3762 4880 sed
3816 4839 3877 4883 et.

2269 4914 2409 4984 quod
2457 4916 2636 4970 salvus
2689 4917 2848 4972 abeat
2899 4933 2930 4971 a
2980 4918 3094 4973 sola
3144 4918 3236 4972 Dei
3279 4917 3609 4988 benignitate
3655 4927 3709 4971 et
3751 4917 3874 4970 cle-

2271 5007 2509 5060 utentia?
2555 5007 3022 5074 Quemadmodum
3068 5011 3211 5062 enim
3255 5008 3298 5061 si
3342 5009 3462 5078 quis
3517 5007 3871 5072 homirid.un,

2272 5099 2463 5166 furem,
2494 5101 2791 5156 adulterum
2819 5101 2883 5154 ad
2912 5101 3233 5171 supplicium
3256 5101 3452 5169 capitis
3477 5099 3862 5156 adducendum

2269 5191 2456 5250 donari
2488 5191 2586 5245 sibi
2615 5191 2990 5262 postulaverit,
3037 5200 3092 5246 et
3133 5206 3257 5246 eum
3297 5206 3418 5246 esse
3439 5190 3662 5259 jusserit
3692 5191 3743 5242 in
3767 5203 3858 5241 ve-

2271 5286 2485 5342 stibulis
2511 5286 2710 5356 regiae;
2743 5285 2831 5341 ille
2855 5285 2966 5356 jam
2995 5299 3287 5355 numquam
3317 5287 3515 5354 poterit
3539 5284 3774 5354 aliquem
3799 5299 3864 5336 ex

2270 5376 2496 5431 adverso
2528 5376 2746 5442 intueri,
2779 5377 2991 5433 etiamsi
3015 5379 3087 5432 sit
3112 5377 3372 5433 liberatus
3401 5391 3430 5431 a
3459 5375 3764 5446 supplicio:
3794 5375 3868 5429 ita

2269 5468 2434 5526 etiam
2461 5467 2550 5524 hic
2577 5481 2811 5538 quoque.

2343 5561 2398 5614 5.
2438 5559 2557 5615 Non
2598 5559 2766 5626 enim,
2809 5562 3065 5632 quoniam
3104 5561 3251 5632 regia
3280 5560 3500 5624 dicitur,
3547 5559 3870 5614 existimetis

2267 5667 2460 5710 omnes
2491 5652 2681 5713 eadem
2713 5654 2949 5726 assequi.
2981 5653 3115 5709 Nam
3146 5654 3191 5708 si
3222 5655 3307 5710 hic
3336 5661 3462 5710 sunt
3485 5662 3541 5708 et
3559 5651 3865 5723 prtefectus,

2269 5755 2324 5800 et
2350 5759 2538 5802 omnes
2562 5745 2779 5819 quiregi
2811 5746 3090 5813 assistunt,
3122 5752 3179 5801 et
3209 5746 3298 5818 qui
3325 5755 3450 5800 sum
3480 5745 3561 5799 his
3594 5743 3750 5813 longe
3781 5743 3864 5797 in.
