4172 6444
402 291 510 346 m9

386 410 654 473 feriores,
698 415 756 463 et
801 415 987 464 tenent
1030 408 1210 464 locum
1256 417 1445 465 eorum
1491 411 1580 480 qui
1628 395 1880 465 dicuntur
1918 411 2016 465 de-

383 509 514 558 cani
551 506 660 575 (η),
690 515 819 559 sunt
849 505 902 557 iu
932 506 1105 576 regia,
1136 505 1348 560 etiamsi
1380 503 1610 558 multum
1639 504 1853 558 intersit
1876 505 2018 558 inter

384 598 722 664 pnefeetum
769 606 826 650 et
874 595 1143 650 decanum
1177 615 1192 652 :
1225 597 1395 650 multo
1445 596 1616 666 magis
1673 596 1773 650 hoc
1823 597 1928 650 erit
1966 598 2016 649 in

382 704 635 757 superna
672 689 842 755 regia.
876 689 939 743 Et
963 688 1068 744 hoc
1089 705 1195 743 non
1223 705 1290 744 ex
1322 705 1407 743 me
1436 689 1558 743 dico
1588 702 1749 744 :nam
1778 699 1830 744 et
1861 692 2016 742 aliam

386 781 476 838 his
505 783 780 850 majorem
813 781 1172 837 differentiam
1204 785 1354 853 ponit
1382 784 1602 838 Paulus.
1645 787 1812 852 Quam
1839 786 2018 838 multm

391 873 561 937 enim,
600 872 802 943 inquit,
839 874 1161 930 differentim
1191 885 1365 929 stulta
1398 877 1513 931 sole
1541 891 1711 945 usque
1737 877 1802 931 ad
1835 877 2015 932 lunam

389 966 659 1018 etstellas
685 977 736 1020 ct
775 967 1057 1020 minimam
1091 968 1328 1032 stellam,
1376 979 1483 1022 tam
1514 969 1696 1022 multm
1727 971 1891 1024 etiam
1920 987 1962 1022 e-
1992 1000 2016 1011 -

391 1070 513 1112 rum
541 1058 638 1127 qui
666 1065 800 1112 sunt
826 1058 880 1112 in
910 1060 1080 1128 regia.
1115 1060 1182 1114 Et
1204 1060 1344 1128 quod
1379 1061 1537 1130 longe
1561 1061 1736 1130 major
1765 1063 1830 1115 sit
1861 1063 2016 1116 diffe—

390 1153 571 1205 rentia
605 1151 804 1206 decaui
835 1153 927 1224 qui
956 1153 1165 1208 dicitur
1191 1166 1246 1209 et
1278 1155 1542 1224 praefecti,
1580 1165 1634 1210 et
1664 1155 1792 1210 Solis
1824 1167 1881 1210 et
1923 1155 2017 1207 Ini-

391 1248 558 1300 nima:
616 1248 836 1312 stellas,
889 1259 975 1304 est
1026 1251 1280 1305 omnibus
1331 1252 1699 1320 perspicuum.
1746 1250 1880 1306 Nam
1926 1248 2010 1303 sol

389 1337 616 1405 quidem
659 1347 836 1394 totum
865 1343 1054 1396 orbem
1086 1349 1246 1397 terra:
1272 1343 1428 1397 simul
1455 1343 1689 1398 illustrat
1727 1353 1780 1398 et
1806 1342 2013 1397 exhila-

389 1438 499 1495 rat,
533 1430 836 1501 lunamque
862 1433 1149 1490 abscondit
1171 1444 1226 1490 et
1250 1437 1435 1492 stellas
1463 1455 1476 1491 :
1509 1437 1601 1492 ille
1646 1446 1826 1490 autem
1871 1449 2016 1501 stepe

390 1535 504 1573 non
557 1533 813 1592 apparet,
865 1525 1024 1594 idque
1070 1527 1120 1580 iu
1155 1529 1437 1582 tenebris:
1470 1529 1652 1582 multa:
1695 1529 1840 1584 enim
1891 1537 2017 1580 sunt

390 1613 567 1666 stellae
596 1629 739 1683 quas
773 1631 880 1669 non
909 1617 1178 1673 videmus.
1205 1620 1433 1688 Quando
1455 1637 1582 1691 ergo
1613 1621 1855 1674 videmus
1884 1620 2018 1673 alios

391 1703 510 1759 ﬁeri
544 1708 738 1774 soles;
771 1727 873 1764 nos
919 1721 1102 1766 autem
1133 1716 1476 1771 minimarum
1507 1717 1782 1770 stellarum
1815 1727 1869 1771 et
1896 1730 2018 1784 qua:

388 1813 463 1853 ne
494 1809 774 1869 apparent
805 1803 1023 1872 quidem
1057 1806 1233 1859 locum
1266 1819 1472 1870 tenere,
1511 1824 1756 1875 quautam
1787 1807 1890 1861 erit
1923 1822 2020 1860 no-

404 1893 494 1946 bis
529 1897 888 1952 consolatio?
915 1899 1013 1962 Ne.
1043 1917 1199 1971 rogo,
1247 1919 1314 1958 ne
1361 1905 1533 1959 simus
1564 1905 1698 1959 adeo
1737 1905 1890 1968 tardi,
1922 1918 2022 1958 nec

391 1985 537 2042 adeo
571 1989 709 2059 pigri
758 1999 816 2045 et
843 1990 1042 2061 ignavi,
1076 2011 1142 2047 ne
1183 1996 1418 2062 segniter
1455 1997 1682 2051 salutem
1717 1997 1806 2050 Dei
1853 2011 2022 2066 appe-

394 2088 603 2150 tamus,
648 2083 748 2138 sed
799 2098 1159 2141 mercaturam
1213 2106 1278 2143 CX
1328 2106 1391 2144 ea
1439 2106 1789 2146 exerceamus
1823 2102 1874 2146 Cl
1901 2107 2018 2145 eam

399 2176 854 2246 multiplicemns.
889 2179 1022 2233 Nam
1049 2182 1259 2236 etiamsi
1286 2185 1405 2250 quis
1462 2188 1529 2237 sit
1573 2184 2014 2247 catechumenos,

385 2275 655 2323 attamen
695 2272 845 2325 novit
887 2270 1187 2340 Christum,
1242 2260 1392 2330 novit
1425 2276 1604 2342 fidem,
1652 2277 1828 2330 divina
1876 2277 2026 2332 audit

421 2360 658 2431 eloquia,
693 2379 790 2418 non
836 2375 924 2420 est
976 2368 1165 2436 procul
1221 2369 1463 2423 a.divina
1520 2372 1846 2440 cognitione,
1879 2371 2026 2425 novit

417 2451 727 2509 Dominisui
752 2457 1110 2514 voluntatem.
1135 2459 1245 2514 Cur
1274 2459 1421 2531 igitur
1457 2462 1653 2528 differt,
1686 2479 1781 2518 cur
1802 2473 2026 2518 cuncta-

414 2555 504 2598 tur
527 2556 580 2599 et
599 2551 884 2604 moratur?

482 2643 631 2697 Bona
654 2645 754 2697 vita
781 2645 914 2698 nihil
937 2646 1141 2700 melius.
1161 2677 1230 2686 —-
1254 2645 1398 2702 Bona
1427 2650 1531 2703 vita
1565 2647 1693 2704 nihil
1723 2661 1802 2705 cst
1836 2649 2028 2706 melius

405 2749 464 2794 et
493 2738 584 2793 hic
602 2750 661 2794 et
689 2739 805 2794 illic
831 2782 844 2802 ,
879 2750 934 2794 et
968 2740 1022 2794 in
1056 2741 1123 2795 iis
1154 2743 1244 2811 qui
1276 2743 1650 2798 illumiuautur
1676 2755 1728 2797 et
1754 2745 1806 2798 in
1842 2746 1904 2798 iis
1938 2744 2028 2814 qui

401 2833 691 2888 catechesi
742 2834 1122 2888 instituuntur.
1173 2835 1303 2888 Nam
1347 2836 1492 2904 quid,
1517 2851 1726 2905 quaeso,
1747 2837 1902 2891 nobis
1949 2846 2033 2890 est

408 2937 758 2997 prmceptum
801 2943 969 2997 grate
1016 2940 1070 2982 et
1108 2928 1546 2982 intolerandum?
1577 2931 1724 2984 Habe
1755 2970 1770 2993 ,
1815 2931 2029 2998 inquit,

407 3034 647 3072 uwrem
676 3059 693 3082 ,
724 3027 781 3072 et
817 3021 892 3072 sis
927 3028 1238 3088 temperans
1274 3029 1328 3074 et
1367 3021 1672 3074 continens.
1725 3022 1910 3075 lloene
1952 3031 2035 3076 est

410 3113 649 3168 d:flicile
674 3115 699 3169 ?
729 3115 1029 3182 qumuodo,
1060 3129 1184 3168 cum
1217 3115 1420 3183 absque
1450 3131 1620 3168 uxore
1643 3114 1793 3167 mtdti
1826 3132 1883 3169 se
1903 3131 2031 3168 eon—

411 3208 534 3260 tiue
575 3218 636 3258 nt
665 3247 680 3268 ,
721 3223 832 3258 non
873 3207 1048 3258 Solum
1080 3205 1370 3259 Christiani
1398 3249 1412 3271 ,
1443 3205 1535 3259 sed
1562 3215 1614 3257 et
1642 3207 1855 3259 Graeci?
1883 3205 2035 3272 Quod

413 3299 652 3352 (ini-cus
683 3305 910 3365 saperet
941 3307 1166 3364 propter
1201 3297 1416 3351 inanem
1456 3299 1718 3366 gloriam,
1756 3308 1808 3352 tu
1841 3315 1905 3351 ne
1936 3299 2039 3353 hoc

410 3390 648 3459 quidem
696 3389 886 3444 Servas
934 3399 1158 3458 propter
1201 3390 1290 3443 Dei
1341 3390 1640 3444 timorem?
1681 3389 1789 3452 Da,
1823 3390 2038 3459 inquit,

414 3483 744 3553 pauperibus
773 3498 838 3536 ea:
874 3482 975 3534 tuis
1005 3481 1339 3551 facultatibus
1368 3481 1520 3550 (Tob.
1547 3481 1600 3536 4.
1631 3481 1713 3552 7).
1746 3483 1928 3536 Ilocne
1959 3490 2042 3536 est

415 3592 596 3646 grave
619 3587 675 3630 et
707 3575 1149 3630 intolerandum?
1171 3574 1275 3630 Sed
1303 3576 1390 3630 hic
1410 3591 1628 3646 quoque
1655 3591 1759 3630 nos
1785 3584 2046 3632 accusant

413 3669 632 3730 Gnrci,
667 3669 760 3738 qui
794 3683 986 3722 omnes
1017 3683 1145 3722 suas
1174 3668 1482 3722 effuderunt
1516 3668 1797 3724 facultates
1828 3679 2047 3739 propter

417 3762 659 3816 inanem
679 3759 931 3829 gloriam.
966 3757 1046 3813 Ne
1078 3759 1239 3813 verba
1272 3758 1512 3828 loquaris
1536 3760 1792 3815 obsccena
1823 3759 1961 3828 (Col.
1990 3760 2044 3816 5.

478 3872 571 3944 (a)_
599 3872 664 3921 Hi
691 3872 874 3944 oceani
915 3876 1115 3944 lictornes
1155 3885 1295 3944 erant
1326 3875 1375 3925 in
1413 3877 1521 3927 aula
1557 3879 1887 3944 Imperatoris.
1913 3887 2036 3941 Vide

406 3935 663 3992 Cangium
689 3937 740 3984 in
765 3936 1015 3985 GlosSario
1039 3937 1124 3985 Gr.
1151 3939 1210 3986 ad
1236 3953 1406 3988 vocem
1429 3956 1598 4000 Δαανός.

1212 313 1280 370 IN
1321 311 1539 368 EPIST.
1588 313 1674 367 Af)
1713 307 2082 367 HEBRAEOS.
2124 309 2279 365 CAP.
2325 309 2460 366 VIII.
2496 310 2736 378 HOMIL.
2777 311 2919 371 XIV.

3630 333 3732 389 HO

2131 410 2210 481 8).
2241 413 2423 470 Ilocne
2444 421 2799 480 estdiflicile?
2831 427 3051 482 Etiamsi
3085 446 3190 484 non
3217 441 3354 486 esset
3381 427 3730 502 praeceptum,

2130 519 2312 562 annon
2343 522 2624 581 oporteret
2663 532 2762 572 nos
2805 520 2876 574 ita
2904 536 3097 591 gerere
3121 565 3134 589 ,
3171 539 3238 577 ne
3272 525 3374 578 hoc
3403 525 3560 580 nobis
3589 537 3748 584 esset,

2128 612 2374 680 probro?
2403 615 2536 671 Nam
2570 619 2710 688 quod
2742 622 3071 674 contrarium
3102 622 3172 677 sit
3205 623 3422 680 difficile
3451 669 3467 692 ,
3501 627 3663 681 verba
3690 667 3707 690 ,

2138 704 2374 776 inquam,
2419 710 2562 776 loqui
2585 713 2861 779 obscaena,
2881 723 2964 768 est
2987 717 3326 784 perspicuum
3353 733 3416 772 ex
3447 717 3551 774 hoc
3575 721 3717 789 quod

2127 798 2336 866 pudore
2379 802 2611 857 afficitur
2645 813 2701 858 et
2745 805 3018 861 erubescit
3062 810 3276 863 animus
3307 851 3323 876 ,
3368 811 3411 864 si
3455 811 3723 869 adductus

2129 889 2289 945 fuerit
2318 902 2375 946 ut
2398 893 2502 947 tale
2532 895 2664 962 quid
2689 895 2850 963 dicat,
2879 908 2934 953 et
2964 914 3139 969 neque
3169 900 3335 968 dicet,
3368 903 3466 957 nisi
3500 905 3634 957 forte
3661 906 3733 960 sit

2133 981 2338 1037 ebrius.
2357 983 2469 1037 Cur
2497 986 2640 1038 enim
2671 987 2719 1039 in
2754 987 2871 1041 foro
2897 989 3112 1052 sedens,
3135 993 3345 1048 etiamsi
3368 994 3514 1048 domi
3542 995 3728 1059 facias,

2134 1075 2242 1130 illic
2273 1093 2377 1130 non
2406 1075 2542 1132 facis
2570 1077 2592 1128 ?
2627 1094 2806 1133 annon
2841 1091 3061 1152 prepter
3087 1098 3182 1138 eos
3216 1087 3301 1154 qui
3342 1087 3542 1142 adsunt
3569 1091 3593 1142 ?
3630 1104 3729 1142 cur

2132 1169 2175 1223 si
2206 1170 2344 1224 adsit
2367 1186 2502 1225 uxor
2529 1182 2639 1235 tua,
2664 1172 2715 1226 id
2741 1189 2846 1228 non
2879 1175 3010 1232 facis
3038 1178 3060 1231 ?
3086 1193 3266 1234 annon
3291 1189 3349 1234 ut
3371 1197 3438 1237 ne
3459 1199 3576 1237 eam
3609 1200 3733 1237 con-

2135 1263 2350 1316 tumelia
2377 1262 2580 1317 afficias
2605 1265 2628 1316 ?
2656 1265 2808 1332 Quod
2837 1281 2967 1336 ergo
2996 1279 3218 1339 propter
3258 1287 3478 1326 uxorem
3513 1292 3617 1329 non
3649 1276 3730 1328 fa-

2132 1354 2232 1418 cis,
2267 1355 2434 1408 Deum
2464 1359 2786 1411 contumelia
2818 1361 3061 1414 af'lieiens
3093 1378 3196 1415 non
3228 1365 3548 1419 erubescis?
3578 1369 3732 1422 adest

2133 1447 2276 1498 enim
2308 1447 2503 1516 ubique
2526 1456 2580 1500 et
2607 1448 2755 1502 audit
2788 1452 2991 1504 omnia.
3018 1452 3136 1507 Noli
3169 1495 3182 1513 .
3229 1454 3443 1523 inquit,
3479 1458 3732 1514 inebriari

2135 1536 2352 1608 (Ep/tes.
2389 1539 2441 1592 5.
2474 1539 2562 1608 18)
2595 1556 2608 1592 :
2637 1550 2807 1594 recte.
2838 1542 2968 1596 Nam
3000 1545 3163 1598 etiam
3199 1545 3301 1600 hoc
3335 1549 3508 1615 ipsum
3550 1566 3646 1619 per
3671 1567 3730 1606 se

2135 1644 2310 1682 annon
2339 1639 2421 1683 est
2447 1631 2811 1700 supplicium?
2846 1633 2963 1688 Non
2998 1636 3172 1700 dixit,
3224 1639 3482 1692 Distende
3529 1656 3728 1708 corpus

2136 1728 2318 1785 tuum;
2348 1721 2442 1776 sed
2470 1723 2594 1792 quid
2624 1724 2646 1777 ?
2677 1723 2792 1778 Noli
2826 1725 3080 1781 inebriari
3111 1747 3124 1782 :
3159 1729 3212 1782 id
3242 1740 3344 1795 est,
3395 1729 3472 1784 Ne
3495 1731 3572 1783 sic
3599 1732 3730 1785 illud

2139 1813 2450 1884 praecipites
2479 1857 2494 1881 ,
2537 1825 2593 1869 ιιι
2630 1817 2912 1872 auferatur
2947 1821 3282 1890 principatus
3327 1823 3542 1874 animze.
3595 1821 3671 1887 Qu
3699 1821 3734 1876 d

2129 1904 2285 1974 ergo?
2297 1919 2483 1957 annon
2499 1903 2752 1973 corporis
2765 1904 3021 1959 habenda
3033 1922 3166 1960 cura
3182 1907 3290 1961 est?
3303 1905 3482 1971 Absit,
3497 1923 3605 1960 non
3617 1907 3724 1962 hoc

2131 1997 2278 2059 dico,
2291 1996 2527 2052 sieenim
2542 1997 2746 2052 Paulus
2759 1999 3044 2069 praecepit:
3061 1999 3251 2054 Carnis
3265 2017 3452 2054 curam
3467 2018 3530 2053 ne
3545 2001 3727 2070 feceri-

2133 2091 2198 2143 tis
2210 2091 2263 2143 in
2283 2089 2554 2143 desideriis
2572 2089 2746 2155 (Rom.
2769 2091 2854 2145 15.
2878 2092 2986 2163 M).
3009 2093 3115 2147 Sed
3137 2109 3203 2146 ne
3226 2109 3416 2147 curam
3436 2109 3594 2163 geras
3608 2094 3728 2162 ejus

2136 2181 2621 2250 concupiscentim,
2653 2197 2722 2236 ne
2753 2183 2937 2252 rapias
2962 2200 3084 2253 quae
3114 2193 3206 2238 tua
3233 2201 3340 2238 non
3373 2194 3523 2246 sunt,
3549 2201 3616 2240 ne
3633 2202 3728 2256 per

2136 2273 2426 2327 avaritiam
2455 2273 2685 2328 invadas
2709 2275 2912 2339 aliena,
2943 2292 3014 2330 ne
3042 2277 3258 2346 pejercs
3291 2277 3506 2348 (Matth.
3545 2279 3597 2331 5.
3622 2278 3736 2347 55).

2139 2365 2470 2430 Quibusnam
2499 2374 2658 2433 egent
2687 2365 2805 2419 lure
2833 2365 3128 2429 laboribus,
3163 2368 3485 2436 quibusnam
3509 2369 3726 2422 sudori-

2143 2457 2242 2510 bus
2270 2473 2284 2509 :
2312 2455 2390 2511 Ne
2419 2455 2723 2510 crimineris
2746 2497 2759 2519 ,
2794 2456 2957 2526 inquit
2993 2499 3007 2519 ,
3040 2474 3104 2511 ne
3126 2459 3472 2511 calumnieris
3500 2457 3649 2524 (Luc.
3677 2461 3728 2514 5.

2145 2550 2258 2619 Η).
2291 2548 2422 2614 Quis
2455 2548 2505 2602 in
2535 2547 2633 2601 hac
2665 2563 2721 2602 re
2747 2549 2939 2602 labor?
2969 2549 3308 2604 Contrarium
3335 2552 3551 2620 quidem
3585 2564 3733 2606 certe

2145 2652 2228 2696 est
2258 2642 2427 2697 labor.
2462 2640 2595 2695 Nam
2627 2641 2841 2710 quando
2870 2643 3174 2697 maledictis
3205 2646 3531 2713 appetieris,
3561 2647 3740 2698 statim

2146 2756 2204 2794 es
2233 2739 2286 2793 in
2320 2737 2566 2807 periculo
2591 2779 2604 2799 ,
2638 2738 2686 2790 in
2714 2738 3045 2807 suspicione,
3077 2739 3153 2792 Ne
3184 2739 3318 2792 forte
3348 2739 3581 2793 audierit
3611 2740 3654 2791 is
3681 2741 3749 2794 de

2145 2847 2254 2902 quo
2285 2832 2390 2885 dixi
2419 2872 2435 2897 ,
2469 2831 2581 2884 sive
2611 2832 2682 2884 sit
2712 2847 2961 2900 magnus,
3017 2834 3131 2886 sive
3169 2849 3366 2904 parvus
3397 2851 3410 2888 :
3440 2849 3561 2887 nam
3599 2833 3642 2886 si
3679 2833 3751 2889 sit

2104 2972 2112 2982 ,
2151 2925 2366 2995 quidem
2394 2939 2640 2992 magnus,
2670 2926 2849 2977 statim
2883 2939 2941 2978 re
2972 2924 3082 2992 ipsa
3111 2925 3294 2979 venies
3327 2926 3376 2977 in
3404 2925 3698 2994 periculum
3725 2940 3742 2990 ;

2151 3017 2233 3072 sin
2265 3031 2460 3084 parvus
2485 3057 2498 3074 .
2531 3030 2627 3081 par
2652 3016 2765 3084 pari
2798 3014 2997 3070 referet
3028 3057 3041 3079 ,
3073 3020 3180 3070 imo
3205 3018 3453 3086 graviora
3491 3018 3753 3085 rependet

2151 3118 2205 3163 et
2251 3116 2300 3161 te
2347 3105 2642 3174 majoribus
2684 3116 2902 3174 appetet.
2948 3107 3274 3161 maledictis.
3304 3107 3446 3161 Nihil
3481 3109 3698 3163 difficile.
3735 3151 3750 3173 ,

2155 3199 2287 3253 nihil
2316 3213 2477 3268 grave
2509 3198 2665 3252 nobis
2695 3208 2778 3252 est
2812 3207 3162 3268 przeceptum,
3192 3199 3233 3253 si
3260 3201 3486 3254 velimus
3511 3219 3522 3253 :
3547 3203 3629 3254 sin
3657 3218 3752 3254 au-

2155 3303 2261 3346 tem
2288 3290 2544 3354 nolimus,
2571 3289 2730 3343 etiam
2756 3307 2873 3358 qua:
2904 3299 3030 3344 sant
3056 3291 3301 3344 facillima
3338 3335 3352 3354 ,
3392 3294 3546 3345 nobis
3575 3309 3744 3360 appa-

2153 3386 2349 3440 rebunt
2373 3386 2573 3456 gravia.
2601 3385 2736 3453 Quid
2765 3395 2842 3440 est
2873 3386 3079 3440 facilius
3105 3401 3264 3456 quam
3291 3386 3576 3442 comedere
3603 3388 3626 3442 ?
3656 3388 3752 3443 sed

2161 3487 2381 3547 propter
2423 3480 2644 3533 multant
2689 3480 2969 3534 mollitiem
2998 3480 3148 3534 multi
3181 3479 3230 3533 id
3261 3495 3474 3550 quoque
3502 3497 3646 3551 aegre
3675 3482 3755 3536 fe-

2159 3579 2290 3625 runt
2319 3589 2333 3625 :
2362 3573 2560 3626 multos.
2587 3572 2746 3626 audio
2777 3572 3019 3629 dicentes
3043 3616 3057 3638 ,
3101 3573 3244 3643 quod
3275 3574 3435 3629 etiam
3465 3575 3753 3630 comedere

2156 3669 2242 3716 est
2270 3661 2438 3718 labor.
2469 3663 2613 3717 Nihil
2643 3663 2831 3718 horum
2863 3676 2945 3718 est
2975 3665 3321 3730 laboriosum,
3343 3664 3532 3719 sivelis
3557 3683 3570 3718 :
3603 3683 3749 3726 nam.

2147 3767 2269 3806 cum
2313 3753 2480 3820 gratia
2523 3765 2776 3821 superna,
2813 3752 2864 3804 in
2909 3754 3181 3803 voluntate
3219 3753 3320 3803 sita
3372 3759 3498 3805 sunt
3543 3756 3745 3812 omnia.

2149 3846 2394 3902 Velimus
2436 3859 2564 3912 ergo
2614 3841 2790 3908 bona,
2841 3853 2898 3896 ut
2945 3843 3108 3898 etiam
3158 3843 3299 3899 bona
3341 3857 3739 3914 consequamur

2149 3949 2352 3995 mterna
2392 3979 2406 3998 ,
2439 3935 2606 3999 gratia
2632 3945 2685 3987 et
2711 3934 3057 4000 benignitate.

1798 4113 2147 4177 HOMlLlA
2197 4112 2372 4173 XIV.

400 4218 544 4275 CAP.
570 4216 628 4272 8.
661 4217 716 4272 ί.
760 4216 1054 4288 Capitulum
1085 4227 1257 4274 autem
1296 4231 1451 4289 super
1494 4235 1555 4273 ea
1596 4235 1711 4290 qua:
1739 4218 1980 4273 dicuntur
2006 4233 2026 4273 :

479 4310 678 4366 Talem
705 4311 951 4367 habemus
984 4313 1280 4382 pontiﬁcem
1307 4355 1323 4380 ,
1353 4314 1443 4383 qui
1471 4314 1698 4368 consedit
1736 4314 1789 4367 in
1819 4313 2031 4367 dextera

478 4405 630 4460 sedis
661 4406 1034 4477 magnitudinis
1059 4409 1112 4460 in
1134 4407 1272 4462 etatis
1293 4449 1308 4472 ,
1339 4407 1394 4462 Ω.
1426 4415 1716 4460 sanctorum
1746 4407 1976 4460 minister
1994 4446 2024 4468 _,

479 4509 536 4552 et
575 4496 902 4552 tabernaculi
940 4499 1050 4553 veri
1078 4540 1095 4567 ,
1133 4498 1271 4570 quod
1331 4499 1446 4568 ﬁxit
1483 4496 1738 4552 Dominus
1762 4539 1778 4563 ,
1833 4506 1878 4552 et
1924 4514 2028 4552 non

484 4594 671 4649 homo.

480 4689 512 4743 ι
527 4727 541 4740 .
569 4687 650 4758 (α)
666 4685 896 4743 Humilia
920 4687 1246 4744 sublimibus
1268 4687 1535 4744 admiscet
1555 4687 1770 4756 Paulus,
1786 4688 2031 4759 quisem-

401 4794 515 4850 per
540 4793 704 4834 suum
736 4778 981 4834 imitatur
1010 4779 1324 4850 Magistrum
1351 4821 1366 4844 ,
1400 4791 1459 4833 ut
1491 4779 1711 4834 humilia
1735 4779 1875 4834 viam
1910 4796 2029 4853 mu-

398 4874 571 4928 niant
609 4871 678 4926 ad
706 4872 958 4928 sublimia
986 4913 1001 4937 ,
1030 4881 1085 4928 et
1117 4888 1214 4942 per
1253 4887 1318 4928 ea
1346 4871 1414 4926 ad
1460 4872 1547 4926 illa
1581 4871 1936 4934 deducamnr,
1970 4878 2029 4925 et

396 4980 536 5021 cum
571 4963 644 5019 ad
675 4979 868 5034 magna
893 4966 1321 5032 pervenerimus,
1341 4965 1614 5021 discamus
1637 4981 1699 5020 ea
1731 4967 1895 5020 fuisse
1917 4979 2028 5019 sua:

400 5056 770 5112 demissionis
789 5056 855 5112 ad
881 5067 1096 5127 captum
1121 5068 1384 5112 nostrum.
1414 5057 1527 5112 Hoc
1546 5073 1676 5127 ergo
1705 5057 1790 5112 hic
1815 5073 2028 5127 quoque

407 5149 585 5204 facit:
620 5148 814 5204 dicens
856 5149 1000 5221 quod
1040 5165 1102 5206 se
1140 5149 1430 5216 obtulerit,
1468 5160 1524 5205 et
1558 5166 1680 5204 eum
1710 5149 2022 5218 pontificem

402 5258 539 5298 eum
571 5257 701 5299 esse
738 5243 1089 5310 ostendisset,
1123 5243 1253 5298 dicit
1285 5261 1298 5298 :
1333 5243 1627 5314 Capitulnm
1665 5253 1833 5298 autem
1874 5258 2029 5312 super

400 5352 468 5390 ea
493 5351 617 5408 quae
641 5335 886 5390 dicuntur
914 5351 932 5392 :
956 5333 1140 5390 Talem
1165 5336 1408 5389 habemus
1433 5335 1745 5406 pontiﬁcem,
1774 5334 1862 5404 qui
1889 5351 2017 5386 con-

399 5427 541 5483 sedit
572 5427 627 5482 in
651 5425 862 5482 dextera
880 5426 1018 5484 sedis
1039 5426 1409 5498 magnitudinis
1447 5427 1499 5480 in
1521 5426 1687 5480 ctelis.
1728 5425 1893 5496 Atqui
1925 5424 2027 5480 hoc

466 5614 550 5676 (α)
562 5610 829 5664 Homiliam
844 5611 918 5662 sic
929 5610 1102 5676 incipit
1115 5605 1505 5676 _Colb.0uom_odo
1519 5604 1598 5655 hic
1611 5601 1797 5676 dicitur
1809 5600 2030 5676 minister

466 5623 550 5676 (tl)
566 5623 829 5664 ﬂammam
844 5625 918 5662 sne
930 5623 1025 5660 met
1065 5623 1102 5658 It
1118 5623 1505 5669 Lompuomoao
1519 5623 1598 5655 mc
1615 5623 1796 5673 tttcuur
1809 5623 2029 5673 natustcr

403 5682 452 5727 et
479 5675 708 5726 minister
731 5682 1008 5738 sanctorum
1027 5623 1062 5723 ᾧ)
1073 5671 1153 5722 hic
1175 5669 1304 5738 enim
1340 5665 1702 5738 tabernaculum
1736 5667 1875 5738 dicit.
1909 5663 2031 5713 Vide

398 5739 655 5799 quomodo
691 5737 847 5787 erexit
880 5736 1073 5785 animas
1112 5734 1415 5799 (mimorum.
1451 5732 1531 5782 Sit:
1570 5731 1867 5792 ['uucissitltis
1896 5741 2030 5776 ama-

402 5795 620 5851 nuensis
642 5799 729 5852 ille
753 5799 904 5850 multa
930 5795 1327 5862 comprehendit.

2143 4230 2250 4271 non
2280 4215 2660 4286 estpontifieis,
2692 4215 2788 4273 sed
2809 4216 2948 4286 ejus,
2986 4215 3073 4272 cui
3094 4223 3309 4287 oportet
3336 4214 3481 4287 fungi
3514 4231 3739 4274 munere

2141 4307 2456 4366 sacerdotis.
2480 4308 2788 4365 Sanctorum
2815 4308 3058 4362 minister.
3077 4307 3187 4364 Nec
3203 4307 3442 4362 absolute
3471 4308 3735 4375 minister,

2141 4399 2575 4462 sed,Sanct0rum
2621 4402 2868 4457 minister.
2900 4401 2969 4456 Et
2995 4401 3309 4456 tabernaculi
3345 4401 3447 4455 veri
3471 4401 3607 4470 quod
3627 4402 3740 4468 [ia-it

2138 4493 2408 4557 Dominus,
2436 4506 2482 4550 et
2498 4513 2599 4550 non
2615 4496 2784 4550 homo.
2802 4495 2964 4551 Vides
2993 4495 3074 4550 sui
3102 4494 3522 4551 demissionem?
3545 4497 3737 4548 Annon

2142 4587 2302 4657 paulo
2327 4597 2451 4642 ante
2476 4576 2740 4654 distinxit,
2774 4588 2958 4644 dicens
2983 4605 2996 4641 :
3025 4587 3210 4642 Nonne
3237 4603 3410 4641 omnes
3431 4596 3546 4640 sunt
3567 4586 3737 4639 admi-

2149 4678 2430 4731 nistrator-ii
2453 4680 2666 4746 spiritus
2700 4678 2720 4748 (
2750 4678 2910 4733 Hebr.
2943 4679 2995 4733 1.
3031 4677 3179 4747 ΜνΓῖ
3223 4677 3293 4732 Et
3319 4687 3603 4748 propterea
3631 4691 3738 4730 non

2139 4767 2362 4821 audiunt
2385 4810 2400 4834 ,
2435 4768 2570 4824 Sede
2613 4786 2646 4823 a
2684 4770 2876 4824 dextris
2919 4769 3063 4822 meis.
3099 4768 3211 4822 lloc
3246 4780 3426 4822 autem
3455 4769 3571 4830 ait,
3594 4767 3738 4836 quod

2139 4862 2359 4916 omnino
2390 4876 2495 4916 non
2525 4863 2596 4917 sit
2622 4863 2866 4918 minister
2891 4860 2980 4932 qui
3009 4859 3181 4916 sedet.
3201 4859 3484 4928 Quomodo
3515 4874 3642 4928 ergo
3658 4858 3740 4912 di-

2139 4963 2260 5008 ctus
2287 4965 2369 5009 eSt
2390 4953 2478 5009 hic
2498 4956 2742 5010 minister
2754 4953 3090 5009 sanctorum?
3111 4951 3534 5006 Tabernaculum
3557 4963 3736 5004 autem

2119 5091 2122 5094 .
2143 5046 2232 5102 hic
2257 5048 2448 5104 crelum
2470 5049 2620 5104 dicit.
2656 5049 2779 5105 ideo
2807 5049 2968 5102 etiam
2996 5055 3054 5100 ut
3076 5046 3323 5100 ostendat
3349 5059 3506 5112 quam
3527 5042 3741 5096 dilTerat

2135 5163 2164 5201 a
2190 5145 2432 5208 Jttdaico,
2480 5141 2630 5206 dicit,
2665 5138 2813 5207 Quod
2844 5138 2955 5207 [ixit
2981 5135 3152 5200 Deus,
3184 5144 3230 5189 et
3257 5150 3358 5188 non
3380 5133 3548 5186 homo.
3598 5131 3735 5187 Vide

2136 5235 2410 5305 quomodo
2446 5231 2623 5288 erexit
2665 5231 2878 5285 animos
2918 5243 3106 5282 eorum
3149 5226 3239 5297 qui
3281 5223 3629 5280 crediderunt
3671 5223 3723 5277 in

2137 5327 2360 5384 Juda-zis.
2411 5325 2547 5380 Nam
2590 5321 2844 5392 quoniam
2874 5318 3170 5382 verisimile
3201 5326 3319 5373 erat
3349 5332 3445 5377 eos
3476 5316 3738 5386 imagina-

2139 5431 2223 5475 tos
2250 5434 2369 5474 esse
2400 5431 2500 5472 nos
2540 5430 2646 5470 non
2679 5411 3025 5473 haberetale
3066 5410 3474 5480 tabernaculum
3508 5426 3522 5462 :
3557 5409 3732 5474 Ecce,

2141 5510 2334 5581 inquit,
2363 5507 2640 5573 sacerdos,
2673 5514 2727 5560 et
2757 5518 3006 5574 magnus,
3037 5513 3092 5558 et
3119 5502 3212 5558 illo
3235 5497 3406 5572 multo
3437 5500 3608 5570 major
3633 5543 3649 5565 ,
3682 5509 3740 5554 ut

2141 5600 2514 5658 admirabilius
2555 5597 2751 5654 obtulit
2803 5594 3156 5668 sacrificium.
3205 5595 3276 5649 At
3320 5591 3578 5664 numquid
3623 5591 3740 5646 haec

2143 5703 2268 5750 sunt
2303 5692 2561 5763 jactantia
2610 5699 2664 5746 et
2706 5689 2869 5744 animi
2901 5675 3246 5764 ioblectatio?
3282 5673 3574 5754 Prbpterea
3622 5698 3736 5737 rem

2146 5791 2293 5863 prius
2325 5787 2450 5844 facit
2477 5783 2791 5842 credibilem
2819 5799 2884 5840 ex
2906 5779 3259 5854 jurejurando
3281 5822 3296 5847 ,
3333 5768 3532 5835 deinde
3575 5776 3738 5832 etiam
