4172 6448
531 302 628 358 ΙΙΙ

520 437 584 476 ex
618 418 986 475 tabernaculo.
1020 417 1151 473 Erat
1169 414 1382 487 quidem
1406 414 1523 471 htec
1548 429 1766 486 quoque
1792 425 1976 486 aperta
2002 414 2102 471 dif-

516 514 745 569 ferentia
772 531 784 566 :
816 512 933 581 ipse
954 526 1084 566 vero
1103 510 1261 564 aliam
1288 523 1503 578 quoque
1527 508 1795 579 excogitat
1826 525 1841 565 :
1878 508 2026 574 Quod
2040 508 2104 578 ﬁ-

517 606 594 663 ait
620 647 635 670 ,
666 605 838 674 inquit
861 645 876 667 ,
904 602 1067 667 Deus,
1099 611 1145 655 et
1195 617 1297 656 non
1326 601 1495 655 homo.
1528 600 1631 656 Ubi
1654 609 1779 655 sunt
1801 601 1890 670 qui
1916 599 2104 655 dicunt

515 695 723 755 tuoveri
769 695 962 751 emtum
989 694 1012 746 ?
1039 693 1127 749 ubi
1176 700 1306 749 sunt
1346 693 1436 762 qui
1485 692 1836 763 pronuntiant
1883 690 1939 747 id
1983 705 2105 747 esse

512 788 840 856 sphaericum
862 785 966 856 (a)?
989 793 1213 855 utraque
1230 784 1373 839 enim
1398 782 1482 839 hic
1497 794 1622 837 stult
1637 783 1860 838 sublata.
1886 781 2105 850 Capitat-

515 879 623 932 lum
646 885 835 941 autem,
859 875 1053 945 inquit,
1082 891 1237 944 super
1258 891 1317 928 ea
1338 890 1451 943 qua
1475 874 1733 929 dicuntur.
1761 873 1937 943 Caput
1964 887 2106 929 sem-

517 984 619 1039 per
656 966 855 1023 dicitur
901 963 955 1021 id
999 964 1143 1035 quod
1178 972 1263 1021 est
1301 964 1616 1021 maximum.
1650 964 1856 1018 Rursus
1882 962 2106 1019 dimittit

516 1060 815 1118 orationem
844 1078 859 1112 :
889 1072 1013 1114 cum
1041 1058 1270 1112 dixisset
1295 1055 1441 1126 quod
1469 1065 1554 1112 est
1581 1055 1814 1113 sublime
1836 1096 1850 1120 ,
1884 1054 2103 1109 humilia

525 1161 711 1224 postea
740 1150 911 1206 libere
954 1148 1178 1221 profert.
1229 1147 1436 1203 Deinde
1478 1157 1537 1202 ut
1570 1147 1709 1203 scias
1750 1146 1892 1216 quod
1922 1146 2052 1200 illud
2084 1186 2100 1209 ,

517 1243 755 1298 Minister
781 1284 797 1309 ,
827 1242 1032 1297 dictum
1070 1240 1137 1295 sil
1167 1240 1237 1295 de
1278 1239 1612 1294 humanitate
1638 1280 1654 1305 ,
1685 1238 1808 1292 vide
1829 1235 2102 1307 quomodo

514 1349 710 1392 rursus
738 1336 841 1388 hoc
864 1332 1149 1403 signiﬁcet.
1179 1331 1233 1386 5.
1261 1328 1437 1384 Omnis
1457 1330 1590 1383 enim
1614 1330 1842 1398 pontifex
1860 1370 1875 1394 ,
1906 1327 2100 1396 inquit,

514 1426 585 1480 ad
627 1423 944 1492 o/I'erendum
984 1437 1199 1475 munera
1234 1431 1280 1475 et
1324 1420 1512 1475 hostias
1547 1419 1871 1474 constituitur
1901 1433 1920 1471 :
1953 1417 2103 1473 Unde

515 1532 717 1572 necesse
761 1523 836 1570 est
879 1523 925 1568 et
963 1512 1098 1566 hunc
1145 1511 1327 1565 habere
1362 1509 1557 1581 aliquid
1585 1509 1719 1580 quod
1748 1505 1951 1575 olferat.
1980 1506 2058 1562 Nc
2084 1548 2100 1573 ,

516 1607 770 1679 quoniam
788 1604 940 1660 audis
959 1619 1080 1660 eum
1100 1602 1309 1667 sedere,
1334 1603 1605 1657 existimes
1626 1617 1747 1658 esse
1774 1615 1940 1671 nugas
1959 1600 2099 1671 quod

516 1701 693 1756 dictus
728 1699 799 1754 sit
826 1698 1063 1773 poutilex
1090 1713 1102 1748 :
1129 1710 1251 1750 nam
1290 1694 1417 1749 illud
1447 1693 1662 1765 quidem
1692 1703 1777 1750 est
1807 1694 1899 1749 Dei
1928 1693 2101 1764 digni-

515 1791 645 1847 tatis
667 1832 683 1858 ,
716 1804 906 1859 nempe
942 1788 1168 1853 sedere;
1212 1787 1314 1842 hoc
1337 1794 1515 1842 autem
1544 1787 1728 1841 multa:
1766 1786 1820 1841 in
1850 1786 2098 1842 homines

514 1881 904 1944 benevolentia:
934 1889 988 1935 et
1014 1894 1220 1950 magnas
1242 1893 1384 1934 cura:
1412 1893 1571 1948 quam
1599 1879 1765 1933 metri
1789 1878 1942 1948 gerit.
1964 1878 2100 1933 Pro-

514 1984 698 2044 pterea
728 1973 831 2028 hoc
862 1972 1013 2038 lenit,
1042 1983 1098 2027 et
1124 1973 1176 2026 in
1200 1987 1267 2026 eo
1291 1970 1491 2027 diutius
1520 1971 1837 2027 immoratur
1868 1989 1881 2024 :
1925 1971 2107 2028 timuit

515 2059 662 2115 enim
709 2075 778 2116 ne
820 2062 948 2117 illud
988 2070 1275 2118 everteret.
1318 2063 1614 2131 PrOpterea
1660 2062 1728 2118 ad
1776 2063 1877 2118 hoc
1919 2078 2106 2118 rursus

514 2149 732 2205 deducit
750 2155 1070 2219 orationem,
1089 2155 1341 2225 quoniam
1363 2155 1675 2226 quaerebant
1694 2155 1859 2225 aliqui
1887 2173 1901 2211 :
1927 2157 2108 2223 Quare

514 2249 601 2294 est
636 2251 880 2299 mortuus
904 2286 920 2307 ,
948 2260 1070 2300 cum
1108 2254 1254 2301 esset
1296 2245 1553 2302 sacerdos
1577 2236 1882 2303 tsaeerdos
1922 2254 2104 2301 autem

515 2345 626 2388 non
658 2342 743 2389 est
780 2335 983 2407 absque
1028 2336 1296 2393 sacriﬁcio
1326 2356 1340 2392 :
1371 2346 1583 2407 oportet
1622 2353 1752 2407 ergo
1797 2352 1920 2392 eum
1970 2352 2107 2408 quo-

512 2437 618 2492 que
656 2423 856 2481 habere
898 2427 1243 2485 sacriﬁcium.
1300 2428 1552 2499 Alioquin
1608 2438 1788 2483 autem
1842 2444 1963 2484 cum
2016 2429 2103 2484 di-

513 2513 687 2570 xisset
739 2517 879 2587 quod
939 2518 1011 2573 sit
1072 2518 1213 2589 apud
1263 2533 1489 2588 superos
1519 2559 1536 2586 ,
1583 2519 1714 2575 dicit
1766 2520 2106 2579 et,081endit

510 2608 657 2677 quod
712 2610 787 2666 sit
837 2611 1091 2668 sacerdos
1144 2612 1415 2684 undique,
1444 2628 1509 2668 ex
1563 2612 1997 2681 Melchisedech,
2034 2628 2101 2670 ex

505 2700 813 2771 iuramento
838 2744 854 2769 ,
895 2721 958 2759 ex
1001 2720 1070 2761 eo
1111 2705 1256 2776 quod
1288 2705 1479 2761 oll‘crat
1509 2705 1849 2761 sacriﬁcium.
1897 2706 1971 2761 Ex
2000 2706 2103 2762 hoc

511 2792 583 2847 de
608 2803 815 2850 (uetere
840 2797 999 2850 etiam
1039 2797 1204 2852 alium
1249 2798 1489 2853 contexit
1530 2799 1920 2869 syllogismum.
1951 2799 2004 2854 4.
2037 2798 2100 2854 Si

510 2901 633 2954 ergo
658 2898 804 2950 esset.
825 2889 1016 2959 inquit,
1032 2907 1186 2960 super
1203 2900 1410 2955 terram,
1444 2909 1532 2946 nec
1551 2902 1681 2946 esset
1706 2896 1961 2960 sacerdos,
1981 2909 2104 2954 cum

509 2986 672 3030 essent
693 2980 980 3033 sacerdotes
1005 2980 1094 3049 qui
1121 2979 1360 3047 offerrent
1384 2982 1658 3036 secundum
1681 2984 1840 3055 legem
1864 2999 2095 3042 munera.

509 3067 569 3124 Si
597 3085 727 3142 ergo
764 3079 847 3127 est
882 3073 1136 3129 sacerdos
1160 3115 1175 3139 ,
1203 3076 1343 3130 sicut
1369 3084 1516 3132 certe
1545 3085 1648 3140 est,
1680 3087 1891 3146 oportet
1921 3077 2096 3148 ipsum

510 3181 756 3237 quaerere
796 3170 961 3225 alium
1002 3170 1203 3227 locum.
1245 3171 1378 3227 Nam
1421 3173 1464 3227 si
1504 3183 1649 3228 esset
1690 3174 1904 3244 quidem
1934 3188 2098 3244 super

508 3268 730 3327 terram,
751 3277 854 3316 non
868 3269 1015 3318 esset
1033 3263 1305 3319 sacerdos.
1332 3264 1612 3333 Quomodo
1630 3266 1818 3321 enim?
1846 3266 1962 3322 Non
1990 3267 2095 3322 ob-

506 3351 737 3419 tulisset,
756 3368 861 3409 non
880 3355 1089 3411 functus
1103 3366 1250 3413 esset
1266 3373 1489 3414 munere
1513 3359 1868 3426 sacerdotali;
1901 3370 1957 3416 et
1974 3360 2097 3432 jure

503 3444 720 3514 quidem
748 3462 761 3500 :
793 3462 913 3500 nam
942 3447 1062 3503 istic
1081 3449 1583 3506 erantsacerdotes.
1606 3450 1675 3506 Et
1696 3451 1933 3507 ostendit
1953 3452 2096 3522 quod

503 3552 605 3593 nec
626 3536 744 3594 ﬁeri
767 3539 936 3607 potuit
962 3548 1023 3595 ut
1046 3551 1190 3597 esset
1219 3542 1473 3598 sacerdos
1499 3558 1663 3613 super
1684 3554 1880 3600 terram
1915 3563 1928 3601 :
1962 3560 2098 3616 quo-

500 3629 667 3684 modo
683 3630 866 3685 enim?
884 3631 1155 3703 Siquidem
1187 3648 1363 3703 neque
1386 3636 1715 3691 assurrectio
1741 3644 1879 3704 erat,
1898 3636 2093 3708 inquit.

576 3721 733 3776 Pauli
757 3721 1048 3794 prudentia.
1074 3724 1266 3780 —Hie
1318 3741 1541 3782 necesse
1566 3735 1651 3782 est
1698 3738 1932 3784 mentem
1977 3730 2092 3786 eri-

496 3828 653 3885 gere,
698 3825 756 3871 et
794 3816 1148 3886 apostolicam
1186 3818 1545 3889 contemplari
1568 3819 1910 3890 prudentiam
1934 3839 1948 3876 :
1976 3838 2097 3878 rur-

499 3922 596 3965 sus
639 3908 784 3964 enim
834 3910 1074 3966 ostendit
1122 3909 1480 3966 diﬂ'erentiam
1528 3912 1838 3968 sacerdotii.
1891 3916 1947 3971 5.
1993 3915 2095 3985 Qui

514 3999 836 4071 exemplari,
883 4000 1092 4069 inquit,
1140 4010 1189 4054 et
1234 4001 1426 4056 umbrae
1471 4004 1754 4058 deserviunt
1796 4005 2089 4063 caelestium.

502 4090 761 4159 Quaenam
791 4091 879 4147 hic
902 4091 1033 4148 dicit
1055 4093 1330 4149 cazlestia?
1350 4092 1659 4164 Spiritualia
1686 4113 1699 4149 :
1728 4112 1852 4151 nam
1882 4098 2091 4153 etiamsi

499 4186 728 4256 mystice
758 4184 890 4241 ﬁant
922 4200 1086 4256 super
1118 4195 1338 4253 terram,
1368 4197 1494 4243 sunt
1534 4197 1711 4245 tamen
1744 4190 1901 4261 digna
1929 4192 2091 4248 caele-

498 4277 692 4332 stibus.
716 4276 948 4345 Quando
968 4279 1119 4334 enim
1152 4279 1413 4335 Dominus
1441 4291 1626 4336 noster
1664 4281 1821 4336 lesus
1847 4280 2093 4338 Christus

497 4369 819 4438 proponitur
842 4377 1109 4423 mactatus
1150 4379 1206 4425 et
1246 4370 1554 4426 immolatus
1575 4410 1589 4433 ,
1620 4371 1834 4439 quando
1877 4371 2092 4427 advenit

500 4458 771 4530 Spiritus,
801 4459 1020 4530 quando
1062 4460 1154 4517 hic
1191 4461 1348 4517 adest
1382 4462 1476 4532 qui
1516 4461 1672 4516 sedet
1709 4461 1776 4516 ad
1817 4461 2093 4517 dexteram

500 4548 698 4616 Patris,
731 4550 948 4621 quando
978 4551 1113 4606 ﬁunt
1143 4551 1235 4606 lilii
1263 4567 1362 4623 par
1388 4552 1685 4614 lavacrum,
1724 4551 1946 4620 quando
1967 4561 2095 4608 sunt

500 4642 648 4698 cives
673 4656 859 4697 eorum
885 4642 973 4712 qui
1002 4651 1126 4698 sunt
1150 4643 1205 4698 in
1236 4642 1384 4698 cretis
1407 4683 1423 4709 ,
1448 4640 1665 4711 quando
1693 4640 1806 4697 illic
1830 4640 2093 4698 habemus

499 4734 729 4806 patriam
761 4742 815 4789 et
851 4735 1158 4801 civitatem,
1200 4733 1419 4803 quando
1449 4732 1537 4788 hic
1588 4746 1776 4787 sumus
1814 4733 2089 4803 peregrini

498 4837 555 4883 et
597 4826 836 4895 hospites
871 4826 1141 4897 quomodo
1180 4841 1287 4882 non
1332 4830 1459 4880 sunt
1482 4822 1597 4878 haec
1619 4823 1797 4877 omnia
1821 4822 2091 4877 caelestia?

571 4915 624 4968 2.
658 4916 796 4983 Quid
828 4918 995 4973 vero?
1040 4916 1223 4989 hymni
1256 4931 1363 4971 non
1408 4926 1534 4971 sunt
1577 4917 1863 4974 caelestes?
1906 4933 2087 4973 annon

497 5023 620 5078 quae
653 5008 792 5079 apud
822 5024 1049 5079 superos
1086 5014 1289 5063 canunt
1330 5005 1483 5062 ebori
1514 5007 1784 5063 Virtutum
1835 5009 2089 5080 incorpo-

498 5112 738 5166 rearum,
767 5114 831 5155 ea
859 5115 960 5155 nos
985 5113 1202 5170 quoque
1230 5099 1319 5169 qui
1348 5097 1486 5156 inira
1508 5115 1697 5155 sumus
1716 5102 1962 5157 cauimus
1984 5103 2109 5159 illis

497 5191 890 5246 consonantia?
915 5207 1097 5246 annon
1137 5201 1193 5246 et
1219 5206 1310 5246 ara
1340 5201 1423 5248 est
1450 5192 1721 5248 caelestis?
1766 5193 2088 5262 Quomodo?

500 5283 636 5338 nihil
665 5283 826 5340 habet
849 5283 1066 5339 carnale
1095 5300 1110 5338 :
1138 5294 1264 5341 sunt
1287 5284 1586 5356 spiritualia
1615 5287 1795 5341 omnia
1823 5303 1942 5358 quae
1963 5296 2090 5343 sunt

500 5378 779 5447 proposita
813 5393 827 5429 :
856 5390 966 5430 non
994 5375 1047 5429 in
1082 5377 1317 5433 cinerem
1342 5420 1359 5445 ,
1400 5394 1506 5433 non
1536 5380 1589 5433 in
1616 5378 1823 5435 iunium
1849 5421 1865 5448 ,
1897 5395 2005 5435 non
2034 5382 2088 5436 in

502 5468 749 5522 nidorem
780 5464 1099 5522 diﬁenditur
1126 5469 1469 5536 sacriﬁcium,
1499 5469 1594 5526 sed
1625 5471 1904 5537 splendida
1935 5472 2090 5527 heta-

504 5572 611 5629 que
637 5555 804 5612 efﬁcit
828 5572 950 5628 quae
978 5568 1104 5615 sunt
1128 5561 1424 5632 proposita.
1454 5561 1736 5630 Quomodo
1768 5569 1950 5619 autem
1980 5577 2090 5619 non

564 5763 640 5835 (α)
649 5765 952 5835 βμὶιεεινὶῳπη
978 5780 1089 5822 esse
1101 5771 1272 5823 caelum
1284 5772 1496 5835 negabat
1512 5771 1888 5833 Chrysnslomus.
1907 5774 2006 5832 Qua
2022 5773 2088 5825 de

502 5834 560 5878 re
586 5829 701 5880 vide
719 5844 827 5895 qua:
850 5832 1063 5884 diximus
1079 5836 1129 5885 in
1152 5829 1443 5886 Prwlatiéine
1470 5836 1526 5885 ad
1552 5829 1768 5887 Cosmum
1793 5829 2083 5902 digyp'ium.

1250 306 1307 365 S.
1349 305 1627 364 JOANSIS
1662 296 2141 360 GilRYSOSTOIlI
2206 297 2526 355 ARCHIEP.
2567 294 3101 354 CONSTANTINOP.

3688 293 3789 349 *ΗΞ

2208 406 2333 450 sunt
2356 399 2590 454 celestis
2619 416 2738 469 quae
2765 388 3114 471 perﬁciuntur
3136 410 3413 479 mysteria,
3437 426 3558 467 cum
3591 428 3655 469 ex
3687 430 3791 486 quo

2209 486 2410 542 dictum
2432 498 2534 555 est,
2562 488 2792 558 Quorum
2824 494 3129 552 rctinireritis
3167 513 3392 570 peccata,
3410 515 3604 560 retenta
3630 520 3746 561 sunt
3769 526 3790 575 ;

2204 594 2417 648 quorum
2437 582 2745 648 remiseritis,
2764 587 3084 643 remittuntur
3101 589 3276 661 (Ioan.
3295 594 3385 650 20.
3403 596 3519 668 23),
3540 599 3634 669 qui
3651 616 3794 657 nune

2207 673 2512 728 ministrant
2530 674 2635 729 sibi
2678 677 2811 747 ipsis
2836 678 2889 733 id
2919 680 3092 749 ipsum
3119 683 3345 739 audiunt
3371 687 3617 744 dictum?
3661 707 3789 762 quo-

2194 766 2366 821 ‘modo
2392 781 2496 821 non
2536 769 2712 824 omnia
2731 772 2962 827 emlestia
2983 788 3102 828 cum
3135 775 3187 830 hi
3217 779 3374 833 etiam
3395 780 3570 836 claves
3597 782 3797 840 habent

2204 857 2353 925 regni
2381 858 2672 914 caelorum?
2728 860 2829 928 Qui
2854 865 3152 934 emnplari,
3179 867 3367 939 inquit,
3395 880 3442 926 et
3483 873 3674 928 untbra:
3700 877 3795 929 de-

2202 950 2424 1004 serviunt
2439 951 2733 1020 ccclestium,
2761 955 2892 1011 sicut
2916 973 3208 1027 responsum
3229 973 3302 1016 est
3318 961 3502 1035 Moysi
3530 982 3641 1020 cum
3665 940 3790 1023 con-

2203 1053 2476 1096 summaret
2509 1045 2889 1100 tabernaculum
2918 1063 2938 1103 :
2973 1048 3118 1118 Vide,
3140 1052 3319 1123 inquit,
3344 1057 3513 1110 omnia
3536 1059 3692 1130 facito
3714 1076 3797 1115 se-

2203 1132 2427 1185 cundum
2442 1136 2701 1204 exemplar
2725 1137 2861 1207 quod
2884 1139 2973 1193 tibi
2996 1150 3250 1196 ostensum
3275 1154 3347 1199 est
3367 1146 3420 1199 in
3446 1160 3630 1203 monte.
3647 1150 3797 1217 Que-

2206 1225 2346 1283 niam
2389 1226 2600 1281 auditus
2628 1237 2810 1285 noster
2849 1238 2937 1286 est
2972 1232 3040 1286 ad
3068 1232 3380 1293 discendum
3402 1239 3606 1296 tardior
3630 1259 3796 1312 quam

2205 1317 2350 1374 visus
2378 1322 2509 1391 (non
2536 1323 2678 1377 enim
2705 1338 2827 1393 qua:
2850 1325 3176 1383 audierimus
3216 1329 3468 1386 similiter
3497 1332 3569 1388 ita
3594 1336 3780 1393 animo

2202 1411 2520 1470 mandamus
2554 1424 2716 1485 atque
2761 1432 2881 1486 qua:
2921 1418 3260 1493 viderimus),
3308 1425 3545 1480 ostendit
3572 1428 3623 1483 ei
3673 1443 3797 1484 oru-

2204 1506 2312 1560 nia.
2363 1508 2471 1562 Aut
2513 1509 2615 1564 hoc
2649 1509 2718 1565 ab
2742 1511 2991 1582 exemplo
3010 1514 3247 1569 ostendit
3270 1524 3326 1571 et
3356 1518 3563 1581 umbra,
3606 1530 3698 1575 aut
3724 1522 3799 1579 de

2202 1601 2407 1669 templo
2444 1601 2834 1673 subintelligit;
2868 1605 3141 1676 subjunxit
3177 1609 3358 1676 enim,
3396 1609 3542 1679 Vide,
3589 1613 3785 1682 inquit,

2200 1690 2377 1745 omnia
2402 1691 2558 1762 facito
2572 1694 2852 1749 secundum
2881 1698 3140 1767 exemplar
3158 1700 3293 1768 quod
3315 1700 3405 1755 tibi
3427 1712 3682 1758 ostensum
3717 1716 3796 1760 est

2202 1782 2258 1835 in
2279 1792 2468 1839 monte.
2495 1783 2763 1855 Numquid
2792 1786 2922 1842 vidit
2955 1786 3023 1842 de
3061 1791 3461 1847 constructione
3488 1795 3667 1863 templi
3696 1811 3794 1850 so-

2202 1872 2338 1943 lum,
2365 1888 2435 1930 an
2459 1875 2525 1931 de
2554 1875 2849 1946 sacriﬁciis,
2871 1886 2927 1934 et
2951 1878 3019 1935 de
3040 1880 3158 1935 aliis
3182 1882 3431 1937 omnibus
3456 1882 3479 1936 τ
3506 1883 3618 1938 Ιτηο
3663 1901 3798 1940 vero

2201 1979 2305 2021 nec
2341 1965 2665 2022 aberraverit
2693 1968 2781 2038 qui
2814 1970 2915 2024 hoc
2949 1970 3109 2025 etiam
3139 1971 3349 2027 dixerit.
3382 1973 3618 2032 Εαξιεειὶε
3644 1976 3797 2032 enim

2199 2069 2285 2116 est
2301 2059 2558 2125 Ecclesia,
2573 2070 2628 2115 et
2651 2062 2781 2116 nihil
2808 2062 2950 2120 aliud
2970 2079 3129 2134 quam
3153 2065 3363 2121 caelum.
3378 2067 3433 2122 6.
3448 2065 3600 2121 Nunc
3627 2080 3803 2124 autem

2202 2152 2383 2208 melius
2405 2153 2610 2208 sortitus
2627 2165 2701 2208 est
2720 2157 3073 2224 ministerium,
3101 2169 3290 2229 quanto
3310 2170 3357 2214 et
3387 2162 3609 2216 melioris
3630 2173 3790 2217 testa-

2203 2246 2357 2301 menti
2382 2246 2631 2302 mediator
2666 2258 2737 2303 est
2766 2248 2864 2319 (a).
2894 2249 3093 2317 Vides,
3126 2252 3331 2321 inquit,
3366 2263 3568 2322 quanto
3596 2256 3796 2310 melius

2205 2345 2288 2392 est
2309 2336 2660 2391 ministerium
2693 2338 3013 2403 ministerio,
3042 2340 3307 2410 siquidem
3340 2342 3468 2396 illud
3493 2355 3574 2397 est
3600 2359 3793 2398 exem-

2210 2429 2325 2499 plar
2344 2437 2391 2483 et
2430 2430 2617 2501 ﬁgura,
2642 2432 2741 2487 hoc
2760 2440 2939 2499 autem
2966 2433 3321 2490 veritas‘lSed
3352 2434 3454 2490 hoc
3474 2436 3609 2491 nihil
3632 2437 3800 2507 prod-

2209 2530 2325 2578 erat
2373 2522 2711 2577 audientibus
2732 2563 2746 2588 ,
2777 2538 2951 2593 neque
2986 2538 3082 2579 eos
3103 2524 3373 2581 afﬁciebat
3410 2526 3616 2581 latitia.
3660 2527 3797 2580 Pro-

2207 2625 2391 2688 pterea
2432 2616 2564 2672 dicit
2610 2617 2661 2672 id
2703 2618 2842 2687 quod
2874 2618 3101 2672 maxima
3149 2620 3331 2674 laetitia
3359 2633 3454 2675 eos
3480 2619 3744 2675 afﬁciebat
3776 2637 3791 2676 :

2213 2710 2364 2777 Quod
2389 2710 2440 2763 in
2468 2710 2755 2765 melioribus
2776 2711 3247 2781 repromissionibus
3266 2712 3515 2766 sancitum
3538 2724 3631 2768 est.
3658 2712 3795 2768 Cum

2208 2800 2260 2855 ld
2313 2801 2588 2856 extulisset
2619 2816 2649 2855 a
2687 2800 2807 2857 loco
2833 2811 2888 2858 et
2922 2801 3201 2857 sacerdote
3253 2812 3308 2858 et
3349 2804 3635 2868 sacriﬁcio,
3665 2812 3796 2858 tunc

2210 2891 2358 2960 ponit
2430 2899 2483 2947 et
2561 2891 2688 2962 quid
2734 2891 2944 2948 intersit
2999 2894 3137 2949 inter
3180 2902 3587 2960 testmneutum;
3641 2903 3799 2950 antes

2205 2997 2418 3053 quoque
2464 2983 2679 3039 dixerat
2721 2985 2863 3053 quod
2912 2993 3058 3040 esset
3115 2984 3436 3040 imbecillum
3492 2995 3546 3040 et
3588 2985 3795 3040 inutile.

2207 3075 2276 3132 Et
2334 3074 2454 3129 vide
2503 3084 2698 3145 quanta
2745 3076 2994 3131 cautione
3037 3085 3249 3143 utatur,
3289 3091 3410 3130 cum
3442 3076 3612 3145 ipsum
3653 3082 3801 3131 esset

2207 3178 2574 3226 accusaturus.
2603 3168 2737 3223 Nam
2762 3184 2884 3224 eum
2914 3168 3022 3224 illic
3050 3169 3299 3235 dixisset,
3319 3169 3611 3223 Secundum
3638 3169 3800 3222 virtu-

2208 3271 2309 3315 tem
2335 3261 2448 3316 uitcc
2482 3260 2787 3326 insolubilis,
2832 3269 2958 3316 tunc
3001 3260 3154 3327 dixit,
3192 3259 3499 3343 Reprobatio
3524 3261 3581 3326 ﬁt
3603 3274 3797 3329 prlece-

2209 3353 2373 3407 dentis
2397 3354 2625 3405 mandati
2651 3369 2669 3405 :
2699 3351 2895 3408 deinde
2937 3351 3099 3406 etiam
3145 3361 3330 3421 postea
3376 3365 3625 3419 magnum
3668 3348 3799 3417 quid

2212 3445 2410 3513 posuit,
2440 3443 2648 3511 dicens,
2676 3441 2779 3498 Per
2804 3445 2941 3515 quod
2969 3443 3076 3498 Deo
3107 3442 3579 3514 appropinquamus
3604 3439 3791 3513 (Hebr.

2212 3534 2265 3590 7.
2296 3535 2408 3605 19).
2435 3535 2530 3591 Hic
2555 3544 2736 3591 autem
2763 3551 2887 3591 cum
2917 3550 3016 3590 nos
3043 3536 3095 3590 iu
3138 3537 3329 3590 caelum
3359 3535 3666 3589 sustulisset
3686 3575 3700 3597 ,
3744 3541 3805 3588 et

2208 3627 2533 3682 ostendisset
2569 3628 2709 3699 quod
2756 3643 2856 3699 pro
2902 3628 3100 3698 templo
3128 3628 3320 3683 caelum
3367 3627 3694 3693 habeamus,
3742 3635 3805 3680 et

2207 3720 2349 3791 quod
2390 3720 2478 3775 illa
2503 3729 2658 3776 erant
2684 3720 2867 3793 ﬁgurat
2893 3736 3073 3776 rerum
3107 3732 3411 3776 nostrarum
3432 3762 3452 3788 ,
3474 3730 3529 3776 et
3557 3735 3655 3789 per
3681 3720 3801 3774 haec

2205 3813 2487 3868 extulisset
2510 3812 2886 3877 ministerium,
2909 3812 3165 3882 deinceps
3188 3814 3353 3868 etiam
3373 3813 3566 3868 merito
3585 3812 3801 3867 extollit

2207 3905 2588 3960 sacerdotium.
2620 3903 2728 3961 Sed
2758 3946 2774 3972 ,
2805 3905 2942 3959 sicut
2966 3905 3074 3959 dixi
3101 3944 3117 3971 ,
3152 3904 3203 3959 id
3246 3904 3390 3974 qttod
3422 3919 3516 3959 cos
3560 3904 3799 3961 maxime

2204 3994 2370 4050 afﬁcit
2406 3996 2588 4052 laetitia
2613 4037 2629 4063 ,
2659 3997 2807 4067 punit
2847 3995 3032 4052 dicens
3061 4012 3075 4050 :
3111 3995 3261 4063 Quod
3289 3997 3342 4050 in
3371 3996 3659 4051 melioribus
3702 4013 3788 4050 rc-

2202 4088 2624 4157 promissionibus
2670 4091 2922 4144 sancitum
2959 4098 3053 4145 est.
3084 4089 3237 4146 Unde
3282 4089 3387 4145 hoc
3414 4091 3670 4145 constat"
3716 4091 3802 4146 Ex

2182 4193 2271 4234 eo
2290 4180 2430 4248 quod
2462 4180 2635 4251 ipsum
2672 4180 2890 4253 quidem
2919 4190 3004 4238 est
3047 4182 3280 4252 ejectum
3307 4222 3325 4249 ,
3367 4181 3485 4251 ejus
3515 4197 3645 4237 vero
3674 4182 3802 4236 loco

2205 4269 2334 4325 illud
2366 4271 2726 4328 introductum
2759 4290 2772 4328 :
2802 4284 3086 4345 propterea
3130 4274 3275 4329 enim
3312 4274 3651 4330 dominatum
3692 4277 3799 4329 ob-

2206 4362 2340 4417 tinet
2359 4362 2503 4433 quod
2531 4366 2602 4419 sit
2631 4365 2847 4422 melius.
2880 4365 3010 4421 Nam
3039 4367 3180 4422 sicut
3204 4366 3335 4421 dicit
3361 4382 3376 4419 :
3414 4365 3476 4423 Si
3508 4383 3598 4436 per
3623 4369 3801 4436 ipsum

2200 4462 2311 4506 erat
2335 4457 2706 4511 consummatio
2730 4500 2745 4523 ,
2775 4459 2899 4529 quid
2923 4459 3092 4517 adhuc
3120 4475 3248 4530 opus
3274 4460 3376 4531 fuit
3399 4459 3679 4515 secundum
3707 4478 3804 4514 or-

2202 4542 2373 4598 dinem
2398 4544 2767 4603 Melchisedech
2789 4550 2950 4603 alium
2975 4567 3181 4622 surgere
3202 4550 3561 4606 sacerdotem?
3599 4552 3672 4605 ita
3707 4552 3801 4610 hic

2204 4648 2416 4703 quoque
2443 4652 2570 4692 usus
2596 4649 2681 4695 est
2707 4640 2898 4697 eodem
2929 4641 3263 4714 syllogismo,
3293 4641 3483 4699 dicens
3514 4660 3530 4699 :
3558 4645 3612 4698 7.
3644 4643 3795 4700 Nam

2202 4730 2250 4784 si
2271 4728 2403 4783 illud
2426 4730 2569 4801 prius
2610 4733 2765 4805 culpa
2793 4742 3018 4789 vacasset
3038 4775 3054 4803 ,
3084 4751 3187 4790 non
3211 4734 3383 4806 utique
3409 4735 3622 4790 secundi
3649 4736 3802 4794 locu

2197 4836 2578 4905 inquireretur,
2626 4839 2733 4891 hoc
2764 4845 2871 4903 est,
2910 4838 2957 4892 si
2987 4838 3127 4892 nihil
3160 4837 3264 4908 ipsi
3291 4837 3580 4902 defuisset,
3616 4840 3663 4892 si
3688 4854 3787 4893 eos

2194 4926 2471 4981 eﬂ'ecisset
2492 4927 2630 4981 nulli
2650 4927 2825 4997 culpae
2844 4926 3052 4983 afﬁnes.
3076 4928 3211 4983 Nam
3233 4928 3383 4999 quod
3397 4929 3469 4985 de
3490 4929 3597 4984 hoc
3611 4928 3784 4993 dicat,

2197 5018 2327 5073 audi
2362 5019 2652 5089 sequentia
2709 5037 2723 5074 :
2772 5019 3087 5091 Vituperans
3124 5023 3263 5093 ipsos
3292 5021 3439 5076 dicit.
3474 5021 3593 5076 Non
3621 5019 3785 5086 dixit,

2198 5109 2530 5180 Vituperans
2552 5110 2754 5181 ipsum,
2773 5112 2894 5179 sed,
2916 5113 3232 5185 Vituperans
3252 5130 3337 5169 eos
3353 5115 3498 5169 dicit.
3525 5113 3661 5168 Ecce
3675 5115 3785 5168 dies
3846 5140 3851 5143 τ

2197 5200 2396 5256 uenient
2410 5241 2429 5271 ,
2472 5201 2595 5258 dicit
2620 5201 2890 5271 Dominus,
2930 5215 2979 5259 et
3017 5204 3372 5260 «mussitabo
3393 5220 3547 5277 super
3571 5204 3782 5260 domum

2202 5291 2402 5361 Israel,
2432 5303 2482 5350 et
2506 5311 2658 5365 super
2684 5296 2893 5351 domum
2927 5296 3073 5352 Iuda
3109 5307 3462 5353 tutamentum
3493 5313 3698 5363 novum,
3731 5299 3793 5355 9.

2201 5402 2307 5441 non
2335 5387 2617 5441 secundum
2645 5395 2997 5444 testamentum
3033 5389 3170 5460 quod
3211 5390 3308 5461 feci
3330 5391 3565 5461 patribus
3591 5404 3791 5456 eorum,

2200 5477 2254 5531 in
2284 5477 2366 5531 die
2393 5493 2494 5547 qua
2521 5479 2838 5547 apprehendi
2863 5496 3071 5535 manum
3097 5497 3293 5548 eorum,
3314 5491 3368 5535 ut
3393 5483 3654 5536 educerem
3674 5480 3794 5534 illos

2201 5570 2266 5624 de
2291 5578 2425 5624 terra
2456 5569 2677 5643 ﬁgypti
2702 5587 2722 5626 :
2748 5574 2990 5643 quoniam
3026 5576 3128 5645 ipsi
3163 5576 3287 5628 non’
3313 5585 3702 5641 permanserunt
3742 5575 3797 5627 in

2203 5669 2501 5716 testamento
2547 5679 2680 5729 meo,
2734 5674 2781 5717 et
2819 5680 2913 5735 ego
2962 5667 3162 5736 neglexi
3211 5683 3328 5730 eos,
3360 5667 3485 5720 dicit
3522 5664 3798 5720 Dominus.

2204 5751 2453 5819 Maxime,
2475 5753 2644 5823 inquit
2670 5772 2683 5808 :
2712 5762 2767 5811 et
2818 5757 2960 5813 unde
2995 5767 3204 5816 constat
3255 5760 3396 5833 quod
3447 5760 3604 5822 linem
3640 5771 3797 5813 acce~

2260 5849 2334 5916 (a)
2358 5849 2413 5901 In
2439 5848 2573 5903 Colb.
2601 5849 2761 5899 hiatus
2782 5860 2987 5912 magnus
3012 5854 3104 5898 est.
