4172 6444
326 359 427 417 115

311 477 497 551 perit?
520 469 1112 546 Ostendcrat‘quidem
1141 488 1194 532 et
1237 492 1304 531 ex
1336 474 1618 537 sacerdote
1652 494 1665 530 :
1707 474 1943 530 ostendit

312 585 461 625 nitnc
491 585 714 639 quoque
745 567 1042 623 dilucidius
1084 569 1302 622 disertis
1329 567 1512 623 verbis
1532 609 1547 632 ,
1595 568 1770 638 ipsum
1819 581 1946 621 esse

313 663 578 731 ejectum.
612 661 948 727 Quomodo?
995 660 1059 713 In
1103 659 1396 714 melioribus
1441 658 1942 730 repromissionibus,

321 756 532 810 dicens.
577 753 688 808 Ubi
722 753 893 816 enim,
923 752 1227 822 dicqmeso,
1250 761 1332 807 est
1363 753 1502 807 inter
1517 752 1710 808 cadum
1749 761 1802 806 et
1837 761 1946 805 ter-

328 865 440 904 ram
470 845 806 916 :cqualitas?
849 844 930 899 Tu
969 853 1150 898 autem
1193 843 1474 899 considera
1519 843 1790 912 quomodo
1836 841 1946 896 illic

333 956 548 1012 quoque
566 938 725 1000 dicit,
755 935 821 990 In
841 936 1341 1007 repromissionibus,
1367 949 1433 989 ne
1464 944 1522 988 tu
1550 933 1600 990 id
1623 946 1836 1004 quoquc
1859 946 1949 986 ac-

332 1049 504 1090 cuses.
538 1031 760 1087 Etenim
792 1029 923 1094 illic,
960 1026 1060 1082 Per
1089 1044 1242 1090 quam
1259 1043 1400 1098 spem
1418 1025 1530 1080 Deo
1563 1025 1948 1096 appropinqua-

332 1143 464 1191 πως,
488 1122 694 1194 inquit,
727 1120 994 1175 meliorem
1022 1118 1207 1184 (Hebr.
1239 1120 1292 1172 7.
1324 1118 1414 1190 19)
1442 1136 1457 1185 ;
1489 1117 1788 1172 ostendens
1813 1115 1954 1186 quod

335 1228 443 1282 illic
465 1238 695 1295 quoque
723 1221 798 1275 sit
821 1233 984 1290 spes;
1017 1227 1074 1272 et
1112 1217 1198 1273 hic
1219 1258 1232 1280 ,
1263 1216 1538 1271 Meliorem
1576 1213 1958 1284 repromissio-

334 1333 483 1383 nem,
513 1312 880 1369 subindicans
910 1310 1052 1381 quod
1084 1310 1190 1364 illic
1211 1323 1426 1380 quoque
1451 1307 1786 1380 promiserit.
1815 1305 1961 1372 Quo-

332 1413 480 1467 niam
511 1418 703 1463 autem
746 1397 966 1475 semper
994 1403 1360 1469 accusabant,
1394 1401 1526 1455 Ecce
1565 1401 1720 1463 enim,
1765 1399 1960 1468 inquit,

339 1505 449 1557 dies
479 1500 711 1565 venient,
743 1498 870 1550 dicit
911 1495 1165 1549 Dominus
1189 1535 1204 1563 ,
1235 1502 1282 1548 et
1308 1492 1670 1548 consummabo
1701 1506 1855 1560 super
1872 1489 1966 1544 do-

336 1613 476 1651 mum
503 1588 701 1655 lsi-aet,
721 1601 770 1645 et
797 1606 953 1660 super
970 1587 1177 1643 domum
1202 1585 1238 1640 ]
1245 1587 1346 1641 uda
1375 1592 1728 1640 testamentum
1757 1597 1963 1636 novum.

337 1689 454 1744 Non
484 1696 648 1741 vetus
680 1681 904 1754 aliquod
948 1689 1330 1736 testamentum
1375 1677 1526 1732 dicit.
1574 1675 1708 1730 Nam
1751 1689 1819 1729 ne
1864 1673 1966 1727 hoc

336 1785 571 1851 possent.
623 1776 854 1838 dicere,
907 1782 1124 1842 tempus
1166 1784 1381 1842 quoque
1429 1765 1762 1838 praescripsit
1799 1783 1813 1818 :
1858 1778 1966 1818 non

340 1877 490 1930 enim
526 1873 783 1928 absolute
809 1871 974 1937 dicit,
1007 1869 1303 1926 Secundum
1335 1875 1690 1921 testamentum
1716 1861 1851 1932 quod
1874 1859 1970 1932 feci

343 1967 588 2035 patribus
618 1981 834 2027 eorum;
864 1978 933 2018 ne
976 1963 1027 2016 id
1071 1963 1222 2017 dicas
1250 1960 1394 2030 quod
1430 1960 1627 2013 factum
1673 1955 1774 2011 fuit
1799 1955 1970 2009 Abra—

347 2059 536 2122 hamo,
570 2068 662 2111 aut
691 2055 838 2127 quod
878 2058 1078 2110 factum
1110 2054 1209 2108 fuit
1251 2053 1396 2117 Noe;
1431 2051 1525 2107 sed
1554 2049 1826 2122 quodnam
1855 2047 1925 2101 sit
1950 2085 1966 2109 ,

351 2150 531 2220 inquit
556 2149 846 2204 declarans
880 2166 893 2202 :
938 2147 1065 2202 Non
1107 2146 1388 2202 secundum
1436 2152 1791 2198 testamentum
1835 2139 1972 2211 quod

371 2247 462 2314 feci
496 2245 720 2313 patribus
749 2260 929 2297 eorum
955 2284 969 2306 ,
1019 2243 1105 2311 qui
1135 2251 1276 2295 erant
1304 2242 1354 2293 in
1380 2240 1535 2293 exim.
1574 2239 1638 2292 Et
1683 2237 1805 2292 ideo
1841 2236 1970 2291 sub-

369 2338 569 2408 junxit,
605 2336 668 2390 In
711 2339 782 2391 die
803 2353 908 2402 qua
939 2334 1260 2406 apprehendi
1282 2350 1487 2387 manum
1527 2348 1721 2397 eorum,
1754 2340 1809 2383 ut
1841 2330 1972 2384 edu-

372 2448 533 2485 cerem
561 2430 678 2484 illo:
715 2432 774 2484 de
809 2441 953 2483 terra
982 2428 1208 2498 .IEggpti
1237 2428 1516 2497 :quonium
1563 2427 1658 2494 ipsi
1707 2441 1808 2478 non
1851 2439 1964 2492 pcr-

367 2535 658 2577 manserunt
685 2525 736 2577 in
759 2533 1064 2578 testamento
1097 2537 1228 2587 meo,
1261 2531 1307 2574 et
1345 2536 1435 2590 ego
1463 2518 1660 2590 neglexi.
1691 2533 1776 2571 eos
1797 2559 1811 2583 ,
1851 2515 1971 2568 dicit

359 2615 630 2670 Dominus.
1689 2604 1699 2614 ’

425 2714 480 2768 '5.
518 2710 680 2766 Vides
705 2708 940 2780 primum
981 2708 1121 2761 mala
1158 2723 1187 2761 a
1215 2705 1370 2761 nobis
1393 2703 1671 2774 incipere?
1724 2702 1847 2771 lpsi,
1883 2699 1968 2754 in-

349 2809 488 2877 quit,
525 2807 761 2876 primum
808 2820 914 2856 non
947 2808 1380 2872 permanserunt.
1409 2800 1553 2868 Ergo
1590 2796 1727 2865 apud
1760 2809 1858 2848 nos
1890 2799 1972 2846 est

348 2901 682 2972 negligentia
711 2914 726 2959 ;
759 2898 900 2951 bona
929 2907 1112 2950 autem
1141 2895 1210 2948 ab
1239 2895 1376 2962 ipso,
1404 2892 1687 2954 beneﬁcia,
1724 2887 1966 2956 inquam.

247 3022 255 3030 -
346 2996 448 3050 llic
494 2994 652 3064 ponit
701 3002 980 3061 tamquam
1031 2988 1426 3049 defensionem,
1478 2986 1650 3052 ipsam
1681 2979 1972 3036 OSIeudeus

346 3102 597 3152 causam,
629 3095 1038 3155 propterquam
1063 3095 1156 3136 cos
1182 3077 1450 3147 re‘inquit.
1481 3077 1566 3130 lt).
1594 3074 1849 3138 Quoniam
1875 3071 1968 3123 hoc

347 3188 829 3255 esttestamentum,
860 3174 1054 3244 inquit,
1095 3171 1231 3241 quod
1273 3170 1542 3239 disponam
1577 3165 1752 3219 domui
1797 3162 1963 3217 Israel

348 3282 464 3340 past
483 3271 596 3323 dies
628 3269 770 3333 illos,
792 3267 914 3320 dicit
947 3261 1400 3318 Dominus:Dabo
1440 3260 1572 3329 leges
1587 3275 1720 3312 meas
1742 3257 1791 3309 in
1810 3266 1973 3308 mente

344 3383 554 3426 comm,
584 3375 632 3416 et
651 3364 702 3416 in
722 3361 877 3415 corde
893 3377 1066 3412 eorum
1090 3357 1307 3410 scribant
1331 3371 1438 3420 eas;
1465 3363 1512 3407 et
1529 3369 1613 3406 ero
1630 3352 1764 3407 eisin
1787 3348 1968 3412 Deum,

344 3471 395 3511 et
423 3460 537 3527 ipsi
566 3467 717 3510 erunt
743 3454 869 3507 mihi
890 3455 941 3506 in
971 3452 1242 3521 populum.
1268 3448 1419 3503 Adeo
1439 3449 1554 3502 lta‘c
1574 3447 1704 3502 dicit
1731 3446 1797 3500 de
1826 3460 1966 3500 novo

344 3548 857 3617 Testamenloquia
877 3547 1003 3600 dicit
1022 3543 1165 3598 :Non
1184 3543 1456 3596 secundum
1472 3549 1819 3594 testamentum
1837 3539 1974 3609 quod

343 3646 467 3717 feci.
505 3644 772 3711 Qucnatn
805 3649 984 3692 autem
1029 3646 1113 3690 est
1162 3635 1262 3689 alia
1293 3650 1451 3706 quam
1481 3633 1594 3687 Ιιτιιο
1621 3630 1970 3687 differentia?

437 3737 566 3806 quis
591 3743 777 3787 autem
801 3731 943 3784 dicat
970 3746 1074 3782 non
1110 3728 1162 3780 in
1196 3727 1295 3780 hoc
1315 3742 1434 3780 esse
1459 3723 1846 3790 differentium,
1877 3722 1972 3776 sed

352 3829 506 3899 quod
533 3829 678 3880 datm
705 3825 814 3878 sint
838 3824 886 3876 in
915 3822 1414 3876 cordilms-eorum:
1449 3832 1551 3871 non
1581 3823 1972 3885 przrceptorum

347 3919 600 3975 ostendit
629 3915 1014 3978 differentiam,
1035 3913 1129 3967 sed
1151 3910 1364 3964 modum
1387 3909 1570 3962 dandi.
1598 3907 1710 3961 Non
1743 3906 1974 3972 amplius

350 4019 452 4070 erit
475 4059 492 4078 ,
531 4013 732 4082 inquit,
758 4011 1168 4064 Testamentum
1197 4007 1246 4057 in
1276 4005 1467 4066 literis,
1498 4003 1590 4058 sed
1617 4003 1668 4056 in
1697 4001 1972 4057 cordibus.

357 4109 468 4162 llnc
495 4105 575 4160 ali
600 4103 804 4174 plaudo
836 4101 1037 4155 factum
1068 4097 1320 4152 ostendat
1345 4096 1602 4160 .lndmns;
1637 4094 1730 4148 sed
1755 4109 1862 4147 non
1895 4095 1976 4147 in-

354 4203 542 4257 venict
572 4217 586 4253 :
619 4195 1001 4256 rnrsus,enim
1035 4192 1232 4246 iactu-ii
1271 4190 1360 4244 init
1395 4192 1444 4242 in
1474 4189 1644 4243 literis
1687 4197 1804 4257 post
1835 4186 1977 4241 redi-

354 4309 465 4352 tum
493 4312 526 4350 a
558 4291 863 4363 Babylone.
919 4289 1030 4358 Ego
1061 4295 1238 4339 autem
1270 4283 1498 4337 ostendo
1538 4281 1816 4353 apostolos
1843 4279 1976 4335 nihil

352 4388 646 4458 accepisse
689 4381 976 4451 scriptum,
1026 4377 1121 4433 sed
1154 4375 1460 4445 suscepis<e
1496 4375 1545 4428 in
1580 4373 1834 4428 eordibus
1881 4387 1977 4442 per

345 4483 622 4554 Spiritum
665 4483 938 4532 sanctum.
968 4473 1337 4541 Quamobrem
1369 4471 1617 4525 Christus
1644 4484 1858 4540 quoque
1895 4467 1979 4523 di-

342 4577 509 4631 cebat
541 4593 555 4627 :
594 4570 699 4625 ille
719 4585 837 4623 cum
869 4566 1082 4632 venerit,
1127 4567 1300 4618 omnia
1331 4564 1468 4616 vobis
1499 4560 1751 4615 revocabit
1779 4561 1833 4614 in
1870 4577 1976 4614 me-

345 4670 599 4731 moriam,
634 4673 683 4719 et
710 4661 916 4717 docebit
939 4655 1214 4731 vos(loan.
1254 4657 1341 4711 M.
1376 4654 1492 4726 26).
1518 4654 1608 4707 11.
1663 4651 1731 4705 Et
1760 4668 1861 4705 non
1884 4651 1977 4705 tto-

344 4764 479 4818 cebit
531 4758 886 4828 unusquisque
933 4754 1228 4824 proximum
1282 4768 1468 4814 suum,
1536 4757 1582 4803 ct
1629 4747 1979 4816 unusquisque

345 4859 574 4929 fratrem
610 4869 790 4918 suum,
819 4850 994 4904 dicens
1019 4864 1038 4902 :
1087 4845 1348 4918 Cognosce
1375 4843 1650 4896 Dominum
1676 4857 1694 4896 :
1738 4842 1977 4911 quoniam

346 4965 531 5004 omnes
563 4952 728 5001 scient
753 4960 833 4998 me
861 4959 892 4996 τι
918 4942 1114 4995 minore
1139 4954 1295 5008 usque
1317 4937 1384 4989 ad
1418 4937 1686 5008 majorem.
1719 4933 1805 4988 12.
1844 4933 1980 4999 Quia

348 5043 621 5115 protritius
652 5056 740 5092 cro
771 5037 995 5107 peccatis
1019 5045 1064 5088 et
1093 5032 1447 5103 iniquitatibus
1477 5045 1675 5095 eorum,
1723 5039 1769 5082 et
1802 5043 1978 5098 pecca-

348 5147 528 5189 torum
553 5149 730 5187 eorum
757 5134 864 5199 iam
899 5144 1000 5181 non
1042 5125 1385 5180 memorabor.
1427 5123 1570 5177 Ecce
1590 5121 1734 5176 aliud
1764 5133 1971 5189 quoque

348 5230 612 5300 signum:
674 5226 717 5278 Α
760 5240 938 5295 parvo,
989 5220 1187 5292 inquit,
1240 5234 1401 5285 usque
1439 5215 1506 5270 ad
1533 5231 1772 5287 magnunt
1802 5229 1975 5268 eorum

349 5339 437 5377 me
463 5322 649 5381 scient.
681 5329 735 5373 et
763 5332 870 5371 non
895 5315 1100 5380 dicent,
1129 5310 1390 5383 Cognosce
1423 5309 1718 5363 Dominum.
1753 5306 1978 5375 Quando

349 5414 563 5471 factum
593 5420 680 5467 est
707 5408 836 5475 hoc,
881 5406 982 5461 nisi
1013 5402 1195 5459 nunc?
1244 5401 1379 5456 Nam
1418 5398 1560 5470 quod
1590 5408 1836 5452 nostrum
1861 5396 1980 5465 qui-

346 5510 483 5566 dem
527 5514 640 5572 est,
691 5511 779 5559 est
828 5497 1178 5554 manifestum
1205 5513 1218 5549 :
1243 5493 1388 5566 quod
1415 5501 1594 5547 autem
1623 5499 1708 5546 est
1738 5489 1976 5554 illorum,

348 5615 711 5675 nequaquam
759 5605 844 5652 est
883 5592 1256 5657 utanit'estum,
1299 5588 1395 5644 sed
1443 5586 1641 5657 angulo
1687 5584 1978 5638 inclusum.

350 5695 614 5767 Alioquin
643 5705 844 5748 novum
875 5696 1004 5742 tunc
1032 5683 1252 5748 dicitur,
1280 5678 1496 5751 quando
1523 5675 1868 5742 iueritaliud,
1920 5683 1978 5731 et

351 5785 730 5850 ostenderitsi
759 5783 886 5856 quid
901 5780 1024 5853 plus
1047 5777 1383 5846 babetquam
1400 5781 1577 5828 vetus.
1612 5769 1726 5824 lloc
1753 5786 1966 5839 quoque

357 5895 445 5943 est
475 5882 721 5949 Novum,
769 5872 988 5949 quando
1022 5869 1148 5943 ejus
1174 5867 1277 5923 alia
1304 5863 1522 5937 quidem
1548 5862 1746 5919 fuerint
1771 5859 1970 5931 ablata,

1109 357 1173 413 ΙΝ
1214 355 1432 414 EPIST.
1478 357 1568 410 AD
1609 354 1970 412 HEBRAEOS.
2015 355 2170 415 CAP.
2215 357 2354 418 VIII.
2397 363 2634 422 HOMIL.
2676 366 2818 424 XIV.

3561 381 3666 440 114

2075 469 2175 524 alia
2204 485 2335 526 vero
2367 487 2472 526 non
2505 492 2516 526 :
2549 483 2605 527 ut
2637 473 2681 528 si
2703 476 2844 545 quis,
2874 479 3112 549 exempli
3141 493 3321 546 causa,
3356 481 3549 542 domus
3577 504 3668 545 ve-

2074 563 2223 628 teris,
2239 581 2357 636 qua!
2377 567 2607 621 minatur
2625 569 2856 634 ruinam,
2878 571 3066 628 relicto
3079 574 3678 644 universo,l’undamen-

2071 667 2182 712 tum
2201 662 2560 729 consarciuat,
2579 661 2865 720 conieSIim
2881 665 3134 734 dicimus,
3158 669 3292 724 Eam
3312 671 3672 742 fecitnovam,
3724 717 3728 720 λ

2068 765 2190 805 cum
2221 751 2324 806 alia
2352 756 2634 822 exemerit,
2687 757 2792 810 alia
2832 772 3020 812 eorum
3047 759 3167 814 loco
3195 762 3489 821 induxerit.
3537 766 3672 822 Nam

2066 845 2257 898 cadum
2290 861 2507 916 quoque
2531 846 2729 903 dicitur
2751 863 2969 915 novum,
3012 857 3230 921 quando
3263 872 3370 910 non
3411 858 3512 912 fuit
3548 875 3671 913 am-

2067 937 2205 1006 plius
2233 951 2466 1000 :eneum,
2516 939 2610 993 sed
2657 939 2805 994 dedit
2849 942 3126 1010 pluviam:
3172 946 3426 1003 similiter
3453 966 3669 1021 quoque

2065 1037 2232 1095 terra,
2252 1029 2468 1100 quando
2493 1045 2600 1086 non
2633 1031 2864 1101 amplius
2893 1034 2989 1088 iuit
3011 1035 3337 1104 inl'mcunda,
3375 1058 3479 1096 non
3497 1059 3667 1113 quau-

2063 1123 2133 1178 do
2163 1122 2264 1178 fuit
2293 1131 2518 1178 mutata.
2570 1123 2638 1178 Et
2675 1123 2868 1180 domus
2914 1135 3039 1182 tunc
3084 1143 3242 1194 ηογιι,
3296 1134 3509 1202 quando
3561 1137 3663 1192 alia

2059 1217 2275 1288 quidem
2303 1221 2419 1287 ejus
2449 1227 2573 1274 sunt
2619 1220 2818 1286 ablata,
2869 1221 2968 1276 alia
3002 1206 3132 1278 vero
3178 1238 3418 1282 manent.
3462 1230 3665 1296 Quam-

2058 1310 2244 1366 obrem
2271 1319 2327 1366 et
2343 1311 2746 1367 Tesmmentum
2770 1329 2966 1368 novum
2983 1314 3122 1371 bene
3145 1320 3372 1385 vocavit,
3398 1330 3454 1375 ut
3481 1334 3664 1378 osten-

2057 1401 2212 1458 deret
2240 1403 2382 1474 quod
2413 1403 2541 1457 illud
2571 1404 2978 1472 Testamentum
3020 1407 3220 1462 factum
3265 1411 3333 1463 sit
3363 1421 3655 1480 vetustum,

2059 1510 2125 1550 eo
2155 1495 2301 1566 quod
2335 1494 2540 1549 nullum
2569 1493 2736 1550 faciat
2766 1493 3023 1552 fructum.
3070 1498 3138 1552 Et
3165 1508 3222 1552 ut
3247 1511 3436 1555 exacte
3459 1503 3656 1568 discas,

2069 1589 2186 1658 lege
2215 1589 2340 1658 quid
2365 1591 2510 1643 diCaL
2543 1592 2791 1660 Aggarus,
2823 1591 2948 1661 quid
2978 1591 3286 1657 Zacharias,
3320 1594 3448 1664 quid
3489 1610 3659 1664 ange-

2069 1678 2174 1744 lus,
2208 1680 2334 1751 quid
2369 1681 2566 1736 Esdras
2599 1684 2830 1738 incuset.
2861 1684 3145 1752 Quomodo
3167 1685 3327 1755 igitur
3350 1703 3472 1741 eum
3502 1703 3666 1742 exce-

2067 1772 2189 1843 pit?
2217 1773 2501 1841 Quomodo
2529 1785 2708 1830 autem
2742 1777 2919 1831 nullus
2944 1787 3099 1847 rogat
3123 1779 3428 1845 Dominum,
3452 1781 3672 1850 quando

2068 1880 2123 1926 et
2158 1871 2259 1941 ipsi
2286 1881 2411 1926 sunt
2443 1875 2786 1943 transgressi,
2844 1885 2899 1930 et
2929 1891 2996 1929 ne
3037 1875 3138 1944 ipsi
3170 1875 3388 1944 quidem
3429 1877 3673 1931 norunt?

2077 1965 2237 2020 Vides
2265 1965 2537 2034 quomodo
2567 1977 2713 2020 tuum
2755 1969 2824 2021 sit
2857 1969 3149 2022 violatum?
3181 1969 3294 2038 Ego
3322 1979 3500 2024 autem
3527 1986 3669 2038 pono

2071 2075 2275 2124 meum,
2301 2074 2494 2130 nempe
2516 2062 2655 2130 quod
2682 2061 2783 2116 hoc
2808 2063 3029 2132 proprie
3053 2062 3259 2115 dicatur
3282 2079 3499 2116 novum.
3526 2063 3674 2118 Alio-

2073 2153 2199 2224 quin
2228 2161 2407 2207 autem
2445 2168 2510 2206 ne
2539 2153 2668 2208 illud
2697 2153 2912 2224 quidem
2959 2153 3197 2208 concedo
3220 2153 3286 2208 de
3316 2153 3418 2208 hoc
3442 2168 3562 2208 esse
3583 2154 3672 2208 di-

2071 2256 2218 2300 ctum
2242 2286 2257 2312 ,
2318 2243 2430 2298 Erit
2460 2261 2643 2298 novum
2701 2246 2881 2299 cwlum
2930 2244 3083 2306 (Isai.
3109 2247 3199 2301 63.
3230 2247 3340 2314 17).
3385 2246 3493 2300 Cttr
3524 2245 3668 2299 enim

2072 2339 2260 2393 dicens
2301 2338 2350 2391 in
2387 2337 2824 2403 Deutcrmtomio,
2889 2336 3000 2389 Erit
3033 2340 3212 2391 callum
3244 2355 3435 2392 tt’t'cttm
3481 2337 3663 2406 (Deut.

2072 2430 2164 2484 28.
2194 2429 2313 2496 25),
2349 2444 2453 2483 non
2487 2428 2588 2484 hoc
2617 2431 2793 2498 posuit
2838 2431 2887 2482 in
2918 2429 3300 2486 distinciorict
3364 2431 3456 2485 Sin
3488 2440 3670 2486 autem

2075 2524 2377 2590 audieritis,
2405 2523 2508 2577 erit
2533 2525 2769 2578 novum?
2792 2523 2953 2593 Atqui
2982 2536 3262 2593 propterea
3287 2526 3416 2578 dicit
3443 2542 3502 2579 se
3525 2525 3671 2579 aliud

2074 2616 2325 2670 daturum
2375 2615 2802 2681 Testamentum,
2831 2616 3084 2686 quoniam
3122 2633 3225 2669 non
3257 2627 3674 2686 permanserunt

2077 2711 2126 2764 in
2153 2711 2338 2780 priori.
2371 2709 2484 2764 lloc
2511 2724 2612 2778 ego
2638 2710 2868 2763 ostendo
2901 2727 2995 2778 per
3025 2726 3084 2763 ea
3128 2726 3248 2780 qua:
3296 2710 3464 2765 dicit:
3519 2710 3668 2765 Nam

2074 2806 2212 2874 quod
2257 2804 2569 2874 impossibile
2612 2813 2718 2857 erat
2764 2804 2910 2872 legis,
2955 2805 3005 2857 in
3053 2821 3152 2873 quo
3194 2803 3552 2872 in/irmubatttr
3583 2821 3672 2873 per

2073 2914 2278 2950 carnem
2298 2914 2316 2962 ;
2347 2905 2398 2950 et
2424 2912 2632 2960 rursus,
2667 2896 2804 2960 Quid
2854 2899 3059 2950 tentatis
3093 2895 3256 2950 Deum
3292 2885 3552 2968 imponere
3573 2899 3669 2968 ju-

2073 3006 2193 3060 gum
2219 3006 2376 3060 super
2392 2989 2582 3042 collum
2604 2989 2993 3058 discipulormn,
3029 2990 3167 3058 quod
3195 3007 3356 3060 neque
3383 3002 3553 3059 patres
3578 3007 3674 3045 no-

2075 3085 2186 3146 stri,
2235 3099 2394 3148 neque
2433 3100 2524 3136 nos
2553 3084 2809 3152 potuimus
2837 3086 2971 3152 ferre
3002 3084 3018 3151 (
3055 3081 3205 3136 Iiom.
3240 3084 3293 3137 8.
3327 3084 3361 3137 5
3397 3084 3548 3150 ;Act.
3581 3086 3669 3138 15.

2074 3179 2230 3250 10)?
2283 3179 2535 3242 Quoniam
2578 3176 2678 3247 ipsi
2709 3194 2809 3230 non
2853 3186 3259 3246 permanserunt,
3318 3176 3512 3245 inquit.
3573 3177 3672 3232 llic

2072 3271 2307 3325 ostendit
2333 3269 2474 3339 quod
2521 3282 2618 3322 nos
2658 3267 2907 3338 dignatur
2934 3268 3225 3336 majoribus
3275 3275 3328 3322 cl.
3360 3268 3526 3336 magis
3561 3268 3672 3337 διιίο

2075 3364 2379 3418 ritualibus.
2432 3362 2497 3416 In
2519 3378 2722 3415 onmem
2749 3362 2916 3427 cnim,
2969 3362 3161 3432 inquit,
3193 3371 3379 3416 terram
3412 3362 3562 3414 exivit
3587 3379 3674 3415 so-

2071 3473 2167 3510 nus
2207 3473 2400 3519 eorum,
2455 3466 2501 3508 et
2547 3455 2598 3508 in
2621 3455 2749 3523 ﬁnes
2776 3455 2909 3507 orbis
2940 3464 3089 3508 terra:
3123 3463 3266 3509 t‘eriut
3296 3475 3467 3507 t’orttnt
3495 3455 3670 3526 (Psal.

2075 3549 2161 3604 18.
2194 3550 2271 3619 5).
2323 3549 2434 3602 lloc
2459 3558 2562 3613 est,
2607 3547 2730 3602 Non
2757 3547 2888 3601 dicet
2917 3552 3258 3622 unusquisque
3281 3554 3514 3622 proximo
3536 3571 3627 3607 suo
3658 3566 3676 3606 .'

2073 3639 2331 3711 Cognosce
2364 3640 2655 3692 Dominum.
2692 3640 2758 3693 Et
2789 3654 2975 3694 rursus
3005 3660 3016 3693 :
3068 3641 3380 3712 lmplebitur
3419 3655 3556 3701 terra
3585 3665 3675 3699 τυ-

2073 3733 2301 3802 gnitione
2331 3730 2559 3796 Domini,
2591 3731 2718 3784 sicut
2748 3748 2879 3798 aqua
2919 3733 3074 3786 multa
3098 3739 3298 3803 operuit
3330 3755 3470 3792 mare
3510 3740 3528 3812 (
3561 3740 3676 3794 Ila-

2074 3826 2186 3877 bac.
2219 3824 2254 3877 2
2304 3823 2413 3894 M).
2451 3825 2536 3878 15.
2571 3821 2800 3876 Dicenda
2826 3835 3019 3890 autem,
3053 3827 3246 3897 inquit,
3282 3847 3493 3900 novum,
3528 3847 3666 3887 vete-

2071 3917 2203 3970 ravit
2233 3917 2398 3987 prius.
2430 3917 2582 3983 Quod
2611 3926 2780 3971 autem
2809 3919 3104 3988 antiquetur
3147 3931 3191 3974 et
3234 3926 3470 3991 senescit,
3515 3944 3676 4000 prope

2071 4009 2453 4063 iuteritumest.
2505 4009 2638 4064 Vide
2669 4012 2941 4079 quomodo
2985 4014 3126 4082 qttod
3179 4025 3296 4068 erat
3345 4019 3672 4075 occultatum

2071 4102 2302 4170 aperuit,
2335 4101 2502 4170 ipsam
2535 4111 2768 4156 mentem
2801 4103 3108 4173 proiiltetm.
3146 4105 3440 4165 "utIot'avil
3471 4111 3667 4178 legem,

2071 4201 2126 4247 et
2153 4191 2321 4244 noluit
2351 4207 2469 4248 eam
2510 4191 2695 4246 dicere
2737 4195 3052 4248 nominatim
3088 4205 3321 4251 veterem
3351 4215 3364 4259 ;
3401 4215 3675 4261 verumta-

2073 4300 2195 4339 tnrn
2229 4283 2331 4338 hoc
2355 4283 2491 4339 dixit
2518 4303 2532 4339 :
2585 4300 2708 4338 natu
2741 4286 2786 4340 si
2812 4286 2939 4340 illud
2971 4298 3115 4342 esset
3147 4306 3369 4355 novum,
3431 4309 3538 4348 nou
3572 4296 3673 4349 hoc

2069 4394 2282 4446 quoque
2323 4390 2507 4448 postea
2560 4383 2890 4452 appellaSset
2932 4402 3152 4442 novum.
3201 4387 3568 4456 Quamobrem
3611 4403 3667 4448 et

2070 4471 2271 4540 aiiquid
2302 4473 2436 4526 dans
2486 4476 2714 4544 amplius
2759 4486 2815 4532 et
2858 4479 3124 4548 alterum,
3153 4481 3359 4552 inquit,
3398 4481 3668 4539 i’eteravit.

2072 4564 2216 4635 Ergo
2261 4565 2578 4622 dissolvitur
2607 4579 2659 4624 et
2707 4571 2891 4625 interit
2921 4582 2974 4625 et
2999 4589 3105 4627 non
3138 4584 3224 4628 est
3261 4576 3509 4644 amplius.
3568 4567 3698 4631 Ac-i

2070 4667 2223 4726 cepta
2251 4673 2278 4708 a
2305 4659 2564 4728 propheta
2597 4660 2812 4729 ﬁducia,
2846 4664 3014 4734 magis
3040 4666 3090 4720 id
3115 4667 3412 4721 insectatur
3438 4669 3669 4733 utiliter,

2071 4748 2364 4827 ostendens
2389 4751 2531 4822 quod
2562 4764 2742 4806 nostra
2775 4771 2916 4810 nunc
2940 4757 3201 4824 ﬂoreant;
3238 4761 3339 4815 hoc
3353 4771 3460 4825 est,
3490 4773 3673 4814 osten-

2072 4838 2147 4891 dit
2179 4855 2299 4894 esse
2328 4852 2500 4896 vetus.
2539 4845 2743 4900 Deinde
2774 4857 2998 4918 accepto
3035 4852 3253 4905 nomine
3286 4853 3584 4918 vetustatis,
3618 4862 3673 4906 ct

2071 4929 2176 4983 alio
2206 4946 2234 4984 a
2267 4947 2325 4986 se
2355 4933 2557 5000 addito,
2609 4952 2800 5007 nempe
2829 4940 2985 5005 senii,
3027 4941 3168 5009 quod
3198 4943 3519 4997 restabath
3553 4944 3673 4998 aliis

2072 5027 2300 5092 accepit,
2325 5036 2378 5081 et
2405 5027 2531 5082 dicit
2559 5048 2570 5086 :
2608 5029 2776 5102 Prope
2833 5034 3088 5090 interitum
3119 5045 3210 5086 est.
3269 5034 3380 5087 Non
3411 5052 3539 5101 ergo
3572 5052 3669 5089 no-

2073 5118 2464 5173 vumabsolute
2493 5121 2770 5190 abrogaiit
2811 5134 2962 5178 vetus
2991 5125 3421 5186 'l'cstamcntum,
3482 5127 3575 5180 scd
3613 5138 3670 5181 ut

2073 5209 2213 5276 quod
2246 5213 2612 5292 consenuerit,
2659 5225 2709 5267 ιιι
2758 5216 2899 5283 quod
2943 5217 2988 5271 si
3021 5218 3230 5273 inutile.
3273 5219 3564 5289 Propterea
3593 5222 3674 5274 di-
3763 5277 3770 5283 ,

2075 5303 2250 5367 cebat,
2280 5303 2500 5370 Propter
2520 5305 2867 5372 inﬁrmitatem
2896 5319 2942 5363 et
2986 5310 3349 5378 inutilitatem;
3390 5325 3466 5380 et,
3519 5313 3672 5370 Nihil

2074 5393 2144 5447 ad
2171 5395 2453 5464 perfectum
2483 5397 2696 5450 adduxit
2739 5399 2860 5462 lex;
2909 5411 2961 5454 et
2991 5401 3154 5470 quod,
3190 5401 3250 5455 Si
3275 5404 3496 5470 primum
3519 5408 3672 5473 culpa

2074 5494 2342 5549 vacasset,
2398 5502 2503 5539 non
2549 5495 2880 5558 quaereretur
2905 5487 3122 5545 secundi
3155 5487 3296 5544 locus
3321 5489 3391 5559 (c.
3428 5492 3479 5544 7.
3513 5508 3560 5544 υ.
3587 5492 3674 5546 18.

2079 5577 2144 5633 19
2186 5588 2307 5632 etc.
2337 5579 2392 5632 8.
2423 5595 2470 5632 υ.
2497 5577 2584 5650 7).
2644 5578 2820 5652 Culpa
2851 5595 3054 5636 vacans
3093 5581 3226 5650 quid
3255 5582 3374 5636 est?
3427 5583 3540 5637 lloc
3566 5595 3671 5650 est,

2075 5673 2234 5738 utile,
2275 5672 2436 5726 forte.
2478 5671 2594 5727 Hoc
2623 5671 2778 5738 dicit,
2816 5688 2928 5729 non
2957 5673 3104 5744 quod
3135 5674 3205 5728 sit
3231 5674 3530 5729 obnoxium
3563 5677 3676 5730 cri-
3757 5680 3760 5684 '

2075 5766 2338 5830 minibus,
2363 5765 2458 5821 sed
2484 5765 2632 5836 quod
2653 5783 2765 5821 non
2782 5766 3034 5832 suﬂiciat,
3055 5767 3250 5822 rudius
3274 5778 3358 5823 est
3375 5768 3671 5837 loquutus:

2077 5869 2140 5916 ut
2170 5860 2215 5916 si
2245 5858 2525 5932 quispiam
2549 5861 2730 5928 dicat,
2786 5859 2960 5932 Culpa
2988 5875 3100 5917 non
3121 5867 3280 5916 vacat
3305 5859 3532 5930 domus;
3568 5859 3675 5916 hoc
