4172 6460
557 366 659 420 ιιι)

543 488 650 542 est,
696 477 753 531 in
801 490 865 533 ea
921 484 1007 531 est
1050 474 1268 541 vitium,
1302 484 1359 531 et
1388 490 1499 530 non
1530 482 1616 530 est
1653 475 1807 530 ﬁrma
1834 483 1891 531 et
1913 474 2128 533 solida:

545 566 720 636 Culpa
753 579 863 619 non
887 575 1047 620 vacat
1075 565 1267 629 vestis,
1314 564 1422 619 hoc
1459 573 1567 629 est,
1606 566 1720 637 jam
1751 564 1969 622 dimuit.
2010 565 2132 621 Non

552 672 684 729 ergo
714 657 807 711 hic
834 656 973 711 dicit
1004 656 1153 726 quod
1177 657 1253 711 sit
1275 656 1481 714 malum
1503 698 1519 723 ,
1576 657 1672 713 sed
1702 658 1852 728 quod
1886 660 1940 714 in
1967 674 2039 717 eo
2062 659 2135 715 sit

547 749 694 826 quod
732 750 1175 822 reprehendatur
1205 751 1563 822 deiectusque
1587 760 1645 807 et
1666 746 1924 807 vitium.‘

622 840 675 891 4.
712 836 788 892 Ita
812 852 912 891 nos
938 850 1149 907 quoque
1176 838 1301 891 novi
1327 852 1515 893 sumus
1538 878 1557 904 ,
1615 839 1702 897 vel
1741 840 1916 909 potius
1943 838 2138 895 fuimus

546 930 673 983 novi
702 945 717 993 ;
766 944 906 982 nunc
935 937 1113 982 autem
1149 928 1602 984 inveteravimus:
1640 939 1921 1000 propterea
1950 944 2136 987 sumus

552 1038 717 1091 prope
728 1022 1022 1076 interitum.
1054 1020 1181 1089 Sed,
1205 1023 1250 1076 si
1267 1021 1518 1086 velimus,
1535 1022 1639 1077 hoc
1656 1024 1861 1078 senium
1874 1024 2141 1078 amovebi—

544 1126 663 1168 nuis
675 1124 730 1168 et
746 1113 1087 1169 abrademus.
1104 1114 1338 1168 Lavacro
1354 1113 1568 1184 quidem
1581 1115 1690 1183 jam
1712 1128 1818 1168 non
1836 1128 2135 1184 possumus,

545 1205 638 1259 sed
670 1219 954 1275 possumus
983 1206 1312 1275 pmnitentia.
1351 1207 1404 1261 Si
1436 1205 1561 1276 quid
1589 1206 1659 1260 sit
1704 1207 1761 1261 in
1789 1206 1942 1261 nobis
1985 1214 2138 1261 vetu-

544 1308 708 1363 stum,
750 1298 1064 1369 abjiciamns
1087 1299 1279 1369 :siqtta
1307 1314 1455 1366 ruga,
1484 1299 1527 1352 si
1554 1312 1653 1369 qua
1683 1300 1906 1362 macula,
1951 1297 1996 1352 si
2037 1313 2139 1368 qua

545 1390 751 1453 sordes,
793 1390 1075 1445 abluamus
1088 1399 1142 1445 et
1170 1390 1371 1459 pulchri
1393 1390 1697 1460 reddantur,
1721 1400 1781 1446 ut
1795 1391 2140 1461 concupiscat

548 1482 662 1538 Rex
692 1482 1151 1553 pulchritudinem
1191 1493 1456 1538 nostram.
1507 1483 1679 1550 Licet,
1710 1484 1922 1539 etiamsi
1953 1486 2006 1536 in
2032 1498 2138 1536 ex-

545 1601 772 1649 tremam
820 1598 1181 1654 deeiderimus
1230 1598 1669 1654 deformitatem.
1747 1612 1934 1651 rursus
1980 1595 2128 1649 illam

546 1684 827 1755 acquirere
858 1687 1330 1756 pulchritudinem,
1360 1688 1429 1744 dc
1450 1703 1548 1757 qua
1570 1687 1703 1742 dicit
1730 1684 1896 1741 David
1924 1704 1935 1739 :
1966 1684 2128 1749 Audi,

545 1776 676 1844 filia,
703 1786 750 1831 et
775 1778 908 1844 vide,
942 1789 987 1833 et
1012 1780 1203 1834 inclina
1228 1796 1405 1835 aurem
1431 1790 1590 1845 tuam,
1634 1789 1679 1834 et
1717 1779 2009 1833 obliviscere
2035 1793 2130 1847 μσς

545 1869 656 1939 puli
683 1871 776 1935 tui,
810 1882 857 1925 et
886 1872 1065 1927 donius
1097 1874 1256 1942 patris
1283 1876 1379 1941 tui,
1421 1884 1469 1928 et
1493 1875 1810 1945 concupiscet
1836 1872 1948 1927 Rea:
1977 1871 2131 1925 deco-

544 1976 651 2015 rem
676 1973 813 2017 tuum
840 1963 1012 2032 (Psal.
1035 1966 1124 2020 44.
1160 1967 1249 2022 il.
1278 1966 1393 2039 12).
1448 1966 1609 2037 Atqui
1640 1966 1839 2022 oblivio
1874 1980 1977 2018 non
2006 1963 2134 2019 facit

543 2052 814 2117 decorem;
838 2056 1108 2123 decorem,
1133 2057 1370 2128 inquam,
1390 2058 1603 2113 animat.
1620 2058 1873 2128 chnam
1891 2067 1974 2112 est
2002 2070 2132 2126 ergo

543 2143 781 2199 oblivio?
806 2144 1017 2202 Oblivio
1036 2158 1400 2217 peccatorum.
1434 2150 1740 2220 Alloquitur
1764 2149 1907 2204 enim
1935 2147 2129 2203 ﬂecte-

542 2238 904 2308 siamqureest
928 2255 992 2295 ex
1023 2242 1289 2310 gentibus,
1309 2242 1359 2299 ei
1386 2242 1619 2298 suadens
1640 2251 1696 2296 ut
1714 2250 1994 2312 parentum
2024 2254 2132 2295 non

543 2329 871 2394 meminerit,
930 2346 1126 2400 nempe
1169 2346 1358 2386 eorum
1386 2332 1477 2401 qui
1514 2330 1899 2386 sacrificabant
1926 2330 2083 2384 idolis
2115 2347 2129 2384 :

544 2432 609 2474 ex
633 2419 695 2474 iis
722 2419 864 2474 enim
898 2419 995 2475 fuit
1032 2422 1279 2479 collecta.
1335 2422 1404 2478 Et
1432 2438 1542 2477 non
1573 2422 1725 2487 dixit,
1770 2422 1848 2477 Ne
1886 2419 2134 2488 accedas,

544 2511 641 2565 sed
667 2512 809 2581 quod
838 2522 921 2568 est
948 2514 1201 2583 amplius,
1244 2514 1323 2570 Ne
1361 2530 1548 2569 eorum
1589 2515 1805 2584 quidem
1852 2515 2032 2570 veniat
2079 2515 2132 2568 in

545 2612 805 2659 mentem.
837 2604 992 2670 Quod
1018 2606 1180 2662 etiam
1203 2605 1333 2660 dicit
1367 2606 1527 2661 alibi:
1564 2605 1693 2660 Non
1712 2606 2019 2660 recordabar
2038 2623 2130 2660 no-

543 2694 738 2747 minum
757 2711 929 2750 eorum
954 2713 1044 2766 per
1072 2698 1209 2752 labia
1230 2715 1381 2763 utea;
1409 2710 1463 2754 et
1493 2713 1699 2765 rursus,
1728 2699 1797 2755 Ut
1822 2717 1927 2754 non
1952 2702 2131 2770 taqua-

545 2796 627 2839 tttr
654 2802 710 2839 os
747 2802 914 2841 meum
955 2805 1112 2858 opera
1141 2790 1401 2843 hominum
1429 2789 1600 2862 (Paul.
1636 2792 1721 2845 15.
1762 2792 1816 2845 4.
1840 2801 1887 2845 et
1917 2792 2005 2846 16.
2042 2792 2127 2861 4).

543 2876 792 2933 Nondum
819 2880 921 2935 hoc
951 2890 1032 2935 est
1072 2896 1263 2951 magna
1289 2881 1495 2946 virtus;
1543 2882 1654 2936 imo
1692 2893 1774 2938 est
1803 2898 1989 2953 magna
2016 2883 2136 2953 qui-

544 2968 689 3036 dem,
729 2971 823 3026 sed
849 2986 954 3027 non
979 2973 1121 3027 talis.
1152 2973 1265 3028 Illic
1288 2975 1431 3028 enim
1453 2975 1578 3045 quid
1611 2974 1788 3029 dicit?
1835 2976 1949 3031 Non
1970 2976 2127 3044 dixit,

542 3060 659 3116 Non
689 3063 925 3133 loquaris
946 3080 1065 3133 qum
1094 3074 1221 3119 sunt
1242 3074 1474 3135 patrum,
1526 3066 1642 3131 sed,
1682 3066 1795 3122 Nec
1819 3083 2007 3123 eorum
2043 3083 2133 3124 re-

542 3152 806 3218 corderis,
828 3140 950 3211 nec
979 3156 1072 3211 tibi
1102 3157 1154 3211 in
1184 3167 1418 3215 mentem
1448 3159 1686 3214 veniant.
1746 3160 1909 3215 Vides
1929 3170 2133 3231 quanto

544 3244 831 3300 intervallo
857 3245 970 3300 vult
996 3261 1094 3302 nos
1115 3247 1306 3303 abesse
1338 3263 1367 3302 a
1400 3249 1526 3304 vitio
1547 3250 1573 3303 ?
1606 3249 1738 3305 Nam
1764 3251 1855 3321 qui
1883 3267 1988 3306 non
2021 3264 2137 3307 mc-

545 3336 721 3401 minit,
761 3350 862 3391 nec
887 3338 1180 3408 cogitabit;
1212 3341 1301 3409 qui
1332 3354 1438 3395 non
1469 3342 1688 3411 cogitat,
1738 3357 1837 3397 nec
1859 3343 2131 3413 loquitur;

543 3428 633 3494 qui
663 3436 840 3482 autem
864 3443 968 3481 non
992 3428 1248 3499 loquitur,
1278 3446 1378 3485 nec
1395 3441 1538 3501 aget.
1574 3432 1739 3491 Vides
1762 3434 1977 3503 quantis
2005 3447 2136 3503 spa-

546 3522 637 3575 tlis
659 3521 755 3574 viae
778 3536 875 3575 nos
901 3524 1089 3589 arcuit,
1115 3534 1170 3578 et
1188 3525 1404 3594 quantis
1431 3526 1733 3581 intervallis
1755 3539 1859 3583 nos
1876 3528 2136 3582 removit?

474 3610 477 3613 λ
548 3611 690 3682 Ergo
717 3627 820 3667 nos
836 3629 1052 3685 quoque
1080 3615 1382 3683 audiamus,
1434 3617 1783 3672 etmalorum
1825 3626 2133 3675 nostrorum

543 3701 942 3771 obliviscamur,
995 3720 1100 3760 non
1134 3717 1499 3774 peccatorum,
1535 3708 1771 3777 inquam,
1812 3723 1932 3778 qua:
1957 3710 2137 3769 admi-

543 3794 712 3848 simus
742 3813 756 3850 :
785 3795 1050 3850 Memento
1080 3799 1246 3861 enim,
1294 3799 1487 3867 inquit,
1535 3807 1591 3854 tu
1621 3800 1789 3868 prior,
1821 3811 1876 3857 et
1897 3816 1999 3873 ego
2024 3818 2132 3859 non

543 3887 860 3943 meminero.
892 3887 960 3943 Ut
986 3889 1221 3958 exemMi
1247 3902 1443 3944 causa:
1484 3902 1594 3944 non
1623 3880 1852 3962 amplius
1884 3894 2135 3952 recorde-

543 3991 666 4030 mur
708 3978 929 4047 rapintr,
983 3978 1077 4034 sed
1108 3980 1271 4034 etiam
1315 3980 1497 4050 priora
1551 3980 1861 4039 reddamus.
1906 3985 2020 4041 Hoc
2048 3995 2132 4046 est

536 4091 782 4150 oblivisci
811 4093 950 4159 vitii,
978 4101 1034 4148 et
1061 4100 1314 4164 rapacem
1341 4090 1612 4163 expellere
1640 4091 2044 4163 cogitationem,
2069 4103 2125 4150 et

535 4186 707 4255 ipsam
734 4201 1026 4256 numquam
1052 4184 1357 4252 admittere,
1391 4186 1491 4241 sed
1520 4194 1574 4241 et
1605 4200 1724 4255 qua:
1748 4198 1778 4239 a
1810 4186 1964 4241 nobis
1992 4198 2121 4255 pee-

535 4285 654 4331 cata
679 4284 805 4331 sunt
832 4276 1036 4331 delere.
1086 4275 1368 4332 Undenam
1390 4285 1571 4333 autem
1601 4277 1756 4333 nobis
1781 4277 1988 4332 orietur
2017 4288 2132 4334 ma-

538 4368 711 4423 lorum
741 4368 982 4424 oblivio?
1012 4369 1094 4424 Ex
1119 4369 1490 4425 recordatione
1514 4371 1778 4427 bonorum
1815 4370 1905 4424 Dei
1928 4369 2005 4425 :si
2036 4370 2131 4425 Dei

535 4466 799 4528 perpetuo
838 4459 1268 4524 meminerimus,
1315 4475 1422 4515 non
1456 4461 1752 4531 poterimus
1796 4462 1958 4514 etiam
2005 4460 2129 4515 illo-

536 4560 656 4605 rum
690 4550 1021 4606 meminisse.
1055 4549 1116 4606 Si
1142 4567 1331 4607 memor
1360 4553 1440 4622 fni
1471 4554 1565 4617 tui,
1590 4552 1783 4622 inquit,
1818 4567 1972 4623 super
1991 4562 2129 4606 stra-

538 4654 646 4697 tum
668 4656 855 4709 meum,
878 4644 923 4699 si
942 4644 995 4698 in
1013 4646 1279 4702 matutinis
1298 4646 1581 4701 meditabar
1601 4646 1654 4698 in
1676 4654 1723 4698 te
1742 4643 1912 4714 (Psal.
1928 4643 2018 4701 62.
2047 4645 2132 4716 7).

537 4739 714 4807 Atque
735 4749 949 4807 semper
963 4736 1201 4809 quidem,
1226 4739 1462 4793 maxime
1480 4746 1661 4790 autem
1689 4736 1785 4792 Dei
1812 4745 1942 4792 tunc
1969 4752 2129 4809 opor-

538 4836 617 4884 tet
661 4828 994 4897 meminisse,
1044 4831 1263 4900 quando
1304 4829 1357 4883 in
1395 4827 1613 4882 silentio
1651 4838 1705 4884 et
1734 4829 1915 4899 quiete
1940 4839 2123 4887 nostra

535 4929 621 4974 est
660 4920 932 4989 cogitatio,
978 4922 1193 4992 quando
1235 4936 1331 4990 per
1369 4919 1512 4975 illam
1565 4923 1877 4978 memoriam
1922 4938 1982 4979 se
2027 4940 2128 4995 po-

539 5022 644 5067 teet
687 5012 1051 5069 condemnare
1078 5054 1096 5081 ,
1142 5012 1358 5084 quando
1407 5012 1461 5067 in
1500 5016 1758 5070 memoria
1812 5025 2014 5073 tenere.
2070 5017 2129 5073 in

537 5107 625 5164 die
639 5110 781 5163 enim
807 5123 915 5179 quo
941 5107 1198 5163 fuerimus
1224 5107 1509 5174 recordati,
1528 5111 1780 5181 ingressa:
1796 5113 1913 5168 aliae
1933 5114 2126 5171 sollici-

540 5198 752 5255 tudines
781 5209 835 5255 et
872 5198 1138 5253 tumultus
1196 5214 1316 5254 eam
1372 5203 1683 5273 expellunt:
1740 5213 1897 5260 noctu
1949 5218 2128 5263 autent

538 5299 796 5364 perpetuo
826 5303 1109 5359 possumus
1127 5291 1433 5349 meminisse
1455 5311 1469 5359 ;
1488 5295 1699 5365 quando
1733 5295 1786 5351 in
1812 5299 2112 5370 tranquilli-

607 5453 625 5484 ⁸
652 5450 708 5501 1a
734 5448 839 5497 bzec
863 5445 1013 5498 verba
1034 5445 1220 5496 desinit
1238 5446 1433 5501 humilia
1456 5448 1507 5497 in
1529 5443 1666 5498 Colb.

1258 373 1312 430 S.
1348 366 1625 429 JOANNIS
1662 358 2134 427 CHRYSOS'YOMI
2198 362 2515 419 ARCHlEP.
2556 358 3083 420 CONSTANTINOP.

3713 369 3806 425 “6

2239 473 2347 523 tate
2369 476 2423 521 et
2439 467 2619 536 quiete
2649 464 2808 520 fuerit
2832 452 3263 537 anima,'quando
3308 467 3359 523 in
3390 476 3580 539 portu,
3607 476 3810 541 quando

2243 554 2299 611 in
2324 557 2656 612 serenitate:
2689 556 2815 621 Qua
2839 558 3030 621 dicitis,
3061 558 3250 627 inquit.
3279 559 3332 613 in
3371 561 3607 616 cordibus
3631 567 3814 630 restria,

2239 649 2295 703 in
2338 649 2587 703 cubilibus
2629 643 2802 704 vestris
2856 651 3256 719 compungimini
3305 650 3476 722 (Pani.
3498 651 3647 725 4.5).
3692 655 3819 713 Nam

2240 749 2518 811 Oporteret
2533 740 2747 812 quidem
2771 741 2935 796 etiam
2962 741 3194 797 interdiu
3229 742 3369 799 lianc
3399 744 3598 800 habere
3627 762 3819 802 memo-

2242 835 2409 899 riam;
2438 833 2691 903 quoniatn
2715 842 2901 888 autem
2913 847 3130 904 semper
3148 834 3281 888 estis
3303 834 3548 902 solliciti,
3562 846 3618 892 et
3637 837 3824 893 distra-

2246 924 2436 979 ltimini
2479 925 2533 979 in
2577 925 2643 980 iis
2671 940 2792 995 qua:
2823 924 2887 979 ad
2922 924 3060 981 hanc
3107 925 3271 980 vitam
3305 926 3593 997 pertinent,
3640 929 3823 986 saltem

2245 1026 2373 1073 tunc
2402 1017 2497 1072 Dei
2527 1017 2580 1071 in
2606 1017 2767 1073 cubili
2811 1025 3177 1072 mementote:
3209 1016 3265 1074 in
3293 1018 3569 1077 matutinis
3613 1019 3825 1076 mediis.

2244 1109 2378 1165 mini
2404 1109 2458 1163 in
2486 1108 2604 1178 ipso
2625 1107 2801 1178 (Paul.
2833 1107 2922 1169 σε.
2948 1108 3026 1176 7).
3069 1106 3126 1162 Si
3158 1108 3211 1162 in
3241 1109 3520 1165 matutinis
3564 1109 3679 1165 htec
3708 1127 3822 1168 mo-

2247 1199 2501 1266 ditemur,
2557 1214 2681 1254 cum
2732 1199 2895 1254 multa
2923 1200 3215 1256 securitate
3246 1200 3603 1270 procedamus
3631 1201 3697 1256 ad
3728 1219 3822 1259 nev

2245 1293 2389 1364 gotia
2415 1308 2431 1347 :
2478 1292 2523 1347 si
2554 1291 2951 1362 supplicatione
2995 1291 3227 1362 primum
3256 1291 3414 1347 nobis
3449 1292 3614 1348 Deum
3645 1294 3826 1350 ieceri-

2247 1400 2369 1440 ntus
2413 1385 2724 1455 propitium,
2776 1384 2848 1440 ita
2887 1382 3242 1453 procedentes
3284 1385 3491 1441 nullum
3520 1384 3832 1443 habebimus

2246 1476 2564 1542 inimicum;
2616 1475 2699 1530 sin
2742 1482 2923 1531 autem
2968 1474 3197 1543 habeas,
3245 1475 3522 1543 irridebis,
3552 1477 3828 1544 De,de

2247 1569 2380 1622 bene
2405 1567 2716 1637 propitium.
2775 1566 2981 1622 Bellum
3008 1579 3095 1622 est
3122 1565 3174 1622 in
3204 1565 3345 1631 fore.
3398 1583 3574 1638 pugna
3598 1578 3724 1624 sunt
3744 1585 3833 1626 res

2247 1655 2479 1721 diurna,
2526 1667 2652 1712 stitit
2691 1657 2919 1725 ﬂuetus,
2972 1667 3097 1714 sunt
3143 1666 3453 1729 tempestas.
3496 1655 3666 1711 Nobis
3706 1669 3830 1726 ergo

2251 1762 2388 1816 opus
2433 1754 2518 1804 est
2554 1750 2760 1807 armis:
2790 1765 2987 1822 magna
3022 1760 3203 1805 autem
3240 1764 3389 1805 arma
3431 1757 3565 1804 sunt
3604 1762 3828 1819 preces:

2158 1870 2173 1883 ν
2248 1846 2384 1905 Opus
2415 1850 2500 1895 est
2528 1841 2782 1898 secandis
2802 1843 2997 1911 ventis,
3046 1850 3261 1914 oportet
3297 1841 3512 1898 discere
3532 1842 3732 1909 omnia,
3779 1853 3834 1898 ut

2249 1929 2356 1985 dici
2382 1932 2777 2002 longitudinem
2799 1936 3054 1993 conﬁcias
3079 1936 3284 2006 absque
3311 1935 3609 2005 naufragiis
3633 1944 3689 1990 et
3715 1933 3831 1989 vul-

2251 2023 2512 2080 neribus:
2544 2026 2699 2081 multi
2746 2028 2894 2083 enim
2932 2036 3059 2084 sunt
3105 2028 3337 2100 singulis
3372 2027 3575 2084 diebus
3601 2026 3831 2098 scopuli,

2246 2113 2541 2183 Quinetiam
2584 2131 2731 2188 saepe
2759 2118 2812 2175 in
2858 2134 2953 2176 eos
2982 2119 3449 2192 impiugitscapba
3486 2130 3542 2176 et
3570 2119 3830 2180 obruitur.

2319 2202 2554 2261 Precatio
2584 2210 2833 2264 aututino
2858 2220 2905 2264 at
2933 2219 3200 2265 nocturna.
3217 2240 3289 2253 —
3306 2211 3609 2281 Propterea
3640 2226 3829 2281 prcca-

2246 2295 2393 2354 tione
2423 2300 2576 2356 nobis
2606 2316 2741 2372 opus
2780 2314 2884 2369 est,
2915 2305 3151 2360 maxime
3175 2306 3441 2361 matutina
3466 2316 3525 2362 et
3553 2316 3828 2369 nocturna.

2247 2389 2394 2447 Multi
2425 2407 2493 2448 ex
2522 2395 2676 2451 vobis
2712 2411 2854 2468 srcpe
2882 2406 3191 2467 spectarunt
3217 2397 3467 2469 Olympia
3485 2440 3503 2465 ,
3537 2414 3641 2455 nec
3663 2398 3831 2455 solum

2246 2494 2580 2550 spectarunt,
2610 2487 2703 2542 sed
2733 2489 3108 2545 etiam/eorum
3129 2490 3219 2560 qui
3243 2490 3600 2548 decertabant
3624 2490 3830 2546 fuerunt

2245 2569 2482 2629 fautores
2509 2578 2563 2629 e’t
2587 2577 2943 2634 admiratores
2961 2621 2978 2647 ,
3006 2590 3060 2635 et
3084 2580 3219 2636 alter
3243 2581 3465 2652 quidem
3496 2582 3674 2651 hujus,
3703 2582 3833 2637 alter

2245 2678 2373 2718 vero
2409 2665 2573 2721 illius.
2591 2667 2751 2725 Scitis
2769 2685 2899 2741 ergo
2917 2671 3065 2742 quod
3086 2687 3181 2743 per
3200 2673 3560 2735 certaminum
3585 2674 3703 2729 illos
3722 2673 3831 2729 dies

2241 2762 2296 2807 ot
2325 2748 2544 2820 noctes,
2576 2769 2687 2816 tota
2718 2771 2877 2818 nocte
2918 2777 3098 2833 praeco
3142 2764 3275 2821 nihil
3318 2765 3469 2821 aliud
3501 2766 3730 2836 cogitat,
3768 2764 3832 2820 de

2243 2847 2392 2901 nullo
2412 2850 2518 2905 alio
2534 2860 2618 2906 est
2637 2853 2922 2922 sollicitus,
2939 2871 3099 2927 quam
3122 2873 3191 2912 ne
3209 2872 3468 2928 egressus
3489 2859 3537 2913 is
3559 2860 3648 2930 qui
3669 2866 3833 2913 certat

2241 2951 2301 2993 se
2331 2938 2587 2997 indecore
2606 2954 2777 3013 gerat.
2797 2945 2930 3001 Nam
2957 2947 3035 3002 illi
3064 2949 3163 3017 qui-
3178 2949 3447 3016 assident,
3474 2951 3697 3006 tabicini
3718 2965 3833 3003 sua-

2241 3027 2373 3084 dent
2402 3045 2471 3086 ne
2499 3031 2751 3103 loquatur
2776 3036 2994 3107 quidem
3024 3039 3223 3105 alicui,
3253 3055 3322 3095 ne
3345 3041 3606 3110 spiritum
3643 3055 3835 3096 consu-

2244 3134 2396 3176 mens
2423 3124 2494 3178 sit
2522 3124 2804 3182 ridiculus.
2826 3125 2885 3184 Si
2911 3129 3070 3199 igitur
3089 3130 3180 3201 qui
3201 3145 3385 3186 coram
3428 3132 3737 3189 hominibus
3760 3139 3837 3189 est

2241 3222 2553 3271 certaturus
2575 3257 2590 3281 ,
2621 3226 2827 3275 tantam
2851 3234 3037 3277 curam
3061 3223 3200 3291 gerit
3234 3240 3247 3278 :
3281 3224 3467 3280 multo
3494 3226 3667 3297 magis
3693 3224 3839 3281 nobis

2239 3306 2524 3361 conveniet
2548 3309 2766 3366 assidue
2792 3326 2915 3368 esse
2940 3313 3204 3370 sollicitos
3240 3324 3295 3371 et
3321 3318 3582 3388 c0gitare
3607 3360 3623 3384 ,
3652 3318 3840 3389 quibus

2242 3406 2351 3453 tota
2378 3398 2485 3455 vita
2513 3410 2597 3456 est
2627 3413 2925 3461 certamen.
2959 3406 3091 3461 Tota
3131 3422 3261 3479 ergo
3290 3423 3406 3465 nox
3431 3412 3504 3466 sit
3531 3412 3689 3468 nobis
3714 3426 3835 3481 per-

2239 3489 2512 3556 vigilium,
2557 3501 2614 3548 et
2649 3495 2867 3552 solliciti
2904 3497 3074 3553 simus
3115 3514 3182 3554 ne
3209 3515 3240 3556 e
3269 3500 3360 3556 die
3390 3503 3638 3573 egressi,
3670 3504 3837 3559 simus

2235 3576 2465 3633 ridiculi.
2493 3579 2559 3634 Et
2582 3580 2786 3636 utinam
2809 3591 3013 3637 tantum
3034 3583 3280 3642 ridiculi:
3305 3604 3456 3646 nunc
3474 3601 3659 3648 autem
3685 3594 3837 3649 sedet

2231 3669 2298 3724 ad
2325 3670 2601 3727 dexteram
2629 3673 2801 3729 Patris
2829 3676 3171 3746 agonotbeta,
3195 3678 3491 3751 diligenter
3519 3684 3747 3743 audiens
3771 3701 3835 3741 ne

2232 3761 2359 3829 quid
2392 3762 2673 3833 loquamur
2699 3767 2844 3837 quod
2873 3767 3135 3837 dissonet,
3161 3782 3218 3827 et
3241 3787 3312 3828 ne
3336 3777 3473 3845 quid
3500 3779 3646 3848 quod
3674 3779 3830 3834 modo

2231 3870 2336 3909 non
2361 3858 2686 3914 conveniat:
2707 3874 2813 3914 non
2835 3869 2918 3916 est
2942 3862 3084 3917 enim
3106 3863 3279 3919 solum
3302 3865 3479 3935 judex
3509 3886 3715 3937 rerum,
3739 3870 3829 3926 sed

2230 3947 2392 4002 etiam
2420 3948 2728 4004 verborum.
2758 3950 2947 4006 Totam
2979 3963 3194 4013 noctem
3228 3959 3629 4029 pervigilemus
3652 4003 3668 4026 ,
3697 3977 3730 4017 ο
3752 3962 3833 4016 di-

2229 4038 2353 4095 lecti
2378 4057 2395 4095 :
2416 4040 2675 4097 habemus
2697 4057 2798 4097 nos
2818 4059 3030 4114 quoque
3053 4045 3309 4111 fautores,
3340 4050 3390 4104 si
3417 4052 3689 4108 velimus:
3714 4051 3831 4107 uui—

2230 4133 2423 4202 cuique
2446 4144 2687 4190 nostrum
2707 4135 2910 4191 assidet
2931 4140 3188 4209 angelus:
3205 4156 3303 4196 nos
3323 4154 3517 4200 autem
3544 4155 3656 4201 tota
3681 4155 3836 4201 nocte

2228 4224 2520 4278 stertimus.
2552 4224 2620 4280 Et
2644 4227 2843 4281 utinam
2868 4228 2970 4283 hoc
2991 4237 3195 4285 tantum
3224 4249 3238 4285 :
3269 4233 3430 4290 multi
3458 4244 3650 4293 autem
3676 4236 3845 4301 etiam,

2225 4316 2394 4371 multa
2423 4316 2625 4372 faciunt
2649 4318 2913 4390 ﬂagitiosa
2937 4361 2953 4385 ,
2983 4321 3072 4376 alii
3117 4322 3332 4394 quidem
3380 4337 3582 4383 euntes
3617 4329 3687 4385 ad
3714 4329 3824 4401 ipsa

2225 4408 2540 4477 prostibula,
2566 4409 2658 4462 alii
2685 4419 2862 4465 autem
2888 4426 3012 4468 suas
3039 4412 3185 4469 mdes
3211 4418 3524 4484 prostibula
3550 4420 3832 4486 facientes,

2229 4491 2378 4560 quod
2405 4493 2534 4549 illuc
2559 4494 2763 4551 ducant
2798 4500 3135 4558 meretrices.
3162 4500 3399 4558 Multum
3431 4494 3572 4563 sane
3608 4508 3829 4563 solliciti

2228 4592 2361 4639 sunt
2390 4583 2654 4659 (annon?)
2696 4597 2759 4643 ut
2805 4597 2955 4647 recte
2995 4600 3226 4654 certent,
3265 4594 3384 4651 Alii
3434 4606 3572 4654 sunt
3607 4598 3750 4655 ebrii
3776 4606 3832 4661 et

2229 4689 2514 4746 perperam
2545 4677 2870 4749 loquuntur,
2906 4681 2998 4738 alii
3038 4686 3477 4755 tumultuantur,
3525 4691 3622 4745 alii
3663 4698 3832 4746 totatn

2228 4777 2446 4824 noctem
2497 4771 2639 4827 male
2683 4773 3034 4845 pervigilant,
3079 4777 3147 4832 iis
3178 4778 3352 4835 etiam
3402 4782 3504 4853 qui
3545 4782 3834 4842 dormiunt

2225 4861 2382 4932 pejus
2428 4862 2586 4921 dolos
2627 4875 2940 4937 nectentes;
2982 4869 3076 4926 alii
3113 4884 3413 4928 numerant
3459 4890 3701 4944 usuras,
3741 4876 3834 4933 alii

2224 4955 2378 5010 curis
2408 4958 2749 5023 cruciantur,
2774 4967 2831 5016 et
2857 4961 3041 5016 omnia
3068 4963 3242 5036 magis
3266 4961 3487 5023 faciunt
3513 4984 3686 5040 quam
3712 4982 3835 5041 qua

2225 5048 2563 5103 conveniunt
2613 5050 2921 5119 certamini,
2964 5051 3330 5119 Quamobrem
3379 5071 3524 5128 rogo
3558 5069 3620 5114 ut
3648 5059 3833 5115 missis

2224 5141 2480 5198 omnibus
2512 5157 2681 5197 unum
2726 5142 2903 5200 solum
2935 5154 3270 5216 spectemus,
3296 5156 3362 5202 ut
3406 5150 3707 5220 pratmium
3738 5164 3832 5203 ac-

2222 5234 2515 5306 cipiamus,
2560 5251 2763 5293 corona
2803 5238 2980 5296 simus
3028 5239 3295 5308 redimiti;
3349 5246 3549 5299 omnia
3604 5258 3833 5316 agamus

2224 5343 2324 5399 per
2351 5345 2475 5401 qua:
2495 5331 2638 5387 bona
2661 5333 2932 5403 promissa
2960 5335 3237 5405 possimus
3268 5337 3507 5410 assequi
3538 5353 3557 5399 _:
3581 5353 3707 5410 quae
3737 5350 3835 5394 nor

2224 5421 2313 5481 bis
2338 5422 2594 5484 omnibus
2623 5423 2781 5483 detur
2812 5425 3075 5500 consequi
3097 5426 3274 5499 gratia
3305 5437 3364 5485 et
3385 5428 3761 5503 benignitate,
3830 5453 3857 5473 ρ

2017 5658 2268 5677 Μ
