4172 6476
359 415 473 476 “5

357 533 479 602 οὐχ
505 528 586 595 ὡς
614 530 859 603 πονηρὸν
885 531 1070 586 τοίνυν
1102 533 1338 588 ἐνταῦθά
1366 552 1554 605 φησιν.
1599 531 1716 586 ἀλλ’
1752 531 1824 596 ὡς
1857 530 1980 600 έκον

355 616 424 671 τὸ
450 615 698 684 αἰτίαμα
730 617 826 667 καὶ
853 615 1151 686 ἐλάττωμα
1184 630 1229 669 ει.

433 700 480 753 δ’
498 741 512 753 .
545 697 710 751 Οὕτω
731 698 800 770 δὴ
827 700 924 753 καὶ
955 702 1122 770 ἡμεῖς
1156 700 1332 753 καινοί
1351 701 1544 767 ἐσμεν,
1567 700 1768 770 μάλλον
1785 700 1840 753 δέ
1863 716 1983 752 και-

363 785 447 838 νοὶ
502 783 818 853 ἐγενόμεθα
859 800 873 813 ⁸
925 783 1022 836 νῦν
1064 785 1120 837 δὲ
1167 786 1606 856 πεπαλαιώμεθα
1637 802 1651 816 ⁸
1696 786 1785 839 διά
1825 783 1984 837 τοῦτο

372 866 541 934 ἐγγύς
590 869 769 938 ἐσμεν
825 868 1150 937 ἀφανισμοῦ
1211 871 1307 923 καὶ
1360 871 1662 935 ἀπωλείας.
1721 869 1884 934 Ἀλλ’,
1918 869 1985 923 ἂν

375 950 678 1019 ἐθέλωμεν,
723 949 876 1004 ἔστιν
906 953 1184 1016 ἀποξῦσαι
1216 952 1379 1009 τοῦτο
1413 955 1476 1008 τὸ
1505 954 1708 1025 γῆρας.
1757 952 1987 1025 Λουτρῷ

376 1035 474 1106 μὲν
505 1033 666 1106 [146]
702 1031 798 1089 οὖν
850 1039 1041 1091 οὐκέτι
1073 1039 1325 1104 δυνατὸν,
1374 1040 1638 1112 μετανοίᾳ
1667 1039 1724 1093 δὲ
1751 1038 1988 1092 ἐνταῦθα

370 1117 619 1172 δυνατόν.
676 1120 744 1172 Εἴ
778 1137 830 1172 τι
866 1121 1104 1176 παλαιὸν
1161 1125 1219 1176 ἐν
1263 1125 1422 1195 ἡμῖν,
1471 1123 1720 1194 ῥίψωμεν
1755 1140 1770 1154 ⁸
1812 1123 1865 1176 εί
1903 1139 1990 1183 τις

373 1203 554 1272 ῥυτὶς,
589 1204 644 1256 εἴ
672 1221 756 1266 τις
787 1205 971 1275 κηλὶς.
1009 1205 1167 1270 εἴτις
1197 1208 1408 1274 σπῖλος,
1443 1207 1863 1278 ἀπονιψὼμεθα,
1894 1206 1990 1261 καὶ

372 1284 536 1338 καλοὶ
571 1281 888 1358 γενώμεθα,
923 1289 1011 1342 ἴνα
1036 1291 1357 1364 ἐπιθυμήσῃ
1387 1294 1414 1346 6
1451 1291 1708 1362 βασιλεὺς
1736 1289 1833 1344 τοῦ
1866 1292 1993 1345 κάλ-

372 1368 506 1432 λους
559 1371 746 1440 ἡμῶν.
790 1372 1010 1438 Ἔξεστι
1069 1377 1338 1447 καὶπρὸς
1388 1377 1632 1446 ἐσχάτην
1685 1375 1992 1429 δυσείδειαν

372 1457 810 1522 καταπεσόντας
837 1461 1259 1532 ἀνακτήσασθαι
1293 1463 1353 1516 τὸ
1395 1461 1592 1527 κάλλος
1622 1461 1824 1528 ἐκεῖνο,
1866 1462 1994 1534 περὶ

371 1534 436 1593 οὗ
469 1557 645 1610 φησιν
677 1543 708 1594 6
729 1544 898 1597 Δαυῖδ
920 1562 934 1577 ⁸
970 1546 1290 1612 Ἄκουσον,
1315 1549 1590 1617 θύγατερ,
1620 1549 1717 1602 καί
1755 1548 1867 1615 ἴδε,
1895 1547 1995 1604 καὶ

372 1623 600 1677 κλῖνον
633 1624 704 1678 τὸ
742 1622 851 1693 οὖς
883 1645 1023 1692 σου,
1061 1631 1158 1683 καὶ
1191 1631 1488 1685 ἐπιλάθου
1519 1631 1626 1685 τοῦ
1657 1631 1814 1687 λαοῦ
1853 1648 1994 1695 σου,

372 1713 476 1762 καὶ
509 1709 624 1762 τοῦ
666 1709 845 1765 οἴκου
896 1712 1007 1766 τοῦ
1054 1716 1283 1782 πατρός
1318 1730 1457 1780 σου,
1496 1716 1596 1769 καὶ
1631 1717 1998 1786 ἐπιθυμήσει

371 1795 409 1845 ὀ
433 1792 758 1860 ,βασιλεὺς
819 1796 927 1850 τοῦ
973 1797 1247 1864 κάλλους
1283 1816 1420 1852 σου.
1474 1802 1586 1854 Καὶ
1629 1802 1803 1872 μήνὴ
1854 1803 1997 1872 λήθη

374 1877 588 1940 κάλλος
616 1879 679 1930 οὐ
706 1882 877 1945 ποιεῖ,
907 1879 1106 1944 κάλλος
1138 1881 1200 1934 τὸ
1234 1881 1487 1952 ψυχικόν.
1526 1883 1684 1955 Λήθη
1715 1885 1882 1948 ποία;
1932 1887 1998 1940 Ἡ

375 1959 489 2013 τῶν
533 1962 855 2033 ἁμαρτιῶν.
912 1964 1060 2034 Πρὸς
1108 1966 1220 2036 γάρ
1268 1966 1367 2035 τήν
1429 1967 1766 2038 Ἐκκλησίαν
1802 1971 1902 2040 τὴν
1937 1969 1999 2037 ἐξ

377 2044 555 2100 ἐθνῶν
588 2046 933 2115 διαλέγεται,
969 2049 1256 2119 παραινῶν
1289 2050 1428 2122 αὐτῇ
1459 2051 1570 2105 τῶν
1611 2053 1886 2125 πατρῴων
1921 2056 1998 2125 μὴ

385 2131 729 2202 μνησθῆναι,
787 2131 1066 2197 τουτέστι,
1114 2133 1228 2185 τῶν
1275 2133 1519 2199 εἰδώλοις
1559 2137 1801 2192 θυόντων
1829 2156 1842 2171 ⁸
1888 2139 2000 2192 ἀπὸ

386 2215 500 2284 γὰρ
552 2215 663 2268 τῶν
720 2216 990 2270 τοιούτων
1051 2218 1342 2289 συνῆκται.
1411 2221 1522 2274 Καὶ
1575 2222 1676 2276 οὐκ
1724 2219 1872 2286 εἷπε,
1905 2221 1998 2294 Μὴ

405 2297 667 2369 μετέλθῃς
701 2301 841 2355 αὑτά
872 2318 885 2332 ⁸
920 2301 1062 2366 ἀλλ’,
1100 2303 1130 2356 ὃ
1177 2303 1342 2357 πλέον
1373 2306 1512 2370 ἐστὶ,
1547 2307 1702 2378 Μηδέ
1752 2309 1832 2370 είς
1873 2307 2000 2360 νοῦν

403 2380 577 2453 λάϐῃς
611 2399 623 2410 ⁸
661 2383 688 2435 ὃ
718 2386 797 2438 καὶ
830 2385 1071 2456 ἀλλαχοῦ
1108 2404 1274 2458 φησιν
1301 2403 1316 2417 ⁸
1343 2391 1428 2443 Οὐ
1470 2390 1559 2459 μὴ
1594 2392 1852 2460 μνησοῶ
1881 2391 2003 2445 τῶν

403 2467 949 2536 ὀνομάτων-,αὑτῶν
981 2471 1082 2526 διὰ
1118 2472 1374 2542 χειλέων
1417 2492 1540 2544 μου
1575 2492 1588 2506 ⁸
1649 2476 1743 2529 καὶ
1794 2476 1958 2541 πάλιν
1983 2493 1995 2507 ⁸

401 2550 591 2616 Ὅπως
611 2551 686 2605 ἂν
705 2553 792 2622 μὴ
814 2555 1072 2625 λαλήσῃ
1105 2556 1172 2610 τὸ
1198 2559 1396 2626 στόμα
1440 2576 1562 2628 μου
1600 2559 1674 2615 τὰ
1701 2560 1846 2629 ἔργα
1882 2558 2000 2614 τῶν

389 2634 743 2702 ἀνθρώπων.
789 2638 965 2693 Οὔπω
996 2641 1162 2694 τοῦτο
1198 2643 1412 2714 μεγάλη
1443 2644 1614 2715 ἀρετή
1647 2660 1661 2674 ⁸
1710 2645 1910 2714 μᾶλλον
1943 2646 2002 2701 δὲ

390 2719 606 2800 μεγάλη
645 2723 769 2792 μὲν,
807 2724 927 2777 ἀλλ’
961 2725 1021 2778 οὐ
1077 2727 1331 2799 τοιαύτη.
1382 2729 1535 2784 Ἐκεῖ
1562 2728 1673 2800 γὰρ
1709 2729 1760 2782 τί
1797 2746 2001 2800 φησιν;

385 2803 502 2856 Οὐκ
532 2797 715 2870 εἶπεν,
769 2808 845 2861 Οὐ
895 2809 973 2879 μὴ
1003 2808 1246 2882 λαλήσῃς
1277 2797 1348 2866 τά
1381 2812 1489 2866 τῶν
1529 2797 1817 2883 πατέρων,
1842 2797 2002 2879 ἀλλά,

381 2887 540 2956 Μηδέ
570 2890 938 2964 ἀναμνησθῇς
965 2893 1167 2959 αὐτῶν,
1192 2896 1327 2966 μηδὲ
1353 2899 1434 2960 είς
1457 2897 1584 2951 νοῦν
1613 2896 1806 2970 λάϐῃς.
1839 2898 2005 2968 Ὁρᾷς

381 2971 558 3023 πόσον
594 2972 748 3044 ἡμᾶς
773 2975 1063 3049 διάστημα
1088 2978 1192 3050 τῆς
1226 2981 1428 3044 κακίας
1456 2981 1687 3052 ἀπέχειν
1713 2981 2000 3052 βούλεταις

394 3053 456 3108 Ὀ
489 3055 600 3125 γὰρ
633 3057 712 3128 μὴ
749 3062 1130 3132 μεμνημένος,
1169 3064 1230 3117 οὑ
1261 3064 1527 3133 λογιεῖται
1558 3081 1572 3096 ⁸
1607 3066 1637 3118 ὁ
1669 3064 1725 3118 δὲ
1752 3065 1829 3138 μὴ
1858 3066 2007 3135 λογι-

381 3138 643 3208 ζόμενος,
701 3144 826 3198 οὖδέ
890 3146 1233 3216 φθέγγεται⁸
1293 3151 1320 3201 6
1371 3149 1427 3202 δὲ
1487 3149 1562 3220 μὴ
1603 3149 2005 3220 φθεγγόμενος,

379 3224 513 3277 οὐδὲ
557 3227 784 3297 πράξει.
829 3229 997 3301 Ὁρᾷς
1043 3233 1150 3302 πρὸ
1205 3232 1391 3286 πόσων
1443 3233 1794 3304 ἀπετείχισεν
1858 3235 2010 3306 ἡμᾶς

375 3307 551 3371 ὁδῶν,
585 3311 698 3381 πρὸ
720 3311 905 3366 πόσων
953 3315 1348 3387 διαστημάτων
1378 3317 1744 3390 ἀπεμάκρυνε
1792 3320 1891 3372 καὶ
1944 3321 2010 3373 ἐκ

375 3390 486 3444 τοῦ
520 3393 814 3461 πλείονος;
865 3399 1222 3472 Ἀκούσωμεν
1267 3401 1452 3455 τοίνυν
1501 3403 1599 3456 καὶ
1657 3404 1862 3474 ἡμεῖς,
1913 3403 2012 3456 καὶ

377 3475 798 3549 ἓπιλαθώμεθα
832 3480 945 3536 τῶν
997 3486 1289 3556 ἡμετέρων
1343 3486 1554 3554 κακῶν,
1588 3487 1651 3540 οὐ
1684 3487 1793 3540 τῶν
1828 3489 2012 3558 ήμαρ-

377 3560 830 3632 τημένωνήμῖν,
858 3565 1006 3634 λέγω
1035 3584 1049 3598 ⁸
1082 3569 1373 3640 Μνήσθητι
1404 3571 1514 3641 γὰρ
1546 3571 1634 3636 σὺ,
1664 3573 1820 3642 φησὶ,
1853 3571 2011 3644 πρῶ-

376 3655 506 3709 τος,
545 3649 648 3702 καὶ
679 3650 742 3701 οὐ
782 3651 856 3722 μὴ
890 3652 1118 3721 μνησθῶ
1147 3653 1279 3722 ἐγώ.
1327 3647 1455 3708 Οἷόν
1486 3671 1537 3707 τι
1573 3654 1721 3722 λέγω
1750 3672 1764 3684 ⁸
1795 3655 2010 3724 Μηκέτι

382 3733 849 3803 μνημονεύωμεν
887 3736 913 3775 δ
956 3738 1244 3808 ἁρπαγῆς,
1296 3737 1435 3794 ἀλλὰ
1490 3739 1587 3792 καὶ
1641 3739 1709 3793 τὰ
1769 3740 2014 3811 πρότερα

378 3815 726 3885 ἀποδῶμεν.
779 3817 955 3872 Τοῦτό
1011 3824 1166 3874 ἐστιν
1220 3822 1582 3877 ἐπιλαθέσθαι
1641 3823 1865 3887 κακίας,
1918 3823 2016 3877 καὶ

380 3898 663 3955 ἐκϐαλεῖν
682 3902 777 3955 τὸν
803 3903 1063 3974 λογισμὸν
1085 3906 1182 3959 τὸν
1215 3906 1582 3977 ἁρπακτικὸν,
1619 3911 1714 3960 καὶ
1739 3908 2014 3978 μηδέποτε

383 3984 566 4038 αὐτὸν
605 3985 687 4038 ἔτι
716 3986 997 4052 δέξασθαι.
1031 3989 1171 4042 ἀλλά
1219 3991 1316 4042 καί¹
1355 3989 1425 4044 τά
1465 3990 1568 4060 ήδη
1601 3990 2012 4063 πεπλημμελη-

390 4069 541 4141 μένα
577 4071 932 4140 ἀπαλείφειν.
987 4073 1163 4128 Πόθεν
1197 4073 1254 4127 δὲ
1305 4074 1371 4128 ἂν
1419 4075 1632 4142 γένοιτο
1685 4077 1822 4146 ἡμῖν
1873 4075 2013 4147 λήθη

391 4153 717 4225 πονηρίαςς
768 4156 902 4208 Ἀπὸ
930 4157 1030 4227 τῆς
1061 4158 1283 4229 μνήμης
1315 4156 1425 4212 τῶν
1457 4158 1682 4227 ἀγαθῶν
1712 4157 1806 4211 τοῦ
1839 4157 1973 4212 Θεοῦ
1998 4176 2012 4189 ⁸

396 4240 496 4291 ἐάν
529 4238 636 4292 τοῦ
691 4239 832 4292 Θεοῦ
889 4241 1186 4305 διαπαντὸς
1243 4242 1705 4313 μνημονεύωμεν,
1740 4244 1801 4296 οὐ
1849 4243 2014 4298 δυνά·

395 4322 548 4395 μεθα
610 4325 889 4378 κάκείνων
941 4325 1276 4397 μεμνῆσθαι.
1327 4329 1392 4380 El
1425 4327 1849 4397 ἐμνημόνευον
1906 4329 2015 4401 γάρ

393 4423 544 4471 σου,
613 4409 808 4477 φησὶν,
858 4410 954 4462 ἐπὶ
1006 4409 1117 4478 τῆς
1175 4408 1500 4480 στρωμνῆς
1548 4429 1700 4480 μου,
1762 4413 1833 4467 ὲν
1891 4413 2018 4480 τοῖς

395 4491 649 4559 ὅρθροις
680 4492 985 4562 ἐμελέτων
1018 4497 1107 4560 εἰς
1134 4495 1228 4549 σέ.
1249 4495 1364 4547 Ἀεὶ
1396 4497 1496 4566 μὲν
1525 4492 1642 4562 οὖν,
1683 4497 1924 4567 μάλιστα
1961 4497 2018 4551 δέ

394 4576 530 4628 τότε
554 4577 670 4648 χρὴ
706 4578 1024 4649 μεμνῆσθαι
1069 4579 1164 4633 τοῦ
1193 4578 1354 4643 Θεοῦ,
1387 4580 1517 4633 ὅταν
1551 4581 1609 4632 ἐν
1647 4581 1854 4652 ἡσυχίᾳ
1881 4582 1909 4635 6
1931 4579 2020 4635 λο-

395 4661 613 4730 γισμὸς
643 4653 699 4734 ᾖ,
733 4662 864 4714 ὅταν
892 4662 982 4715 διὰ
1014 4661 1116 4731 τῆς
1166 4664 1390 4734 μνήμης
1434 4663 1654 4734 ἐκείνης
1681 4664 1878 4718 ἑαυτοῦ
1921 4682 2021 4720 κα-

395 4742 728 4808 ταδικάζειν
764 4744 1013 4816 δύνηται,
1047 4747 1176 4800 ὅταν
1208 4748 1541 4817 κατέχεσθαι
1585 4749 1644 4800 ἐν
1691 4749 1758 4820 τῇ
1801 4749 2018 4821 μνήμῃ.

398 4827 565 4900 ί147]
601 4829 693 4882 Ἐν
727 4830 917 4902 ήμέρᾳ
956 4832 1056 4901 μὲν
1081 4831 1193 4901 γάρ
1220 4833 1287 4884 ἂν
1314 4831 1808 4902 μνημονεύσωμεν,
1835 4835 2023 4886 ἐπεισ-

397 4914 673 4968 ελθοῦσαι
705 4917 996 4987 φροντίδες
1040 4916 1229 4987 ἕτεραι
1271 4917 1377 4970 καὶ
1397 4915 1620 4988 θόρυϐοι
1647 4916 1812 4970 πάλιν
1851 4918 2023 4988 αὐτὴν

398 5004 776 5060 ἐκϐάλλουσιν
798 5022 816 5038 ⁸
853 5008 910 5060 ἐν
942 5005 1100 5060 νυκτὶ
1140 5005 1197 5059 δέ
1235 5005 1534 5070 διαπαντὸς
1576 5005 1897 5077 μεμνῆσθαι
1930 5006 2024 5062 δυ-

467 5171 496 5202 ι
533 5156 776 5220 Reliqua,
807 5169 973 5220 usque
1009 5158 1070 5206 ad
1095 5159 1242 5206 ﬁnem
1288 5157 1526 5218 homilise,
1553 5157 1740 5220 desunt
1766 5153 2016 5220 inr‘Colbq

400 5219 577 5284 Begg.
606 5215 950 5284 eQ'Commqu
978 5222 1084 5268 ἀλλ’
1108 5223 1173 5275 ὡς
1199 5220 1371 5282 ἔχοντα
1420 5215 1651 5284 αἱτίωμα,
1679 5215 1916 5284 intelligi:
1937 5215 2022 5266 τὸν

400 5281 575 5343 νόμον.
607 5281 835 5342 Αἰτίωμα
866 5295 980 5332 cum
1004 5284 1206 5344 αἰτίαμα
1238 5281 1498 5332 Confusam
1523 5286 1584 5345 _in
1609 5283 1716 5345 Act.
1745 5294 1862 5340 xxv,
1891 5281 1940 5330 7.

470 5346 498 5384 ιδ
519 5345 708 5409 Κεεε,
748 5345 1057 5412 μεμνιίψεθα,
1083 5346 1220 5410 quod
1254 5348 1411 5412 magis
1433 5345 1601 5410 placet
1627 5344 1836 5394 Dunwo.

1252 418 1318 474 IN
1357 415 1576 476 EPIST.
1623 417 1711 472 Al)
1752 409 2118 470 IIEBIUEOS.
2157 411 2308 468 CAP.
2355 413 2486 468 VIII.
2525 413 2755 471 II(I.\IIL.
2787 412 2928 471 XIV.

3580 418 3681 473 “6

2084 527 2267 590 νατδν,
2320 530 2454 582 ὅταν
2507 532 2564 581 ἐν
2621 529 2908 605 γαλήνῃῇ
2961 530 3056 583 καὶ
3116 530 3681 601 ἀναπαύσειήψυχη,

2079 612 2212 666 ὅταν
2262 614 2321 665 ἐν
2365 614 2567 683 λιμένι,
2620 615 2751 668 ὅταν
2785 617 2842 668 ἐν
2873 615 3046 687 εὐδίᾳ.
3102 617 3160 668 Ἃ
3185 615 3392 685 λέγετε
3448 616 3518 668 ἐν
3553 615 3684 681 ταῖς

2085 695 2359 764 καρδίαις
2407 697 2612 766 ὑμῶν,
2664 699 2761 752 ἐπὶ
2815 700 2946 766 ταῖς
2988 702 3221 765 κοίταις
3274 699 3444 769 ὑμῶν
3502 717 3684 753 κατα-

2085 780 2327 848 νύγνητε,
2362 783 2547 852 φησίν.
2579 783 2728 836 Ἔδει
2750 783 2852 853 μὲν
2883 784 2992 853 γάρ
3020 785 3115 837 καὶ
3143 783 3210 836 δι’
3243 783 3457 854 ἡμέρας
3479 782 3686 851 ταύτην

2088 863 2234 933 ἔχειν
2274 865 2374 934 τὴν
2435 868 2660 936 μνήμην
2706 884 2719 898 ⁸
2760 868 2950 936 ἐπειδὴ
2995 867 3052 920 δέ
3091 867 3408 939 φροντίζετε
3445 867 3555 929 ἀεὶ,
3593 869 3688 919 καὶ

2089 949 2439 1020 περισπᾶσθε
2470 953 2529 1002 ἐν
2553 953 2668 1011 τοῖς
2692 950 2990 1020 βιωτικοῖς,
3027 952 3130 1005 κᾶν
3151 951 3273 1003 τότε
3310 951 3685 1021 μνημονεύετε

2089 1032 2185 1084 ἐπὶ
2216 1033 2316 1102 τῆς
2353 1035 2540 1104 κοίτης
2579 1034 2674 1087 τοῦ
2709 1035 2845 1088 Θεοῦ
2873 1053 2886 1066 ⁸
2919 1038 2976 1088 ἐν
3001 1038 3116 1106 τοῖς
3163 1034 3384 1106 δρθροις
3421 1035 3686 1102 μελετᾶτε

2091 1117 2150 1170 ἐν
2187 1118 2354 1187 αὐτῷ.
2389 1120 2486 1171 ’Ἂν
2540 1121 2598 1171 ἐν
2640 1122 2756 1184 τοῖς
2793 1120 3014 1191 δρθροις
3072 1120 3458 1190 μελετήσωμεν
3489 1119 3683 1182 ταῦτα,

2096 1199 2236 1270 μετά
2258 1201 2462 1271 πολλῆς
2482 1203 2784 1271 ἀσφαλείας
2805 1205 3132 1274 χωρήσομεν
3159 1206 3237 1266 είς
3269 1205 3335 1256 τὰ
3362 1204 3688 1274 πράγματα·

2095 1284 2162 1338 ἂν
2192 1284 2351 1337 ἵλεων
2395 1285 2614 1356 πρῶτον
2653 1288 2746 1341 τὸν
2793 1287 2927 1341 Θεὸν
2973 1289 3294 1358 ποιήσωμεν
3335 1290 3399 1356 τῇ
3450 1287 3691 1350 ἐντεύξει

2095 1367 2190 1422 καὶ¹
2213 1371 2283 1440 τῇ
2335 1369 2610 1441 ἱκετηρία,
2644 1370 2788 1426 οὕτω
2830 1373 3221 1442 προϐαίνοντες
3271 1371 3466 1424 οὐδένα
3495 1370 3694 1440 ἕξομεν

2096 1452 2292 1524 ἐχθρόν
2324 1469 2337 1484 ⁸
2366 1453 2471 1507 κᾶν
2509 1457 2640 1528 ἔχῃς
2670 1456 2770 1522 δὲ,
2809 1455 3192 1528 καταγελάσῃ,
3232 1455 3390 1508 ἵλεων
3428 1456 3569 1524 ἔχων
3604 1455 3695 1508 τὸν

2096 1535 2250 1592 Θεόν.
2308 1538 2748 1608 Πόλεμόςὲστιν
2791 1541 2850 1593 ἐν
2906 1544 2972 1611 τῇ
3008 1541 3208 1609 ἀγορᾷ,
3273 1540 3422 1609 μάχη
3467 1540 3584 1593 ἐστὶ
3628 1542 3698 1593 τὰ

2100 1622 2405 1692 πράγματα
2445 1624 2514 1677 τά
2547 1625 2926 1697 καθημερινὰ,
2979 1625 3275 1678 κλυδώνιον
3311 1627 3430 1677 ἐστι
3462 1626 3558 1677 καὶ
3587 1643 3702 1695 χει-

2104 1706 2241 1777 μών.
2279 1710 2371 1761 Δεῖ
2399 1709 2578 1763 τοίνυν
2608 1711 2792 1764 ὃπλων
2827 1714 2960 1781 ἡμῖν
2994 1729 3007 1742 ⁸
3045 1710 3190 1779 μέγα
3225 1710 3282 1762 δέ
3314 1709 3478 1762 ὅπλον
3519 1710 3651 1780 εὐχή
3673 1725 3687 1738 ⁸

2101 1789 2180 1843 δεῖ
2201 1792 2404 1861 οὐρίων
2431 1794 2649 1863 ἀνέμων
2701 1794 2781 1847 δεῖ
2802 1794 2998 1864 μαθεῖν
3021 1794 3259 1859 ἅπαντα,
3286 1793 3429 1847 ὥστε
3447 1792 3508 1846 τὸ
3523 1794 3700 1864 μῆκος

2099 1875 2200 1945 τῆς
2231 1876 2445 1945 ἡμέρας
2503 1878 2676 1948 χωρὶς
2727 1879 3008 1946 ναυαγίων
3046 1877 3298 1930 διανύσαι
3330 1879 3424 1931 καὶ
3450 1878 3699 1947 τραυμάο

2101 1977 2210 2013 των
2241 1978 2253 1988 ⁸
2293 1961 2480 2014 πολλοὶ
2516 1962 2625 2033 γάρ
2657 1963 2782 2016 καθ’
2814 1964 3057 2034 ἑκάστην
3087 1962 3304 2032 ἡμέραν
3333 1963 3384 2014 οἱ
3421 1961 3698 2024 σκόπελοι,

2103 2044 2200 2097 καὶ
2235 2044 2499 2109 πολλάκις
2539 2046 2887 2117 προσέρῤαξε
2931 2047 2990 2099 τὸ
3031 2047 3242 2114 σκάφος
3295 2047 3390 2102 καὶ
3432 2061 3702 2099 κατεπον-

2100 2129 2282 2200 τίσθη.

2174 2301 2276 2355 Διά
2319 2303 2478 2356 τοῦτο
2523 2302 2688 2373 εὐχῆς
2721 2304 2855 2374 ἡμῖν
2925 2301 3006 2356 δεῖ
3056 2303 3293 2374 μάλιστα
3339 2301 3570 2372 ἑωθινῆς
3609 2301 3706 2356 καὶ

2103 2387 2450 2456 νυκτερινῆς.
2492 2387 2767 2456 Ὀλύμπια
2801 2386 2991 2440 πολλοὶ
3039 2386 3306 2449 πολλάκις
3342 2386 3498 2456 ὑμῶν
3545 2385 3707 2440 ἐθεάο

2107 2487 2271 2524 σαντο
2296 2486 2310 2502 ⁸
2359 2472 2454 2524 καὶ
2482 2472 2582 2524 οὐκ
2609 2471 2910 2525 ἐθεάσαντο
2936 2471 3119 2542 μόνον,
3157 2471 3296 2527 ἀλλὰ.
3335 2473 3430 2525 καὶ
3472 2472 3709 2524 σπουδαο

2108 2554 2233 2608 σταὶ
2264 2555 2356 2608 καὶ
2385 2555 2703 2624 θαυμασταὶ
2732 2554 2842 2609 τῶν
2891 2555 3318 2625 ἀγωνιζομένων
3368 2554 3644 2622 ἐγένοντο,
3678 2556 3708 2607 6

2111 2638 2212 2708 μὲν
2238 2639 2455 2702 τούτου,
2477 2641 2505 2690 6
2537 2639 2591 2692 δὲ
2617 2637 2851 2694 ἐκείνου.
2891 2641 3038 2692 Ἴστε
3068 2635 3161 2694 οὖν
3203 2641 3285 2694 ὅτι
3320 2640 3535 2703 καὶτὰς
3562 2639 3708 2708 ήμέ-

2112 2742 2209 2796 ρας
2244 2725 2352 2780 τῶν
2386 2725 2636 2793 ἀγώνων,
2671 2726 2766 2780 καὶ
2811 2725 2910 2789 τάς
2961 2727 3167 2790 νύκτας
3207 2727 3448 2787 ἐκείνας,
3478 2726 3547 2778 δι’
3579 2725 3711 2794 ὅλης

2108 2809 2304 2874 νυκτὸς
2327 2812 2355 2864 ό
2387 2809 2566 2880 κήρυξ
2591 2811 2746 2864 οὐδὲν
2787 2811 2918 2864 ἄλλο
2944 2809 3246 2880 φροντίζει,
3279 2811 3434 2864 οὐδὲν
3459 2810 3592 2865 ἄλλο
3616 2827 3711 2880 με-

2113 2895 2300 2966 ριμνᾷ,
2331 2893 2362 2965 ἢ
2396 2895 2545 2954 ὅπως
2577 2893 2814 2958 ἐξελθὼν
2845 2894 2920 2966 μὴ
2951 2896 3335 2966 ἀσχημονήσῃ,
3371 2896 3399 2947 6
3439 2892 3710 2962 ἀγωνιζό-

2111 2996 2294 3048 μενος.
2336 2979 2568 3032 Ἐκεῖνοι
2601 2980 2711 3049 γάρ
2732 2978 2782 3031 οἱ
2808 2978 3270 3049 παρακαθήμενοι
3293 2976 3369 3047 τῷ
3395 2978 3714 3051 σαλπιγκτῇ

2114 3061 2475 3133 παρεγγυῶσι
2537 3063 2673 3133 μηδὲ
2729 3063 3069 3134 φθέγγεσθαί
3122 3081 3268 3128 τινι,
3317 3062 3460 3116 ὥστε
3520 3061 3596 3132 μὴ
3650 3062 3716 3114 τὸ

2114 3147 2330 3217 πνεῦμα
2356 3145 2747 3216 δαπανώμενον
2769 3146 2988 3215 γέλωτα
3017 3146 3224 3214 ὖφλειν.
3257 3147 3320 3199 EI
3344 3146 3526 3199 τοίνυν
3562 3147 3590 3198 6
3623 3144 3712 3198 ἐπ’

2111 3230 2418 3302 ἀνθρώπων
2457 3231 2823 3298 ἀγωνίζεσθαι
2870 3231 3106 3301 μέλλων,
3140 3230 3382 3302 τοσαύτῃ
3436 3229 3710 3300 κέχρηται

2113 3307 2384 3385 προνοίᾳ,
2441 3313 2624 3384 πολλῷ
2685 3315 2892 3385 μᾶλλον
2962 3316 3095 3386 ἡμῖν
3162 3314 3397 3384 ἁρμόσει
3443 3313 3715 3383 διηνεκῶς

2112 3397 2423 3469 φροντίζειν
2452 3399 2546 3453 καὶ
2588 3402 2886 3471 μεριμνᾷν,
2927 3397 3058 3463 οἷςό
3089 3401 3198 3463 πᾶς
3235 3398 3349 3469 βίος
3383 3399 3535 3467 ἀγών
3571 3399 3713 3452 ἐστι.

2113 3483 2272 3536 Πᾶσα
2309 3483 2488 3536 τοίνυν
2531 3484 2672 3537 ἔστω
2720 3483 2818 3549 νὺξ
2868 3486 3156 3554 παννυχὶς,
3201 3484 3295 3537 καὶ
3353 3482 3716 3554 μεριμνῶμεν

2112 3569 2233 3632 πῶς
2260 3567 2571 3633 ἐξελθόντες
2613 3568 2712 3638 τὴν
2745 3571 2986 3641 ἡμέραν,
3043 3571 3118 3641 μὴ
3171 3569 3384 3638 γέλωτα
3436 3567 3714 3636 ὄφλωμεν.

2114 3652 2226 3706 Καὶ
2254 3652 2368 3704 εἴθε
2402 3652 2615 3720 γέλωτα
2657 3652 2818 3724 μόνον
2839 3671 2855 3685 ⁸
2881 3654 3000 3706 νυνὶ
3028 3653 3082 3707 δὲ
3107 3653 3344 3722 κάθηται
3369 3654 3426 3704 ἐν
3445 3650 3598 3721 δεξιᾷ
3619 3648 3716 3703 τοῦ

2115 3736 2331 3807 Πατρὸς
2353 3737 2382 3788 6
2405 3737 2778 3806 ἀγωνοθέτης,
2813 3738 3030 3793 ἁκούων
3061 3737 3308 3807 ἀκριϐῶς
3338 3739 3471 3805 μήτι
3499 3735 3718 3805 ἀπηχὲς

2115 3818 2512 3889 φθεγγώμεθα.
2551 3821 2682 3890 μήτι
2716 3822 2869 3892 παρά
2901 3821 3064 3891 μέλος
3091 3838 3103 3851 ⁸
3129 3821 3190 3872 οὑ
3220 3819 3330 3888 γὰρ
3365 3819 3717 3888 πραγμάτων

2117 3904 2300 3974 μόνον,
2332 3902 2470 3956 ἀλλὰ
2501 3902 2655 3976 [148]
2699 3904 2794 3958 καὶ
2834 3906 3100 3976 ῥημάτιον
3151 3905 3272 3957 ἐστὶ
3309 3903 3526 3973 κριτής.
3568 3904 3718 3955 Παν-

2117 3989 2454 4058 νυχίσωμεν,
2491 3989 2768 4058 ἀγαπητοί
2819 4005 2831 4019 ⁸
2889 3989 3089 4060 ἔχομεν
3121 3989 3216 4041 καὶ
3273 3989 3431 4058 ἡμεῖς
3483 3987 3720 4039 σπουδα-

2120 4075 2272 4136 στὰς,
2303 4071 2400 4124 ἐὰν
2431 4072 2677 4142 θέλωμεν
2713 4089 2726 4102 ⁸
2781 4072 3001 4142 ἑκάστῳ
3037 4073 3198 4144 ήμῶν
3248 4072 3482 4140 ἄγγελος
3540 4088 3721 4141 παρα-

2117 4154 2356 4224 κάθηται
2387 4171 2402 4186 ·
2451 4157 2618 4226 ήμεῖς
2662 4154 2717 4207 δὲ
2776 4155 3048 4225 ῥέγχομεν
3081 4155 3148 4206 δι’
3184 4155 3315 4224 ὅλης
3362 4155 3555 4217 νυκτός
3582 4171 3594 4183 ⁸
3623 4154 3718 4207 καὶ

2118 4237 2232 4292 εἴθε
2262 4238 2422 4291 τοῦτο
2456 4239 2617 4308 μόνον
2652 4253 2666 4268 ⁸
2707 4238 2895 4291 πολλοὶ
2931 4239 2988 4291 δὲ
3018 4241 3113 4292 καὶ
3160 4239 3366 4309 ἀσελγῆ
3415 4242 3725 4309 πράττουσι

2117 4321 2313 4388 πολλὰ,
2341 4323 2391 4374 οἱ
2430 4322 2530 4392 μὲν
2561 4321 2699 4392 πρὸς
2722 4322 2860 4376 αὑτά
2885 4322 2954 4378 τά
2980 4326 3359 4393 χαμαιτυπεῖα
3385 4323 3718 4394 βαδίζοντες,

2117 4409 2166 4460 οἱ
2200 4405 2258 4458 δὲ
2283 4405 2385 4466 τὰς
2423 4405 2602 4467 οἰκίας
2636 4408 2864 4476 πορνεῖα
2893 4407 3180 4472 ποιοῦντες
3207 4407 3284 4477 τῷ
3319 4409 3544 4478 ἑταίρας
3565 4408 3726 4476 ἄγειν

2119 4491 2254 4544 ἐκεῖ.
2291 4489 2441 4542 Πάνυ
2487 4506 2552 4557 γε
2600 4490 2680 4557 (οὐ
2715 4489 2824 4562 γάρ
2846 4490 2883 4558 ;)
2917 4491 3099 4555 καλῶς
3137 4492 3480 4562 μεριμνῶσιν
3518 4493 3724 4560 ἀγωνί-

2121 4573 2343 4628 σασθαι.
2373 4573 2593 4642 Ἕτεροι
2619 4571 2881 4643 μεθύουσι
2906 4575 3002 4626 καὶ
3030 4575 3538 4647 παραφθέγγονται,
3573 4575 3724 4630 ἄλλοι

2121 4657 2467 4730 θορυϐοῦσιν,
2524 4659 2701 4729 ’έτεροι
2763 4659 3154 4731 παννυχίζουσι
3201 4660 3422 4725 κακῶς,
3469 4662 3566 4714 καὶ
3609 4661 3724 4714 τῶν

2123 4743 2498 4800 καθευδόντων
2520 4746 2704 4816 χεῖρον
2747 4744 3041 4810 πλέκοντες
3087 4746 3276 4810 δόλους
3309 4761 3322 4774 ⁸
3351 4745 3499 4800 ἄλλοι
3531 4745 3724 4807 τάχους

2123 4829 2507 4901 ἀριθμοῦντες,
2539 4827 2717 4899 ἕτεροι
2749 4829 2999 4899 φροντίσι
3023 4831 3374 4899 κοπτόμενοι,
3404 4831 3497 4882 καὶ
3543 4831 3728 4882 πάντα

2127 4915 2333 4987 μᾶλλον
2362 4913 2666 4976 ποιοῦντες,
2697 4912 2729 4983 ἢ
2765 4913 2836 4966 τὰ
2858 4913 2936 4984 τῷ
2971 4914 3143 4982 ἀγῶνι
3177 4915 3549 4984 προσήκοντα.
3593 4913 3686 4966 Διὸ
3707 4955 3719 4972 ,
3785 4949 3792 4956 ι

2125 4995 2456 5068 παρακαλῶ,
2513 4997 2715 5054 πάντα,
2747 4997 3000 5065 ἀφέντες,
3055 4998 3136 5056 είς
3190 4994 3246 5051 ἓν
3275 4993 3494 5066 ὁρῶμεν
3539 4994 3721 5064 μόνον,

2125 5083 2274 5145 ὃπως
2303 5079 2365 5133 τὸ
2405 5079 2662 5150 βραϐεῖον
2710 5079 2986 5149 λάϐωμεν,
3024 5081 3119 5132 καὶ
3152 5079 3245 5132 τὸν
3289 5079 3560 5146 στέφανον
3591 5081 3724 5131 ἀνα·

2128 5163 2424 5236 δησώμεθα
2453 5176 2466 5191 ⁸
2505 5165 2684 5216 πάντα
2727 5164 3083 5233 πράττωμεν,
3125 5163 3193 5216 δι’
3250 5155 3328 5216 ὧν
3360 5161 3724 5233 δυνησώμεθα

2123 5251 2308 5320 τυχεῖν
2335 5246 2445 5300 τῶν
2477 5247 2910 5318 ἐπηγγελμένων
2938 5245 3163 5314 ἀγαθῶν
3197 5263 3208 5276 ⁸
3240 5240 3316 5300 ὧν
3348 5247 3562 5315 γένοιτο
3591 5247 3727 5299 πάν-

2127 5351 2225 5398 τας
2268 5332 2419 5403 ήμᾶς
2452 5331 2754 5403 ἐπιτυχεῖν,
2781 5331 2969 5404 χάριτι
3003 5331 3095 5384 καὶ
3135 5330 3546 5409 φιλανθρωπία,
