  <div class='ocr_page' id='page_1' title='image "/cluster/home/n/w/nwhite01/storage/ocr_20150623/63:no.12/coo.31924054869635/124.png"; bbox 0 0 4172 6444; ppageno 0'>
   <div class='ocr_carea' id='block_1_1' title="bbox 429 389 532 449">
    <p class='ocr_par' dir='ltr' id='par_1_1' title="bbox 429 389 532 449">
     <span class='ocr_line' id='line_1_1' title="bbox 429 389 532 449; baseline -0.068 1"><span class='ocrx_word' id='word_1_1' title='bbox 429 389 532 449; x_wconf 76' lang='lat' dir='ltr'><strong><em>H7</em></strong></span> 
     </span>
    </p>
   </div>
   <div class='ocr_carea' id='block_1_2' title="bbox 493 497 732 510">
    <p class='ocr_par' dir='ltr' id='par_1_2' title="bbox 493 497 732 510">
     <span class='ocr_line' id='line_1_2' title="bbox 493 497 732 510; baseline 0.017 -4"><span class='ocrx_word' id='word_1_2' title='bbox 493 497 732 510; x_wconf 79' lang='lat'><strong><em>—___—.</em></strong></span> 
     </span>
    </p>
   </div>
   <div class='ocr_carea' id='block_1_3' title="bbox 1284 374 2904 442">
    <p class='ocr_par' dir='ltr' id='par_1_3' title="bbox 1284 374 2904 442">
     <span class='ocr_line' id='line_1_3' title="bbox 1284 374 2904 442; baseline -0.004 0"><span class='ocrx_word' id='word_1_3' title='bbox 1284 378 1348 442; x_wconf 75' lang='grc' dir='ltr'><strong><em>ΙΝ</em></strong></span> <span class='ocrx_word' id='word_1_4' title='bbox 1389 374 1606 441; x_wconf 82' lang='lat' dir='ltr'><strong><em>EPIST.</em></strong></span> <span class='ocrx_word' id='word_1_5' title='bbox 1650 386 1740 439; x_wconf 84' lang='lat' dir='ltr'><strong><em>AD</em></strong></span> <span class='ocrx_word' id='word_1_6' title='bbox 1781 377 2144 438; x_wconf 73' lang='lat' dir='ltr'><strong><em>liEBRrEOS.</em></strong></span> <span class='ocrx_word' id='word_1_7' title='bbox 2187 379 2341 436; x_wconf 77' lang='lat' dir='ltr'><strong><em>CAP.</em></strong></span> <span class='ocrx_word' id='word_1_8' title='bbox 2385 379 2476 432; x_wconf 77' lang='grc' dir='ltr'><strong><em>ῐΧ.</em></strong></span> <span class='ocrx_word' id='word_1_9' title='bbox 2521 376 2749 434; x_wconf 69' lang='lat' dir='ltr'><strong><em>HOMIL.</em></strong></span> <span class='ocrx_word' id='word_1_10' title='bbox 2793 375 2904 436; x_wconf 73' lang='lat' dir='ltr'><strong><em>XV.</em></strong></span> 
     </span>
    </p>
   </div>
   <div class='ocr_carea' id='block_1_4' title="bbox 3636 367 3736 432">
    <p class='ocr_par' dir='ltr' id='par_1_4' title="bbox 3636 367 3736 432">
     <span class='ocr_line' id='line_1_4' title="bbox 3636 367 3736 432; baseline -0.03 0"><span class='ocrx_word' id='word_1_11' title='bbox 3636 367 3736 432; x_wconf 67' lang='grc' dir='ltr'>ΗΒ</span> 
     </span>
    </p>
   </div>
   <div class='ocr_carea' id='block_1_5' title="bbox 3049 491 3740 505">
    <p class='ocr_par' dir='ltr' id='par_1_5' title="bbox 3049 491 3740 505">
     <span class='ocr_line' id='line_1_5' title="bbox 3049 491 3740 505; baseline 0.001 -2"><span class='ocrx_word' id='word_1_12' title='bbox 3049 494 3097 504; x_wconf 79' lang='lat'><strong>—-</strong></span> <span class='ocrx_word' id='word_1_13' title='bbox 3168 491 3740 505; x_wconf 45' lang='grc' dir='ltr'><strong><em>ῥ-Ἢ-ς</em></strong></span> 
     </span>
    </p>
   </div>
   <div class='ocr_carea' id='block_1_6' title="bbox 2868 495 3036 504">
    <p class='ocr_par' dir='ltr' id='par_1_6' title="bbox 2868 495 3036 504">
     <span class='ocr_line' id='line_1_6' title="bbox 2868 495 3036 504; baseline -0.006 0"><span class='ocrx_word' id='word_1_14' title='bbox 2868 495 3036 504; x_wconf 54' lang='grc' dir='ltr'><strong><em>...ο--α</em></strong></span> 
     </span>
    </p>
   </div>
   <div class='ocr_carea' id='block_1_7' title="bbox 2417 499 2654 507">
    <p class='ocr_par' dir='ltr' id='par_1_7' title="bbox 2417 499 2654 507">
     <span class='ocr_line' id='line_1_7' title="bbox 2417 499 2654 507; baseline -0.004 -1"><span class='ocrx_word' id='word_1_15' title='bbox 2417 499 2654 507; x_wconf 51' lang='grc' dir='ltr'><strong><em>..ο--φ-α</em></strong></span> 
     </span>
    </p>
   </div>
   <div class='ocr_carea' id='block_1_8' title="bbox 1833 560 2361 626">
    <p class='ocr_par' dir='ltr' id='par_1_8' title="bbox 1833 560 2361 626">
     <span class='ocr_line' id='line_1_8' title="bbox 1833 560 2361 626; baseline -0.008 -1"><span class='ocrx_word' id='word_1_16' title='bbox 1833 564 2170 626; x_wconf 83' lang='lat' dir='ltr'><strong><em>HOMILIA</em></strong></span> <span class='ocrx_word' id='word_1_17' title='bbox 2216 560 2330 620; x_wconf 67' lang='lat' dir='ltr'><strong><em>XV</em></strong></span> <span class='ocrx_word' id='word_1_18' title='bbox 2347 606 2361 619; x_wconf 98' lang='lat'><strong><em>.</em></strong></span> 
     </span>
    </p>
   </div>
   <div class='ocr_carea' id='block_1_9' title="bbox 438 715 2048 788">
    <p class='ocr_par' dir='ltr' id='par_1_9' title="bbox 438 715 2048 788">
     <span class='ocr_line' id='line_1_9' title="bbox 438 715 2048 788; baseline -0.004 -16"><span class='ocrx_word' id='word_1_19' title='bbox 438 717 578 772; x_wconf 71' lang='grc' dir='ltr'><strong><em>(ΣΑΡ.</em></strong></span> <span class='ocrx_word' id='word_1_20' title='bbox 621 717 680 773; x_wconf 83' lang='grc'><strong>9.</strong></span> <span class='ocrx_word' id='word_1_21' title='bbox 717 733 769 770; x_wconf 84' lang='lat' dir='ltr'><strong><em>v.</em></strong></span> <span class='ocrx_word' id='word_1_22' title='bbox 804 718 856 772; x_wconf 78' lang='lat' dir='ltr'><strong><em>l.</em></strong></span> <span class='ocrx_word' id='word_1_23' title='bbox 895 715 1092 772; x_wconf 80' lang='lat' dir='ltr'><strong><em>Habuit</em></strong></span> <span class='ocrx_word' id='word_1_24' title='bbox 1130 716 1334 788; x_wconf 85' lang='lat' dir='ltr'><strong><em>quidem</em></strong></span> <span class='ocrx_word' id='word_1_25' title='bbox 1377 725 1425 770; x_wconf 88' lang='lat' dir='ltr'><strong><em>et</em></strong></span> <span class='ocrx_word' id='word_1_26' title='bbox 1469 715 1610 785; x_wconf 83' lang='lat' dir='ltr'><strong><em>prius</em></strong></span> <span class='ocrx_word' id='word_1_27' title='bbox 1650 715 2048 785; x_wconf 83' lang='lat' dir='ltr'><strong><em>justi/icationes</em></strong></span> 
     </span>
    </p>
   </div>
   <div class='ocr_carea' id='block_1_10' title="bbox 503 805 2048 875">
    <p class='ocr_par' dir='ltr' id='par_1_10' title="bbox 503 805 2048 875">
     <span class='ocr_line' id='line_1_10' title="bbox 503 805 2048 875; baseline -0.004 -12"><span class='ocrx_word' id='word_1_28' title='bbox 503 811 749 875; x_wconf 69' lang='lat' dir='ltr'><strong><em>culturae,</em></strong></span> <span class='ocrx_word' id='word_1_29' title='bbox 773 819 819 863; x_wconf 86' lang='lat' dir='ltr'><strong><em>et</em></strong></span> <span class='ocrx_word' id='word_1_30' title='bbox 844 819 1082 864; x_wconf 80' lang='lat' dir='ltr'><strong><em>sanctum</em></strong></span> <span class='ocrx_word' id='word_1_31' title='bbox 1107 808 1375 864; x_wconf 61' lang='lat' dir='ltr'><strong><em>maculare.</em></strong></span> <span class='ocrx_word' id='word_1_32' title='bbox 1404 806 1452 861; x_wconf 74' lang='lat'><strong><em>2.</em></strong></span> <span class='ocrx_word' id='word_1_33' title='bbox 1482 807 1889 861; x_wconf 82' lang='lat' dir='ltr'><strong><em>Tabernaculum</em></strong></span> <span class='ocrx_word' id='word_1_34' title='bbox 1912 805 2048 858; x_wconf 88' lang='lat' dir='ltr'><strong><em>enint</em></strong></span> 
     </span>
    </p>
   </div>
   <div class='ocr_carea' id='block_1_11' title="bbox 508 899 2046 974">
    <p class='ocr_par' dir='ltr' id='par_1_11' title="bbox 508 899 2046 974">
     <span class='ocr_line' id='line_1_11' title="bbox 508 899 2046 974; baseline -0.004 -18"><span class='ocrx_word' id='word_1_35' title='bbox 508 908 711 974; x_wconf 76' lang='lat' dir='ltr'><strong><em>factum</em></strong></span> <span class='ocrx_word' id='word_1_36' title='bbox 727 912 802 956; x_wconf 85' lang='lat' dir='ltr'><strong><em>est</em></strong></span> <span class='ocrx_word' id='word_1_37' title='bbox 825 903 1072 972; x_wconf 86' lang='lat' dir='ltr'><strong><em>primum,</em></strong></span> <span class='ocrx_word' id='word_1_38' title='bbox 1093 903 1145 956; x_wconf 91' lang='lat' dir='ltr'><strong><em>in</em></strong></span> <span class='ocrx_word' id='word_1_39' title='bbox 1166 918 1266 970; x_wconf 87' lang='lat' dir='ltr'><strong><em>quo</em></strong></span> <span class='ocrx_word' id='word_1_40' title='bbox 1287 912 1430 955; x_wconf 86' lang='lat' dir='ltr'><strong><em>erant</em></strong></span> <span class='ocrx_word' id='word_1_41' title='bbox 1451 899 1759 954; x_wconf 47' lang='lat' dir='ltr'><strong><em>candelabra</em></strong></span> <span class='ocrx_word' id='word_1_42' title='bbox 1781 908 1828 954; x_wconf 87' lang='lat' dir='ltr'><strong><em>et</em></strong></span> <span class='ocrx_word' id='word_1_43' title='bbox 1851 915 2046 966; x_wconf 86' lang='lat' dir='ltr'><strong><em>mensa,</em></strong></span> 
     </span>
    </p>
   </div>
   <div class='ocr_carea' id='block_1_12' title="bbox 506 990 2050 1065">
    <p class='ocr_par' dir='ltr' id='par_1_12' title="bbox 506 990 2050 1065">
     <span class='ocr_line' id='line_1_12' title="bbox 506 990 2050 1065; baseline -0.003 -16"><span class='ocrx_word' id='word_1_44' title='bbox 506 1006 554 1049; x_wconf 83' lang='lat' dir='ltr'><strong><em>et</em></strong></span> <span class='ocrx_word' id='word_1_45' title='bbox 597 994 884 1065; x_wconf 76' lang='lat' dir='ltr'><strong><em>propositio</em></strong></span> <span class='ocrx_word' id='word_1_46' title='bbox 928 1009 1164 1063; x_wconf 86' lang='lat' dir='ltr'><strong><em>panum,</em></strong></span> <span class='ocrx_word' id='word_1_47' title='bbox 1208 1008 1322 1064; x_wconf 75' lang='lat' dir='ltr'><strong><em>qua:</em></strong></span> <span class='ocrx_word' id='word_1_48' title='bbox 1362 993 1550 1046; x_wconf 88' lang='lat' dir='ltr'><strong><em>dicitur</em></strong></span> <span class='ocrx_word' id='word_1_49' title='bbox 1587 1001 1783 1047; x_wconf 82' lang='lat' dir='ltr'><strong><em>sancta.</em></strong></span> <span class='ocrx_word' id='word_1_50' title='bbox 1826 993 1880 1047; x_wconf 77' lang='grc'><strong><em>5.</em></strong></span> <span class='ocrx_word' id='word_1_51' title='bbox 1921 990 2050 1046; x_wconf 90' lang='lat' dir='ltr'><strong><em>Post</em></strong></span> 
     </span>
    </p>
   </div>
   <div class='ocr_carea' id='block_1_13' title="bbox 507 1084 2048 1155">
    <p class='ocr_par' dir='ltr' id='par_1_13' title="bbox 507 1084 2048 1155">
     <span class='ocr_line' id='line_1_13' title="bbox 507 1084 2048 1155; baseline -0.003 -14"><span class='ocrx_word' id='word_1_52' title='bbox 507 1088 856 1142; x_wconf 70' lang='lat' dir='ltr'><strong><em>velatuentum</em></strong></span> <span class='ocrx_word' id='word_1_53' title='bbox 895 1096 1067 1139; x_wconf 86' lang='lat' dir='ltr'><strong><em>autem</em></strong></span> <span class='ocrx_word' id='word_1_54' title='bbox 1104 1085 1424 1150; x_wconf 85' lang='lat' dir='ltr'><strong><em>secundum,</em></strong></span> <span class='ocrx_word' id='word_1_55' title='bbox 1463 1085 1880 1150; x_wconf 85' lang='lat' dir='ltr'><strong><em>tabernaculum,</em></strong></span> <span class='ocrx_word' id='word_1_56' title='bbox 1910 1084 2048 1155; x_wconf 87' lang='lat' dir='ltr'><strong><em>quod</em></strong></span> 
     </span>
    </p>
   </div>
   <div class='ocr_carea' id='block_1_14' title="bbox 507 1178 2050 1245">
    <p class='ocr_par' dir='ltr' id='par_1_14' title="bbox 507 1178 2050 1245">
     <span class='ocr_line' id='line_1_14' title="bbox 507 1178 2050 1245; baseline -0.001 -11"><span class='ocrx_word' id='word_1_57' title='bbox 507 1182 704 1235; x_wconf 87' lang='lat' dir='ltr'><strong><em>dicitur</em></strong></span> <span class='ocrx_word' id='word_1_58' title='bbox 730 1191 910 1235; x_wconf 81' lang='lat' dir='ltr'><strong><em>sancta</em></strong></span> <span class='ocrx_word' id='word_1_59' title='bbox 935 1189 1250 1245; x_wconf 89' lang='lat' dir='ltr'><strong><em>sanctorum,</em></strong></span> <span class='ocrx_word' id='word_1_60' title='bbox 1284 1181 1339 1234; x_wconf 80' lang='grc'><strong><em>4.</em></strong></span> <span class='ocrx_word' id='word_1_61' title='bbox 1365 1195 1578 1233; x_wconf 87' lang='lat' dir='ltr'><strong><em>aureum</em></strong></span> <span class='ocrx_word' id='word_1_62' title='bbox 1603 1178 1793 1233; x_wconf 86' lang='lat' dir='ltr'><strong><em>habens</em></strong></span> <span class='ocrx_word' id='word_1_63' title='bbox 1816 1179 2050 1233; x_wconf 84' lang='lat' dir='ltr'><strong><em>thuribu-</em></strong></span> 
     </span>
    </p>
   </div>
   <div class='ocr_carea' id='block_1_15' title="bbox 507 1273 2051 1340">
    <p class='ocr_par' dir='ltr' id='par_1_15' title="bbox 507 1273 2051 1340">
     <span class='ocr_line' id='line_1_15' title="bbox 507 1273 2051 1340; baseline 0.001 -13"><span class='ocrx_word' id='word_1_64' title='bbox 507 1276 641 1337; x_wconf 85' lang='lat' dir='ltr'><strong><em>lum,</em></strong></span> <span class='ocrx_word' id='word_1_65' title='bbox 666 1283 714 1325; x_wconf 87' lang='lat' dir='ltr'><strong><em>et</em></strong></span> <span class='ocrx_word' id='word_1_66' title='bbox 741 1288 920 1325; x_wconf 91' lang='lat' dir='ltr'><strong><em>arcam</em></strong></span> <span class='ocrx_word' id='word_1_67' title='bbox 942 1273 1231 1326; x_wconf 83' lang='lat' dir='ltr'><strong><em>testamenti</em></strong></span> <span class='ocrx_word' id='word_1_68' title='bbox 1251 1273 1631 1325; x_wconf 87' lang='lat' dir='ltr'><strong><em>circumtectant</em></strong></span> <span class='ocrx_word' id='word_1_69' title='bbox 1655 1273 1795 1326; x_wconf 89' lang='lat' dir='ltr'><strong><em>omni</em></strong></span> <span class='ocrx_word' id='word_1_70' title='bbox 1821 1288 1884 1327; x_wconf 80' lang='lat' dir='ltr'><strong><em>ea:</em></strong></span> <span class='ocrx_word' id='word_1_71' title='bbox 1903 1285 2051 1340; x_wconf 86' lang='lat' dir='ltr'><strong><em>parte</em></strong></span> 
     </span>
    </p>
   </div>
   <div class='ocr_carea' id='block_1_16' title="bbox 518 1364 2070 1440">
    <p class='ocr_par' dir='ltr' id='par_1_16' title="bbox 518 1364 2070 1440">
     <span class='ocr_line' id='line_1_16' title="bbox 518 1364 2070 1440; baseline 0.005 -22"><span class='ocrx_word' id='word_1_72' title='bbox 518 1365 655 1418; x_wconf 86' lang='lat' dir='ltr'><strong><em>duro</em></strong></span> <span class='ocrx_word' id='word_1_73' title='bbox 680 1380 700 1418; x_wconf 90' lang='lat'><strong><em>:</em></strong></span> <span class='ocrx_word' id='word_1_74' title='bbox 723 1364 776 1417; x_wconf 90' lang='lat' dir='ltr'><strong><em>in</em></strong></span> <span class='ocrx_word' id='word_1_75' title='bbox 811 1380 915 1434; x_wconf 88' lang='lat' dir='ltr'><strong><em>qua</em></strong></span> <span class='ocrx_word' id='word_1_76' title='bbox 956 1381 1088 1418; x_wconf 87' lang='lat' dir='ltr'><strong><em>urna</em></strong></span> <span class='ocrx_word' id='word_1_77' title='bbox 1117 1383 1274 1420; x_wconf 88' lang='lat' dir='ltr'><strong><em>aurea</em></strong></span> <span class='ocrx_word' id='word_1_78' title='bbox 1313 1367 1502 1423; x_wconf 83' lang='lat' dir='ltr'><strong><em>habens</em></strong></span> <span class='ocrx_word' id='word_1_79' title='bbox 1548 1388 1747 1424; x_wconf 85' lang='lat' dir='ltr'><strong><em>manna</em></strong></span> <span class='ocrx_word' id='word_1_80' title='bbox 1775 1411 1792 1436; x_wconf 94' lang='lat'><strong><em>,</em></strong></span> <span class='ocrx_word' id='word_1_81' title='bbox 1839 1379 1884 1424; x_wconf 90' lang='lat' dir='ltr'><strong><em>et</em></strong></span> <span class='ocrx_word' id='word_1_82' title='bbox 1924 1371 2070 1440; x_wconf 76' lang='lat' dir='ltr'><strong><em>virga</em></strong></span> 
     </span>
    </p>
   </div>
   <div class='ocr_carea' id='block_1_17' title="bbox 517 1457 2066 1529">
    <p class='ocr_par' dir='ltr' id='par_1_17' title="bbox 517 1457 2066 1529">
     <span class='ocr_line' id='line_1_17' title="bbox 517 1457 2066 1529; baseline 0.004 -19"><span class='ocrx_word' id='word_1_83' title='bbox 517 1457 702 1510; x_wconf 82' lang='lat' dir='ltr'><strong><em>Aaron</em></strong></span> <span class='ocrx_word' id='word_1_84' title='bbox 737 1472 854 1522; x_wconf 67' lang='lat' dir='ltr'><strong><em>quae</em></strong></span> <span class='ocrx_word' id='word_1_85' title='bbox 881 1457 1184 1528; x_wconf 77' lang='lat' dir='ltr'><strong><em>fronduerat</em></strong></span> <span class='ocrx_word' id='word_1_86' title='bbox 1203 1500 1216 1522; x_wconf 91' lang='lat'><strong><em>,</em></strong></span> <span class='ocrx_word' id='word_1_87' title='bbox 1252 1468 1297 1512; x_wconf 91' lang='lat' dir='ltr'><strong><em>et</em></strong></span> <span class='ocrx_word' id='word_1_88' title='bbox 1321 1460 1506 1514; x_wconf 74' lang='lat' dir='ltr'><strong><em>tabula:</em></strong></span> <span class='ocrx_word' id='word_1_89' title='bbox 1533 1463 1816 1516; x_wconf 83' lang='lat' dir='ltr'><strong><em>testamenti</em></strong></span> <span class='ocrx_word' id='word_1_90' title='bbox 1845 1504 1860 1529; x_wconf 93' lang='lat'><strong><em>,</em></strong></span> <span class='ocrx_word' id='word_1_91' title='bbox 1894 1463 1946 1518; x_wconf 85' lang='lat'><strong><em>5.</em></strong></span> <span class='ocrx_word' id='word_1_92' title='bbox 1977 1479 2066 1516; x_wconf 87' lang='lat' dir='ltr'><strong><em>stt-</em></strong></span> 
     </span>
    </p>
   </div>
   <div class='ocr_carea' id='block_1_18' title="bbox 519 1547 2062 1629">
    <p class='ocr_par' dir='ltr' id='par_1_18' title="bbox 519 1547 2062 1629">
     <span class='ocr_line' id='line_1_18' title="bbox 519 1547 2062 1629; baseline 0.005 -27"><span class='ocrx_word' id='word_1_93' title='bbox 519 1561 716 1619; x_wconf 82' lang='lat' dir='ltr'><strong><em>perque</em></strong></span> <span class='ocrx_word' id='word_1_94' title='bbox 744 1565 858 1602; x_wconf 83' lang='lat' dir='ltr'><strong><em>eam</em></strong></span> <span class='ocrx_word' id='word_1_95' title='bbox 887 1547 1160 1604; x_wconf 85' lang='lat' dir='ltr'><strong><em>Cherubint</em></strong></span> <span class='ocrx_word' id='word_1_96' title='bbox 1189 1553 1367 1622; x_wconf 81' lang='lat' dir='ltr'><strong><em>gloria:</em></strong></span> <span class='ocrx_word' id='word_1_97' title='bbox 1396 1556 1746 1611; x_wconf 87' lang='lat' dir='ltr'><strong><em>obumbran‘tia</em></strong></span> <span class='ocrx_word' id='word_1_98' title='bbox 1798 1557 2062 1629; x_wconf 88' lang='lat' dir='ltr'><strong><em>propitia-</em></strong></span> 
     </span>
    </p>
   </div>
   <div class='ocr_carea' id='block_1_19' title="bbox 515 1637 2065 1722">
    <p class='ocr_par' dir='ltr' id='par_1_19' title="bbox 515 1637 2065 1722">
     <span class='ocr_line' id='line_1_19' title="bbox 515 1637 2065 1722; baseline 0.01 -31"><span class='ocrx_word' id='word_1_99' title='bbox 515 1641 715 1692; x_wconf 85' lang='lat' dir='ltr'><strong><em>torium</em></strong></span> <span class='ocrx_word' id='word_1_100' title='bbox 743 1641 762 1691; x_wconf 69' lang='grc' dir='ltr'><em>ὲ</em></span> <span class='ocrx_word' id='word_1_101' title='bbox 787 1637 855 1693; x_wconf 85' lang='lat' dir='ltr'><strong><em>de</em></strong></span> <span class='ocrx_word' id='word_1_102' title='bbox 879 1639 1062 1710; x_wconf 86' lang='lat' dir='ltr'><strong><em>quibus</em></strong></span> <span class='ocrx_word' id='word_1_103' title='bbox 1090 1656 1191 1696; x_wconf 89' lang='lat' dir='ltr'><strong><em>non</em></strong></span> <span class='ocrx_word' id='word_1_104' title='bbox 1231 1652 1305 1698; x_wconf 85' lang='lat' dir='ltr'><strong><em>est</em></strong></span> <span class='ocrx_word' id='word_1_105' title='bbox 1346 1645 1496 1699; x_wconf 88' lang='lat' dir='ltr'><strong><em>modo</em></strong></span> <span class='ocrx_word' id='word_1_106' title='bbox 1525 1646 1795 1702; x_wconf 84' lang='lat' dir='ltr'><strong><em>dicendum</em></strong></span> <span class='ocrx_word' id='word_1_107' title='bbox 1825 1669 1916 1722; x_wconf 87' lang='lat' dir='ltr'><strong><em>per</em></strong></span> <span class='ocrx_word' id='word_1_108' title='bbox 1955 1654 2065 1708; x_wconf 55' lang='lat' dir='ltr'><strong><em>sin;</em></strong></span> 
     </span>
    </p>
   </div>
   <div class='ocr_carea' id='block_1_20' title="bbox 511 1733 666 1800">
    <p class='ocr_par' dir='ltr' id='par_1_20' title="bbox 511 1733 666 1800">
     <span class='ocr_line' id='line_1_20' title="bbox 511 1733 666 1800; baseline 0.006 -16"><span class='ocrx_word' id='word_1_109' title='bbox 511 1733 666 1800; x_wconf 79' lang='lat' dir='ltr'><strong><em>gula.</em></strong></span> 
     </span>
    </p>
   </div>
   <div class='ocr_carea' id='block_1_21' title="bbox 514 1821 2056 1902">
    <p class='ocr_par' dir='ltr' id='par_1_21' title="bbox 514 1821 2056 1902">
     <span class='ocr_line' id='line_1_21' title="bbox 514 1821 2056 1902; baseline 0.008 -26"><span class='ocrx_word' id='word_1_110' title='bbox 514 1824 569 1876; x_wconf 77' lang='lat' dir='ltr'><strong><em>t.</em></strong></span> <span class='ocrx_word' id='word_1_111' title='bbox 602 1821 863 1880; x_wconf 78' lang='lat' dir='ltr'><strong><em>Ostendit</em></strong></span> <span class='ocrx_word' id='word_1_112' title='bbox 890 1837 956 1880; x_wconf 77' lang='lat' dir='ltr'><strong><em>ex</em></strong></span> <span class='ocrx_word' id='word_1_113' title='bbox 986 1828 1288 1897; x_wconf 88' lang='lat' dir='ltr'><strong><em>sacerdote,</em></strong></span> <span class='ocrx_word' id='word_1_114' title='bbox 1319 1846 1385 1886; x_wconf 78' lang='lat' dir='ltr'><strong><em>ex</em></strong></span> <span class='ocrx_word' id='word_1_115' title='bbox 1411 1832 1737 1902; x_wconf 89' lang='lat' dir='ltr'><strong><em>sacerdotio,</em></strong></span> <span class='ocrx_word' id='word_1_116' title='bbox 1769 1851 1836 1892; x_wconf 81' lang='lat' dir='ltr'><strong><em>ex</em></strong></span> <span class='ocrx_word' id='word_1_117' title='bbox 1869 1836 2056 1892; x_wconf 77' lang='lat' dir='ltr'><strong><em>Testa-</em></strong></span> 
     </span>
    </p>
   </div>
   <div class='ocr_carea' id='block_1_22' title="bbox 2167 697 3765 783">
    <p class='ocr_par' dir='ltr' id='par_1_22' title="bbox 2167 697 3765 783">
     <span class='ocr_line' id='line_1_22' title="bbox 2167 697 3765 783; baseline 0.013 -30"><span class='ocrx_word' id='word_1_118' title='bbox 2167 697 2883 772; x_wconf 76' lang='lat' dir='ltr'><strong><em>verbisextollit,utmajot-a</em></strong></span> <span class='ocrx_word' id='word_1_119' title='bbox 2928 712 3050 760; x_wconf 86' lang='lat' dir='ltr'><strong><em>esse</em></strong></span> <span class='ocrx_word' id='word_1_120' title='bbox 3087 705 3340 762; x_wconf 74' lang='lat' dir='ltr'><strong><em>ostendat</em></strong></span> <span class='ocrx_word' id='word_1_121' title='bbox 3383 724 3446 764; x_wconf 74' lang='lat' dir='ltr'><strong><em>ea</em></strong></span> <span class='ocrx_word' id='word_1_122' title='bbox 3475 716 3597 783; x_wconf 71' lang='lat' dir='ltr'><strong><em>qua:</em></strong></span> <span class='ocrx_word' id='word_1_123' title='bbox 3642 724 3765 773; x_wconf 83' lang='lat' dir='ltr'><strong><em>sunt</em></strong></span> 
     </span>
    </p>
   </div>
   <div class='ocr_carea' id='block_1_23' title="bbox 2169 793 3764 868">
    <p class='ocr_par' dir='ltr' id='par_1_23' title="bbox 2169 793 3764 868">
     <span class='ocr_line' id='line_1_23' title="bbox 2169 793 3764 868; baseline 0.013 -24"><span class='ocrx_word' id='word_1_124' title='bbox 2169 804 2372 862; x_wconf 87' lang='lat' dir='ltr'><strong><em>postea.</em></strong></span> <span class='ocrx_word' id='word_1_125' title='bbox 2405 793 2484 848; x_wconf 90' lang='lat' dir='ltr'><strong><em>De</em></strong></span> <span class='ocrx_word' id='word_1_126' title='bbox 2527 795 2706 865; x_wconf 77' lang='lat' dir='ltr'><strong><em>quibus</em></strong></span> <span class='ocrx_word' id='word_1_127' title='bbox 2755 813 2855 850; x_wconf 90' lang='lat' dir='ltr'><strong><em>non</em></strong></span> <span class='ocrx_word' id='word_1_128' title='bbox 2905 806 2998 864; x_wconf 74' lang='lat' dir='ltr'><strong><em>est,</em></strong></span> <span class='ocrx_word' id='word_1_129' title='bbox 3048 797 3238 868; x_wconf 91' lang='lat' dir='ltr'><strong><em>inquit,</em></strong></span> <span class='ocrx_word' id='word_1_130' title='bbox 3297 802 3446 856; x_wconf 86' lang='lat' dir='ltr'><strong><em>modo</em></strong></span> <span class='ocrx_word' id='word_1_131' title='bbox 3496 805 3764 865; x_wconf 83' lang='lat' dir='ltr'><strong><em>dicendum</em></strong></span> 
     </span>
    </p>
   </div>
   <div class='ocr_carea' id='block_1_24' title="bbox 2165 886 3765 971">
    <p class='ocr_par' dir='ltr' id='par_1_24' title="bbox 2165 886 3765 971">
     <span class='ocr_line' id='line_1_24' title="bbox 2165 886 3765 971; baseline 0.013 -35"><span class='ocrx_word' id='word_1_132' title='bbox 2165 899 2256 954; x_wconf 82' lang='lat' dir='ltr'><strong><em>per</em></strong></span> <span class='ocrx_word' id='word_1_133' title='bbox 2299 886 2522 955; x_wconf 83' lang='lat' dir='ltr'><strong><em>singula.</em></strong></span> <span class='ocrx_word' id='word_1_134' title='bbox 2571 887 2665 941; x_wconf 88' lang='lat' dir='ltr'><strong><em>llic</em></strong></span> <span class='ocrx_word' id='word_1_135' title='bbox 2702 889 2862 942; x_wconf 85' lang='lat' dir='ltr'><strong><em>tacite</em></strong></span> <span class='ocrx_word' id='word_1_136' title='bbox 2915 889 3088 943; x_wconf 80' lang='lat' dir='ltr'><strong><em>innuit</em></strong></span> <span class='ocrx_word' id='word_1_137' title='bbox 3143 905 3245 943; x_wconf 86' lang='lat' dir='ltr'><strong><em>non</em></strong></span> <span class='ocrx_word' id='word_1_138' title='bbox 3284 899 3488 948; x_wconf 89' lang='lat' dir='ltr'><strong><em>tantum</em></strong></span> <span class='ocrx_word' id='word_1_139' title='bbox 3539 912 3601 953; x_wconf 84' lang='lat' dir='ltr'><strong><em>ea</em></strong></span> <span class='ocrx_word' id='word_1_140' title='bbox 3645 918 3765 971; x_wconf 79' lang='lat' dir='ltr'><strong><em>qtnu</em></strong></span> 
     </span>
    </p>
   </div>
   <div class='ocr_carea' id='block_1_25' title="bbox 2165 977 3768 1052">
    <p class='ocr_par' dir='ltr' id='par_1_25' title="bbox 2165 977 3768 1052">
     <span class='ocr_line' id='line_1_25' title="bbox 2165 977 3768 1052; baseline 0.013 -22"><span class='ocrx_word' id='word_1_141' title='bbox 2165 977 2503 1044; x_wconf 91' lang='lat' dir='ltr'><strong><em>videbantur,</em></strong></span> <span class='ocrx_word' id='word_1_142' title='bbox 2529 979 2620 1033; x_wconf 90' lang='lat' dir='ltr'><strong><em>sed</em></strong></span> <span class='ocrx_word' id='word_1_143' title='bbox 2669 981 2830 1035; x_wconf 88' lang='lat' dir='ltr'><strong><em>etiam</em></strong></span> <span class='ocrx_word' id='word_1_144' title='bbox 2887 981 3128 1051; x_wconf 69' lang='lat' dir='ltr'><strong><em>quaedam</em></strong></span> <span class='ocrx_word' id='word_1_145' title='bbox 3160 984 3450 1052; x_wconf 74' lang='lat' dir='ltr'><strong><em>tenigmala</em></strong></span> <span class='ocrx_word' id='word_1_146' title='bbox 3481 987 3661 1048; x_wconf 85' lang='lat' dir='ltr'><strong><em>luisse.</em></strong></span> <span class='ocrx_word' id='word_1_147' title='bbox 3691 995 3768 1052; x_wconf 84' lang='lat' dir='ltr'><strong><em>De</em></strong></span> 
     </span>
    </p>
   </div>
   <div class='ocr_carea' id='block_1_26' title="bbox 2160 1070 3765 1154">
    <p class='ocr_par' dir='ltr' id='par_1_26' title="bbox 2160 1070 3765 1154">
     <span class='ocr_line' id='line_1_26' title="bbox 2160 1070 3765 1154; baseline 0.011 -29"><span class='ocrx_word' id='word_1_148' title='bbox 2160 1070 2342 1143; x_wconf 86' lang='lat' dir='ltr'><strong><em>quibus</em></strong></span> <span class='ocrx_word' id='word_1_149' title='bbox 2414 1087 2516 1126; x_wconf 88' lang='lat' dir='ltr'><strong><em>non</em></strong></span> <span class='ocrx_word' id='word_1_150' title='bbox 2568 1082 2640 1126; x_wconf 85' lang='lat' dir='ltr'><strong><em>est</em></strong></span> <span class='ocrx_word' id='word_1_151' title='bbox 2669 1113 2684 1138; x_wconf 94' lang='lat'><strong><em>,</em></strong></span> <span class='ocrx_word' id='word_1_152' title='bbox 2735 1073 2927 1142; x_wconf 90' lang='lat' dir='ltr'><strong><em>inquit,</em></strong></span> <span class='ocrx_word' id='word_1_153' title='bbox 2983 1091 3118 1128; x_wconf 87' lang='lat' dir='ltr'><strong><em>nunc</em></strong></span> <span class='ocrx_word' id='word_1_154' title='bbox 3155 1077 3425 1129; x_wconf 83' lang='lat' dir='ltr'><strong><em>dicendum</em></strong></span> <span class='ocrx_word' id='word_1_155' title='bbox 3465 1081 3765 1154; x_wconf 78' lang='lat' dir='ltr'><strong><em>sigillatim;</em></strong></span> 
     </span>
    </p>
   </div>
   <div class='ocr_carea' id='block_1_27' title="bbox 2161 1164 3763 1234">
    <p class='ocr_par' dir='ltr' id='par_1_27' title="bbox 2161 1164 3763 1234">
     <span class='ocr_line' id='line_1_27' title="bbox 2161 1164 3763 1234; baseline 0.009 -15"><span class='ocrx_word' id='word_1_156' title='bbox 2161 1164 2391 1220; x_wconf 82' lang='lat' dir='ltr'><strong><em>fortasse</em></strong></span> <span class='ocrx_word' id='word_1_157' title='bbox 2413 1165 2534 1234; x_wconf 85' lang='lat' dir='ltr'><strong><em>quia</em></strong></span> <span class='ocrx_word' id='word_1_158' title='bbox 2565 1165 2768 1234; x_wconf 83' lang='lat' dir='ltr'><strong><em>prolixa</em></strong></span> <span class='ocrx_word' id='word_1_159' title='bbox 2791 1181 2927 1234; x_wconf 83' lang='lat' dir='ltr'><strong><em>opus</em></strong></span> <span class='ocrx_word' id='word_1_160' title='bbox 2974 1165 3174 1222; x_wconf 83' lang='lat' dir='ltr'><strong><em>habent</em></strong></span> <span class='ocrx_word' id='word_1_161' title='bbox 3230 1173 3494 1231; x_wconf 88' lang='lat' dir='ltr'><strong><em>oratione.</em></strong></span> <span class='ocrx_word' id='word_1_162' title='bbox 3552 1177 3606 1231; x_wconf 88' lang='lat'><strong><em>6.</em></strong></span> <span class='ocrx_word' id='word_1_163' title='bbox 3665 1178 3763 1234; x_wconf 83' lang='lat' dir='ltr'><strong><em>llis</em></strong></span> 
     </span>
    </p>
   </div>
   <div class='ocr_carea' id='block_1_28' title="bbox 2161 1259 3760 1333">
    <p class='ocr_par' dir='ltr' id='par_1_28' title="bbox 2161 1259 3760 1333">
     <span class='ocr_line' id='line_1_28' title="bbox 2161 1259 3760 1333; baseline 0.01 -22"><span class='ocrx_word' id='word_1_164' title='bbox 2161 1275 2276 1312; x_wconf 84' lang='lat' dir='ltr'><strong><em>vero</em></strong></span> <span class='ocrx_word' id='word_1_165' title='bbox 2335 1259 2407 1312; x_wconf 89' lang='lat' dir='ltr'><strong><em>ita</em></strong></span> <span class='ocrx_word' id='word_1_166' title='bbox 2443 1259 2764 1329; x_wconf 78' lang='lat' dir='ltr'><strong><em>compositis,</em></strong></span> <span class='ocrx_word' id='word_1_167' title='bbox 2804 1259 2857 1312; x_wconf 86' lang='lat' dir='ltr'><strong><em>in</em></strong></span> <span class='ocrx_word' id='word_1_168' title='bbox 2914 1260 3056 1330; x_wconf 84' lang='lat' dir='ltr'><strong><em>prius</em></strong></span> <span class='ocrx_word' id='word_1_169' title='bbox 3117 1263 3320 1333; x_wconf 85' lang='lat' dir='ltr'><strong><em>quidem</em></strong></span> <span class='ocrx_word' id='word_1_170' title='bbox 3379 1268 3760 1327; x_wconf 82' lang='lat' dir='ltr'><strong><em>tabernaculum</em></strong></span> 
     </span>
    </p>
   </div>
   <div class='ocr_carea' id='block_1_29' title="bbox 2159 1351 3757 1433">
    <p class='ocr_par' dir='ltr' id='par_1_29' title="bbox 2159 1351 3757 1433">
     <span class='ocr_line' id='line_1_29' title="bbox 2159 1351 3757 1433; baseline 0.009 -29"><span class='ocrx_word' id='word_1_171' title='bbox 2159 1367 2357 1421; x_wconf 85' lang='lat' dir='ltr'><strong><em>semper</em></strong></span> <span class='ocrx_word' id='word_1_172' title='bbox 2395 1351 2672 1404; x_wconf 88' lang='lat' dir='ltr'><strong><em>introibant</em></strong></span> <span class='ocrx_word' id='word_1_173' title='bbox 2705 1351 3022 1417; x_wconf 75' lang='lat' dir='ltr'><strong><em>sacerdotes,</em></strong></span> <span class='ocrx_word' id='word_1_174' title='bbox 3055 1356 3428 1425; x_wconf 79' lang='lat' dir='ltr'><strong><em>sacrificiorum</em></strong></span> <span class='ocrx_word' id='word_1_175' title='bbox 3450 1362 3612 1433; x_wconf 59' lang='lat' dir='ltr'><strong><em>ofﬁcia</em></strong></span> <span class='ocrx_word' id='word_1_176' title='bbox 3631 1381 3757 1419; x_wconf 86' lang='lat' dir='ltr'><strong><em>con-</em></strong></span> 
     </span>
    </p>
   </div>
   <div class='ocr_carea' id='block_1_30' title="bbox 2156 1443 3758 1518">
    <p class='ocr_par' dir='ltr' id='par_1_30' title="bbox 2156 1443 3758 1518">
     <span class='ocr_line' id='line_1_30' title="bbox 2156 1443 3758 1518; baseline 0.008 -20"><span class='ocrx_word' id='word_1_177' title='bbox 2156 1453 2487 1498; x_wconf 83' lang='lat' dir='ltr'><strong><em>summantes.</em></strong></span> <span class='ocrx_word' id='word_1_178' title='bbox 2516 1443 2628 1499; x_wconf 87' lang='lat' dir='ltr'><strong><em>Hoc</em></strong></span> <span class='ocrx_word' id='word_1_179' title='bbox 2653 1453 2755 1509; x_wconf 90' lang='lat' dir='ltr'><strong><em>est,-</em></strong></span> <span class='ocrx_word' id='word_1_180' title='bbox 2805 1454 2960 1500; x_wconf 86' lang='lat' dir='ltr'><strong><em>erant</em></strong></span> <span class='ocrx_word' id='word_1_181' title='bbox 3011 1445 3127 1502; x_wconf 71' lang='lat' dir='ltr'><strong><em>haec</em></strong></span> <span class='ocrx_word' id='word_1_182' title='bbox 3172 1449 3410 1518; x_wconf 88' lang='lat' dir='ltr'><strong><em>quidem,</em></strong></span> <span class='ocrx_word' id='word_1_183' title='bbox 3471 1453 3550 1508; x_wconf 85' lang='lat' dir='ltr'><strong><em>his</em></strong></span> <span class='ocrx_word' id='word_1_184' title='bbox 3582 1467 3758 1511; x_wconf 82' lang='lat' dir='ltr'><strong><em>atttcm</em></strong></span> 
     </span>
    </p>
   </div>
   <div class='ocr_carea' id='block_1_31' title="bbox 2158 1535 3758 1609">
    <p class='ocr_par' dir='ltr' id='par_1_31' title="bbox 2158 1535 3758 1609">
     <span class='ocr_line' id='line_1_31' title="bbox 2158 1535 3758 1609; baseline 0.005 -17"><span class='ocrx_word' id='word_1_185' title='bbox 2158 1552 2266 1593; x_wconf 89' lang='lat' dir='ltr'><strong><em>non</em></strong></span> <span class='ocrx_word' id='word_1_186' title='bbox 2322 1535 2636 1591; x_wconf 79' lang='lat' dir='ltr'><strong><em>fruebantur</em></strong></span> <span class='ocrx_word' id='word_1_187' title='bbox 2691 1537 2894 1601; x_wconf 63' lang='lat' dir='ltr'><strong><em>Judaei;</em></strong></span> <span class='ocrx_word' id='word_1_188' title='bbox 2961 1555 3134 1609; x_wconf 89' lang='lat' dir='ltr'><strong><em>neque</em></strong></span> <span class='ocrx_word' id='word_1_189' title='bbox 3193 1542 3338 1596; x_wconf 90' lang='lat' dir='ltr'><strong><em>enim</em></strong></span> <span class='ocrx_word' id='word_1_190' title='bbox 3394 1559 3456 1599; x_wconf 88' lang='lat' dir='ltr'><strong><em>ea</em></strong></span> <span class='ocrx_word' id='word_1_191' title='bbox 3489 1546 3758 1601; x_wconf 77' lang='lat' dir='ltr'><strong><em>videbant.</em></strong></span> 
     </span>
    </p>
   </div>
   <div class='ocr_carea' id='block_1_32' title="bbox 2156 1631 3762 1712">
    <p class='ocr_par' dir='ltr' id='par_1_32' title="bbox 2156 1631 3762 1712">
     <span class='ocr_line' id='line_1_32' title="bbox 2156 1631 3762 1712; baseline 0.007 -26"><span class='ocrx_word' id='word_1_192' title='bbox 2156 1631 2517 1698; x_wconf 83' lang='lat' dir='ltr'><strong><em>Quamobrem</em></strong></span> <span class='ocrx_word' id='word_1_193' title='bbox 2559 1648 2663 1686; x_wconf 89' lang='lat' dir='ltr'><strong><em>non</em></strong></span> <span class='ocrx_word' id='word_1_194' title='bbox 2728 1632 2895 1701; x_wconf 86' lang='lat' dir='ltr'><strong><em>magis</em></strong></span> <span class='ocrx_word' id='word_1_195' title='bbox 2941 1643 3096 1688; x_wconf 84' lang='lat' dir='ltr'><strong><em>erant</em></strong></span> <span class='ocrx_word' id='word_1_196' title='bbox 3159 1634 3301 1702; x_wconf 88' lang='lat' dir='ltr'><strong><em>illis,</em></strong></span> <span class='ocrx_word' id='word_1_197' title='bbox 3354 1653 3512 1707; x_wconf 91' lang='lat' dir='ltr'><strong><em>quam</em></strong></span> <span class='ocrx_word' id='word_1_198' title='bbox 3569 1641 3762 1712; x_wconf 66' lang='lat' dir='ltr'><strong><em>quibus</em></strong></span> 
     </span>
    </p>
   </div>
   <div class='ocr_carea' id='block_1_33' title="bbox 2157 1723 3757 1796">
    <p class='ocr_par' dir='ltr' id='par_1_33' title="bbox 2157 1723 3757 1796">
     <span class='ocr_line' id='line_1_33' title="bbox 2157 1723 3757 1796; baseline 0.007 -18"><span class='ocrx_word' id='word_1_199' title='bbox 2157 1724 2657 1796; x_wconf 71' lang='lat' dir='ltr'><strong><em>pra-ﬁgurabantur.</em></strong></span> <span class='ocrx_word' id='word_1_200' title='bbox 2720 1725 2772 1778; x_wconf 82' lang='lat'><strong><em>7.</em></strong></span> <span class='ocrx_word' id='word_1_201' title='bbox 2823 1723 2888 1778; x_wconf 88' lang='lat' dir='ltr'><strong><em>In</em></strong></span> <span class='ocrx_word' id='word_1_202' title='bbox 2950 1727 3229 1780; x_wconf 86' lang='lat' dir='ltr'><strong><em>secundum</em></strong></span> <span class='ocrx_word' id='word_1_203' title='bbox 3277 1741 3447 1784; x_wconf 83' lang='lat' dir='ltr'><strong><em>autent</em></strong></span> <span class='ocrx_word' id='word_1_204' title='bbox 3501 1735 3656 1788; x_wconf 82' lang='lat' dir='ltr'><strong><em>semel</em></strong></span> <span class='ocrx_word' id='word_1_205' title='bbox 3705 1735 3757 1789; x_wconf 85' lang='lat' dir='ltr'><strong><em>in</em></strong></span> 
     </span>
    </p>
   </div>
   <div class='ocr_carea' id='block_1_34' title="bbox 2155 1817 3761 1895">
    <p class='ocr_par' dir='ltr' id='par_1_34' title="bbox 2155 1817 3761 1895">
     <span class='ocr_line' id='line_1_34' title="bbox 2155 1817 3761 1895; baseline 0.006 -24"><span class='ocrx_word' id='word_1_206' title='bbox 2155 1833 2292 1871; x_wconf 88' lang='lat' dir='ltr'><strong><em>anno</em></strong></span> <span class='ocrx_word' id='word_1_207' title='bbox 2342 1817 2481 1871; x_wconf 87' lang='lat' dir='ltr'><strong><em>solus</em></strong></span> <span class='ocrx_word' id='word_1_208' title='bbox 2515 1817 2777 1888; x_wconf 76' lang='lat' dir='ltr'><strong><em>pontifex,</em></strong></span> <span class='ocrx_word' id='word_1_209' title='bbox 2836 1833 2937 1871; x_wconf 88' lang='lat' dir='ltr'><strong><em>non</em></strong></span> <span class='ocrx_word' id='word_1_210' title='bbox 2976 1818 3086 1872; x_wconf 84' lang='lat' dir='ltr'><strong><em>sine</em></strong></span> <span class='ocrx_word' id='word_1_211' title='bbox 3139 1822 3406 1892; x_wconf 84' lang='lat' dir='ltr'><strong><em>sanguine,</em></strong></span> <span class='ocrx_word' id='word_1_212' title='bbox 3438 1835 3584 1894; x_wconf 86' lang='lat' dir='ltr'><strong><em>quem</em></strong></span> <span class='ocrx_word' id='word_1_213' title='bbox 3611 1826 3761 1895; x_wconf 78' lang='lat' dir='ltr'><strong><em>o/fert</em></strong></span> 
     </span>
    </p>
   </div>
   <div class='ocr_carea' id='block_1_35' title="bbox 437 1908 2040 1986">
    <p class='ocr_par' dir='ltr' id='par_1_35' title="bbox 437 1915 2035 1984">
     <span class='ocr_line' id='line_1_35' title="bbox 437 1915 2035 1984; baseline 0.008 -17"><span class='ocrx_word' id='word_1_214' title='bbox 437 1922 666 1980; x_wconf 88' lang='lat' dir='ltr'><strong><em>mento,</em></strong></span> <span class='ocrx_word' id='word_1_215' title='bbox 723 1915 874 1984; x_wconf 90' lang='lat' dir='ltr'><strong><em>quod</em></strong></span> <span class='ocrx_word' id='word_1_216' title='bbox 925 1917 1054 1971; x_wconf 88' lang='lat' dir='ltr'><strong><em>illud</em></strong></span> <span class='ocrx_word' id='word_1_217' title='bbox 1107 1919 1264 1973; x_wconf 89' lang='lat' dir='ltr'><strong><em>linem</em></strong></span> <span class='ocrx_word' id='word_1_218' title='bbox 1315 1922 1383 1976; x_wconf 88' lang='lat' dir='ltr'><strong><em>sit</em></strong></span> <span class='ocrx_word' id='word_1_219' title='bbox 1438 1923 1746 1980; x_wconf 88' lang='lat' dir='ltr'><strong><em>habiturum</em></strong></span> <span class='ocrx_word' id='word_1_220' title='bbox 1782 1943 1794 1979; x_wconf 88' lang='lat'><strong>:</strong></span> <span class='ocrx_word' id='word_1_221' title='bbox 1826 1927 2035 1981; x_wconf 77' lang='lat' dir='ltr'><strong><em>ostendi</em></strong></span> 
     </span>
    </p>
   </div>
   <div class='ocr_carea' id='block_1_36' title="bbox 2129 1908 3756 1986">
    <p class='ocr_par' dir='ltr' id='par_1_36' title="bbox 2159 1908 3756 1986">
     <span class='ocr_line' id='line_1_36' title="bbox 2159 1908 3756 1986; baseline 0.005 -22"><span class='ocrx_word' id='word_1_222' title='bbox 2159 1925 2252 1981; x_wconf 88' lang='lat' dir='ltr'><strong><em>pro</em></strong></span> <span class='ocrx_word' id='word_1_223' title='bbox 2275 1926 2329 1964; x_wconf 85' lang='lat' dir='ltr'><strong><em>se</em></strong></span> <span class='ocrx_word' id='word_1_224' title='bbox 2353 1918 2398 1962; x_wconf 87' lang='lat' dir='ltr'><strong><em>et</em></strong></span> <span class='ocrx_word' id='word_1_225' title='bbox 2423 1909 2599 1979; x_wconf 83' lang='lat' dir='ltr'><strong><em>pepuli</em></strong></span> <span class='ocrx_word' id='word_1_226' title='bbox 2624 1909 2946 1980; x_wconf 85' lang='lat' dir='ltr'><strong><em>ignorantiis.</em></strong></span> <span class='ocrx_word' id='word_1_227' title='bbox 2975 1908 3138 1965; x_wconf 80' lang='lat' dir='ltr'><strong><em>Vides</em></strong></span> <span class='ocrx_word' id='word_1_228' title='bbox 3163 1911 3272 1981; x_wconf 83' lang='lat' dir='ltr'><strong><em>jam</em></strong></span> <span class='ocrx_word' id='word_1_229' title='bbox 3306 1922 3462 1985; x_wconf 80' lang='lat' dir='ltr'><strong><em>typos</em></strong></span> <span class='ocrx_word' id='word_1_230' title='bbox 3486 1925 3756 1986; x_wconf 85' lang='lat' dir='ltr'><strong><em>tamquam</em></strong></span> 
     </span>
    </p>
   </div>
   <div class='ocr_carea' id='block_1_37' title="bbox 430 2002 2054 2080">
    <p class='ocr_par' dir='ltr' id='par_1_37' title="bbox 430 2002 2054 2080">
     <span class='ocr_line' id='line_1_37' title="bbox 430 2002 2054 2080; baseline 0.007 -21"><span class='ocrx_word' id='word_1_231' title='bbox 430 2002 663 2061; x_wconf 81' lang='lat' dir='ltr'><strong><em>demum</em></strong></span> <span class='ocrx_word' id='word_1_232' title='bbox 693 2022 764 2062; x_wconf 76' lang='lat' dir='ltr'><strong><em>ex</em></strong></span> <span class='ocrx_word' id='word_1_233' title='bbox 788 2005 960 2078; x_wconf 81' lang='lat' dir='ltr'><strong><em>ﬁgura</em></strong></span> <span class='ocrx_word' id='word_1_234' title='bbox 990 2009 1160 2079; x_wconf 89' lang='lat' dir='ltr'><strong><em>ipsius</em></strong></span> <span class='ocrx_word' id='word_1_235' title='bbox 1192 2010 1546 2066; x_wconf 89' lang='lat' dir='ltr'><strong><em>tabernaculi.</em></strong></span> <span class='ocrx_word' id='word_1_236' title='bbox 1570 2011 1896 2080; x_wconf 90' lang='lat' dir='ltr'><strong><em>Quomodo?</em></strong></span> <span class='ocrx_word' id='word_1_237' title='bbox 1916 2015 2054 2070; x_wconf 84' lang='lat' dir='ltr'><strong><em>San-</em></strong></span> 
     </span>
    </p>
   </div>
   <div class='ocr_carea' id='block_1_38' title="bbox 431 2097 2057 2178">
    <p class='ocr_par' dir='ltr' id='par_1_38' title="bbox 431 2097 2057 2178">
     <span class='ocr_line' id='line_1_38' title="bbox 431 2097 2057 2178; baseline 0.009 -28"><span class='ocrx_word' id='word_1_238' title='bbox 431 2106 523 2150; x_wconf 84' lang='lat' dir='ltr'><strong><em>eta</em></strong></span> <span class='ocrx_word' id='word_1_239' title='bbox 554 2097 772 2165; x_wconf 84' lang='lat' dir='ltr'><strong><em>dicens,</em></strong></span> <span class='ocrx_word' id='word_1_240' title='bbox 794 2109 852 2155; x_wconf 90' lang='lat' dir='ltr'><strong><em>et</em></strong></span> <span class='ocrx_word' id='word_1_241' title='bbox 868 2111 1058 2156; x_wconf 86' lang='lat' dir='ltr'><strong><em>sancta</em></strong></span> <span class='ocrx_word' id='word_1_242' title='bbox 1087 2115 1427 2159; x_wconf 88' lang='lat' dir='ltr'><strong><em>sanctorum.</em></strong></span> <span class='ocrx_word' id='word_1_243' title='bbox 1528 2107 1703 2176; x_wconf 86' lang='lat' dir='ltr'><strong><em>Atque</em></strong></span> <span class='ocrx_word' id='word_1_244' title='bbox 1728 2106 1924 2162; x_wconf 87' lang='lat' dir='ltr'><strong><em>Sancta</em></strong></span> <span class='ocrx_word' id='word_1_245' title='bbox 1940 2110 2057 2178; x_wconf 85' lang='lat' dir='ltr'><strong><em>qui-</em></strong></span> 
     </span>
    </p>
   </div>
   <div class='ocr_carea' id='block_1_39' title="bbox 442 2189 2058 2271">
    <p class='ocr_par' dir='ltr' id='par_1_39' title="bbox 442 2189 2058 2271">
     <span class='ocr_line' id='line_1_39' title="bbox 442 2189 2058 2271; baseline 0.01 -28"><span class='ocrx_word' id='word_1_246' title='bbox 442 2189 570 2244; x_wconf 80' lang='lat' dir='ltr'><strong><em>dem</em></strong></span> <span class='ocrx_word' id='word_1_247' title='bbox 607 2201 739 2246; x_wconf 86' lang='lat' dir='ltr'><strong><em>sunt</em></strong></span> <span class='ocrx_word' id='word_1_248' title='bbox 789 2193 1043 2264; x_wconf 75' lang='lat' dir='ltr'><strong><em>symbols</em></strong></span> <span class='ocrx_word' id='word_1_249' title='bbox 1083 2207 1138 2250; x_wconf 90' lang='lat' dir='ltr'><strong><em>et</em></strong></span> <span class='ocrx_word' id='word_1_250' title='bbox 1181 2198 1330 2266; x_wconf 81' lang='lat' dir='ltr'><strong><em>signa</em></strong></span> <span class='ocrx_word' id='word_1_251' title='bbox 1381 2200 1575 2268; x_wconf 86' lang='lat' dir='ltr'><strong><em>prioris</em></strong></span> <span class='ocrx_word' id='word_1_252' title='bbox 1622 2201 1916 2271; x_wconf 89' lang='lat' dir='ltr'><strong><em>temporis;</em></strong></span> <span class='ocrx_word' id='word_1_253' title='bbox 1949 2203 2058 2259; x_wconf 90' lang='lat' dir='ltr'><strong><em>illic</em></strong></span> 
     </span>
    </p>
   </div>
   <div class='ocr_carea' id='block_1_40' title="bbox 453 2281 2056 2356">
    <p class='ocr_par' dir='ltr' id='par_1_40' title="bbox 453 2281 2056 2356">
     <span class='ocr_line' id='line_1_40' title="bbox 453 2281 2056 2356; baseline 0.012 -25"><span class='ocrx_word' id='word_1_254' title='bbox 453 2281 602 2333; x_wconf 83' lang='lat' dir='ltr'><strong><em>enim</em></strong></span> <span class='ocrx_word' id='word_1_255' title='bbox 631 2281 758 2337; x_wconf 81' lang='lat' dir='ltr'><strong><em>[inut</em></strong></span> <span class='ocrx_word' id='word_1_256' title='bbox 779 2287 959 2338; x_wconf 88' lang='lat' dir='ltr'><strong><em>omnia</em></strong></span> <span class='ocrx_word' id='word_1_257' title='bbox 987 2302 1083 2356; x_wconf 89' lang='lat' dir='ltr'><strong><em>per</em></strong></span> <span class='ocrx_word' id='word_1_258' title='bbox 1103 2289 1368 2342; x_wconf 89' lang='lat' dir='ltr'><strong><em>sacriﬁcia</em></strong></span> <span class='ocrx_word' id='word_1_259' title='bbox 1392 2308 1404 2342; x_wconf 89' lang='lat'><strong>:</strong></span> <span class='ocrx_word' id='word_1_260' title='bbox 1430 2300 1612 2345; x_wconf 86' lang='lat' dir='ltr'><strong><em>sancta</em></strong></span> <span class='ocrx_word' id='word_1_261' title='bbox 1632 2302 1810 2348; x_wconf 87' lang='lat' dir='ltr'><strong><em>autem</em></strong></span> <span class='ocrx_word' id='word_1_262' title='bbox 1840 2305 2056 2350; x_wconf 86' lang='lat' dir='ltr'><strong><em>sancto-</em></strong></span> 
     </span>
    </p>
   </div>
   <div class='ocr_carea' id='block_1_41' title="bbox 456 2376 2053 2453">
    <p class='ocr_par' dir='ltr' id='par_1_41' title="bbox 456 2376 2053 2453">
     <span class='ocr_line' id='line_1_41' title="bbox 456 2376 2053 2453; baseline 0.012 -30"><span class='ocrx_word' id='word_1_263' title='bbox 456 2387 577 2424; x_wconf 88' lang='lat' dir='ltr'><strong><em>rum</em></strong></span> <span class='ocrx_word' id='word_1_264' title='bbox 605 2414 620 2436; x_wconf 94' lang='lat'><strong><em>,</em></strong></span> <span class='ocrx_word' id='word_1_265' title='bbox 670 2376 815 2444; x_wconf 86' lang='lat' dir='ltr'><strong><em>hujus</em></strong></span> <span class='ocrx_word' id='word_1_266' title='bbox 863 2393 1013 2434; x_wconf 89' lang='lat' dir='ltr'><strong><em>nunc</em></strong></span> <span class='ocrx_word' id='word_1_267' title='bbox 1055 2381 1341 2448; x_wconf 69' lang='lat' dir='ltr'><strong><em>praesentis</em></strong></span> <span class='ocrx_word' id='word_1_268' title='bbox 1381 2384 1661 2453; x_wconf 88' lang='lat' dir='ltr'><strong><em>temporis.</em></strong></span> <span class='ocrx_word' id='word_1_269' title='bbox 1709 2385 1846 2440; x_wconf 89' lang='lat' dir='ltr'><strong><em>Dicit</em></strong></span> <span class='ocrx_word' id='word_1_270' title='bbox 1873 2395 2053 2442; x_wconf 89' lang='lat' dir='ltr'><strong><em>autem</em></strong></span> 
     </span>
    </p>
   </div>
   <div class='ocr_carea' id='block_1_42' title="bbox 447 2474 2051 2548">
    <p class='ocr_par' dir='ltr' id='par_1_42' title="bbox 447 2474 2051 2548">
     <span class='ocr_line' id='line_1_42' title="bbox 447 2474 2051 2548; baseline 0.011 -29"><span class='ocrx_word' id='word_1_271' title='bbox 447 2475 638 2520; x_wconf 81' lang='lat' dir='ltr'><strong><em>sancta</em></strong></span> <span class='ocrx_word' id='word_1_272' title='bbox 668 2479 974 2526; x_wconf 84' lang='lat' dir='ltr'><strong><em>sanetowm</em></strong></span> <span class='ocrx_word' id='word_1_273' title='bbox 1006 2474 1198 2528; x_wconf 71' lang='lat' dir='ltr'><strong><em>cazlum</em></strong></span> <span class='ocrx_word' id='word_1_274' title='bbox 1225 2514 1240 2538; x_wconf 95' lang='lat'><strong><em>,</em></strong></span> <span class='ocrx_word' id='word_1_275' title='bbox 1273 2486 1328 2531; x_wconf 90' lang='lat' dir='ltr'><strong><em>et</em></strong></span> <span class='ocrx_word' id='word_1_276' title='bbox 1358 2479 1534 2532; x_wconf 81' lang='lat' dir='ltr'><strong><em>velum</em></strong></span> <span class='ocrx_word' id='word_1_277' title='bbox 1563 2479 1719 2548; x_wconf 80' lang='lat' dir='ltr'><strong><em>caeli,</em></strong></span> <span class='ocrx_word' id='word_1_278' title='bbox 1747 2489 1802 2535; x_wconf 90' lang='lat' dir='ltr'><strong><em>et</em></strong></span> <span class='ocrx_word' id='word_1_279' title='bbox 1832 2495 2051 2537; x_wconf 90' lang='lat' dir='ltr'><strong><em>carnem</em></strong></span> 
     </span>
    </p>
   </div>
   <div class='ocr_carea' id='block_1_43' title="bbox 443 2560 2050 2642">
    <p class='ocr_par' dir='ltr' id='par_1_43' title="bbox 443 2560 2050 2642">
     <span class='ocr_line' id='line_1_43' title="bbox 443 2560 2050 2642; baseline 0.012 -33"><span class='ocrx_word' id='word_1_280' title='bbox 443 2572 562 2626; x_wconf 61' lang='lat' dir='ltr'><strong><em>quae</em></strong></span> <span class='ocrx_word' id='word_1_281' title='bbox 605 2560 906 2629; x_wconf 79' lang='lat' dir='ltr'><strong><em>ingreditur</em></strong></span> <span class='ocrx_word' id='word_1_282' title='bbox 937 2565 990 2618; x_wconf 88' lang='lat' dir='ltr'><strong><em>in</em></strong></span> <span class='ocrx_word' id='word_1_283' title='bbox 1029 2565 1285 2622; x_wconf 83' lang='lat' dir='ltr'><strong><em>interiora</em></strong></span> <span class='ocrx_word' id='word_1_284' title='bbox 1313 2568 1455 2634; x_wconf 89' lang='lat' dir='ltr'><strong><em>veli,</em></strong></span> <span class='ocrx_word' id='word_1_285' title='bbox 1501 2569 1604 2626; x_wconf 92' lang='lat' dir='ltr'><strong><em>hoc</em></strong></span> <span class='ocrx_word' id='word_1_286' title='bbox 1633 2581 1716 2626; x_wconf 91' lang='lat' dir='ltr'><strong><em>est</em></strong></span> <span class='ocrx_word' id='word_1_287' title='bbox 1743 2587 1842 2642; x_wconf 91' lang='lat' dir='ltr'><strong><em>per</em></strong></span> <span class='ocrx_word' id='word_1_288' title='bbox 1873 2573 2050 2629; x_wconf 86' lang='lat' dir='ltr'><strong><em>velum</em></strong></span> 
     </span>
    </p>
   </div>
   <div class='ocr_carea' id='block_1_44' title="bbox 437 2654 2048 2724">
    <p class='ocr_par' dir='ltr' id='par_1_44' title="bbox 437 2654 2048 2724">
     <span class='ocr_line' id='line_1_44' title="bbox 437 2654 2048 2724; baseline 0.011 -20"><span class='ocrx_word' id='word_1_289' title='bbox 437 2654 621 2706; x_wconf 81' lang='lat' dir='ltr'><strong><em>carnis</em></strong></span> <span class='ocrx_word' id='word_1_290' title='bbox 649 2654 788 2724; x_wconf 81' lang='lat' dir='ltr'><strong><em>ejus.</em></strong></span> <span class='ocrx_word' id='word_1_291' title='bbox 820 2657 860 2710; x_wconf 89' lang='lat' dir='ltr'>E</span> <span class='ocrx_word' id='word_1_292' title='bbox 891 2673 951 2713; x_wconf 89' lang='lat' dir='ltr'><strong><em>re</em></strong></span> <span class='ocrx_word' id='word_1_293' title='bbox 993 2658 1158 2714; x_wconf 78' lang='lat' dir='ltr'><strong><em>fuerit</em></strong></span> <span class='ocrx_word' id='word_1_294' title='bbox 1197 2670 1374 2716; x_wconf 89' lang='lat' dir='ltr'><strong><em>autem</em></strong></span> <span class='ocrx_word' id='word_1_295' title='bbox 1408 2673 1464 2716; x_wconf 90' lang='lat' dir='ltr'><strong><em>ut</em></strong></span> <span class='ocrx_word' id='word_1_296' title='bbox 1493 2663 1634 2720; x_wconf 92' lang='lat' dir='ltr'><strong><em>hunc</em></strong></span> <span class='ocrx_word' id='word_1_297' title='bbox 1677 2666 1852 2721; x_wconf 92' lang='lat' dir='ltr'><strong><em>locum</em></strong></span> <span class='ocrx_word' id='word_1_298' title='bbox 1886 2667 2048 2724; x_wconf 88' lang='lat' dir='ltr'><strong><em>altius</em></strong></span> 
     </span>
    </p>
   </div>
   <div class='ocr_carea' id='block_1_45' title="bbox 432 2749 2041 2832">
    <p class='ocr_par' dir='ltr' id='par_1_45' title="bbox 432 2749 2041 2832">
     <span class='ocr_line' id='line_1_45' title="bbox 432 2749 2041 2832; baseline 0.013 -37"><span class='ocrx_word' id='word_1_299' title='bbox 432 2756 769 2812; x_wconf 81' lang='lat' dir='ltr'><strong><em>repetamus.</em></strong></span> <span class='ocrx_word' id='word_1_300' title='bbox 800 2749 941 2817; x_wconf 86' lang='lat' dir='ltr'><strong><em>Quid</em></strong></span> <span class='ocrx_word' id='word_1_301' title='bbox 975 2767 1104 2822; x_wconf 88' lang='lat' dir='ltr'><strong><em>ergo</em></strong></span> <span class='ocrx_word' id='word_1_302' title='bbox 1141 2753 1314 2808; x_wconf 84' lang='lat' dir='ltr'><strong><em>dicit?</em></strong></span> <span class='ocrx_word' id='word_1_303' title='bbox 1350 2754 1541 2810; x_wconf 86' lang='lat' dir='ltr'><strong><em>Ilnbuit</em></strong></span> <span class='ocrx_word' id='word_1_304' title='bbox 1571 2759 1772 2828; x_wconf 85' lang='lat' dir='ltr'><strong><em>quidem</em></strong></span> <span class='ocrx_word' id='word_1_305' title='bbox 1801 2771 1847 2815; x_wconf 89' lang='lat' dir='ltr'><strong><em>et</em></strong></span> <span class='ocrx_word' id='word_1_306' title='bbox 1877 2762 2041 2832; x_wconf 83' lang='lat' dir='ltr'><strong><em>prius.</em></strong></span> 
     </span>
    </p>
   </div>
   <div class='ocr_carea' id='block_1_46' title="bbox 424 2834 2042 2916">
    <p class='ocr_par' dir='ltr' id='par_1_46' title="bbox 424 2834 2042 2916">
     <span class='ocr_line' id='line_1_46' title="bbox 424 2834 2042 2916; baseline 0.012 -28"><span class='ocrx_word' id='word_1_307' title='bbox 424 2834 566 2902; x_wconf 87' lang='lat' dir='ltr'><strong><em>Quid</em></strong></span> <span class='ocrx_word' id='word_1_308' title='bbox 614 2839 814 2906; x_wconf 84' lang='lat' dir='ltr'><strong><em>prius?</em></strong></span> <span class='ocrx_word' id='word_1_309' title='bbox 865 2841 1298 2899; x_wconf 86' lang='lat' dir='ltr'><strong><em>Testamentum.</em></strong></span> <span class='ocrx_word' id='word_1_310' title='bbox 1346 2845 1758 2916; x_wconf 84' lang='lat' dir='ltr'><strong><em>Justiﬁcationes</em></strong></span> <span class='ocrx_word' id='word_1_311' title='bbox 1800 2855 2042 2908; x_wconf 67' lang='lat' dir='ltr'><strong><em>culturis.</em></strong></span> 
     </span>
    </p>
   </div>
   <div class='ocr_carea' id='block_1_47' title="bbox 419 2927 2044 3009">
    <p class='ocr_par' dir='ltr' id='par_1_47' title="bbox 419 2927 2044 3009">
     <span class='ocr_line' id='line_1_47' title="bbox 419 2927 2044 3009; baseline 0.014 -28"><span class='ocrx_word' id='word_1_312' title='bbox 419 2927 563 2993; x_wconf 85' lang='lat' dir='ltr'><strong><em>Quid</em></strong></span> <span class='ocrx_word' id='word_1_313' title='bbox 593 2939 717 2993; x_wconf 88' lang='lat' dir='ltr'><strong><em>est,</em></strong></span> <span class='ocrx_word' id='word_1_314' title='bbox 749 2931 1206 3002; x_wconf 80' lang='lat' dir='ltr'><strong><em>lustiﬁcationes?</em></strong></span> <span class='ocrx_word' id='word_1_315' title='bbox 1236 2937 1492 3009; x_wconf 82' lang='lat' dir='ltr'><strong><em>Symbola</em></strong></span> <span class='ocrx_word' id='word_1_316' title='bbox 1513 2982 1527 3006; x_wconf 90' lang='lat'><strong><em>,</em></strong></span> <span class='ocrx_word' id='word_1_317' title='bbox 1562 2950 1654 2996; x_wconf 89' lang='lat' dir='ltr'><strong><em>aut</em></strong></span> <span class='ocrx_word' id='word_1_318' title='bbox 1686 2943 1822 3000; x_wconf 89' lang='lat' dir='ltr'><strong><em>ritus</em></strong></span> <span class='ocrx_word' id='word_1_319' title='bbox 1859 2964 1872 3001; x_wconf 94' lang='lat'>:</span> <span class='ocrx_word' id='word_1_320' title='bbox 1902 2961 1965 3002; x_wconf 85' lang='lat' dir='ltr'><strong><em>ac</em></strong></span> <span class='ocrx_word' id='word_1_321' title='bbox 1997 2947 2044 3002; x_wconf 89' lang='lat' dir='ltr'><strong><em>si</em></strong></span> 
     </span>
    </p>
   </div>
   <div class='ocr_carea' id='block_1_48' title="bbox 416 3020 2038 3108">
    <p class='ocr_par' dir='ltr' id='par_1_48' title="bbox 416 3020 2038 3108">
     <span class='ocr_line' id='line_1_48' title="bbox 416 3020 2038 3108; baseline 0.014 -36"><span class='ocrx_word' id='word_1_322' title='bbox 416 3020 656 3087; x_wconf 83' lang='lat' dir='ltr'><strong><em>diceret,</em></strong></span> <span class='ocrx_word' id='word_1_323' title='bbox 685 3031 817 3078; x_wconf 89' lang='lat' dir='ltr'><strong><em>tunc</em></strong></span> <span class='ocrx_word' id='word_1_324' title='bbox 842 3023 1054 3092; x_wconf 83' lang='lat' dir='ltr'><strong><em>habuit,</em></strong></span> <span class='ocrx_word' id='word_1_325' title='bbox 1078 3043 1224 3084; x_wconf 91' lang='lat' dir='ltr'><strong><em>nunc</em></strong></span> <span class='ocrx_word' id='word_1_326' title='bbox 1247 3046 1353 3084; x_wconf 92' lang='lat' dir='ltr'><strong><em>non</em></strong></span> <span class='ocrx_word' id='word_1_327' title='bbox 1377 3030 1558 3088; x_wconf 88' lang='lat' dir='ltr'><strong><em>habet.</em></strong></span> <span class='ocrx_word' id='word_1_328' title='bbox 1583 3033 1834 3091; x_wconf 89' lang='lat' dir='ltr'><strong><em>Ostendit</em></strong></span> <span class='ocrx_word' id='word_1_329' title='bbox 1862 3037 2038 3108; x_wconf 90' lang='lat' dir='ltr'><strong><em>ipsum</em></strong></span> 
     </span>
    </p>
   </div>
   <div class='ocr_carea' id='block_1_49' title="bbox 407 3111 2036 3200">
    <p class='ocr_par' dir='ltr' id='par_1_49' title="bbox 407 3111 2036 3200">
     <span class='ocr_line' id='line_1_49' title="bbox 407 3111 2036 3200; baseline 0.015 -37"><span class='ocrx_word' id='word_1_330' title='bbox 407 3111 524 3180; x_wconf 85' lang='lat' dir='ltr'><strong><em>jam</em></strong></span> <span class='ocrx_word' id='word_1_331' title='bbox 560 3113 688 3170; x_wconf 91' lang='lat' dir='ltr'><strong><em>huic</em></strong></span> <span class='ocrx_word' id='word_1_332' title='bbox 715 3117 986 3173; x_wconf 91' lang='lat' dir='ltr'><strong><em>cessisse:</em></strong></span> <span class='ocrx_word' id='word_1_333' title='bbox 1009 3119 1161 3176; x_wconf 91' lang='lat' dir='ltr'><strong><em>Tune</em></strong></span> <span class='ocrx_word' id='word_1_334' title='bbox 1186 3123 1354 3189; x_wconf 90' lang='lat' dir='ltr'><strong><em>enim,</em></strong></span> <span class='ocrx_word' id='word_1_335' title='bbox 1389 3125 1580 3195; x_wconf 88' lang='lat' dir='ltr'><strong><em>inquit,</em></strong></span> <span class='ocrx_word' id='word_1_336' title='bbox 1615 3127 1821 3185; x_wconf 85' lang='lat' dir='ltr'><strong><em>habuit.</em></strong></span> <span class='ocrx_word' id='word_1_337' title='bbox 1856 3131 2036 3200; x_wconf 86' lang='lat' dir='ltr'><strong><em>Quare</em></strong></span> 
     </span>
    </p>
   </div>
   <div class='ocr_carea' id='block_1_50' title="bbox 412 3207 2032 3279">
    <p class='ocr_par' dir='ltr' id='par_1_50' title="bbox 412 3207 2032 3279">
     <span class='ocr_line' id='line_1_50' title="bbox 412 3207 2032 3279; baseline 0.014 -23"><span class='ocrx_word' id='word_1_338' title='bbox 412 3220 583 3270; x_wconf 89' lang='lat' dir='ltr'><strong><em>nunc,</em></strong></span> <span class='ocrx_word' id='word_1_339' title='bbox 616 3207 783 3261; x_wconf 87' lang='lat' dir='ltr'><strong><em>etiam</em></strong></span> <span class='ocrx_word' id='word_1_340' title='bbox 830 3209 877 3264; x_wconf 90' lang='lat' dir='ltr'><strong><em>si</em></strong></span> <span class='ocrx_word' id='word_1_341' title='bbox 922 3219 1064 3279; x_wconf 88' lang='lat' dir='ltr'><strong><em>stet,</em></strong></span> <span class='ocrx_word' id='word_1_342' title='bbox 1101 3229 1209 3270; x_wconf 90' lang='lat' dir='ltr'><strong><em>non</em></strong></span> <span class='ocrx_word' id='word_1_343' title='bbox 1241 3223 1346 3270; x_wconf 86' lang='lat' dir='ltr'><strong><em>est.</em></strong></span> <span class='ocrx_word' id='word_1_344' title='bbox 1381 3215 1450 3270; x_wconf 87' lang='lat' dir='ltr'><strong><em>Et</em></strong></span> <span class='ocrx_word' id='word_1_345' title='bbox 1488 3229 1723 3274; x_wconf 87' lang='lat' dir='ltr'><strong><em>sanctum</em></strong></span> <span class='ocrx_word' id='word_1_346' title='bbox 1765 3224 2032 3278; x_wconf 82' lang='lat' dir='ltr'><strong><em>sceculare.</em></strong></span> 
     </span>
    </p>
   </div>
   <div class='ocr_carea' id='block_1_51' title="bbox 405 3293 2035 3382">
    <p class='ocr_par' dir='ltr' id='par_1_51' title="bbox 405 3293 2035 3382">
     <span class='ocr_line' id='line_1_51' title="bbox 405 3293 2035 3382; baseline 0.013 -33"><span class='ocrx_word' id='word_1_347' title='bbox 405 3293 697 3354; x_wconf 64' lang='lat' dir='ltr'><strong><em>Saeculare</em></strong></span> <span class='ocrx_word' id='word_1_348' title='bbox 727 3315 825 3355; x_wconf 92' lang='lat' dir='ltr'><strong><em>seu</em></strong></span> <span class='ocrx_word' id='word_1_349' title='bbox 853 3303 1188 3360; x_wconf 87' lang='lat' dir='ltr'><strong><em>mundanum</em></strong></span> <span class='ocrx_word' id='word_1_350' title='bbox 1216 3306 1369 3375; x_wconf 87' lang='lat' dir='ltr'><strong><em>dicit,</em></strong></span> <span class='ocrx_word' id='word_1_351' title='bbox 1403 3310 1656 3380; x_wconf 88' lang='lat' dir='ltr'><strong><em>quoniam</em></strong></span> <span class='ocrx_word' id='word_1_352' title='bbox 1685 3314 2035 3382; x_wconf 88' lang='lat' dir='ltr'><strong><em>permitteba-</em></strong></span> 
     </span>
    </p>
   </div>
   <div class='ocr_carea' id='block_1_52' title="bbox 408 3390 2029 3464">
    <p class='ocr_par' dir='ltr' id='par_1_52' title="bbox 408 3390 2029 3464">
     <span class='ocr_line' id='line_1_52' title="bbox 408 3390 2029 3464; baseline 0.015 -24"><span class='ocrx_word' id='word_1_353' title='bbox 408 3397 501 3442; x_wconf 89' lang='lat' dir='ltr'><strong><em>tur</em></strong></span> <span class='ocrx_word' id='word_1_354' title='bbox 529 3390 798 3448; x_wconf 88' lang='lat' dir='ltr'><strong><em>omnibus</em></strong></span> <span class='ocrx_word' id='word_1_355' title='bbox 826 3394 1055 3464; x_wconf 82' lang='lat' dir='ltr'><strong><em>ingredi,</em></strong></span> <span class='ocrx_word' id='word_1_356' title='bbox 1087 3407 1142 3453; x_wconf 90' lang='lat' dir='ltr'><strong><em>et</em></strong></span> <span class='ocrx_word' id='word_1_357' title='bbox 1171 3399 1495 3457; x_wconf 80' lang='lat' dir='ltr'><strong><em>manifestus</em></strong></span> <span class='ocrx_word' id='word_1_358' title='bbox 1525 3413 1640 3458; x_wconf 88' lang='lat' dir='ltr'><strong><em>erat</em></strong></span> <span class='ocrx_word' id='word_1_359' title='bbox 1670 3404 1822 3461; x_wconf 90' lang='lat' dir='ltr'><strong><em>locus</em></strong></span> <span class='ocrx_word' id='word_1_360' title='bbox 1851 3407 1902 3463; x_wconf 88' lang='lat' dir='ltr'><strong><em>in</em></strong></span> <span class='ocrx_word' id='word_1_361' title='bbox 1932 3423 2029 3464; x_wconf 78' lang='lat' dir='ltr'><strong><em>ea-</em></strong></span> 
     </span>
    </p>
   </div>
   <div class='ocr_carea' id='block_1_53' title="bbox 400 3480 2022 3572">
    <p class='ocr_par' dir='ltr' id='par_1_53' title="bbox 400 3480 2022 3572">
     <span class='ocr_line' id='line_1_53' title="bbox 400 3480 2022 3572; baseline 0.014 -36"><span class='ocrx_word' id='word_1_362' title='bbox 400 3480 536 3538; x_wconf 88' lang='lat' dir='ltr'><strong><em>dem</em></strong></span> <span class='ocrx_word' id='word_1_363' title='bbox 567 3483 738 3541; x_wconf 89' lang='lat' dir='ltr'><strong><em>domo</em></strong></span> <span class='ocrx_word' id='word_1_364' title='bbox 760 3529 776 3554; x_wconf 91' lang='lat'><strong><em>,</em></strong></span> <span class='ocrx_word' id='word_1_365' title='bbox 807 3488 898 3544; x_wconf 89' lang='lat' dir='ltr'><strong><em>ubi</em></strong></span> <span class='ocrx_word' id='word_1_366' title='bbox 926 3491 1144 3546; x_wconf 85' lang='lat' dir='ltr'><strong><em>stabant</em></strong></span> <span class='ocrx_word' id='word_1_367' title='bbox 1174 3494 1507 3564; x_wconf 86' lang='lat' dir='ltr'><strong><em>sacerdotes,</em></strong></span> <span class='ocrx_word' id='word_1_368' title='bbox 1539 3497 1631 3553; x_wconf 90' lang='lat' dir='ltr'><strong><em>ubi</em></strong></span> <span class='ocrx_word' id='word_1_369' title='bbox 1658 3497 1851 3568; x_wconf 70' lang='lat' dir='ltr'><strong><em>Judaei,</em></strong></span> <span class='ocrx_word' id='word_1_370' title='bbox 1884 3517 2022 3572; x_wconf 89' lang='lat' dir='ltr'><strong><em>pro-</em></strong></span> 
     </span>
    </p>
   </div>
   <div class='ocr_carea' id='block_1_54' title="bbox 397 3576 2027 3666">
    <p class='ocr_par' dir='ltr' id='par_1_54' title="bbox 397 3576 2027 3666">
     <span class='ocr_line' id='line_1_54' title="bbox 397 3576 2027 3666; baseline 0.015 -37"><span class='ocrx_word' id='word_1_371' title='bbox 397 3576 567 3648; x_wconf 83' lang='lat' dir='ltr'><strong><em>selyti</em></strong></span> <span class='ocrx_word' id='word_1_372' title='bbox 589 3619 606 3645; x_wconf 93' lang='lat'><strong><em>,</em></strong></span> <span class='ocrx_word' id='word_1_373' title='bbox 636 3579 849 3648; x_wconf 67' lang='lat' dir='ltr'><strong><em>Graeci,</em></strong></span> <span class='ocrx_word' id='word_1_374' title='bbox 878 3583 1137 3641; x_wconf 81' lang='lat' dir='ltr'><strong><em>Nazaraci.</em></strong></span> <span class='ocrx_word' id='word_1_375' title='bbox 1169 3587 1436 3654; x_wconf 88' lang='lat' dir='ltr'><strong><em>Quoniam</em></strong></span> <span class='ocrx_word' id='word_1_376' title='bbox 1471 3606 1601 3662; x_wconf 88' lang='lat' dir='ltr'><strong><em>ergo</em></strong></span> <span class='ocrx_word' id='word_1_377' title='bbox 1631 3592 1698 3647; x_wconf 84' lang='lat' dir='ltr'><strong><em>ad</em></strong></span> <span class='ocrx_word' id='word_1_378' title='bbox 1729 3593 1781 3649; x_wconf 90' lang='lat' dir='ltr'><strong><em>id</em></strong></span> <span class='ocrx_word' id='word_1_379' title='bbox 1811 3597 2027 3666; x_wconf 82' lang='lat' dir='ltr'><strong><em>patebat</em></strong></span> 
     </span>
    </p>
   </div>
   <div class='ocr_carea' id='block_1_55' title="bbox 396 3667 2023 3749">
    <p class='ocr_par' dir='ltr' id='par_1_55' title="bbox 396 3667 2023 3749">
     <span class='ocr_line' id='line_1_55' title="bbox 396 3667 2023 3749; baseline 0.015 -27"><span class='ocrx_word' id='word_1_380' title='bbox 396 3667 589 3725; x_wconf 82' lang='lat' dir='ltr'><strong><em>aditus</em></strong></span> <span class='ocrx_word' id='word_1_381' title='bbox 620 3672 788 3728; x_wconf 88' lang='lat' dir='ltr'><strong><em>etiam</em></strong></span> <span class='ocrx_word' id='word_1_382' title='bbox 819 3677 1100 3745; x_wconf 83' lang='lat' dir='ltr'><strong><em>gentibus,</em></strong></span> <span class='ocrx_word' id='word_1_383' title='bbox 1135 3680 1310 3749; x_wconf 84' lang='lat' dir='ltr'><strong><em>ipsum</em></strong></span> <span class='ocrx_word' id='word_1_384' title='bbox 1342 3694 1499 3739; x_wconf 87' lang='lat' dir='ltr'><strong><em>vocat</em></strong></span> <span class='ocrx_word' id='word_1_385' title='bbox 1535 3686 1864 3743; x_wconf 88' lang='lat' dir='ltr'><strong><em>mundanum</em></strong></span> <span class='ocrx_word' id='word_1_386' title='bbox 1891 3689 2023 3746; x_wconf 88' lang='lat' dir='ltr'><strong><em>:Ju-</em></strong></span> 
     </span>
    </p>
   </div>
   <div class='ocr_carea' id='block_1_56' title="bbox 392 3760 2016 3851">
    <p class='ocr_par' dir='ltr' id='par_1_56' title="bbox 392 3760 2016 3851">
     <span class='ocr_line' id='line_1_56' title="bbox 392 3760 2016 3851; baseline 0.014 -36"><span class='ocrx_word' id='word_1_387' title='bbox 392 3760 501 3817; x_wconf 66' lang='lat' dir='ltr'><strong><em>dai</em></strong></span> <span class='ocrx_word' id='word_1_388' title='bbox 556 3765 710 3818; x_wconf 87' lang='lat' dir='ltr'><strong><em>enim</em></strong></span> <span class='ocrx_word' id='word_1_389' title='bbox 763 3776 870 3822; x_wconf 90' lang='lat' dir='ltr'><strong><em>n0n</em></strong></span> <span class='ocrx_word' id='word_1_390' title='bbox 915 3780 1072 3825; x_wconf 85' lang='lat' dir='ltr'><strong><em>erant</em></strong></span> <span class='ocrx_word' id='word_1_391' title='bbox 1112 3772 1366 3828; x_wconf 87' lang='lat' dir='ltr'><strong><em>mundus.</em></strong></span> <span class='ocrx_word' id='word_1_392' title='bbox 1409 3772 1817 3834; x_wconf 86' lang='lat' dir='ltr'><strong><em>Tabernaculum</em></strong></span> <span class='ocrx_word' id='word_1_393' title='bbox 1860 3783 2016 3851; x_wconf 89' lang='lat' dir='ltr'><strong><em>enim,</em></strong></span> 
     </span>
    </p>
   </div>
   <div class='ocr_carea' id='block_1_57' title="bbox 391 3855 2016 3947">
    <p class='ocr_par' dir='ltr' id='par_1_57' title="bbox 391 3855 2016 3947">
     <span class='ocr_line' id='line_1_57' title="bbox 391 3855 2016 3947; baseline 0.014 -39"><span class='ocrx_word' id='word_1_394' title='bbox 391 3855 601 3926; x_wconf 87' lang='lat' dir='ltr'><strong><em>inquit,</em></strong></span> <span class='ocrx_word' id='word_1_395' title='bbox 635 3861 835 3927; x_wconf 81' lang='lat' dir='ltr'><strong><em>factum</em></strong></span> <span class='ocrx_word' id='word_1_396' title='bbox 857 3869 928 3916; x_wconf 87' lang='lat' dir='ltr'><strong><em>est</em></strong></span> <span class='ocrx_word' id='word_1_397' title='bbox 953 3863 1198 3932; x_wconf 90' lang='lat' dir='ltr'><strong><em>primum,</em></strong></span> <span class='ocrx_word' id='word_1_398' title='bbox 1227 3866 1363 3936; x_wconf 89' lang='lat' dir='ltr'><strong><em>quod</em></strong></span> <span class='ocrx_word' id='word_1_399' title='bbox 1387 3867 1578 3922; x_wconf 88' lang='lat' dir='ltr'><strong><em>dicitur</em></strong></span> <span class='ocrx_word' id='word_1_400' title='bbox 1603 3881 1779 3925; x_wconf 85' lang='lat' dir='ltr'><strong><em>sancta</em></strong></span> <span class='ocrx_word' id='word_1_401' title='bbox 1800 3889 1818 3927; x_wconf 88' lang='lat'><strong><em>:</em></strong></span> <span class='ocrx_word' id='word_1_402' title='bbox 1841 3875 1893 3928; x_wconf 90' lang='lat' dir='ltr'><strong><em>in</em></strong></span> <span class='ocrx_word' id='word_1_403' title='bbox 1916 3892 2016 3947; x_wconf 88' lang='lat' dir='ltr'><strong><em>quo</em></strong></span> 
     </span>
    </p>
   </div>
   <div class='ocr_carea' id='block_1_58' title="bbox 392 3949 2016 4032">
    <p class='ocr_par' dir='ltr' id='par_1_58' title="bbox 392 3949 2016 4032">
     <span class='ocr_line' id='line_1_58' title="bbox 392 3949 2016 4032; baseline 0.015 -34"><span class='ocrx_word' id='word_1_404' title='bbox 392 3956 541 4001; x_wconf 78' lang='lat' dir='ltr'><strong><em>eram</em></strong></span> <span class='ocrx_word' id='word_1_405' title='bbox 569 3949 892 4004; x_wconf 83' lang='lat' dir='ltr'><strong><em>candelabra</em></strong></span> <span class='ocrx_word' id='word_1_406' title='bbox 932 3963 980 4006; x_wconf 90' lang='lat' dir='ltr'><strong><em>et</em></strong></span> <span class='ocrx_word' id='word_1_407' title='bbox 1011 3971 1218 4022; x_wconf 87' lang='lat' dir='ltr'><strong><em>mensa,</em></strong></span> <span class='ocrx_word' id='word_1_408' title='bbox 1249 3965 1296 4011; x_wconf 89' lang='lat' dir='ltr'><strong><em>et</em></strong></span> <span class='ocrx_word' id='word_1_409' title='bbox 1327 3962 1608 4030; x_wconf 83' lang='lat' dir='ltr'><strong><em>propositio</em></strong></span> <span class='ocrx_word' id='word_1_410' title='bbox 1636 3978 1850 4032; x_wconf 89' lang='lat' dir='ltr'><strong><em>panum.</em></strong></span> <span class='ocrx_word' id='word_1_411' title='bbox 1889 3965 2016 4022; x_wconf 61' lang='lat' dir='ltr'><strong><em>Hcce</em></strong></span> 
     </span>
    </p>
   </div>
   <div class='ocr_carea' id='block_1_59' title="bbox 393 4041 2015 4114">
    <p class='ocr_par' dir='ltr' id='par_1_59' title="bbox 393 4041 2015 4114">
     <span class='ocr_line' id='line_1_59' title="bbox 393 4041 2015 4114; baseline 0.015 -26"><span class='ocrx_word' id='word_1_412' title='bbox 393 4048 516 4091; x_wconf 89' lang='lat' dir='ltr'><strong><em>sunt</em></strong></span> <span class='ocrx_word' id='word_1_413' title='bbox 564 4041 760 4096; x_wconf 86' lang='lat' dir='ltr'><strong><em>mundi</em></strong></span> <span class='ocrx_word' id='word_1_414' title='bbox 799 4045 1066 4114; x_wconf 84' lang='lat' dir='ltr'><strong><em>symbola.</em></strong></span> <span class='ocrx_word' id='word_1_415' title='bbox 1101 4046 1227 4102; x_wconf 85' lang='lat' dir='ltr'><strong><em>Post</em></strong></span> <span class='ocrx_word' id='word_1_416' title='bbox 1256 4049 1593 4106; x_wconf 80' lang='lat' dir='ltr'><strong><em>velamentum</em></strong></span> <span class='ocrx_word' id='word_1_417' title='bbox 1621 4064 1790 4108; x_wconf 89' lang='lat' dir='ltr'><strong><em>autem</em></strong></span> <span class='ocrx_word' id='word_1_418' title='bbox 1815 4073 2015 4112; x_wconf 84' lang='lat' dir='ltr'><strong><em>secun—</em></strong></span> 
     </span>
    </p>
   </div>
   <div class='ocr_carea' id='block_1_60' title="bbox 391 4129 2010 4210">
    <p class='ocr_par' dir='ltr' id='par_1_60' title="bbox 391 4129 2010 4210">
     <span class='ocr_line' id='line_1_60' title="bbox 391 4129 2010 4210; baseline 0.015 -31"><span class='ocrx_word' id='word_1_419' title='bbox 391 4129 532 4184; x_wconf 86' lang='lat' dir='ltr'><strong><em>dum.</em></strong></span> <span class='ocrx_word' id='word_1_420' title='bbox 570 4132 695 4186; x_wconf 81' lang='lat' dir='ltr'><strong><em>Non</em></strong></span> <span class='ocrx_word' id='word_1_421' title='bbox 729 4145 850 4188; x_wconf 89' lang='lat' dir='ltr'><strong><em>erat</em></strong></span> <span class='ocrx_word' id='word_1_422' title='bbox 888 4151 1020 4208; x_wconf 87' lang='lat' dir='ltr'><strong><em>ergo</em></strong></span> <span class='ocrx_word' id='word_1_423' title='bbox 1054 4155 1221 4194; x_wconf 89' lang='lat' dir='ltr'><strong><em>unum</em></strong></span> <span class='ocrx_word' id='word_1_424' title='bbox 1260 4141 1441 4196; x_wconf 88' lang='lat' dir='ltr'><strong><em>velum</em></strong></span> <span class='ocrx_word' id='word_1_425' title='bbox 1467 4184 1483 4210; x_wconf 98' lang='lat'><strong><em>,</em></strong></span> <span class='ocrx_word' id='word_1_426' title='bbox 1513 4144 1608 4198; x_wconf 88' lang='lat' dir='ltr'><strong><em>sed</em></strong></span> <span class='ocrx_word' id='word_1_427' title='bbox 1656 4146 1820 4200; x_wconf 86' lang='lat' dir='ltr'><strong><em>etiam</em></strong></span> <span class='ocrx_word' id='word_1_428' title='bbox 1858 4158 2010 4204; x_wconf 86' lang='lat' dir='ltr'><strong><em>extra</em></strong></span> 
     </span>
    </p>
   </div>
   <div class='ocr_carea' id='block_1_61' title="bbox 389 4222 2009 4306">
    <p class='ocr_par' dir='ltr' id='par_1_61' title="bbox 389 4222 2009 4306">
     <span class='ocr_line' id='line_1_61' title="bbox 389 4222 2009 4306; baseline 0.013 -34"><span class='ocrx_word' id='word_1_429' title='bbox 389 4230 502 4274; x_wconf 85' lang='lat' dir='ltr'><strong><em>erat</em></strong></span> <span class='ocrx_word' id='word_1_430' title='bbox 533 4222 695 4277; x_wconf 87' lang='lat' dir='ltr'><strong><em>aliud</em></strong></span> <span class='ocrx_word' id='word_1_431' title='bbox 727 4225 904 4279; x_wconf 90' lang='lat' dir='ltr'><strong><em>velum</em></strong></span> <span class='ocrx_word' id='word_1_432' title='bbox 926 4269 940 4293; x_wconf 94' lang='lat'><strong><em>,</em></strong></span> <span class='ocrx_word' id='word_1_433' title='bbox 971 4244 1167 4299; x_wconf 88' lang='lat' dir='ltr'><strong><em>nempe</em></strong></span> <span class='ocrx_word' id='word_1_434' title='bbox 1205 4229 1617 4289; x_wconf 86' lang='lat' dir='ltr'><strong><em>Tabernaculum</em></strong></span> <span class='ocrx_word' id='word_1_435' title='bbox 1654 4238 1790 4306; x_wconf 87' lang='lat' dir='ltr'><strong><em>quod</em></strong></span> <span class='ocrx_word' id='word_1_436' title='bbox 1821 4239 2009 4292; x_wconf 84' lang='lat' dir='ltr'><strong><em>dicitur</em></strong></span> 
     </span>
    </p>
   </div>
   <div class='ocr_carea' id='block_1_62' title="bbox 387 4321 2010 4398">
    <p class='ocr_par' dir='ltr' id='par_1_62' title="bbox 387 4321 2010 4398">
     <span class='ocr_line' id='line_1_62' title="bbox 387 4321 2010 4398; baseline 0.014 -32"><span class='ocrx_word' id='word_1_437' title='bbox 387 4326 567 4368; x_wconf 80' lang='lat' dir='ltr'><strong><em>sancta</em></strong></span> <span class='ocrx_word' id='word_1_438' title='bbox 601 4326 924 4373; x_wconf 87' lang='lat' dir='ltr'><strong><em>sanctorum.</em></strong></span> <span class='ocrx_word' id='word_1_439' title='bbox 959 4321 1094 4378; x_wconf 83' lang='lat' dir='ltr'><strong><em>Vide</em></strong></span> <span class='ocrx_word' id='word_1_440' title='bbox 1123 4324 1395 4394; x_wconf 87' lang='lat' dir='ltr'><strong><em>quomodo</em></strong></span> <span class='ocrx_word' id='word_1_441' title='bbox 1426 4327 1623 4398; x_wconf 89' lang='lat' dir='ltr'><strong><em>ubique</em></strong></span> <span class='ocrx_word' id='word_1_442' title='bbox 1653 4339 1806 4385; x_wconf 83' lang='lat' dir='ltr'><strong><em>vocet</em></strong></span> <span class='ocrx_word' id='word_1_443' title='bbox 1833 4332 2010 4388; x_wconf 80' lang='lat' dir='ltr'><strong><em>taber-</em></strong></span> 
     </span>
    </p>
   </div>
   <div class='ocr_carea' id='block_1_63' title="bbox 383 4405 2004 4489">
    <p class='ocr_par' dir='ltr' id='par_1_63' title="bbox 383 4405 2004 4489">
     <span class='ocr_line' id='line_1_63' title="bbox 383 4405 2004 4489; baseline 0.011 -29"><span class='ocrx_word' id='word_1_444' title='bbox 383 4409 646 4464; x_wconf 82' lang='lat' dir='ltr'><strong><em>naculum</em></strong></span> <span class='ocrx_word' id='word_1_445' title='bbox 673 4451 690 4478; x_wconf 89' lang='lat'><strong><em>,</em></strong></span> <span class='ocrx_word' id='word_1_446' title='bbox 725 4427 792 4467; x_wconf 82' lang='lat' dir='ltr'><strong><em>ex</em></strong></span> <span class='ocrx_word' id='word_1_447' title='bbox 819 4428 885 4468; x_wconf 91' lang='lat' dir='ltr'><strong><em>eo</em></strong></span> <span class='ocrx_word' id='word_1_448' title='bbox 909 4415 1052 4485; x_wconf 90' lang='lat' dir='ltr'><strong><em>quod</em></strong></span> <span class='ocrx_word' id='word_1_449' title='bbox 1086 4416 1195 4472; x_wconf 89' lang='lat' dir='ltr'><strong><em>illic</em></strong></span> <span class='ocrx_word' id='word_1_450' title='bbox 1220 4405 1445 4489; x_wconf 83' lang='lat' dir='ltr'><strong><em>degatur</em></strong></span> <span class='ocrx_word' id='word_1_451' title='bbox 1471 4428 1529 4474; x_wconf 91' lang='lat' dir='ltr'><strong><em>ut</em></strong></span> <span class='ocrx_word' id='word_1_452' title='bbox 1553 4421 1608 4475; x_wconf 92' lang='lat' dir='ltr'><strong><em>in</em></strong></span> <span class='ocrx_word' id='word_1_453' title='bbox 1636 4422 2004 4479; x_wconf 89' lang='lat' dir='ltr'><strong><em>tabernaculo.</em></strong></span> 
     </span>
    </p>
   </div>
   <div class='ocr_carea' id='block_1_64' title="bbox 379 4497 2002 4582">
    <p class='ocr_par' dir='ltr' id='par_1_64' title="bbox 379 4497 2002 4582">
     <span class='ocr_line' id='line_1_64' title="bbox 379 4497 2002 4582; baseline 0.01 -33"><span class='ocrx_word' id='word_1_454' title='bbox 379 4497 617 4552; x_wconf 75' lang='lat' dir='ltr'><strong><em>Aureum</em></strong></span> <span class='ocrx_word' id='word_1_455' title='bbox 635 4501 832 4557; x_wconf 82' lang='lat' dir='ltr'><strong><em>habens</em></strong></span> <span class='ocrx_word' id='word_1_456' title='bbox 851 4503 1190 4574; x_wconf 88' lang='lat' dir='ltr'><strong><em>thuribulum,</em></strong></span> <span class='ocrx_word' id='word_1_457' title='bbox 1215 4507 1405 4579; x_wconf 90' lang='lat' dir='ltr'><strong><em>inquit,</em></strong></span> <span class='ocrx_word' id='word_1_458' title='bbox 1430 4518 1476 4564; x_wconf 89' lang='lat' dir='ltr'><strong><em>et</em></strong></span> <span class='ocrx_word' id='word_1_459' title='bbox 1495 4526 1671 4564; x_wconf 87' lang='lat' dir='ltr'><strong><em>arcam</em></strong></span> <span class='ocrx_word' id='word_1_460' title='bbox 1698 4515 2002 4582; x_wconf 86' lang='lat' dir='ltr'><strong><em>testamenti,</em></strong></span> 
     </span>
    </p>
   </div>
   <div class='ocr_carea' id='block_1_65' title="bbox 385 4591 2015 4671">
    <p class='ocr_par' dir='ltr' id='par_1_65' title="bbox 385 4591 2015 4671">
     <span class='ocr_line' id='line_1_65' title="bbox 385 4591 2015 4671; baseline 0.017 -31"><span class='ocrx_word' id='word_1_461' title='bbox 385 4591 786 4644; x_wconf 80' lang='lat' dir='ltr'><strong><em>circumtectam</em></strong></span> <span class='ocrx_word' id='word_1_462' title='bbox 825 4593 966 4646; x_wconf 88' lang='lat' dir='ltr'><strong><em>omni</em></strong></span> <span class='ocrx_word' id='word_1_463' title='bbox 995 4609 1058 4646; x_wconf 80' lang='lat' dir='ltr'><strong><em>ea:</em></strong></span> <span class='ocrx_word' id='word_1_464' title='bbox 1102 4604 1248 4664; x_wconf 89' lang='lat' dir='ltr'><strong><em>parte</em></strong></span> <span class='ocrx_word' id='word_1_465' title='bbox 1281 4612 1410 4650; x_wconf 87' lang='lat' dir='ltr'><strong><em>auro</em></strong></span> <span class='ocrx_word' id='word_1_466' title='bbox 1438 4614 1459 4652; x_wconf 91' lang='lat'><strong><em>:</em></strong></span> <span class='ocrx_word' id='word_1_467' title='bbox 1482 4600 1537 4652; x_wconf 88' lang='lat' dir='ltr'><strong><em>in</em></strong></span> <span class='ocrx_word' id='word_1_468' title='bbox 1565 4617 1667 4671; x_wconf 88' lang='lat' dir='ltr'><strong><em>qua</em></strong></span> <span class='ocrx_word' id='word_1_469' title='bbox 1696 4620 1825 4659; x_wconf 87' lang='lat' dir='ltr'><strong><em>urna</em></strong></span> <span class='ocrx_word' id='word_1_470' title='bbox 1851 4626 2015 4668; x_wconf 86' lang='lat' dir='ltr'><strong><em>aurea</em></strong></span> 
     </span>
    </p>
   </div>
   <div class='ocr_carea' id='block_1_66' title="bbox 383 4681 2010 4763">
    <p class='ocr_par' dir='ltr' id='par_1_66' title="bbox 383 4681 2010 4763">
     <span class='ocr_line' id='line_1_66' title="bbox 383 4681 2010 4763; baseline 0.014 -29"><span class='ocrx_word' id='word_1_471' title='bbox 383 4681 586 4736; x_wconf 63' lang='lat' dir='ltr'><strong><em>habens</em></strong></span> <span class='ocrx_word' id='word_1_472' title='bbox 608 4699 825 4750; x_wconf 88' lang='lat' dir='ltr'><strong><em>manna,</em></strong></span> <span class='ocrx_word' id='word_1_473' title='bbox 851 4695 897 4738; x_wconf 89' lang='lat' dir='ltr'><strong><em>et</em></strong></span> <span class='ocrx_word' id='word_1_474' title='bbox 914 4687 1056 4757; x_wconf 80' lang='lat' dir='ltr'><strong><em>virga</em></strong></span> <span class='ocrx_word' id='word_1_475' title='bbox 1079 4687 1250 4742; x_wconf 83' lang='lat' dir='ltr'><strong><em>Aaron</em></strong></span> <span class='ocrx_word' id='word_1_476' title='bbox 1278 4705 1392 4760; x_wconf 71' lang='lat' dir='ltr'><strong><em>qua:</em></strong></span> <span class='ocrx_word' id='word_1_477' title='bbox 1411 4694 1730 4763; x_wconf 84' lang='lat' dir='ltr'><strong><em>fronduerat,</em></strong></span> <span class='ocrx_word' id='word_1_478' title='bbox 1756 4708 1802 4752; x_wconf 84' lang='lat' dir='ltr'><strong><em>et</em></strong></span> <span class='ocrx_word' id='word_1_479' title='bbox 1825 4699 2010 4758; x_wconf 75' lang='lat' dir='ltr'><strong><em>tabulae</em></strong></span> 
     </span>
    </p>
   </div>
   <div class='ocr_carea' id='block_1_67' title="bbox 381 4777 2006 4862">
    <p class='ocr_par' dir='ltr' id='par_1_67' title="bbox 381 4777 2006 4862">
     <span class='ocr_line' id='line_1_67' title="bbox 381 4777 2006 4862; baseline 0.016 -35"><span class='ocrx_word' id='word_1_480' title='bbox 381 4777 705 4830; x_wconf 76' lang='lat' dir='ltr'><strong><em>testamenti.</em></strong></span> <span class='ocrx_word' id='word_1_481' title='bbox 757 4777 885 4833; x_wconf 66' lang='lat' dir='ltr'><strong><em>Haec</em></strong></span> <span class='ocrx_word' id='word_1_482' title='bbox 925 4780 1106 4835; x_wconf 87' lang='lat' dir='ltr'><strong><em>omnia</em></strong></span> <span class='ocrx_word' id='word_1_483' title='bbox 1149 4791 1306 4837; x_wconf 88' lang='lat' dir='ltr'><strong><em>erant</em></strong></span> <span class='ocrx_word' id='word_1_484' title='bbox 1352 4787 1633 4858; x_wconf 84' lang='lat' dir='ltr'><strong><em>magniﬁca</em></strong></span> <span class='ocrx_word' id='word_1_485' title='bbox 1668 4802 1721 4846; x_wconf 87' lang='lat' dir='ltr'><strong><em>et</em></strong></span> <span class='ocrx_word' id='word_1_486' title='bbox 1749 4796 2006 4862; x_wconf 71' lang='lat' dir='ltr'><strong><em>prrcclara</em></strong></span> 
     </span>
    </p>
   </div>
   <div class='ocr_carea' id='block_1_68' title="bbox 381 4869 2004 4946">
    <p class='ocr_par' dir='ltr' id='par_1_68' title="bbox 381 4869 2004 4946">
     <span class='ocr_line' id='line_1_68' title="bbox 381 4869 2004 4946; baseline 0.015 -25"><span class='ocrx_word' id='word_1_487' title='bbox 381 4869 590 4939; x_wconf 82' lang='lat' dir='ltr'><strong><em>ingrati</em></strong></span> <span class='ocrx_word' id='word_1_488' title='bbox 619 4869 936 4926; x_wconf 68' lang='lat' dir='ltr'><strong><em>Judteorum</em></strong></span> <span class='ocrx_word' id='word_1_489' title='bbox 963 4874 1129 4928; x_wconf 87' lang='lat' dir='ltr'><strong><em>animi</em></strong></span> <span class='ocrx_word' id='word_1_490' title='bbox 1157 4877 1510 4935; x_wconf 87' lang='lat' dir='ltr'><strong><em>monimenta.</em></strong></span> <span class='ocrx_word' id='word_1_491' title='bbox 1539 4881 1605 4936; x_wconf 87' lang='lat' dir='ltr'><strong><em>Et</em></strong></span> <span class='ocrx_word' id='word_1_492' title='bbox 1636 4885 1822 4941; x_wconf 75' lang='lat' dir='ltr'><strong><em>tabula:</em></strong></span> <span class='ocrx_word' id='word_1_493' title='bbox 1852 4898 2004 4946; x_wconf 84' lang='lat' dir='ltr'><strong><em>testa-</em></strong></span> 
     </span>
    </p>
   </div>
   <div class='ocr_carea' id='block_1_69' title="bbox 379 4961 2002 5042">
    <p class='ocr_par' dir='ltr' id='par_1_69' title="bbox 379 4961 2002 5042">
     <span class='ocr_line' id='line_1_69' title="bbox 379 4961 2002 5042; baseline 0.015 -29"><span class='ocrx_word' id='word_1_494' title='bbox 379 4962 566 5015; x_wconf 78' lang='lat' dir='ltr'><strong><em>menti.</em></strong></span> <span class='ocrx_word' id='word_1_495' title='bbox 617 4961 726 5016; x_wconf 84' lang='lat' dir='ltr'><strong><em>Eas</em></strong></span> <span class='ocrx_word' id='word_1_496' title='bbox 765 4963 908 5018; x_wconf 89' lang='lat' dir='ltr'><strong><em>enim</em></strong></span> <span class='ocrx_word' id='word_1_497' title='bbox 941 4964 1154 5037; x_wconf 84' lang='lat' dir='ltr'><strong><em>Moyses</em></strong></span> <span class='ocrx_word' id='word_1_498' title='bbox 1184 4968 1446 5042; x_wconf 79' lang='lat' dir='ltr'><strong><em>confregit</em></strong></span> <span class='ocrx_word' id='word_1_499' title='bbox 1479 4989 1490 5026; x_wconf 95' lang='lat'>:</span> <span class='ocrx_word' id='word_1_500' title='bbox 1526 4983 1580 5029; x_wconf 92' lang='lat' dir='ltr'><strong><em>et</em></strong></span> <span class='ocrx_word' id='word_1_501' title='bbox 1611 4991 1804 5033; x_wconf 88' lang='lat' dir='ltr'><strong><em>manna</em></strong></span> <span class='ocrx_word' id='word_1_502' title='bbox 1835 4999 1849 5033; x_wconf 91' lang='lat'><strong>:</strong></span> <span class='ocrx_word' id='word_1_503' title='bbox 1879 4998 2002 5038; x_wconf 87' lang='lat' dir='ltr'><strong><em>nam</em></strong></span> 
     </span>
    </p>
   </div>
   <div class='ocr_carea' id='block_1_70' title="bbox 380 5064 2004 5132">
    <p class='ocr_par' dir='ltr' id='par_1_70' title="bbox 380 5064 2004 5132">
     <span class='ocr_line' id='line_1_70' title="bbox 380 5064 2004 5132; baseline 0.017 -27"><span class='ocrx_word' id='word_1_504' title='bbox 380 5064 802 5108; x_wconf 86' lang='lat' dir='ltr'><strong><em>murmurarant</em></strong></span> <span class='ocrx_word' id='word_1_505' title='bbox 825 5072 837 5107; x_wconf 92' lang='lat'>:</span> <span class='ocrx_word' id='word_1_506' title='bbox 864 5065 919 5110; x_wconf 92' lang='lat' dir='ltr'><strong><em>et</em></strong></span> <span class='ocrx_word' id='word_1_507' title='bbox 949 5068 1236 5128; x_wconf 86' lang='lat' dir='ltr'><strong><em>propterea</em></strong></span> <span class='ocrx_word' id='word_1_508' title='bbox 1267 5065 1584 5120; x_wconf 87' lang='lat' dir='ltr'><strong><em>memoriam</em></strong></span> <span class='ocrx_word' id='word_1_509' title='bbox 1630 5073 2004 5132; x_wconf 86' lang='lat' dir='ltr'><strong><em>transmittens</em></strong></span> 
     </span>
    </p>
   </div>
   <div class='ocr_carea' id='block_1_71' title="bbox 377 5145 1999 5242">
    <p class='ocr_par' dir='ltr' id='par_1_71' title="bbox 377 5145 1999 5242">
     <span class='ocr_line' id='line_1_71' title="bbox 377 5145 1999 5242; baseline 0.017 -44"><span class='ocrx_word' id='word_1_510' title='bbox 377 5145 447 5199; x_wconf 84' lang='lat' dir='ltr'><strong><em>ad</em></strong></span> <span class='ocrx_word' id='word_1_511' title='bbox 477 5155 763 5215; x_wconf 85' lang='lat' dir='ltr'><strong><em>posteros,</em></strong></span> <span class='ocrx_word' id='word_1_512' title='bbox 787 5148 952 5218; x_wconf 87' lang='lat' dir='ltr'><strong><em>jussit</em></strong></span> <span class='ocrx_word' id='word_1_513' title='bbox 970 5166 1088 5206; x_wconf 89' lang='lat' dir='ltr'><strong><em>eam</em></strong></span> <span class='ocrx_word' id='word_1_514' title='bbox 1113 5155 1304 5224; x_wconf 88' lang='lat' dir='ltr'><strong><em>reponi</em></strong></span> <span class='ocrx_word' id='word_1_515' title='bbox 1329 5157 1381 5210; x_wconf 90' lang='lat' dir='ltr'><strong><em>in</em></strong></span> <span class='ocrx_word' id='word_1_516' title='bbox 1407 5173 1539 5215; x_wconf 87' lang='lat' dir='ltr'><strong><em>urna</em></strong></span> <span class='ocrx_word' id='word_1_517' title='bbox 1561 5176 1745 5218; x_wconf 85' lang='lat' dir='ltr'><strong><em>aurea.</em></strong></span> <span class='ocrx_word' id='word_1_518' title='bbox 1766 5164 1836 5219; x_wconf 86' lang='lat' dir='ltr'><strong><em>Et</em></strong></span> <span class='ocrx_word' id='word_1_519' title='bbox 1857 5170 1999 5242; x_wconf 76' lang='lat' dir='ltr'><strong><em>virga</em></strong></span> 
     </span>
    </p>
   </div>
   <div class='ocr_carea' id='block_1_72' title="bbox 374 5235 1996 5334">
    <p class='ocr_par' dir='ltr' id='par_1_72' title="bbox 374 5235 1996 5334">
     <span class='ocr_line' id='line_1_72' title="bbox 374 5235 1996 5334; baseline 0.018 -45"><span class='ocrx_word' id='word_1_520' title='bbox 374 5235 558 5291; x_wconf 80' lang='lat' dir='ltr'><strong><em>Aaron</em></strong></span> <span class='ocrx_word' id='word_1_521' title='bbox 585 5255 709 5309; x_wconf 73' lang='lat' dir='ltr'><strong><em>quae</em></strong></span> <span class='ocrx_word' id='word_1_522' title='bbox 738 5240 1063 5308; x_wconf 79' lang='lat' dir='ltr'><strong><em>fronduerat.</em></strong></span> <span class='ocrx_word' id='word_1_523' title='bbox 1095 5245 1512 5306; x_wconf 71' lang='lat' dir='ltr'><strong><em>[insurrexerunt</em></strong></span> <span class='ocrx_word' id='word_1_524' title='bbox 1536 5257 1702 5310; x_wconf 90' lang='lat' dir='ltr'><strong><em>enim.</em></strong></span> <span class='ocrx_word' id='word_1_525' title='bbox 1733 5256 1865 5326; x_wconf 89' lang='lat' dir='ltr'><strong><em>Quia</em></strong></span> <span class='ocrx_word' id='word_1_526' title='bbox 1895 5235 1996 5334; x_wconf 65' lang='lat' dir='ltr'><strong><em>igi-</em></strong></span> 
     </span>
    </p>
   </div>
   <div class='ocr_carea' id='block_1_73' title="bbox 377 5329 1996 5413">
    <p class='ocr_par' dir='ltr' id='par_1_73' title="bbox 377 5329 1996 5413">
     <span class='ocr_line' id='line_1_73' title="bbox 377 5329 1996 5413; baseline 0.019 -32"><span class='ocrx_word' id='word_1_527' title='bbox 377 5338 466 5383; x_wconf 88' lang='lat' dir='ltr'><strong><em>tur</em></strong></span> <span class='ocrx_word' id='word_1_528' title='bbox 496 5329 697 5400; x_wconf 81' lang='lat' dir='ltr'><strong><em>ingrati</em></strong></span> <span class='ocrx_word' id='word_1_529' title='bbox 728 5341 886 5387; x_wconf 89' lang='lat' dir='ltr'><strong><em>erant</em></strong></span> <span class='ocrx_word' id='word_1_530' title='bbox 912 5333 1106 5401; x_wconf 71' lang='lat' dir='ltr'><strong><em>Judaei,</em></strong></span> <span class='ocrx_word' id='word_1_531' title='bbox 1139 5346 1195 5394; x_wconf 87' lang='lat' dir='ltr'><strong><em>et</em></strong></span> <span class='ocrx_word' id='word_1_532' title='bbox 1222 5338 1580 5409; x_wconf 78' lang='lat' dir='ltr'><strong><em>frequentium</em></strong></span> <span class='ocrx_word' id='word_1_533' title='bbox 1610 5329 1996 5413; x_wconf 74' lang='lat' dir='ltr'><strong><em>beneﬁciorum</em></strong></span> 
     </span>
    </p>
   </div>
   <div class='ocr_carea' id='block_1_74' title="bbox 375 5423 1998 5505">
    <p class='ocr_par' dir='ltr' id='par_1_74' title="bbox 375 5423 1998 5505">
     <span class='ocr_line' id='line_1_74' title="bbox 375 5423 1998 5505; baseline 0.018 -31"><span class='ocrx_word' id='word_1_534' title='bbox 375 5435 486 5476; x_wconf 87' lang='lat' dir='ltr'><strong><em>non</em></strong></span> <span class='ocrx_word' id='word_1_535' title='bbox 535 5423 1012 5480; x_wconf 85' lang='lat' dir='ltr'><strong><em>recordabantur:</em></strong></span> <span class='ocrx_word' id='word_1_536' title='bbox 1042 5427 1167 5484; x_wconf 90' lang='lat' dir='ltr'><strong><em>ideo</em></strong></span> <span class='ocrx_word' id='word_1_537' title='bbox 1203 5429 1358 5499; x_wconf 88' lang='lat' dir='ltr'><strong><em>jussu</em></strong></span> <span class='ocrx_word' id='word_1_538' title='bbox 1403 5433 1728 5504; x_wconf 81' lang='lat' dir='ltr'><strong><em>legislatoris</em></strong></span> <span class='ocrx_word' id='word_1_539' title='bbox 1765 5441 1816 5497; x_wconf 93' lang='lat' dir='ltr'><strong><em>in</em></strong></span> <span class='ocrx_word' id='word_1_540' title='bbox 1861 5461 1998 5505; x_wconf 86' lang='lat' dir='ltr'><strong><em>urna</em></strong></span> 
     </span>
    </p>
   </div>
   <div class='ocr_carea' id='block_1_75' title="bbox 371 5514 1997 5598">
    <p class='ocr_par' dir='ltr' id='par_1_75' title="bbox 371 5514 1997 5598">
     <span class='ocr_line' id='line_1_75' title="bbox 371 5514 1997 5598; baseline 0.02 -32"><span class='ocrx_word' id='word_1_541' title='bbox 371 5529 544 5570; x_wconf 81' lang='lat' dir='ltr'><strong><em>aurea</em></strong></span> <span class='ocrx_word' id='word_1_542' title='bbox 589 5514 711 5570; x_wconf 60' lang='lat' dir='ltr'><strong><em>hare</em></strong></span> <span class='ocrx_word' id='word_1_543' title='bbox 754 5528 1091 5586; x_wconf 88' lang='lat' dir='ltr'><strong><em>posuerunt,</em></strong></span> <span class='ocrx_word' id='word_1_544' title='bbox 1135 5529 1189 5577; x_wconf 91' lang='lat' dir='ltr'><strong><em>et</em></strong></span> <span class='ocrx_word' id='word_1_545' title='bbox 1226 5522 1303 5579; x_wconf 90' lang='lat' dir='ltr'><strong><em>sic</em></strong></span> <span class='ocrx_word' id='word_1_546' title='bbox 1341 5538 1528 5581; x_wconf 86' lang='lat' dir='ltr'><strong><em>eorum</em></strong></span> <span class='ocrx_word' id='word_1_547' title='bbox 1571 5535 1882 5592; x_wconf 89' lang='lat' dir='ltr'><strong><em>memoriam</em></strong></span> <span class='ocrx_word' id='word_1_548' title='bbox 1927 5539 1997 5598; x_wconf 88' lang='lat' dir='ltr'><strong><em>ad</em></strong></span> 
     </span>
    </p>
   </div>
   <div class='ocr_carea' id='block_1_76' title="bbox 371 5608 1991 5700">
    <p class='ocr_par' dir='ltr' id='par_1_76' title="bbox 371 5608 1991 5700">
     <span class='ocr_line' id='line_1_76' title="bbox 371 5608 1991 5700; baseline 0.019 -40"><span class='ocrx_word' id='word_1_549' title='bbox 371 5619 633 5676; x_wconf 85' lang='lat' dir='ltr'><strong><em>posteros</em></strong></span> <span class='ocrx_word' id='word_1_550' title='bbox 661 5608 946 5666; x_wconf 88' lang='lat' dir='ltr'><strong><em>miserunt.</em></strong></span> <span class='ocrx_word' id='word_1_551' title='bbox 973 5612 1151 5685; x_wconf 84' lang='lat' dir='ltr'><strong><em>Super</em></strong></span> <span class='ocrx_word' id='word_1_552' title='bbox 1171 5631 1284 5670; x_wconf 89' lang='lat' dir='ltr'><strong><em>eam</em></strong></span> <span class='ocrx_word' id='word_1_553' title='bbox 1305 5627 1474 5674; x_wconf 87' lang='lat' dir='ltr'><strong><em>autem</em></strong></span> <span class='ocrx_word' id='word_1_554' title='bbox 1493 5621 1763 5680; x_wconf 70' lang='lat' dir='ltr'><strong><em>Cherubin:</em></strong></span> <span class='ocrx_word' id='word_1_555' title='bbox 1789 5632 1991 5700; x_wconf 79' lang='lat' dir='ltr'><strong><em>gloria&#39;,</em></strong></span> 
     </span>
    </p>
   </div>
   <div class='ocr_carea' id='block_1_77' title="bbox 368 5701 1996 5784">
    <p class='ocr_par' dir='ltr' id='par_1_77' title="bbox 368 5701 1996 5784">
     <span class='ocr_line' id='line_1_77' title="bbox 368 5701 1996 5784; baseline 0.019 -32"><span class='ocrx_word' id='word_1_556' title='bbox 368 5701 740 5756; x_wconf 74' lang='lat' dir='ltr'><strong><em>obumbrantia</em></strong></span> <span class='ocrx_word' id='word_1_557' title='bbox 769 5706 1208 5778; x_wconf 83' lang='lat' dir='ltr'><strong><em>propitiatorium.</em></strong></span> <span class='ocrx_word' id='word_1_558' title='bbox 1233 5711 1372 5778; x_wconf 82' lang='lat' dir='ltr'><strong><em>Quid</em></strong></span> <span class='ocrx_word' id='word_1_559' title='bbox 1403 5723 1488 5772; x_wconf 85' lang='lat' dir='ltr'><strong><em>est</em></strong></span> <span class='ocrx_word' id='word_1_560' title='bbox 1511 5729 1692 5776; x_wconf 86' lang='lat' dir='ltr'><strong><em>autem</em></strong></span> <span class='ocrx_word' id='word_1_561' title='bbox 1720 5721 1996 5784; x_wconf 83' lang='lat' dir='ltr'><strong><em>Cherubim</em></strong></span> 
     </span>
    </p>
   </div>
   <div class='ocr_carea' id='block_1_78' title="bbox 367 5797 1992 5883">
    <p class='ocr_par' dir='ltr' id='par_1_78' title="bbox 367 5797 1992 5883">
     <span class='ocr_line' id='line_1_78' title="bbox 367 5797 1992 5883; baseline 0.02 -36"><span class='ocrx_word' id='word_1_562' title='bbox 367 5797 598 5865; x_wconf 71' lang='lat' dir='ltr'><strong><em>gloria?</em></strong></span> <span class='ocrx_word' id='word_1_563' title='bbox 631 5797 690 5852; x_wconf 92' lang='lat' dir='ltr'><strong><em>Id</em></strong></span> <span class='ocrx_word' id='word_1_564' title='bbox 721 5809 801 5854; x_wconf 89' lang='lat' dir='ltr'><strong><em>est</em></strong></span> <span class='ocrx_word' id='word_1_565' title='bbox 825 5843 840 5869; x_wconf 91' lang='lat'><strong><em>,</em></strong></span> <span class='ocrx_word' id='word_1_566' title='bbox 871 5801 1147 5871; x_wconf 86' lang='lat' dir='ltr'><strong><em>gloriosa;</em></strong></span> <span class='ocrx_word' id='word_1_567' title='bbox 1186 5814 1282 5860; x_wconf 89' lang='lat' dir='ltr'><strong><em>aut</em></strong></span> <span class='ocrx_word' id='word_1_568' title='bbox 1312 5823 1431 5877; x_wconf 81' lang='lat' dir='ltr'><strong><em>quae</em></strong></span> <span class='ocrx_word' id='word_1_569' title='bbox 1457 5854 1470 5876; x_wconf 90' lang='lat'><strong><em>,</em></strong></span> <span class='ocrx_word' id='word_1_570' title='bbox 1508 5813 1678 5883; x_wconf 89' lang='lat' dir='ltr'><strong><em>inquit</em></strong></span> <span class='ocrx_word' id='word_1_571' title='bbox 1705 5859 1718 5882; x_wconf 89' lang='lat'><strong><em>,</em></strong></span> <span class='ocrx_word' id='word_1_572' title='bbox 1752 5821 1851 5875; x_wconf 87' lang='lat' dir='ltr'><strong><em>sub</em></strong></span> <span class='ocrx_word' id='word_1_573' title='bbox 1881 5824 1992 5880; x_wconf 86' lang='lat' dir='ltr'><strong><em>Deo</em></strong></span> 
     </span>
    </p>
   </div>
   <div class='ocr_carea' id='block_1_79' title="bbox 365 5888 1989 5986">
    <p class='ocr_par' dir='ltr' id='par_1_79' title="bbox 365 5888 1989 5986">
     <span class='ocr_line' id='line_1_79' title="bbox 365 5888 1989 5986; baseline 0.02 -45"><span class='ocrx_word' id='word_1_574' title='bbox 365 5888 702 5948; x_wconf 85' lang='lat' dir='ltr'><strong><em>obumbrant</em></strong></span> <span class='ocrx_word' id='word_1_575' title='bbox 744 5893 1203 5963; x_wconf 85' lang='lat' dir='ltr'><strong><em>propitiatorium.</em></strong></span> <span class='ocrx_word' id='word_1_576' title='bbox 1245 5897 1411 5955; x_wconf 85' lang='lat' dir='ltr'><strong><em>Recte</em></strong></span> <span class='ocrx_word' id='word_1_577' title='bbox 1436 5905 1747 5965; x_wconf 72' lang='lat' dir='ltr'><strong><em>autemhtcc</em></strong></span> <span class='ocrx_word' id='word_1_578' title='bbox 1775 5927 1989 5986; x_wconf 87' lang='lat' dir='ltr'><strong><em>quoque</em></strong></span> 
     </span>
    </p>
   </div>
   <div class='ocr_carea' id='block_1_80' title="bbox 728 5992 1458 6058">
    <p class='ocr_par' dir='ltr' id='par_1_80' title="bbox 728 5992 1458 6058">
     <span class='ocr_line' id='line_1_80' title="bbox 728 5992 1458 6058; baseline 0.004 -4"><span class='ocrx_word' id='word_1_579' title='bbox 728 5993 1010 6057; x_wconf 67' lang='grc' dir='ltr'><strong><em>Ρλπιοι.</em></strong></span> <span class='ocrx_word' id='word_1_580' title='bbox 1060 5995 1180 6058; x_wconf 74' lang='lat' dir='ltr'><strong><em>Gn.</em></strong></span> <span class='ocrx_word' id='word_1_581' title='bbox 1231 5992 1458 6057; x_wconf 81' lang='lat' dir='ltr'><strong><em>LXlll.</em></strong></span> 
     </span>
    </p>
   </div>
   <div class='ocr_carea' id='block_1_81' title="bbox 2147 2008 3750 2082">
    <p class='ocr_par' dir='ltr' id='par_1_81' title="bbox 2147 2008 3750 2082">
     <span class='ocr_line' id='line_1_81' title="bbox 2147 2008 3750 2082; baseline 0.002 -19"><span class='ocrx_word' id='word_1_582' title='bbox 2147 2008 2552 2064; x_wconf 77' lang='lat' dir='ltr'><strong><em>fundamentum</em></strong></span> <span class='ocrx_word' id='word_1_583' title='bbox 2585 2012 2735 2082; x_wconf 89' lang='lat' dir='ltr'><strong><em>prius</em></strong></span> <span class='ocrx_word' id='word_1_584' title='bbox 2763 2011 2976 2081; x_wconf 87' lang='lat' dir='ltr'><strong><em>jactos?</em></strong></span> <span class='ocrx_word' id='word_1_585' title='bbox 3007 2011 3138 2066; x_wconf 81' lang='lat' dir='ltr'><strong><em>Nam</em></strong></span> <span class='ocrx_word' id='word_1_586' title='bbox 3187 2027 3254 2067; x_wconf 86' lang='lat' dir='ltr'><strong><em>ne</em></strong></span> <span class='ocrx_word' id='word_1_587' title='bbox 3283 2013 3527 2068; x_wconf 87' lang='lat' dir='ltr'><strong><em>dicerent</em></strong></span> <span class='ocrx_word' id='word_1_588' title='bbox 3560 2017 3573 2067; x_wconf 76' lang='grc' dir='ltr'>ξ</span> <span class='ocrx_word' id='word_1_589' title='bbox 3604 2013 3750 2082; x_wconf 84' lang='lat' dir='ltr'><strong><em>Quo-</em></strong></span> 
     </span>
    </p>
   </div>
   <div class='ocr_carea' id='block_1_82' title="bbox 2144 2103 3746 2175">
    <p class='ocr_par' dir='ltr' id='par_1_82' title="bbox 2144 2103 3746 2175">
     <span class='ocr_line' id='line_1_82' title="bbox 2144 2103 3746 2175; baseline 0.003 -18"><span class='ocrx_word' id='word_1_590' title='bbox 2144 2103 2306 2157; x_wconf 90' lang='lat' dir='ltr'><strong><em>modo</em></strong></span> <span class='ocrx_word' id='word_1_591' title='bbox 2335 2119 2498 2171; x_wconf 90' lang='lat' dir='ltr'><strong><em>unum</em></strong></span> <span class='ocrx_word' id='word_1_592' title='bbox 2529 2104 2877 2171; x_wconf 79' lang='lat' dir='ltr'><strong><em>sacriﬁcium,</em></strong></span> <span class='ocrx_word' id='word_1_593' title='bbox 2912 2112 2965 2160; x_wconf 88' lang='lat' dir='ltr'><strong><em>et</em></strong></span> <span class='ocrx_word' id='word_1_594' title='bbox 2996 2105 3272 2175; x_wconf 88' lang='lat' dir='ltr'><strong><em>quomodo</em></strong></span> <span class='ocrx_word' id='word_1_595' title='bbox 3304 2105 3544 2175; x_wconf 79' lang='lat' dir='ltr'><strong><em>pontifex</em></strong></span> <span class='ocrx_word' id='word_1_596' title='bbox 3573 2108 3746 2163; x_wconf 89' lang='lat' dir='ltr'><strong><em>semel</em></strong></span> 
     </span>
    </p>
   </div>
   <div class='ocr_carea' id='block_1_83' title="bbox 2143 2195 3747 2267">
    <p class='ocr_par' dir='ltr' id='par_1_83' title="bbox 2143 2195 3747 2267">
     <span class='ocr_line' id='line_1_83' title="bbox 2143 2195 3747 2267; baseline 0.004 -16"><span class='ocrx_word' id='word_1_597' title='bbox 2143 2195 2449 2251; x_wconf 76' lang='lat' dir='ltr'><strong><em>oli‘erehat?</em></strong></span> <span class='ocrx_word' id='word_1_598' title='bbox 2478 2197 2715 2252; x_wconf 90' lang='lat' dir='ltr'><strong><em>ostendit</em></strong></span> <span class='ocrx_word' id='word_1_599' title='bbox 2744 2197 2796 2252; x_wconf 89' lang='lat' dir='ltr'><strong><em>id</em></strong></span> <span class='ocrx_word' id='word_1_600' title='bbox 2830 2198 2998 2254; x_wconf 84' lang='lat' dir='ltr'><strong><em>fuisse</em></strong></span> <span class='ocrx_word' id='word_1_601' title='bbox 3031 2198 3216 2254; x_wconf 87' lang='lat' dir='ltr'><strong><em>multis</em></strong></span> <span class='ocrx_word' id='word_1_602' title='bbox 3248 2205 3374 2254; x_wconf 81' lang='lat' dir='ltr'><strong><em>ante</em></strong></span> <span class='ocrx_word' id='word_1_603' title='bbox 3400 2201 3634 2267; x_wconf 63' lang='lat' dir='ltr'><strong><em>sceculis,</em></strong></span> <span class='ocrx_word' id='word_1_604' title='bbox 3671 2202 3747 2257; x_wconf 80' lang='lat' dir='ltr'><strong><em>si-</em></strong></span> 
     </span>
    </p>
   </div>
   <div class='ocr_carea' id='block_1_84' title="bbox 2141 2287 3772 2362">
    <p class='ocr_par' dir='ltr' id='par_1_84' title="bbox 2141 2287 3772 2362">
     <span class='ocr_line' id='line_1_84' title="bbox 2141 2287 3772 2362; baseline 0.002 -17"><span class='ocrx_word' id='word_1_605' title='bbox 2141 2291 2358 2361; x_wconf 89' lang='lat' dir='ltr'><strong><em>quidem</em></strong></span> <span class='ocrx_word' id='word_1_606' title='bbox 2381 2292 2523 2362; x_wconf 90' lang='lat' dir='ltr'><strong><em>quod</em></strong></span> <span class='ocrx_word' id='word_1_607' title='bbox 2545 2302 2662 2347; x_wconf 88' lang='lat' dir='ltr'><strong><em>erat</em></strong></span> <span class='ocrx_word' id='word_1_608' title='bbox 2681 2292 2921 2348; x_wconf 81' lang='lat' dir='ltr'><strong><em>sanctius</em></strong></span> <span class='ocrx_word' id='word_1_609' title='bbox 2939 2302 2992 2348; x_wconf 84' lang='lat' dir='ltr'><strong><em>et</em></strong></span> <span class='ocrx_word' id='word_1_610' title='bbox 3013 2293 3394 2359; x_wconf 83' lang='lat' dir='ltr'><strong><em>reverendum’,</em></strong></span> <span class='ocrx_word' id='word_1_611' title='bbox 3415 2295 3532 2348; x_wconf 89' lang='lat' dir='ltr'><strong><em>erat</em></strong></span> <span class='ocrx_word' id='word_1_612' title='bbox 3553 2307 3742 2350; x_wconf 90' lang='lat' dir='ltr'><strong><em>ttnum.</em></strong></span> <span class='ocrx_word' id='word_1_613' title='bbox 3769 2287 3772 2289; x_wconf 54' lang='grc'><em>’</em></span> 
     </span>
    </p>
   </div>
   <div class='ocr_carea' id='block_1_85' title="bbox 2143 2385 3738 2456">
    <p class='ocr_par' dir='ltr' id='par_1_85' title="bbox 2143 2385 3738 2456">
     <span class='ocr_line' id='line_1_85' title="bbox 2143 2385 3738 2456; baseline 0.003 -15"><span class='ocrx_word' id='word_1_614' title='bbox 2143 2387 2219 2441; x_wconf 85' lang='lat' dir='ltr'><strong><em>Ex</em></strong></span> <span class='ocrx_word' id='word_1_615' title='bbox 2245 2387 2464 2456; x_wconf 87' lang='lat' dir='ltr'><strong><em>antiquo</em></strong></span> <span class='ocrx_word' id='word_1_616' title='bbox 2488 2402 2635 2442; x_wconf 87' lang='lat' dir='ltr'><strong><em>more</em></strong></span> <span class='ocrx_word' id='word_1_617' title='bbox 2675 2386 2929 2442; x_wconf 88' lang='lat' dir='ltr'><strong><em>sacerdos</em></strong></span> <span class='ocrx_word' id='word_1_618' title='bbox 2975 2385 3144 2442; x_wconf 88' lang='lat' dir='ltr'><strong><em>semel</em></strong></span> <span class='ocrx_word' id='word_1_619' title='bbox 3175 2386 3454 2443; x_wconf 72' lang='lat' dir='ltr'><strong><em>offerebat.</em></strong></span> <span class='ocrx_word' id='word_1_620' title='bbox 3490 2389 3558 2443; x_wconf 81' lang='lat' dir='ltr'><strong><em>Et</em></strong></span> <span class='ocrx_word' id='word_1_621' title='bbox 3589 2399 3738 2445; x_wconf 91' lang='lat' dir='ltr'><strong><em>recte</em></strong></span> 
     </span>
    </p>
   </div>
   <div class='ocr_carea' id='block_1_86' title="bbox 2139 2478 3740 2550">
    <p class='ocr_par' dir='ltr' id='par_1_86' title="bbox 2139 2478 3740 2550">
     <span class='ocr_line' id='line_1_86' title="bbox 2139 2478 3740 2550; baseline 0.001 -17"><span class='ocrx_word' id='word_1_622' title='bbox 2139 2479 2280 2533; x_wconf 79' lang='lat' dir='ltr'><strong><em>dixit</em></strong></span> <span class='ocrx_word' id='word_1_623' title='bbox 2304 2497 2316 2532; x_wconf 91' lang='lat'><strong>:</strong></span> <span class='ocrx_word' id='word_1_624' title='bbox 2352 2479 2470 2532; x_wconf 86' lang='lat' dir='ltr'><strong><em>Non</em></strong></span> <span class='ocrx_word' id='word_1_625' title='bbox 2500 2479 2609 2532; x_wconf 83' lang='lat' dir='ltr'><strong><em>sine</em></strong></span> <span class='ocrx_word' id='word_1_626' title='bbox 2638 2479 2885 2549; x_wconf 87' lang='lat' dir='ltr'><strong><em>sanguine</em></strong></span> <span class='ocrx_word' id='word_1_627' title='bbox 2907 2494 2926 2533; x_wconf 91' lang='lat'><em>:</em></span> <span class='ocrx_word' id='word_1_628' title='bbox 2951 2493 3056 2533; x_wconf 91' lang='lat' dir='ltr'><strong><em>non</em></strong></span> <span class='ocrx_word' id='word_1_629' title='bbox 3077 2478 3193 2534; x_wconf 85' lang='lat' dir='ltr'><strong><em>sine</em></strong></span> <span class='ocrx_word' id='word_1_630' title='bbox 3213 2481 3471 2550; x_wconf 82' lang='lat' dir='ltr'><strong><em>sanguine</em></strong></span> <span class='ocrx_word' id='word_1_631' title='bbox 3499 2481 3740 2550; x_wconf 85' lang='lat' dir='ltr'><strong><em>quidem.</em></strong></span> 
     </span>
    </p>
   </div>
   <div class='ocr_carea' id='block_1_87' title="bbox 2139 2570 3742 2642">
    <p class='ocr_par' dir='ltr' id='par_1_87' title="bbox 2139 2570 3742 2642">
     <span class='ocr_line' id='line_1_87' title="bbox 2139 2570 3742 2642; baseline -0.001 -14"><span class='ocrx_word' id='word_1_632' title='bbox 2139 2587 2247 2628; x_wconf 91' lang='lat' dir='ltr'><strong><em>non</em></strong></span> <span class='ocrx_word' id='word_1_633' title='bbox 2277 2581 2456 2627; x_wconf 88' lang='lat' dir='ltr'><strong><em>tamen</em></strong></span> <span class='ocrx_word' id='word_1_634' title='bbox 2483 2570 2585 2626; x_wconf 89' lang='lat' dir='ltr'><strong><em>hoc</em></strong></span> <span class='ocrx_word' id='word_1_635' title='bbox 2610 2572 2903 2641; x_wconf 82' lang='lat' dir='ltr'><strong><em>sanguine;</em></strong></span> <span class='ocrx_word' id='word_1_636' title='bbox 2934 2586 3037 2625; x_wconf 89' lang='lat' dir='ltr'><strong><em>non</em></strong></span> <span class='ocrx_word' id='word_1_637' title='bbox 3058 2580 3173 2626; x_wconf 89' lang='lat' dir='ltr'><strong><em>erat</em></strong></span> <span class='ocrx_word' id='word_1_638' title='bbox 3199 2573 3344 2628; x_wconf 89' lang='lat' dir='ltr'><strong><em>enim</em></strong></span> <span class='ocrx_word' id='word_1_639' title='bbox 3374 2581 3577 2626; x_wconf 85' lang='lat' dir='ltr'><strong><em>tantum</em></strong></span> <span class='ocrx_word' id='word_1_640' title='bbox 3599 2573 3742 2642; x_wconf 89' lang='lat' dir='ltr'><strong><em>quod</em></strong></span> 
     </span>
    </p>
   </div>
   <div class='ocr_carea' id='block_1_88' title="bbox 2143 2664 3742 2739">
    <p class='ocr_par' dir='ltr' id='par_1_88' title="bbox 2143 2664 3742 2739">
     <span class='ocr_line' id='line_1_88' title="bbox 2143 2664 3742 2739; baseline 0.001 -19"><span class='ocrx_word' id='word_1_641' title='bbox 2143 2667 2403 2739; x_wconf 76' lang='lat' dir='ltr'><strong><em>agebatur</em></strong></span> <span class='ocrx_word' id='word_1_642' title='bbox 2435 2666 2732 2737; x_wconf 83' lang='lat' dir='ltr'><strong><em>negotium.</em></strong></span> <span class='ocrx_word' id='word_1_643' title='bbox 2773 2664 3020 2720; x_wconf 76' lang='lat' dir='ltr'><strong><em>Ostendit</em></strong></span> <span class='ocrx_word' id='word_1_644' title='bbox 3049 2673 3229 2721; x_wconf 87' lang='lat' dir='ltr'><strong><em>autem</em></strong></span> <span class='ocrx_word' id='word_1_645' title='bbox 3259 2665 3498 2722; x_wconf 80' lang='lat' dir='ltr'><strong><em>futurum</em></strong></span> <span class='ocrx_word' id='word_1_646' title='bbox 3530 2665 3742 2721; x_wconf 85' lang='lat' dir='ltr'><strong><em>sacriﬁ-</em></strong></span> 
     </span>
    </p>
   </div>
   <div class='ocr_carea' id='block_1_89' title="bbox 2137 2757 3742 2830">
    <p class='ocr_par' dir='ltr' id='par_1_89' title="bbox 2137 2757 3742 2830">
     <span class='ocr_line' id='line_1_89' title="bbox 2137 2757 3742 2830; baseline -0.002 -14"><span class='ocrx_word' id='word_1_647' title='bbox 2137 2762 2317 2826; x_wconf 77' lang='lat' dir='ltr'><strong><em>cium,</em></strong></span> <span class='ocrx_word' id='word_1_648' title='bbox 2353 2759 2496 2830; x_wconf 90' lang='lat' dir='ltr'><strong><em>quod</em></strong></span> <span class='ocrx_word' id='word_1_649' title='bbox 2539 2768 2648 2814; x_wconf 84' lang='lat' dir='ltr'><strong><em>non</em></strong></span> <span class='ocrx_word' id='word_1_650' title='bbox 2693 2759 2816 2829; x_wconf 90' lang='lat' dir='ltr'><strong><em>igne</em></strong></span> <span class='ocrx_word' id='word_1_651' title='bbox 2860 2767 3251 2825; x_wconf 90' lang='lat' dir='ltr'><strong><em>consumatur,</em></strong></span> <span class='ocrx_word' id='word_1_652' title='bbox 3292 2757 3390 2814; x_wconf 89' lang='lat' dir='ltr'><strong><em>sed</em></strong></span> <span class='ocrx_word' id='word_1_653' title='bbox 3419 2773 3448 2812; x_wconf 87' lang='lat' dir='ltr'><strong><em>a</em></strong></span> <span class='ocrx_word' id='word_1_654' title='bbox 3479 2759 3742 2828; x_wconf 86' lang='lat' dir='ltr'><strong><em>sanguine</em></strong></span> 
     </span>
    </p>
   </div>
   <div class='ocr_carea' id='block_1_90' title="bbox 2136 2849 3742 2925">
    <p class='ocr_par' dir='ltr' id='par_1_90' title="bbox 2136 2849 3742 2925">
     <span class='ocr_line' id='line_1_90' title="bbox 2136 2849 3742 2925; baseline -0.004 -15"><span class='ocrx_word' id='word_1_655' title='bbox 2136 2853 2308 2925; x_wconf 84' lang='lat' dir='ltr'><strong><em>magis</em></strong></span> <span class='ocrx_word' id='word_1_656' title='bbox 2337 2851 2672 2909; x_wconf 87' lang='lat' dir='ltr'><strong><em>ostendatur.</em></strong></span> <span class='ocrx_word' id='word_1_657' title='bbox 2715 2849 2850 2905; x_wconf 87' lang='lat' dir='ltr'><strong><em>Nam</em></strong></span> <span class='ocrx_word' id='word_1_658' title='bbox 2883 2851 3139 2920; x_wconf 88' lang='lat' dir='ltr'><strong><em>quoniam</em></strong></span> <span class='ocrx_word' id='word_1_659' title='bbox 3172 2849 3499 2906; x_wconf 88' lang='lat' dir='ltr'><strong><em>sacriﬁcium</em></strong></span> <span class='ocrx_word' id='word_1_660' title='bbox 3529 2850 3742 2905; x_wconf 73' lang='lat' dir='ltr'><strong><em>vocavit</em></strong></span> 
     </span>
    </p>
   </div>
   <div class='ocr_carea' id='block_1_91' title="bbox 2133 2943 3739 3018">
    <p class='ocr_par' dir='ltr' id='par_1_91' title="bbox 2133 2943 3739 3018">
     <span class='ocr_line' id='line_1_91' title="bbox 2133 2943 3739 3018; baseline -0.005 -13"><span class='ocrx_word' id='word_1_661' title='bbox 2133 2965 2370 3013; x_wconf 83' lang='lat' dir='ltr'><strong><em>crucem,</em></strong></span> <span class='ocrx_word' id='word_1_662' title='bbox 2400 2963 2518 3018; x_wconf 79' lang='lat' dir='ltr'><strong><em>quae</em></strong></span> <span class='ocrx_word' id='word_1_663' title='bbox 2544 2961 2644 3001; x_wconf 88' lang='lat' dir='ltr'><strong><em>nec</em></strong></span> <span class='ocrx_word' id='word_1_664' title='bbox 2669 2944 2833 3000; x_wconf 87' lang='lat' dir='ltr'><strong><em>habet</em></strong></span> <span class='ocrx_word' id='word_1_665' title='bbox 2853 2943 3057 3016; x_wconf 87' lang='lat' dir='ltr'><strong><em>ignem,</em></strong></span> <span class='ocrx_word' id='word_1_666' title='bbox 3083 2949 3182 2999; x_wconf 83' lang='lat' dir='ltr'><strong><em>nec</em></strong></span> <span class='ocrx_word' id='word_1_667' title='bbox 3203 2944 3367 3014; x_wconf 87' lang='lat' dir='ltr'><strong><em>ligna,</em></strong></span> <span class='ocrx_word' id='word_1_668' title='bbox 3395 2957 3569 3014; x_wconf 88' lang='lat' dir='ltr'><strong><em>neque</em></strong></span> <span class='ocrx_word' id='word_1_669' title='bbox 3594 2957 3739 3013; x_wconf 66' lang='lat' dir='ltr'><strong><em>scrpe</em></strong></span> 
     </span>
    </p>
   </div>
   <div class='ocr_carea' id='block_1_92' title="bbox 2135 3037 3738 3108">
    <p class='ocr_par' dir='ltr' id='par_1_92' title="bbox 2135 3037 3738 3108">
     <span class='ocr_line' id='line_1_92' title="bbox 2135 3037 3738 3108; baseline -0.002 -12"><span class='ocrx_word' id='word_1_670' title='bbox 2135 3043 2360 3098; x_wconf 78' lang='lat' dir='ltr'><strong><em>ollcrtur</em></strong></span> <span class='ocrx_word' id='word_1_671' title='bbox 2387 3084 2400 3108; x_wconf 94' lang='lat'><strong><em>,</em></strong></span> <span class='ocrx_word' id='word_1_672' title='bbox 2445 3039 2542 3096; x_wconf 87' lang='lat' dir='ltr'><strong><em>sed</em></strong></span> <span class='ocrx_word' id='word_1_673' title='bbox 2573 3039 2743 3096; x_wconf 87' lang='lat' dir='ltr'><strong><em>semel</em></strong></span> <span class='ocrx_word' id='word_1_674' title='bbox 2772 3039 2951 3094; x_wconf 86' lang='lat' dir='ltr'><strong><em>oblata</em></strong></span> <span class='ocrx_word' id='word_1_675' title='bbox 2982 3038 3144 3093; x_wconf 84' lang='lat' dir='ltr'><strong><em>estin</em></strong></span> <span class='ocrx_word' id='word_1_676' title='bbox 3177 3038 3437 3108; x_wconf 84' lang='lat' dir='ltr'><strong><em>sanguine</em></strong></span> <span class='ocrx_word' id='word_1_677' title='bbox 3462 3055 3475 3091; x_wconf 94' lang='lat'>:</span> <span class='ocrx_word' id='word_1_678' title='bbox 3500 3037 3738 3092; x_wconf 84' lang='lat' dir='ltr'><strong><em>ostendit</em></strong></span> 
     </span>
    </p>
   </div>
   <div class='ocr_carea' id='block_1_93' title="bbox 2130 3128 3728 3208">
    <p class='ocr_par' dir='ltr' id='par_1_93' title="bbox 2130 3128 3728 3208">
     <span class='ocr_line' id='line_1_93' title="bbox 2130 3128 3728 3208; baseline 0 -24"><span class='ocrx_word' id='word_1_679' title='bbox 2130 3137 2272 3208; x_wconf 81' lang='lat' dir='ltr'><strong><em>quod</em></strong></span> <span class='ocrx_word' id='word_1_680' title='bbox 2303 3143 2457 3190; x_wconf 88' lang='lat' dir='ltr'><strong><em>vetus</em></strong></span> <span class='ocrx_word' id='word_1_681' title='bbox 2487 3146 2702 3203; x_wconf 86' lang='lat' dir='ltr'><strong><em>quoque</em></strong></span> <span class='ocrx_word' id='word_1_682' title='bbox 2730 3130 3053 3186; x_wconf 86' lang='lat' dir='ltr'><strong><em>sacriﬁeium</em></strong></span> <span class='ocrx_word' id='word_1_683' title='bbox 3086 3139 3234 3185; x_wconf 90' lang='lat' dir='ltr'><strong><em>esset</em></strong></span> <span class='ocrx_word' id='word_1_684' title='bbox 3264 3128 3571 3200; x_wconf 90' lang='lat' dir='ltr'><strong><em>hujusmodi</em></strong></span> <span class='ocrx_word' id='word_1_685' title='bbox 3599 3144 3728 3186; x_wconf 89' lang='lat' dir='ltr'><strong><em>:sc-</em></strong></span> 
     </span>
    </p>
   </div>
   <div class='ocr_carea' id='block_1_94' title="bbox 2130 3220 3733 3294">
    <p class='ocr_par' dir='ltr' id='par_1_94' title="bbox 2130 3220 3733 3294">
     <span class='ocr_line' id='line_1_94' title="bbox 2130 3220 3733 3294; baseline -0.006 -10"><span class='ocrx_word' id='word_1_686' title='bbox 2130 3228 2235 3284; x_wconf 87' lang='lat' dir='ltr'><strong><em>mel</em></strong></span> <span class='ocrx_word' id='word_1_687' title='bbox 2262 3226 2587 3282; x_wconf 76' lang='lat' dir='ltr'><strong><em>ollerebatur</em></strong></span> <span class='ocrx_word' id='word_1_688' title='bbox 2613 3225 2667 3278; x_wconf 90' lang='lat' dir='ltr'><strong><em>in</em></strong></span> <span class='ocrx_word' id='word_1_689' title='bbox 2696 3223 2975 3294; x_wconf 87' lang='lat' dir='ltr'><strong><em>sanguine.</em></strong></span> <span class='ocrx_word' id='word_1_690' title='bbox 3012 3222 3172 3290; x_wconf 85' lang='lat' dir='ltr'><strong><em>Quem</em></strong></span> <span class='ocrx_word' id='word_1_691' title='bbox 3196 3220 3344 3289; x_wconf 76' lang='lat' dir='ltr'><strong><em>o/Tert</em></strong></span> <span class='ocrx_word' id='word_1_692' title='bbox 3373 3233 3465 3293; x_wconf 87' lang='lat' dir='ltr'><strong><em>pro</em></strong></span> <span class='ocrx_word' id='word_1_693' title='bbox 3488 3238 3542 3276; x_wconf 87' lang='lat' dir='ltr'><strong><em>se</em></strong></span> <span class='ocrx_word' id='word_1_694' title='bbox 3565 3231 3611 3276; x_wconf 88' lang='lat' dir='ltr'><strong><em>et</em></strong></span> <span class='ocrx_word' id='word_1_695' title='bbox 3637 3239 3733 3292; x_wconf 84' lang='lat' dir='ltr'><strong><em>po-</em></strong></span> 
     </span>
    </p>
   </div>
   <div class='ocr_carea' id='block_1_95' title="bbox 2129 3313 3732 3391">
    <p class='ocr_par' dir='ltr' id='par_1_95' title="bbox 2129 3313 3732 3391">
     <span class='ocr_line' id='line_1_95' title="bbox 2129 3313 3732 3391; baseline -0.003 -18"><span class='ocrx_word' id='word_1_696' title='bbox 2129 3321 2237 3391; x_wconf 82' lang='lat' dir='ltr'><strong><em>puli</em></strong></span> <span class='ocrx_word' id='word_1_697' title='bbox 2265 3319 2592 3390; x_wconf 86' lang='lat' dir='ltr'><strong><em>iguorantiis.</em></strong></span> <span class='ocrx_word' id='word_1_698' title='bbox 2624 3315 2757 3372; x_wconf 78' lang='lat' dir='ltr'><strong><em>Vide</em></strong></span> <span class='ocrx_word' id='word_1_699' title='bbox 2784 3334 2797 3371; x_wconf 91' lang='lat'><strong>:</strong></span> <span class='ocrx_word' id='word_1_700' title='bbox 2821 3330 2932 3370; x_wconf 88' lang='lat' dir='ltr'><strong><em>non</em></strong></span> <span class='ocrx_word' id='word_1_701' title='bbox 2953 3314 3108 3381; x_wconf 81' lang='lat' dir='ltr'><strong><em>dixit,</em></strong></span> <span class='ocrx_word' id='word_1_702' title='bbox 3135 3314 3397 3381; x_wconf 88' lang='lat' dir='ltr'><strong><em>Peccatis,</em></strong></span> <span class='ocrx_word' id='word_1_703' title='bbox 3425 3314 3542 3380; x_wconf 89' lang='lat' dir='ltr'><strong><em>sed,</em></strong></span> <span class='ocrx_word' id='word_1_704' title='bbox 3571 3313 3732 3386; x_wconf 85' lang='lat' dir='ltr'><strong><em>Igno-</em></strong></span> 
     </span>
    </p>
   </div>
   <div class='ocr_carea' id='block_1_96' title="bbox 2121 3406 3731 3479">
    <p class='ocr_par' dir='ltr' id='par_1_96' title="bbox 2121 3406 3731 3479">
     <span class='ocr_line' id='line_1_96' title="bbox 2121 3406 3731 3479; baseline -0.002 -12"><span class='ocrx_word' id='word_1_705' title='bbox 2121 3413 2308 3468; x_wconf 85' lang='lat' dir='ltr'><strong><em>rantiis</em></strong></span> <span class='ocrx_word' id='word_1_706' title='bbox 2328 3453 2341 3477; x_wconf 94' lang='lat'><strong><em>,</em></strong></span> <span class='ocrx_word' id='word_1_707' title='bbox 2387 3427 2454 3466; x_wconf 91' lang='lat' dir='ltr'><strong><em>ne</em></strong></span> <span class='ocrx_word' id='word_1_708' title='bbox 2482 3410 2650 3464; x_wconf 86' lang='lat' dir='ltr'><strong><em>altum</em></strong></span> <span class='ocrx_word' id='word_1_709' title='bbox 2695 3417 2968 3479; x_wconf 88' lang='lat' dir='ltr'><strong><em>saperent.</em></strong></span> <span class='ocrx_word' id='word_1_710' title='bbox 2999 3406 3132 3461; x_wconf 79' lang='lat' dir='ltr'><strong><em>Nam</em></strong></span> <span class='ocrx_word' id='word_1_711' title='bbox 3164 3407 3373 3462; x_wconf 89' lang='lat' dir='ltr'><strong><em>etiamsi</em></strong></span> <span class='ocrx_word' id='word_1_712' title='bbox 3405 3424 3509 3461; x_wconf 88' lang='lat' dir='ltr'><strong><em>non</em></strong></span> <span class='ocrx_word' id='word_1_713' title='bbox 3540 3406 3731 3463; x_wconf 84' lang='lat' dir='ltr'><strong><em>lubens</em></strong></span> 
     </span>
    </p>
   </div>
   <div class='ocr_carea' id='block_1_97' title="bbox 2124 3499 3731 3578">
    <p class='ocr_par' dir='ltr' id='par_1_97' title="bbox 2124 3499 3731 3578">
     <span class='ocr_line' id='line_1_97' title="bbox 2124 3499 3731 3578; baseline -0.005 -16"><span class='ocrx_word' id='word_1_714' title='bbox 2124 3504 2398 3578; x_wconf 85' lang='lat' dir='ltr'><strong><em>peccasti;</em></strong></span> <span class='ocrx_word' id='word_1_715' title='bbox 2424 3503 2517 3559; x_wconf 88' lang='lat' dir='ltr'><strong><em>sed</em></strong></span> <span class='ocrx_word' id='word_1_716' title='bbox 2543 3513 2721 3558; x_wconf 88' lang='lat' dir='ltr'><strong><em>tamen</em></strong></span> <span class='ocrx_word' id='word_1_717' title='bbox 2745 3502 2949 3556; x_wconf 87' lang='lat' dir='ltr'><strong><em>invitus</em></strong></span> <span class='ocrx_word' id='word_1_718' title='bbox 2972 3500 3252 3571; x_wconf 85' lang='lat' dir='ltr'><strong><em>ignorasti,</em></strong></span> <span class='ocrx_word' id='word_1_719' title='bbox 3277 3509 3333 3556; x_wconf 90' lang='lat' dir='ltr'><strong><em>et</em></strong></span> <span class='ocrx_word' id='word_1_720' title='bbox 3352 3500 3419 3554; x_wconf 90' lang='lat' dir='ltr'><strong><em>ab</em></strong></span> <span class='ocrx_word' id='word_1_721' title='bbox 3445 3499 3547 3554; x_wconf 91' lang='lat' dir='ltr'><strong><em>hoc</em></strong></span> <span class='ocrx_word' id='word_1_722' title='bbox 3570 3509 3731 3556; x_wconf 71' lang='lat' dir='ltr'><strong><em>nomo</em></strong></span> 
     </span>
    </p>
   </div>
   <div class='ocr_carea' id='block_1_98' title="bbox 2121 3591 3729 3669">
    <p class='ocr_par' dir='ltr' id='par_1_98' title="bbox 2121 3591 3729 3669">
     <span class='ocr_line' id='line_1_98' title="bbox 2121 3591 3729 3669; baseline -0.004 -14"><span class='ocrx_word' id='word_1_723' title='bbox 2121 3608 2207 3655; x_wconf 90' lang='lat' dir='ltr'><strong><em>est</em></strong></span> <span class='ocrx_word' id='word_1_724' title='bbox 2233 3613 2420 3669; x_wconf 87' lang='lat' dir='ltr'><strong><em>purus.</em></strong></span> <span class='ocrx_word' id='word_1_725' title='bbox 2456 3596 2522 3651; x_wconf 88' lang='lat' dir='ltr'><strong><em>Et</em></strong></span> <span class='ocrx_word' id='word_1_726' title='bbox 2553 3595 2750 3664; x_wconf 87' lang='lat' dir='ltr'><strong><em>ubique</em></strong></span> <span class='ocrx_word' id='word_1_727' title='bbox 2783 3592 2914 3649; x_wconf 91' lang='lat' dir='ltr'><strong><em>illud</em></strong></span> <span class='ocrx_word' id='word_1_728' title='bbox 2941 3635 2956 3660; x_wconf 93' lang='lat'><strong><em>,</em></strong></span> <span class='ocrx_word' id='word_1_729' title='bbox 2988 3591 3095 3646; x_wconf 86' lang='lat' dir='ltr'><strong><em>Pro</em></strong></span> <span class='ocrx_word' id='word_1_730' title='bbox 3123 3609 3196 3658; x_wconf 89' lang='lat' dir='ltr'><strong><em>se,</em></strong></span> <span class='ocrx_word' id='word_1_731' title='bbox 3229 3592 3402 3662; x_wconf 86' lang='lat' dir='ltr'><strong><em>ponit,</em></strong></span> <span class='ocrx_word' id='word_1_732' title='bbox 3433 3592 3729 3648; x_wconf 87' lang='lat' dir='ltr'><strong><em>ostendens</em></strong></span> 
     </span>
    </p>
   </div>
   <div class='ocr_carea' id='block_1_99' title="bbox 2121 3685 3730 3763">
    <p class='ocr_par' dir='ltr' id='par_1_99' title="bbox 2121 3685 3730 3763">
     <span class='ocr_line' id='line_1_99' title="bbox 2121 3685 3730 3763; baseline -0.007 -15"><span class='ocrx_word' id='word_1_733' title='bbox 2121 3691 2266 3763; x_wconf 89' lang='lat' dir='ltr'><strong><em>quod</em></strong></span> <span class='ocrx_word' id='word_1_734' title='bbox 2294 3689 2543 3746; x_wconf 89' lang='lat' dir='ltr'><strong><em>Christus</em></strong></span> <span class='ocrx_word' id='word_1_735' title='bbox 2586 3689 2745 3759; x_wconf 84' lang='lat' dir='ltr'><strong><em>longe</em></strong></span> <span class='ocrx_word' id='word_1_736' title='bbox 2785 3694 2869 3742; x_wconf 89' lang='lat' dir='ltr'><strong><em>est</em></strong></span> <span class='ocrx_word' id='word_1_737' title='bbox 2899 3685 3092 3741; x_wconf 89' lang='lat' dir='ltr'><strong><em>melior</em></strong></span> <span class='ocrx_word' id='word_1_738' title='bbox 3131 3694 3187 3740; x_wconf 90' lang='lat' dir='ltr'><strong><em>et</em></strong></span> <span class='ocrx_word' id='word_1_739' title='bbox 3227 3685 3568 3754; x_wconf 78' lang='lat' dir='ltr'><strong><em>praestantior</em></strong></span> <span class='ocrx_word' id='word_1_740' title='bbox 3596 3700 3730 3753; x_wconf 84' lang='lat' dir='ltr'><strong><em>pon-</em></strong></span> 
     </span>
    </p>
   </div>
   <div class='ocr_carea' id='block_1_100' title="bbox 2124 3777 3727 3855">
    <p class='ocr_par' dir='ltr' id='par_1_100' title="bbox 2124 3777 3727 3855">
     <span class='ocr_line' id='line_1_100' title="bbox 2124 3777 3727 3855; baseline -0.007 -15"><span class='ocrx_word' id='word_1_741' title='bbox 2124 3785 2277 3852; x_wconf 81' lang='lat' dir='ltr'><strong><em>tifex,</em></strong></span> <span class='ocrx_word' id='word_1_742' title='bbox 2311 3798 2472 3855; x_wconf 88' lang='lat' dir='ltr'><strong><em>quam</em></strong></span> <span class='ocrx_word' id='word_1_743' title='bbox 2501 3781 2592 3852; x_wconf 88' lang='lat' dir='ltr'><strong><em>qui</em></strong></span> <span class='ocrx_word' id='word_1_744' title='bbox 2620 3790 2738 3835; x_wconf 87' lang='lat' dir='ltr'><strong><em>erat</em></strong></span> <span class='ocrx_word' id='word_1_745' title='bbox 2769 3778 2910 3849; x_wconf 89' lang='lat' dir='ltr'><strong><em>apud</em></strong></span> <span class='ocrx_word' id='word_1_746' title='bbox 2937 3777 3177 3832; x_wconf 70' lang='lat' dir='ltr'><strong><em>Judccos.</em></strong></span> <span class='ocrx_word' id='word_1_747' title='bbox 3207 3777 3263 3832; x_wconf 91' lang='lat' dir='ltr'><strong><em>Si</em></strong></span> <span class='ocrx_word' id='word_1_748' title='bbox 3291 3777 3434 3831; x_wconf 87' lang='lat' dir='ltr'><strong><em>enim</em></strong></span> <span class='ocrx_word' id='word_1_749' title='bbox 3463 3791 3492 3829; x_wconf 90' lang='lat' dir='ltr'><strong><em>a</em></strong></span> <span class='ocrx_word' id='word_1_750' title='bbox 3525 3778 3727 3830; x_wconf 86' lang='lat' dir='ltr'><strong><em>nostris</em></strong></span> 
     </span>
    </p>
   </div>
   <div class='ocr_carea' id='block_1_101' title="bbox 2121 3867 3727 3949">
    <p class='ocr_par' dir='ltr' id='par_1_101' title="bbox 2121 3867 3727 3949">
     <span class='ocr_line' id='line_1_101' title="bbox 2121 3867 3727 3949; baseline -0.004 -21"><span class='ocrx_word' id='word_1_751' title='bbox 2121 3876 2354 3949; x_wconf 82' lang='lat' dir='ltr'><strong><em>peccatis</em></strong></span> <span class='ocrx_word' id='word_1_752' title='bbox 2384 3873 2891 3941; x_wconf 80' lang='lat' dir='ltr'><strong><em>luissctseparatus,</em></strong></span> <span class='ocrx_word' id='word_1_753' title='bbox 2911 3867 3182 3941; x_wconf 90' lang='lat' dir='ltr'><strong><em>quomodo</em></strong></span> <span class='ocrx_word' id='word_1_754' title='bbox 3210 3883 3310 3939; x_wconf 90' lang='lat' dir='ltr'><strong><em>pro</em></strong></span> <span class='ocrx_word' id='word_1_755' title='bbox 3331 3882 3390 3923; x_wconf 89' lang='lat' dir='ltr'><strong><em>se</em></strong></span> <span class='ocrx_word' id='word_1_756' title='bbox 3406 3868 3727 3923; x_wconf 90' lang='lat' dir='ltr'><strong><em>obtulisset?</em></strong></span> 
     </span>
    </p>
   </div>
   <div class='ocr_carea' id='block_1_102' title="bbox 2121 3960 3721 4038">
    <p class='ocr_par' dir='ltr' id='par_1_102' title="bbox 2121 3960 3721 4038">
     <span class='ocr_line' id='line_1_102' title="bbox 2121 3960 3721 4038; baseline -0.008 -11"><span class='ocrx_word' id='word_1_757' title='bbox 2121 3972 2229 4027; x_wconf 88' lang='lat' dir='ltr'><strong><em>Cur</em></strong></span> <span class='ocrx_word' id='word_1_758' title='bbox 2258 3984 2410 4038; x_wconf 86' lang='lat' dir='ltr'><strong><em>ergo,</em></strong></span> <span class='ocrx_word' id='word_1_759' title='bbox 2442 3965 2636 4037; x_wconf 85' lang='lat' dir='ltr'><strong><em>inquit,</em></strong></span> <span class='ocrx_word' id='word_1_760' title='bbox 2666 3964 2782 4019; x_wconf 80' lang='lat' dir='ltr'><strong><em>haec</em></strong></span> <span class='ocrx_word' id='word_1_761' title='bbox 2809 3962 3030 4018; x_wconf 81' lang='lat' dir='ltr'><strong><em>dixisti?</em></strong></span> <span class='ocrx_word' id='word_1_762' title='bbox 3056 3961 3169 4016; x_wconf 84' lang='lat' dir='ltr'><strong><em>Hoc</em></strong></span> <span class='ocrx_word' id='word_1_763' title='bbox 3189 3960 3333 4016; x_wconf 91' lang='lat' dir='ltr'><strong><em>enim</em></strong></span> <span class='ocrx_word' id='word_1_764' title='bbox 3357 3971 3440 4017; x_wconf 90' lang='lat' dir='ltr'><strong><em>est</em></strong></span> <span class='ocrx_word' id='word_1_765' title='bbox 3461 3961 3721 4017; x_wconf 85' lang='lat' dir='ltr'><strong><em>melioris.</em></strong></span> 
     </span>
    </p>
   </div>
   <div class='ocr_carea' id='block_1_103' title="bbox 2117 4057 3724 4135">
    <p class='ocr_par' dir='ltr' id='par_1_103' title="bbox 2117 4057 3724 4135">
     <span class='ocr_line' id='line_1_103' title="bbox 2117 4057 3724 4135; baseline -0.006 -14"><span class='ocrx_word' id='word_1_766' title='bbox 2117 4065 2393 4135; x_wconf 82' lang='lat' dir='ltr'><strong><em>Nusquam</em></strong></span> <span class='ocrx_word' id='word_1_767' title='bbox 2425 4073 2508 4118; x_wconf 88' lang='lat' dir='ltr'><strong><em>est</em></strong></span> <span class='ocrx_word' id='word_1_768' title='bbox 2536 4061 2625 4116; x_wconf 89' lang='lat' dir='ltr'><strong><em>hic</em></strong></span> <span class='ocrx_word' id='word_1_769' title='bbox 2653 4059 3046 4130; x_wconf 87' lang='lat' dir='ltr'><strong><em>contemplatio</em></strong></span> <span class='ocrx_word' id='word_1_770' title='bbox 3067 4075 3078 4110; x_wconf 90' lang='lat'>:</span> <span class='ocrx_word' id='word_1_771' title='bbox 3100 4057 3358 4128; x_wconf 90' lang='lat' dir='ltr'><strong><em>deinceps</em></strong></span> <span class='ocrx_word' id='word_1_772' title='bbox 3383 4069 3563 4112; x_wconf 88' lang='lat' dir='ltr'><strong><em>autem</em></strong></span> <span class='ocrx_word' id='word_1_773' title='bbox 3590 4073 3724 4113; x_wconf 86' lang='lat' dir='ltr'><strong><em>con-</em></strong></span> 
     </span>
    </p>
   </div>
   <div class='ocr_carea' id='block_1_104' title="bbox 2117 4150 3720 4227">
    <p class='ocr_par' dir='ltr' id='par_1_104' title="bbox 2117 4150 3720 4227">
     <span class='ocr_line' id='line_1_104' title="bbox 2117 4150 3720 4227; baseline -0.006 -14"><span class='ocrx_word' id='word_1_774' title='bbox 2117 4158 2412 4227; x_wconf 88' lang='lat' dir='ltr'><strong><em>templatur</em></strong></span> <span class='ocrx_word' id='word_1_775' title='bbox 2438 4164 2494 4210; x_wconf 89' lang='lat' dir='ltr'><strong><em>et</em></strong></span> <span class='ocrx_word' id='word_1_776' title='bbox 2518 4154 2651 4209; x_wconf 88' lang='lat' dir='ltr'><strong><em>dicit</em></strong></span> <span class='ocrx_word' id='word_1_777' title='bbox 2675 4171 2687 4206; x_wconf 91' lang='lat'><strong>:</strong></span> <span class='ocrx_word' id='word_1_778' title='bbox 2713 4155 2766 4208; x_wconf 85' lang='lat'><strong><em>8.</em></strong></span> <span class='ocrx_word' id='word_1_779' title='bbox 2803 4151 2917 4205; x_wconf 83' lang='lat' dir='ltr'><strong><em>Hoc</em></strong></span> <span class='ocrx_word' id='word_1_780' title='bbox 2944 4151 3270 4222; x_wconf 81' lang='lat' dir='ltr'><strong><em>signiﬁcante</em></strong></span> <span class='ocrx_word' id='word_1_781' title='bbox 3293 4150 3499 4222; x_wconf 86' lang='lat' dir='ltr'><strong><em>Spiritu</em></strong></span> <span class='ocrx_word' id='word_1_782' title='bbox 3520 4159 3720 4217; x_wconf 85' lang='lat' dir='ltr'><strong><em>sancto,</em></strong></span> 
     </span>
    </p>
   </div>
   <div class='ocr_carea' id='block_1_105' title="bbox 2117 4243 3723 4322">
    <p class='ocr_par' dir='ltr' id='par_1_105' title="bbox 2117 4243 3723 4322">
     <span class='ocr_line' id='line_1_105' title="bbox 2117 4243 3723 4322; baseline -0.005 -18"><span class='ocrx_word' id='word_1_783' title='bbox 2117 4249 2344 4304; x_wconf 85' lang='lat' dir='ltr'><strong><em>nondum</em></strong></span> <span class='ocrx_word' id='word_1_784' title='bbox 2366 4246 2690 4319; x_wconf 87' lang='lat' dir='ltr'><strong><em>prepalatam</em></strong></span> <span class='ocrx_word' id='word_1_785' title='bbox 2716 4260 2824 4298; x_wconf 90' lang='lat' dir='ltr'><strong><em>esse</em></strong></span> <span class='ocrx_word' id='word_1_786' title='bbox 2850 4251 3147 4297; x_wconf 89' lang='lat' dir='ltr'><strong><em>sanctorum</em></strong></span> <span class='ocrx_word' id='word_1_787' title='bbox 3174 4243 3329 4311; x_wconf 84' lang='lat' dir='ltr'><strong><em>viam,</em></strong></span> <span class='ocrx_word' id='word_1_788' title='bbox 3358 4243 3527 4297; x_wconf 87' lang='lat' dir='ltr'><strong><em>adhuc</em></strong></span> <span class='ocrx_word' id='word_1_789' title='bbox 3549 4244 3723 4322; x_wconf 75' lang='lat' dir='ltr'><strong><em>priore</em></strong></span> 
     </span>
    </p>
   </div>
   <div class='ocr_carea' id='block_1_106' title="bbox 2112 4335 3720 4408">
    <p class='ocr_par' dir='ltr' id='par_1_106' title="bbox 2112 4335 3720 4408">
     <span class='ocr_line' id='line_1_106' title="bbox 2112 4335 3720 4408; baseline -0.002 -11"><span class='ocrx_word' id='word_1_790' title='bbox 2112 4339 2439 4397; x_wconf 84' lang='lat' dir='ltr'><strong><em>tabernaculo</em></strong></span> <span class='ocrx_word' id='word_1_791' title='bbox 2466 4337 2678 4392; x_wconf 83' lang='lat' dir='ltr'><strong><em>habente</em></strong></span> <span class='ocrx_word' id='word_1_792' title='bbox 2699 4346 2910 4392; x_wconf 87' lang='lat' dir='ltr'><strong><em>statum.</em></strong></span> <span class='ocrx_word' id='word_1_793' title='bbox 2938 4335 3254 4405; x_wconf 87' lang='lat' dir='ltr'><strong><em>Propterea,</em></strong></span> <span class='ocrx_word' id='word_1_794' title='bbox 3279 4335 3473 4408; x_wconf 90' lang='lat' dir='ltr'><strong><em>inquit,</em></strong></span> <span class='ocrx_word' id='word_1_795' title='bbox 3505 4337 3620 4393; x_wconf 68' lang='lat' dir='ltr'><strong><em>haec</em></strong></span> <span class='ocrx_word' id='word_1_796' title='bbox 3648 4338 3720 4393; x_wconf 80' lang='lat' dir='ltr'><strong><em>ita</em></strong></span> 
     </span>
    </p>
   </div>
   <div class='ocr_carea' id='block_1_107' title="bbox 2111 4430 3719 4500">
    <p class='ocr_par' dir='ltr' id='par_1_107' title="bbox 2111 4430 3719 4500">
     <span class='ocr_line' id='line_1_107' title="bbox 2111 4430 3719 4500; baseline -0.002 -10"><span class='ocrx_word' id='word_1_797' title='bbox 2111 4443 2240 4492; x_wconf 86' lang='lat' dir='ltr'><strong><em>sunt</em></strong></span> <span class='ocrx_word' id='word_1_798' title='bbox 2268 4439 2614 4498; x_wconf 84' lang='lat' dir='ltr'><strong><em>constructa;</em></strong></span> <span class='ocrx_word' id='word_1_799' title='bbox 2648 4440 2708 4485; x_wconf 89' lang='lat' dir='ltr'><strong><em>ut</em></strong></span> <span class='ocrx_word' id='word_1_800' title='bbox 2738 4430 3072 4486; x_wconf 84' lang='lat' dir='ltr'><strong><em>disceremus</em></strong></span> <span class='ocrx_word' id='word_1_801' title='bbox 3097 4430 3241 4500; x_wconf 89' lang='lat' dir='ltr'><strong><em>quod</em></strong></span> <span class='ocrx_word' id='word_1_802' title='bbox 3268 4430 3338 4486; x_wconf 86' lang='lat' dir='ltr'><strong><em>ad</em></strong></span> <span class='ocrx_word' id='word_1_803' title='bbox 3369 4441 3558 4487; x_wconf 88' lang='lat' dir='ltr'><strong><em>sancta</em></strong></span> <span class='ocrx_word' id='word_1_804' title='bbox 3587 4447 3719 4487; x_wconf 85' lang='lat' dir='ltr'><strong><em>san-</em></strong></span> 
     </span>
    </p>
   </div>
   <div class='ocr_carea' id='block_1_108' title="bbox 2109 4521 3711 4594">
    <p class='ocr_par' dir='ltr' id='par_1_108' title="bbox 2109 4521 3711 4594">
     <span class='ocr_line' id='line_1_108' title="bbox 2109 4521 3711 4594; baseline -0.003 -11"><span class='ocrx_word' id='word_1_805' title='bbox 2109 4537 2321 4583; x_wconf 85' lang='lat' dir='ltr'><strong><em>ctorum</em></strong></span> <span class='ocrx_word' id='word_1_806' title='bbox 2342 4566 2358 4593; x_wconf 92' lang='lat'><strong><em>,</em></strong></span> <span class='ocrx_word' id='word_1_807' title='bbox 2391 4524 2496 4579; x_wconf 90' lang='lat' dir='ltr'><strong><em>hoc</em></strong></span> <span class='ocrx_word' id='word_1_808' title='bbox 2525 4532 2609 4580; x_wconf 89' lang='lat' dir='ltr'><strong><em>est</em></strong></span> <span class='ocrx_word' id='word_1_809' title='bbox 2629 4566 2644 4592; x_wconf 93' lang='lat'><strong><em>,</em></strong></span> <span class='ocrx_word' id='word_1_810' title='bbox 2674 4521 2741 4578; x_wconf 89' lang='lat' dir='ltr'><strong><em>ad</em></strong></span> <span class='ocrx_word' id='word_1_811' title='bbox 2770 4523 2961 4577; x_wconf 65' lang='lat' dir='ltr'><strong><em>crelum</em></strong></span> <span class='ocrx_word' id='word_1_812' title='bbox 2989 4565 3004 4591; x_wconf 93' lang='lat'><strong><em>,</em></strong></span> <span class='ocrx_word' id='word_1_813' title='bbox 3035 4521 3275 4578; x_wconf 92' lang='lat' dir='ltr'><strong><em>nondum</em></strong></span> <span class='ocrx_word' id='word_1_814' title='bbox 3309 4533 3490 4594; x_wconf 87' lang='lat' dir='ltr'><strong><em>pateat</em></strong></span> <span class='ocrx_word' id='word_1_815' title='bbox 3515 4524 3711 4580; x_wconf 85' lang='lat' dir='ltr'><strong><em>aditus.</em></strong></span> 
     </span>
    </p>
   </div>
   <div class='ocr_carea' id='block_1_109' title="bbox 2107 4613 3716 4688">
    <p class='ocr_par' dir='ltr' id='par_1_109' title="bbox 2107 4613 3716 4688">
     <span class='ocr_line' id='line_1_109' title="bbox 2107 4613 3716 4688; baseline -0.002 -13"><span class='ocrx_word' id='word_1_816' title='bbox 2107 4617 2187 4674; x_wconf 81' lang='lat' dir='ltr'><strong><em>Nc</em></strong></span> <span class='ocrx_word' id='word_1_817' title='bbox 2211 4632 2362 4688; x_wconf 84' lang='lat' dir='ltr'><strong><em>ergo,</em></strong></span> <span class='ocrx_word' id='word_1_818' title='bbox 2389 4614 2583 4685; x_wconf 84' lang='lat' dir='ltr'><strong><em>inquit,</em></strong></span> <span class='ocrx_word' id='word_1_819' title='bbox 2614 4614 2872 4685; x_wconf 88' lang='lat' dir='ltr'><strong><em>quoniam</em></strong></span> <span class='ocrx_word' id='word_1_820' title='bbox 2900 4613 3072 4683; x_wconf 90' lang='lat' dir='ltr'><strong><em>ipsum</em></strong></span> <span class='ocrx_word' id='word_1_821' title='bbox 3103 4629 3207 4668; x_wconf 92' lang='lat' dir='ltr'><strong><em>non</em></strong></span> <span class='ocrx_word' id='word_1_822' title='bbox 3233 4614 3590 4685; x_wconf 82' lang='lat' dir='ltr'><strong><em>ingredimur,</em></strong></span> <span class='ocrx_word' id='word_1_823' title='bbox 3615 4632 3716 4673; x_wconf 87' lang='lat' dir='ltr'><strong><em>nec</em></strong></span> 
     </span>
    </p>
   </div>
   <div class='ocr_carea' id='block_1_110' title="bbox 2109 4706 3712 4779">
    <p class='ocr_par' dir='ltr' id='par_1_110' title="bbox 2109 4706 3712 4779">
     <span class='ocr_line' id='line_1_110' title="bbox 2109 4706 3712 4779; baseline -0.001 -13"><span class='ocrx_word' id='word_1_824' title='bbox 2109 4726 2228 4767; x_wconf 88' lang='lat' dir='ltr'><strong><em>esse</em></strong></span> <span class='ocrx_word' id='word_1_825' title='bbox 2244 4708 2461 4778; x_wconf 90' lang='lat' dir='ltr'><strong><em>quidem</em></strong></span> <span class='ocrx_word' id='word_1_826' title='bbox 2479 4707 2872 4774; x_wconf 80' lang='lat' dir='ltr'><strong><em>existimemus,</em></strong></span> <span class='ocrx_word' id='word_1_827' title='bbox 2893 4706 3143 4775; x_wconf 90' lang='lat' dir='ltr'><strong><em>quoniam</em></strong></span> <span class='ocrx_word' id='word_1_828' title='bbox 3165 4721 3264 4762; x_wconf 87' lang='lat' dir='ltr'><strong><em>nec</em></strong></span> <span class='ocrx_word' id='word_1_829' title='bbox 3281 4717 3466 4763; x_wconf 88' lang='lat' dir='ltr'><strong><em>saneta</em></strong></span> <span class='ocrx_word' id='word_1_830' title='bbox 3484 4710 3712 4779; x_wconf 82' lang='lat' dir='ltr'><strong><em>ingressi</em></strong></span> 
     </span>
    </p>
   </div>
   <div class='ocr_carea' id='block_1_111' title="bbox 2106 4792 3708 4866">
    <p class='ocr_par' dir='ltr' id='par_1_111' title="bbox 2106 4792 3708 4866">
     <span class='ocr_line' id='line_1_111' title="bbox 2106 4792 3708 4866; baseline 0.004 -20"><span class='ocrx_word' id='word_1_831' title='bbox 2106 4807 2311 4847; x_wconf 88' lang='lat' dir='ltr'><strong><em>sumus.</em></strong></span> <span class='ocrx_word' id='word_1_832' title='bbox 2341 4792 2398 4848; x_wconf 88' lang='lat'><strong><em>9.</em></strong></span> <span class='ocrx_word' id='word_1_833' title='bbox 2428 4793 2557 4860; x_wconf 65' lang='lat' dir='ltr'><strong><em>Qui:</em></strong></span> <span class='ocrx_word' id='word_1_834' title='bbox 2585 4794 2829 4864; x_wconf 82' lang='lat' dir='ltr'><strong><em>parabola</em></strong></span> <span class='ocrx_word' id='word_1_835' title='bbox 2851 4804 2947 4864; x_wconf 85' lang='lat' dir='ltr'><strong><em>est,</em></strong></span> <span class='ocrx_word' id='word_1_836' title='bbox 2966 4795 3155 4866; x_wconf 88' lang='lat' dir='ltr'><strong><em>inquit,</em></strong></span> <span class='ocrx_word' id='word_1_837' title='bbox 3182 4801 3424 4866; x_wconf 78' lang='lat' dir='ltr'><strong><em>temporis</em></strong></span> <span class='ocrx_word' id='word_1_838' title='bbox 3448 4802 3708 4852; x_wconf 75' lang='lat' dir='ltr'><strong><em>instantis.</em></strong></span> 
     </span>
    </p>
   </div>
   <div class='ocr_carea' id='block_1_112' title="bbox 2173 4885 3707 4959">
    <p class='ocr_par' dir='ltr' id='par_1_112' title="bbox 2173 4885 3707 4959">
     <span class='ocr_line' id='line_1_112' title="bbox 2173 4885 3707 4959; baseline 0.003 -19"><span class='ocrx_word' id='word_1_839' title='bbox 2173 4885 2229 4940; x_wconf 71' lang='lat'><strong><em>2.</em></strong></span> <span class='ocrx_word' id='word_1_840' title='bbox 2261 4885 2546 4955; x_wconf 86' lang='lat' dir='ltr'><strong><em>Quodnam</em></strong></span> <span class='ocrx_word' id='word_1_841' title='bbox 2567 4897 2726 4943; x_wconf 85' lang='lat' dir='ltr'><strong><em>vocat</em></strong></span> <span class='ocrx_word' id='word_1_842' title='bbox 2776 4896 2990 4959; x_wconf 90' lang='lat' dir='ltr'><strong><em>tempus</em></strong></span> <span class='ocrx_word' id='word_1_843' title='bbox 3016 4889 3259 4944; x_wconf 81' lang='lat' dir='ltr'><strong><em>instans?</em></strong></span> <span class='ocrx_word' id='word_1_844' title='bbox 3288 4889 3440 4956; x_wconf 85' lang='lat' dir='ltr'><strong><em>Quod</em></strong></span> <span class='ocrx_word' id='word_1_845' title='bbox 3457 4899 3543 4944; x_wconf 87' lang='lat' dir='ltr'><strong><em>est</em></strong></span> <span class='ocrx_word' id='word_1_846' title='bbox 3582 4899 3707 4945; x_wconf 86' lang='lat' dir='ltr'><strong><em>ante</em></strong></span> 
     </span>
    </p>
   </div>
   <div class='ocr_carea' id='block_1_113' title="bbox 2101 4977 3709 5050">
    <p class='ocr_par' dir='ltr' id='par_1_113' title="bbox 2101 4977 3709 5050">
     <span class='ocr_line' id='line_1_113' title="bbox 2101 4977 3709 5050; baseline 0.001 -17"><span class='ocrx_word' id='word_1_847' title='bbox 2101 4979 2392 5034; x_wconf 84' lang='lat' dir='ltr'><strong><em>adventum</em></strong></span> <span class='ocrx_word' id='word_1_848' title='bbox 2415 4978 2649 5034; x_wconf 88' lang='lat' dir='ltr'><strong><em>Christi:</em></strong></span> <span class='ocrx_word' id='word_1_849' title='bbox 2681 4993 2805 5034; x_wconf 88' lang='lat' dir='ltr'><strong><em>nam</em></strong></span> <span class='ocrx_word' id='word_1_850' title='bbox 2831 4989 2950 5050; x_wconf 88' lang='lat' dir='ltr'><strong><em>post</em></strong></span> <span class='ocrx_word' id='word_1_851' title='bbox 2967 4977 3165 5035; x_wconf 87' lang='lat' dir='ltr'><strong><em>Christi</em></strong></span> <span class='ocrx_word' id='word_1_852' title='bbox 3195 4979 3483 5036; x_wconf 82' lang='lat' dir='ltr'><strong><em>adventum</em></strong></span> <span class='ocrx_word' id='word_1_853' title='bbox 3502 4995 3610 5035; x_wconf 93' lang='lat' dir='ltr'><strong><em>non</em></strong></span> <span class='ocrx_word' id='word_1_854' title='bbox 3627 4991 3709 5036; x_wconf 88' lang='lat' dir='ltr'><strong><em>est</em></strong></span> 
     </span>
    </p>
   </div>
   <div class='ocr_carea' id='block_1_114' title="bbox 2103 5073 3703 5144">
    <p class='ocr_par' dir='ltr' id='par_1_114' title="bbox 2103 5073 3703 5144">
     <span class='ocr_line' id='line_1_114' title="bbox 2103 5073 3703 5144; baseline 0 -17"><span class='ocrx_word' id='word_1_855' title='bbox 2103 5073 2334 5143; x_wconf 82' lang='lat' dir='ltr'><strong><em>amplius</em></strong></span> <span class='ocrx_word' id='word_1_856' title='bbox 2369 5081 2581 5143; x_wconf 88' lang='lat' dir='ltr'><strong><em>tempus</em></strong></span> <span class='ocrx_word' id='word_1_857' title='bbox 2617 5074 2862 5129; x_wconf 83' lang='lat' dir='ltr'><strong><em>instans:</em></strong></span> <span class='ocrx_word' id='word_1_858' title='bbox 2903 5073 3176 5144; x_wconf 89' lang='lat' dir='ltr'><strong><em>quomodo</em></strong></span> <span class='ocrx_word' id='word_1_859' title='bbox 3207 5073 3351 5129; x_wconf 90' lang='lat' dir='ltr'><strong><em>enim</em></strong></span> <span class='ocrx_word' id='word_1_860' title='bbox 3381 5083 3547 5139; x_wconf 87' lang='lat' dir='ltr'><strong><em>esset,</em></strong></span> <span class='ocrx_word' id='word_1_861' title='bbox 3581 5088 3703 5127; x_wconf 90' lang='lat' dir='ltr'><strong><em>cum</em></strong></span> 
     </span>
    </p>
   </div>
   <div class='ocr_carea' id='block_1_115' title="bbox 2101 5154 3704 5238">
    <p class='ocr_par' dir='ltr' id='par_1_115' title="bbox 2101 5154 3704 5238">
     <span class='ocr_line' id='line_1_115' title="bbox 2101 5154 3704 5238; baseline 0 -16"><span class='ocrx_word' id='word_1_862' title='bbox 2101 5154 2381 5224; x_wconf 81' lang='lat' dir='ltr'><strong><em>advenerit</em></strong></span> <span class='ocrx_word' id='word_1_863' title='bbox 2409 5181 2462 5222; x_wconf 88' lang='lat' dir='ltr'><strong><em>et</em></strong></span> <span class='ocrx_word' id='word_1_864' title='bbox 2488 5167 2645 5222; x_wconf 88' lang='lat' dir='ltr'><strong><em>ﬁdem</em></strong></span> <span class='ocrx_word' id='word_1_865' title='bbox 2678 5167 2910 5222; x_wconf 87' lang='lat' dir='ltr'><strong><em>habeat?</em></strong></span> <span class='ocrx_word' id='word_1_866' title='bbox 2966 5166 3123 5222; x_wconf 86' lang='lat' dir='ltr'><strong><em>Aliud</em></strong></span> <span class='ocrx_word' id='word_1_867' title='bbox 3178 5181 3394 5238; x_wconf 89' lang='lat' dir='ltr'><strong><em>quoque</em></strong></span> <span class='ocrx_word' id='word_1_868' title='bbox 3436 5165 3704 5234; x_wconf 86' lang='lat' dir='ltr'><strong><em>indicans,</em></strong></span> 
     </span>
    </p>
   </div>
   <div class='ocr_carea' id='block_1_116' title="bbox 2103 5259 3705 5332">
    <p class='ocr_par' dir='ltr' id='par_1_116' title="bbox 2103 5259 3705 5332">
     <span class='ocr_line' id='line_1_116' title="bbox 2103 5259 3705 5332; baseline -0.001 -17"><span class='ocrx_word' id='word_1_869' title='bbox 2103 5261 2206 5317; x_wconf 90' lang='lat' dir='ltr'><strong><em>hoc</em></strong></span> <span class='ocrx_word' id='word_1_870' title='bbox 2227 5261 2375 5326; x_wconf 90' lang='lat' dir='ltr'><strong><em>dicit,</em></strong></span> <span class='ocrx_word' id='word_1_871' title='bbox 2405 5260 2532 5327; x_wconf 66' lang='lat' dir='ltr'><strong><em>Quae</em></strong></span> <span class='ocrx_word' id='word_1_872' title='bbox 2548 5261 2794 5332; x_wconf 84' lang='lat' dir='ltr'><strong><em>parabola</em></strong></span> <span class='ocrx_word' id='word_1_873' title='bbox 2825 5269 2898 5314; x_wconf 86' lang='lat' dir='ltr'><strong><em>est</em></strong></span> <span class='ocrx_word' id='word_1_874' title='bbox 2920 5260 3160 5331; x_wconf 83' lang='lat' dir='ltr'><strong><em>temporis</em></strong></span> <span class='ocrx_word' id='word_1_875' title='bbox 3177 5259 3412 5315; x_wconf 87' lang='lat' dir='ltr'><strong><em>instantis</em></strong></span> <span class='ocrx_word' id='word_1_876' title='bbox 3429 5277 3450 5326; x_wconf 89' lang='lat'><strong><em>;</em></strong></span> <span class='ocrx_word' id='word_1_877' title='bbox 3481 5259 3585 5315; x_wconf 91' lang='lat' dir='ltr'><strong><em>hoc</em></strong></span> <span class='ocrx_word' id='word_1_878' title='bbox 3599 5269 3705 5327; x_wconf 81' lang='lat' dir='ltr'><strong><em>est,</em></strong></span> 
     </span>
    </p>
   </div>
   <div class='ocr_carea' id='block_1_117' title="bbox 2103 5349 3706 5422">
    <p class='ocr_par' dir='ltr' id='par_1_117' title="bbox 2103 5349 3706 5422">
     <span class='ocr_line' id='line_1_117' title="bbox 2103 5349 3706 5422; baseline -0.001 -16"><span class='ocrx_word' id='word_1_879' title='bbox 2103 5351 2276 5406; x_wconf 80' lang='lat' dir='ltr'><strong><em>factus</em></strong></span> <span class='ocrx_word' id='word_1_880' title='bbox 2305 5359 2390 5407; x_wconf 81' lang='lat' dir='ltr'><strong><em>est</em></strong></span> <span class='ocrx_word' id='word_1_881' title='bbox 2422 5362 2599 5422; x_wconf 84' lang='lat' dir='ltr'><strong><em>typus.</em></strong></span> <span class='ocrx_word' id='word_1_882' title='bbox 2629 5350 2793 5404; x_wconf 74' lang='lat' dir='ltr'><strong><em>Juxta</em></strong></span> <span class='ocrx_word' id='word_1_883' title='bbox 2819 5366 2972 5420; x_wconf 87' lang='lat' dir='ltr'><strong><em>quant</em></strong></span> <span class='ocrx_word' id='word_1_884' title='bbox 2994 5367 3206 5405; x_wconf 84' lang='lat' dir='ltr'><strong><em>munera</em></strong></span> <span class='ocrx_word' id='word_1_885' title='bbox 3225 5361 3271 5405; x_wconf 88' lang='lat' dir='ltr'><strong><em>et</em></strong></span> <span class='ocrx_word' id='word_1_886' title='bbox 3292 5350 3470 5406; x_wconf 69' lang='lat' dir='ltr'><strong><em>hostire</em></strong></span> <span class='ocrx_word' id='word_1_887' title='bbox 3482 5349 3706 5418; x_wconf 74' lang='lat' dir='ltr'><strong><em>offerun-</em></strong></span> 
     </span>
    </p>
   </div>
   <div class='ocr_carea' id='block_1_118' title="bbox 2103 5444 3706 5517">
    <p class='ocr_par' dir='ltr' id='par_1_118' title="bbox 2103 5444 3706 5517">
     <span class='ocr_line' id='line_1_118' title="bbox 2103 5444 3706 5517; baseline -0.002 -17"><span class='ocrx_word' id='word_1_888' title='bbox 2103 5455 2204 5513; x_wconf 89' lang='lat' dir='ltr'><strong><em>tur,</em></strong></span> <span class='ocrx_word' id='word_1_889' title='bbox 2223 5462 2337 5516; x_wconf 78' lang='lat' dir='ltr'><strong><em>qua:</em></strong></span> <span class='ocrx_word' id='word_1_890' title='bbox 2350 5462 2448 5500; x_wconf 88' lang='lat' dir='ltr'><strong><em>non</em></strong></span> <span class='ocrx_word' id='word_1_891' title='bbox 2473 5453 2682 5516; x_wconf 84' lang='lat' dir='ltr'><strong><em>possunt</em></strong></span> <span class='ocrx_word' id='word_1_892' title='bbox 2703 5445 2845 5514; x_wconf 76' lang='lat' dir='ltr'><strong><em>juxta</em></strong></span> <span class='ocrx_word' id='word_1_893' title='bbox 2863 5444 3224 5498; x_wconf 81' lang='lat' dir='ltr'><strong><em>conscientiam</em></strong></span> <span class='ocrx_word' id='word_1_894' title='bbox 3244 5444 3706 5517; x_wconf 67' lang='lat' dir='ltr'><strong><em>perfectumifacere</em></strong></span> 
     </span>
    </p>
   </div>
   <div class='ocr_carea' id='block_1_119' title="bbox 2100 5538 3703 5610">
    <p class='ocr_par' dir='ltr' id='par_1_119' title="bbox 2100 5538 3703 5610">
     <span class='ocr_line' id='line_1_119' title="bbox 2100 5538 3703 5610; baseline 0 -15"><span class='ocrx_word' id='word_1_895' title='bbox 2100 5541 2416 5595; x_wconf 83' lang='lat' dir='ltr'><strong><em>servientem.</em></strong></span> <span class='ocrx_word' id='word_1_896' title='bbox 2442 5539 2634 5594; x_wconf 85' lang='lat' dir='ltr'><strong><em>Vidisti</em></strong></span> <span class='ocrx_word' id='word_1_897' title='bbox 2661 5553 2822 5608; x_wconf 87' lang='lat' dir='ltr'><strong><em>quam</em></strong></span> <span class='ocrx_word' id='word_1_898' title='bbox 2849 5539 2996 5594; x_wconf 88' lang='lat' dir='ltr'><strong><em>clare</em></strong></span> <span class='ocrx_word' id='word_1_899' title='bbox 3021 5538 3147 5595; x_wconf 89' lang='lat' dir='ltr'><strong><em>hinc</em></strong></span> <span class='ocrx_word' id='word_1_900' title='bbox 3172 5539 3421 5594; x_wconf 86' lang='lat' dir='ltr'><strong><em>ostendat</em></strong></span> <span class='ocrx_word' id='word_1_901' title='bbox 3446 5538 3572 5610; x_wconf 89' lang='lat' dir='ltr'><strong><em>quid</em></strong></span> <span class='ocrx_word' id='word_1_902' title='bbox 3602 5539 3703 5595; x_wconf 91' lang='lat' dir='ltr'><strong><em>sibi</em></strong></span> 
     </span>
    </p>
   </div>
   <div class='ocr_carea' id='block_1_120' title="bbox 2101 5631 3705 5705">
    <p class='ocr_par' dir='ltr' id='par_1_120' title="bbox 2101 5631 3705 5705">
     <span class='ocr_line' id='line_1_120' title="bbox 2101 5631 3705 5705; baseline 0.001 -18"><span class='ocrx_word' id='word_1_903' title='bbox 2101 5634 2273 5690; x_wconf 84' lang='lat' dir='ltr'><strong><em>velint.</em></strong></span> <span class='ocrx_word' id='word_1_904' title='bbox 2315 5633 2432 5688; x_wconf 73' lang='lat' dir='ltr'><strong><em>hate</em></strong></span> <span class='ocrx_word' id='word_1_905' title='bbox 2459 5632 2646 5698; x_wconf 80' lang='lat' dir='ltr'><strong><em>verba,</em></strong></span> <span class='ocrx_word' id='word_1_906' title='bbox 2680 5631 2832 5687; x_wconf 81' lang='lat' dir='ltr'><strong><em>Nihil</em></strong></span> <span class='ocrx_word' id='word_1_907' title='bbox 2866 5633 2936 5687; x_wconf 90' lang='lat' dir='ltr'><strong><em>ad</em></strong></span> <span class='ocrx_word' id='word_1_908' title='bbox 2965 5635 3249 5705; x_wconf 78' lang='lat' dir='ltr'><strong><em>perfectum</em></strong></span> <span class='ocrx_word' id='word_1_909' title='bbox 3279 5633 3494 5689; x_wconf 74' lang='lat' dir='ltr'><strong><em>adduxit</em></strong></span> <span class='ocrx_word' id='word_1_910' title='bbox 3517 5633 3617 5699; x_wconf 69' lang='lat' dir='ltr'><strong><em>(ex,</em></strong></span> <span class='ocrx_word' id='word_1_911' title='bbox 3649 5642 3705 5689; x_wconf 81' lang='lat' dir='ltr'><strong><em>et</em></strong></span> 
     </span>
    </p>
   </div>
   <div class='ocr_carea' id='block_1_121' title="bbox 2102 5724 3703 5796">
    <p class='ocr_par' dir='ltr' id='par_1_121' title="bbox 2102 5724 3703 5796">
     <span class='ocr_line' id='line_1_121' title="bbox 2102 5724 3703 5796; baseline 0 -17"><span class='ocrx_word' id='word_1_912' title='bbox 2102 5725 2254 5788; x_wconf 87' lang='lat' dir='ltr'><strong><em>illud,</em></strong></span> <span class='ocrx_word' id='word_1_913' title='bbox 2302 5724 2363 5780; x_wconf 89' lang='lat' dir='ltr'><strong><em>St</em></strong></span> <span class='ocrx_word' id='word_1_914' title='bbox 2407 5725 2628 5796; x_wconf 85' lang='lat' dir='ltr'><strong><em>primunt</em></strong></span> <span class='ocrx_word' id='word_1_915' title='bbox 2674 5734 3033 5780; x_wconf 88' lang='lat' dir='ltr'><strong><em>testantentunt</em></strong></span> <span class='ocrx_word' id='word_1_916' title='bbox 3063 5735 3173 5779; x_wconf 90' lang='lat' dir='ltr'><strong><em>erat</em></strong></span> <span class='ocrx_word' id='word_1_917' title='bbox 3220 5725 3703 5796; x_wconf 80' lang='lat' dir='ltr'><strong><em>irrepreltensibile?</em></strong></span> 
     </span>
    </p>
   </div>
   <div class='ocr_carea' id='block_1_122' title="bbox 2099 5817 3697 5887">
    <p class='ocr_par' dir='ltr' id='par_1_122' title="bbox 2099 5817 3697 5887">
     <span class='ocr_line' id='line_1_122' title="bbox 2099 5817 3697 5887; baseline -0.003 -13"><span class='ocrx_word' id='word_1_918' title='bbox 2099 5819 2421 5887; x_wconf 89' lang='lat' dir='ltr'><strong><em>Quomodo?</em></strong></span> <span class='ocrx_word' id='word_1_919' title='bbox 2471 5817 2636 5874; x_wconf 74' lang='lat' dir='ltr'><strong><em>Juxta</em></strong></span> <span class='ocrx_word' id='word_1_920' title='bbox 2677 5820 3061 5874; x_wconf 83' lang='lat' dir='ltr'><strong><em>conscientiam.</em></strong></span> <span class='ocrx_word' id='word_1_921' title='bbox 3114 5817 3247 5875; x_wconf 85' lang='lat' dir='ltr'><strong><em>Nam</em></strong></span> <span class='ocrx_word' id='word_1_922' title='bbox 3290 5817 3555 5874; x_wconf 85' lang='lat' dir='ltr'><strong><em>sacriﬁcia</em></strong></span> <span class='ocrx_word' id='word_1_923' title='bbox 3593 5832 3697 5870; x_wconf 87' lang='lat' dir='ltr'><strong><em>non</em></strong></span> 
     </span>
    </p>
   </div>
   <div class='ocr_carea' id='block_1_123' title="bbox 2098 5909 3695 5980">
    <p class='ocr_par' dir='ltr' id='par_1_123' title="bbox 2098 5909 3695 5980">
     <span class='ocr_line' id='line_1_123' title="bbox 2098 5909 3695 5980; baseline -0.006 -12"><span class='ocrx_word' id='word_1_924' title='bbox 2098 5913 2423 5969; x_wconf 86' lang='lat' dir='ltr'><strong><em>amovebant</em></strong></span> <span class='ocrx_word' id='word_1_925' title='bbox 2473 5912 2666 5970; x_wconf 87' lang='lat' dir='ltr'><strong><em>sordes</em></strong></span> <span class='ocrx_word' id='word_1_926' title='bbox 2705 5912 2774 5968; x_wconf 88' lang='lat' dir='ltr'><strong><em>ab</em></strong></span> <span class='ocrx_word' id='word_1_927' title='bbox 2801 5913 3003 5980; x_wconf 84' lang='lat' dir='ltr'><strong><em>anima,</em></strong></span> <span class='ocrx_word' id='word_1_928' title='bbox 3047 5911 3142 5968; x_wconf 89' lang='lat' dir='ltr'><strong><em>sed</em></strong></span> <span class='ocrx_word' id='word_1_929' title='bbox 3173 5911 3347 5967; x_wconf 86' lang='lat' dir='ltr'><strong><em>adhuc</em></strong></span> <span class='ocrx_word' id='word_1_930' title='bbox 3373 5916 3528 5965; x_wconf 86' lang='lat' dir='ltr'><strong><em>erant</em></strong></span> <span class='ocrx_word' id='word_1_931' title='bbox 3553 5909 3695 5965; x_wconf 86' lang='lat' dir='ltr'><strong><em>circa</em></strong></span> 
     </span>
    </p>
   </div>
   <div class='ocr_carea' id='block_1_124' title="bbox 3351 5999 3393 6065">
    <p class='ocr_par' dir='ltr' id='par_1_124' title="bbox 3351 5999 3393 6065">
     <span class='ocr_line' id='line_1_124' title="bbox 3351 5999 3393 6065; baseline 0 0"><span class='ocrx_word' id='word_1_932' title='bbox 3351 5999 3393 6065; x_wconf 80' lang='lat'>8</span> 
     </span>
    </p>
   </div>
  </div>
