4172 6462
602 370 702 428 “9

587 517 783 571 corpus
806 518 819 556 :
846 499 1141 555 Secundum
1182 499 1340 570 legem
1370 499 1522 560 enim,
1556 496 1747 567 inquit,
1787 496 2015 550 mandati
2060 513 2176 550 car-

587 596 721 648 nalis
744 593 931 655 (Hebr.
964 595 1014 647 7.
1049 591 1161 663 16).
1190 591 1307 646 Non
1341 599 1587 661 poterant
1617 590 1759 645 enim
1783 588 2055 644 dimittere
2079 588 2175 644 ad-

587 687 860 750 ulterium,
895 699 1073 756 neque
1114 684 1339 747 eadem,
1374 698 1551 753 neque
1595 681 1960 753 sacrilegium.
1989 680 2176 747 Vides,

587 778 704 834 lloc
729 778 943 848 quidem
972 775 1245 839 comedas,
1279 774 1412 829 illud
1446 790 1551 827 non
1591 772 1879 828 comedas?
1905 787 2025 842 qum
2054 773 2177 842 qui-

587 870 709 923 dem
726 880 850 923 sunt
868 867 1249 922 indilferentia.
1267 865 1601 921 Solummodo
1619 865 1672 919 in
1688 864 1810 919 cibis
1831 873 1875 917 et
1897 865 1951 918 in
1977 865 2178 936 potibus

586 960 677 1017 £0.
704 971 751 1015 et
778 962 829 1015 in
852 961 1002 1015 rariis
1026 959 1428 1027 baptismatibus.
1446 955 1791 1028 lloc,_inquit,
1811 957 1935 1012 bibe
1962 972 2177 1027 :quam-

583 1069 744 1124 quam
787 1054 856 1109 de
883 1063 1006 1123 potu
1031 1052 1160 1107 nihil
1191 1051 1718 1116 eratconstitutum;
1768 1050 1862 1106 sed
1904 1051 2019 1105 haec
2039 1050 2169 1105 dicit

583 1146 948 1217 vilipendens.
973 1145 1040 1200 Et
1067 1147 1221 1200 variis
1244 1143 1650 1216 baptismatibus,
1681 1153 1727 1198 et
1744 1142 1960 1214 justitiis
1983 1142 2174 1208 carnis,

584 1255 743 1310 usque
774 1237 843 1291 ad
883 1247 1078 1309 tempus
1106 1236 1431 1290 correctionis
1457 1235 1731 1304 impositis.
1759 1233 1886 1289 Haec
1918 1242 2003 1287 est
2026 1232 2174 1288 enim

581 1333 789 1402 iustitia
831 1332 1031 1386 carnis.
1076 1331 1174 1385 llic
1202 1329 1462 1384 sacrificia
1509 1327 1725 1396 dejicit,
1769 1326 2059 1381 ostendens
2112 1341 2176 1381 ea

588 1426 787 1481 nullam
821 1423 1075 1477 habuisse
1116 1424 1388 1487 virtutem,
1422 1429 1476 1473 et
1498 1419 1659 1473 fuisse
1683 1432 1851 1485 usque
1870 1417 1936 1472 ad
1966 1426 2177 1487 tempus

587 1515 962 1579 correctionis;
994 1513 1094 1569 hoc
1115 1522 1218 1579 est,
1242 1522 1583 1581 exspectasse
1601 1518 1809 1577 tempus
1826 1507 1966 1577 quod
1998 1509 2176 1562 Olltltia

588 1610 844 1679 corrigat.
877 1609 964 1662 ll.
998 1607 1228 1660 Christus
1257 1613 1424 1658 autent
1460 1602 1702 1656 assistens
1724 1601 1958 1671 pontifex
1978 1600 2179 1669 futuro-

589 1718 704 1754 rum
752 1702 1018 1765 bonorum,
1050 1714 1138 1768 per
1175 1695 1396 1766 amplius
1423 1705 1467 1748 et
1495 1692 1766 1764 perfectius
1796 1688 2178 1745 tabernaculum

591 1810 691 1848 non
737 1792 1105 1860 manufactum.
1136 1788 1364 1842 Carnem
1398 1785 1483 1840 hic
1513 1784 1662 1839 dicit.
1695 1784 1862 1838 Recte
1884 1792 2062 1837 autem
2090 1780 2178 1834 di-

590 1883 668 1938 xit
711 1881 886 1951 majus
911 1890 966 1935 et
997 1878 1304 1950 perfectius,
1355 1876 1620 1946 siquidem
1663 1883 1717 1928 et
1746 1875 1889 1937 Deus
1919 1872 2175 1939 Verbum,

603 1984 656 2028 et
685 1973 928 2027 universa
959 1969 1198 2039 operatio
1219 1968 1448 2038 Spiritus
1470 1969 1522 2022 in
1551 1982 1615 2021 eo
1638 1966 1875 2019 habitat:
1909 1964 2027 2019 Non
2045 1965 2178 2017 enim

585 2057 652 2108 ad
682 2072 971 2112 mensuram
1002 2057 1089 2110 dat
1122 2056 1259 2111 Deus
1286 2057 1541 2129 spiritum.
1569 2056 1671 2110 Aut
1695 2054 1982 2125 perfectius
2016 2054 2167 2119 dicit,

585 2160 642 2205 ut
673 2158 728 2203 et
750 2151 803 2204 in
836 2148 977 2219 quod
1009 2164 1112 2202 non
1144 2148 1682 2217 cadatrcprehensio,
1724 2146 1943 2218 etquod
1972 2149 2173 2216 majora

585 2250 728 2296 recte
757 2248 925 2312 gerat.
976 2238 1041 2293 Id
1067 2250 1159 2304 est,
1217 2256 1318 2293 non
1347 2240 1500 2309 hujus
1548 2238 1837 2293 errationis.
1870 2238 2009 2293 Ecce
2035 2253 2173 2308 quo-

584 2333 743 2388 modo
772 2333 977 2403 majus:
1014 2347 1119 2386 non
1171 2341 1314 2386 esset
1361 2330 1506 2385 enim
1547 2346 1613 2384 ex
1658 2330 1869 2399 spiritu,
1916 2329 1962 2384 si
2012 2329 2174 2384 homo

584 2429 756 2495 ipsum
775 2426 1179 2481 construxisset.
1216 2422 1334 2477 Non
1361 2423 1514 2495 hujus
1532 2423 1816 2486 creationis,
1844 2422 2047 2492 inquit;
2072 2420 2173 2476 huc

586 2530 688 2586 est,
715 2536 817 2573 non
840 2528 1009 2574 estex
1042 2518 1123 2571 his
1171 2516 1330 2571 rebus
1363 2518 1575 2578 creatis,
1596 2514 1690 2569 sed
1716 2513 2008 2583 spiritualis
2024 2527 2174 2567 crea-

582 2611 744 2665 tionis
779 2629 791 2665 :
821 2627 888 2666 ex
931 2610 1132 2679 Spiritu
1177 2609 1321 2663 enim
1366 2615 1553 2662 sancto
1603 2614 1975 2660 constructum
2030 2612 2166 2658 erat.

584 2702 746 2758 Vides
774 2701 1043 2773 quomodo
1084 2710 1139 2754 et
1165 2699 1564 2754 tabernaculum
1598 2706 1654 2753 et
1698 2698 1873 2751 velum
1905 2695 2168 2750 etcaelum

582 2805 739 2850 vocet
766 2810 959 2864 corpus
983 2795 1007 2849 ?
1047 2793 1152 2848 Per
1193 2794 1360 2864 majus
1385 2801 1431 2845 et
1456 2792 1728 2863 perfectius
1756 2789 2169 2854 tabernaculum;

581 2885 795 2949 deinde,
818 2884 924 2940 Per
948 2884 1136 2950 velum,
1166 2883 1261 2938 hoc
1290 2892 1385 2946 est,
1420 2898 1624 2937 carnem
1655 2897 1838 2945 suam;
1869 2889 1924 2935 et
1944 2894 2130 2935 rursus
2150 2920 2165 2944 ,

585 2978 649 3032 In
679 2975 1035 3033 interiora-veli
1063 2975 1248 3045 (llebr.
1283 2974 1337 3031 6.
1372 2972 1501 3045 19);
1549 2983 1605 3029 et
1633 2987 1841 3039 rursus,
1869 2970 2172 3043 Ingredien-

583 3081 679 3123 tem
706 3070 760 3123 in
786 3078 959 3124 sancta
988 3076 1299 3132 sanctorum,
1342 3076 1400 3121 ut
1435 3072 1692 3135 appareat
1715 3063 1882 3117 vultui
1914 3064 2024 3117 Dei.
2059 3063 2170 3118 Cur

582 3176 711 3232 ergo
758 3160 861 3216 hoc
913 3160 1077 3214 facit?
1124 3158 1193 3214 Ut
1239 3170 1336 3211 nos
1361 3154 1553 3213 doceat
1583 3153 1877 3210 secundum
1923 3153 2069 3209 aliud
2112 3162 2171 3210 et

582 3252 727 3308 aliud
759 3252 1120 3321 signiﬁcatum
1140 3248 1398 3304 eumdem
1426 3262 1548 3303 esse
1574 3262 1902 3301 sermonem.
1930 3244 2002 3301 Ut
2021 3254 2166 3315 puta,

581 3345 760 3400 velum
788 3344 979 3398 ca-lmn
1014 3350 1130 3396 est:
1174 3341 1313 3396 sicut
1342 3340 1482 3393 enim
1527 3339 1704 3391 velum
1737 3337 1898 3392 veluti
1930 3335 2166 3407 quodam

580 3450 737 3489 muro
765 3442 946 3489 sancta
971 3442 1205 3502 separat,
1229 3433 1307 3486 sic
1329 3445 1453 3485 caro
1471 3430 1698 3483 occultat
1721 3427 2085 3493 divinitatem,
2113 3434 2169 3483 et

583 3541 711 3580 caro
751 3526 875 3580 item
905 3536 985 3581 est
1016 3525 1437 3586 tabernaculum,
1469 3521 1800 3575 divinitatem
1842 3518 2081 3585 habens;
2112 3527 2170 3574 et

582 3619 986 3674 tabernaculum
1037 3633 1224 3673 rursus
1270 3617 1488 3679 cadum;
1534 3614 1642 3668 illic
1692 3614 1834 3666 enim
1890 3622 1971 3668 est
2022 3613 2166 3668 intus

582 3710 839 3779 pontifex.
868 3707 1099 3765 Christus
1125 3718 1314 3774 autem,
1346 3707 1540 3778 inquit,
1571 3719 1684 3759 cum
1711 3704 2001 3760 accessisset
2030 3720 2165 3775 pon-

579 3804 717 3873 tifex.
750 3801 864 3857 Non
890 3801 1043 3865 dixit,
1075 3800 1205 3856 Cum
1240 3799 1409 3855 factus
1434 3807 1598 3864 esset,
1626 3796 1742 3859 sed,
1765 3796 1889 3850 Cum
1919 3794 2165 3851 accessis-

575 3904 684 3959 set;
713 3896 813 3949 hoc
840 3905 941 3958 est,
970 3909 1091 3947 cum
1137 3891 1201 3945 ad
1247 3892 1347 3946 hoc
1380 3891 1553 3961 ipsum
1587 3889 1844 3953 venisset,
1876 3903 1981 3941 nou
2007 3886 2164 3942 alteri

574 3988 955 4043 successisset:
993 4004 1096 4040 nun
1129 3987 1274 4054 prius
1318 3984 1567 4046 accessit,
1601 3991 1653 4037 et
1686 3991 1812 4036 tunc
1836 3981 2006 4036 factus
2041 3989 2162 4049 est;

573 4077 669 4132 sed
714 4077 942 4132 siumlac
989 4077 1154 4130 venit.
1195 4075 1262 4128 Et
1310 4089 1414 4127 non
1458 4072 1589 4128 di\il
1622 4090 1633 4126 :
1663 4071 1797 4127 Cum
1846 4073 2164 4128 accessisset

566 4167 809 4237 pontifex
850 4184 1034 4223 corum
1061 4183 1180 4238 qum
1228 4168 1623 4229 sacrilicantur,
1678 4163 1796 4229 sed,
1842 4162 2157 4218 Futurorum

573 4261 836 4326 bonorum,
880 4274 947 4315 eo
986 4259 1130 4330 quod
1171 4272 1275 4313 non
1309 4268 1490 4328 posset
1538 4258 1845 4312 universum
1893 4257 2161 4326 explicare

572 4351 764 4407 oratiu.
797 4351 887 4410 12.
937 4349 1120 4424 Neque
1149 4366 1238 4421 per
1260 4351 1560 4421 sanguinent
1603 4349 1860 4404 hircorum
1898 4358 1988 4404 aut
2029 4350 2163 4405 vitu-

572 4444 757 4498 lorum.
787 4440 977 4503 Omnia
1009 4449 1137 4497 sunt
1168 4443 1465 4495 immutata.
1491 4439 1599 4495 Sed
1630 4455 1720 4509 per
1749 4440 2014 4508 proprium
2040 4454 2163 4493 san-

569 4534 775 4605 guinem
805 4532 1031 4591 introivit
1074 4532 1229 4589 semel
1265 4532 1319 4587 in
1365 4516 1564 4585 sancta.
1608 4529 1750 4584 Ecce
1796 4528 1923 4583 illud
1955 4528 2163 4584 vocavit

570 4614 782 4680 caelum.
810 4621 1004 4694 Semel,
1041 4622 1235 4695 inquit,
1260 4621 1483 4676 introivit
1522 4621 1577 4675 in
1614 4629 1809 4683 sancta,
1859 4630 2049 4675 (eterna
2072 4635 2159 4676 re-

570 4717 859 4790 demptione
899 4718 1117 4773 iuventa.
1159 4715 1229 4772 Et
1266 4712 1416 4780 illud,
1452 4713 1691 4790 Inuenta,
1719 4720 1803 4769 est
1843 4730 1909 4770 ex
1953 4714 2018 4770 iis
2035 4730 2159 4787 quas

563 4787 697 4866 sunt
719 4807 873 4863 valde
907 4807 1091 4873 dubia,
1133 4815 1189 4863 et
1218 4815 1413 4876 praeter
1441 4787 1920 4875 exspectationem,
1953 4822 2148 4878 nempe

564 4900 838 4970 quomodo
878 4916 983 4970 per
1012 4915 1175 4955 unum
1206 4898 1483 4955 introitum
1511 4907 1768 4954 :eternam
1819 4897 2023 4955 invenit
2058 4914 2141 4955 re-

563 4993 948 5063 demptionem.
983 4992 1185 5050 Deinde
1231 4993 1473 5061 sequitur
1522 4992 1575 5047 id
1611 4992 1752 5062 quod
1780 5002 1865 5048 est
1889 4994 2146 5050 credibile

561 5094 617 5141 et
659 5085 890 5142 aﬂerens
945 5085 1103 5142 ﬁdem
1150 5086 1279 5141 :l5.
1321 5083 1384 5140 Si
1434 5085 1565 5144 enim
1629 5088 1836 5158 sanguis
1889 5086 2147 5143 hircorum

563 5188 609 5231 et
631 5187 913 5241 taurorum,
933 5185 978 5230 et
993 5176 1121 5230 cinis
1168 5177 1339 5233 vitulte
1369 5194 1605 5248 aspersus
1648 5179 1937 5249 inquinatos
1964 5180 2153 5234 sancti-

564 5271 683 5338 ﬁcat
712 5268 780 5322 ad
805 5268 1214 5322 emundationem
1250 5269 1456 5325 carnis:
1480 5270 1566 5325 M.
1596 5281 1783 5339 quanto
1829 5271 1988 5343 magis
2027 5289 2148 5326 san-

562 5361 679 5430 guis
711 5358 919 5424 Christi,
976 5360 1062 5429 qui
1110 5377 1198 5429 per
1257 5361 1506 5432 Spiritum
1556 5372 1785 5416 sanctum
1827 5365 2150 5437 semetipsum

566 5453 747 5507 obtulit
804 5452 1186 5508 immaculatum
1234 5453 1341 5511 Deo
1369 5497 1386 5521 ,
1440 5455 1733 5512 emundabit
1787 5458 2146 5512 conscientiam

564 5552 792 5596 nostram
816 5541 878 5594 ab
891 5544 1122 5613 cperibus
1144 5546 1353 5599 mortuis
1380 5545 1449 5599 ad
1466 5546 1784 5600 serviendum
1806 5545 1910 5602 Deo
1927 5549 2107 5601 viventi
2120 5550 2145 5602 ?

564 5634 619 5691 Si
644 5635 809 5701 enim,
840 5634 1029 5705 inquit,
1051 5651 1266 5693 carnem
1294 5646 1468 5707 potest
1493 5637 1754 5693 mundare
1780 5639 1998 5708 sanguis
2029 5649 2146 5695 tau-

567 5742 768 5790 rorum,
806 5727 972 5781 multo
1004 5728 1173 5799 magis
1195 5728 1387 5784 sordes
1415 5730 1609 5784 anima:
1640 5727 1913 5799 absterget
1932 5733 2150 5800 sanguis

566 5816 783 5877 Chrisu.
813 5820 945 5878 Nam
991 5838 1059 5880 ne
1098 5836 1220 5879 cum
1250 5822 1506 5890 audieris,
1556 5821 1858 5892 Sancti/ictu
1898 5839 2148 5896 magnum

1320 379 1376 433 S.
1416 375 1694 437 JOANNIS
1732 377 2212 441 CHRYSOSTUMI
2250 389 2563 449 ARClllEP.
2603 396 3142 464 CONSTANTINUP.

3756 427 3845 485 1ἓο

2293 508 2419 578 quid
2445 510 2738 579 existimes,
2773 515 2993 571 adnotat
3016 528 3069 572 et
3094 520 3330 576 ostendit
3355 525 3480 593 quid
3514 527 3707 587 intersit
3732 539 3854 595 inter

2292 609 2573 672 utramque
2603 606 3109 676 sanctiﬁcatiuuem,
3143 621 3197 666 et
3223 616 3495 683 quomodo
3524 618 3635 676 haec
3657 628 3852 695 quidem

2291 703 2372 749 est
2399 694 2666 765 sublimis,
2697 698 2787 753 illa
2820 716 2948 755 vero
2977 700 3230 759 humilis:
3260 715 3314 761 et
3344 708 3476 764 dicit
3504 694 3692 771 merito
3717 719 3764 774 id
3792 722 3852 777 ita

2289 802 2430 853 esse,
2455 788 2720 858 siquidem
2745 791 2833 847 ille
2859 793 3078 862 quidem
3101 806 3183 850 est
3205 802 3425 869 sanguis
3448 810 3737 872 taurorum,
3776 813 3854 869 hic

2287 886 2465 933 autem
2493 879 2714 936 Christi.
2743 881 2853 938 Nec
2887 883 2985 939 fuit
3009 894 3296 944 contentus
3322 893 3562 959 nomine,
3589 898 3680 953 sed
3702 903 3848 959 etiam

2288 970 2504 1065 modum
2536 973 2690 1042 ponit
2724 974 3033 1033 oblationis.
3079 977 3182 1045 Qui
3216 998 3305 1050 per
3330 982 3583 1054 Spiritum
3613 1004 3849 1065 sanctum,

2286 1060 2472 1155 inquit,
2493 1065 2817 1155 semetipsum
2843 1066 3025 1123 obtulit
3057 1068 3440 1129 immaculatum
3467 1075 3572 1133 Deo
3590 1095 3610 1134 :
3635 1080 3733 1140 hoc
3753 1060 3846 1155 est,

2284 1149 2513 1207 hostiam
2542 1154 2962 1225 immaculatam,
2991 1160 3248 1217 mundam
3275 1180 3303 1217 a
3335 1170 3588 1235 peccatis.
3613 1171 3740 1228 Illud
3763 1149 3851 1233 au;

2284 1253 2413 1310 tem,
2446 1244 2550 1301 Per
2578 1246 2833 1318 Spiritum
2859 1260 3114 1318 sanctum,
3148 1253 3198 1308 id
3245 1265 3347 1321 est,
3378 1274 3485 1313 non
3526 1276 3620 1329 per
3650 1265 3810 1335 ignem
3832 1311 3847 1336 ,

2282 1350 2387 1391 non
2426 1353 2521 1408 per
2548 1339 2722 1409 aliqua
2754 1342 2877 1395 alia.
2897 1340 3232 1413 Emundabit,
3270 1348 3478 1420 inquit,
3507 1358 3847 1416 conscientiam

2279 1437 2503 1482 nostram
2533 1429 2595 1483 ab
2623 1432 2858 1500 operibus
2891 1436 3122 1490 mortuis.
3156 1437 3325 1494 Recte
3352 1440 3507 1509 dixit,
3531 1445 3605 1499 Ab
3631 1452 3848 1518 operibus

2278 1522 2508 1575 ntartuis.
2531 1521 2584 1576 Si
2617 1524 2736 1591 quis
2762 1526 2905 1580 enim
2930 1537 3057 1582 tunc
3079 1529 3327 1599 tetigerat
3346 1545 3637 1605 mortuum,
3658 1540 3846 1610 pollue-

2274 1610 2463 1680 batnr;
2495 1624 2550 1669 et
2594 1614 2682 1670 hic
2710 1615 2755 1671 si
2783 1618 2906 1687 quis
2939 1619 3172 1690 tetigerit
3224 1637 3363 1693 opus
3405 1637 3697 1696 mortuum,
3732 1634 3840 1702 pol-

2276 1704 2440 1759 luitur
2465 1721 2565 1777 per
2597 1708 3007 1764 conscientiam.
3052 1712 3133 1765 Ad
3158 1715 3499 1785 seruiendum,
3534 1718 3717 1791 inquit,
3743 1722 3844 1781 Deo

2274 1795 2455 1849 viventi
2492 1807 2539 1850 et
2567 1814 2700 1852 vero.
2728 1797 2827 1854 Hic
2851 1800 3107 1867 ostendit,
3146 1804 3288 1873 quod
3323 1807 3439 1861 lieri
3469 1823 3576 1864 non
3606 1823 3776 1881 potest
3794 1828 3845 1872 ut

2269 1886 2357 1954 qui
2391 1896 2599 1942 mortua
2624 1888 2786 1944 habet
2806 1905 2993 1960 Opera,
3025 1894 3227 1948 serviat
3255 1910 3380 1952 vero
3402 1906 3456 1952 et
3486 1900 3680 1957 viventi
3709 1905 3834 1962 Deo.

2267 1975 2457 2030 Merito
2468 1977 2620 2046 dixit,
2643 1977 2747 2033 Deo
2764 1981 2942 2034 viventi
2962 1991 3008 2036 et
3026 1997 3161 2049 vero,
3176 1985 3463 2042 ostendens
3484 1989 3573 2045 illa
3591 2008 3707 2062 quae
3727 1996 3841 2053 olfe-

2265 2077 2457 2121 runtur
2486 2068 2583 2138 ipsi
2599 2069 2722 2123 talia
2739 2085 2858 2125 esse
2877 2071 3094 2128 debere.
3123 2074 3253 2143 Qua:
3267 2091 3296 2130 a
3316 2077 3471 2133 nobis
3510 2097 3637 2153 ergo
3660 2088 3843 2154 prode-

2259 2164 2375 2221 unt,
2418 2157 2649 2214 viventia
2687 2169 2742 2217 et
2792 2176 2917 2218 vera
2942 2172 3106 2218 sunt:
3137 2163 3225 2218 illa
3254 2180 3381 2220 vero
3406 2181 3530 2237 quas
3569 2181 3600 2222 a
3629 2166 3839 2236 induis,

2258 2253 2310 2297 et
2346 2256 2554 2302 mortua
2579 2260 2633 2305 et
2659 2249 2828 2319 falsa;
2857 2260 2913 2307 et
2930 2254 3148 2309 merito.

2329 2337 2383 2392 3.
2403 2338 2585 2394 Nullus
2610 2342 2768 2412 igitur
2799 2345 3000 2402 habens
3021 2362 3184 2417 opera
3211 2356 3420 2404 mortua
3452 2350 3560 2407 huc
3579 2351 3839 2422 ingredia-

2261 2437 2363 2482 tur.
2399 2429 2454 2485 Si
2484 2436 2624 2487 enim
2653 2451 2774 2490 cum
2806 2439 2894 2507 qui
2925 2448 3190 2495 mortuum
3222 2456 3418 2512 corpus
3453 2444 3719 2515 tangebat,
3741 2458 3838 2499 non

2257 2523 2541 2591 oportebat
2576 2526 2802 2597 ingredi,
2837 2530 3005 2585 multo
3030 2532 3201 2602 magis
3227 2548 3351 2587 eum
3390 2535 3485 2605 qui
3507 2549 3671 2606 opera
3694 2536 3839 2591 habet

2256 2622 2466 2667 mortua
2492 2630 2506 2667 :
2541 2625 2625 2670 est
2653 2616 2795 2671 enim
2821 2618 3045 2687 pollutio
3073 2622 3415 2691 gravissima.
3440 2623 3652 2680 Mortua
3672 2636 3836 2680 autem

2254 2716 2378 2760 sunt
2404 2722 2566 2777 opera
2593 2712 2770 2766 omnia
2800 2729 2919 2783 qua:
2949 2716 3108 2769 vitam
3141 2731 3245 2771 non
3278 2717 3634 2790 habent,qnaz
3654 2729 3835 2776 tetrum

2262 2796 2473 2866 spirant
2498 2799 2741 2856 odorem.
2770 2802 3088 2860 Sicut‘enim
3119 2799 3319 2877 corpus
3337 2821 3614 2867 mortuum
3641 2811 3706 2866 ad
3734 2810 3842 2866 nul-

2255 2884 2364 2941 lum
2393 2904 2609 2944 sensum
2639 2901 2724 2947 est
2749 2893 2900 2961 utile,
2932 2895 3028 2950 sed
3058 2898 3219 2952 etiam
3252 2900 3507 2956 molestia
3548 2900 3713 2957 aflicit
3757 2913 3841 2956 eos

2252 2979 2341 3059 qui
2371 2981 2804 3052 appropinquant
2836 3003 2849 3039 :
2880 2986 2950 3040 ita
2980 2990 3141 3043 etiam
3191 3001 3479 3060 peccatum
3515 2995 3694 3049 statim
3733 2993 3842 3049 ferit

2256 3068 2561 3126 facultatem
2603 3074 2983 3139 ratiocinandi,
3008 3087 3192 3135 etnec
3230 3081 3399 3151 ipsam
3443 3085 3661 3154 quidem
3709 3099 3845 3139 men-

2253 3167 2359 3213 tem
2392 3161 2519 3214 sinit
2544 3162 2849 3233 quicscere,
2878 3166 2973 3221 sed
3000 3168 3163 3223 etiam
3192 3171 3301 3224 ciet
3329 3175 3627 3230 tumultum
3659 3184 3711 3230 et
3732 3189 3839 3228 eam

2250 3252 2546 3321 perturbat.
2605 3254 2810 3310 Dicitur
2860 3268 3038 3313 autem
3082 3262 3249 3329 pestis
3295 3278 3518 3335 quoque
3542 3276 3699 3323 enata
3726 3281 3839 3321 coro

2252 3357 2503 3412 rumpere
2533 3359 2782 3416 corpora.
2815 3348 2944 3404 Tale
2961 3360 3043 3406 est
3070 3353 3230 3408 etiam
3264 3367 3549 3424 peccatum
3585 3376 3600 3413 :
3632 3375 3662 3413 a
3702 3366 3843 3430 peste

2254 3433 2385 3490 nihil
2440 3436 2641 3504 differt,
2667 3456 2772 3496 non
2798 3457 2976 3498 aerem
3007 3447 3235 3515 primmu
3262 3450 3842 3523 corrumpens,deinde

2249 3536 2499 3594 corpora,
2530 3529 2624 3583 sed
2658 3532 2837 3586 statim
2871 3534 2924 3587 in
2959 3536 3192 3590 animum
3222 3539 3497 3599 insiliens.

2327 3613 2497 3671 Morbi
2520 3620 2705 3674 animae
2730 3624 2919 3677 morbis
2936 3627 3163 3695 corporis
3193 3630 3418 3699 pejores.
3443 3633 3601 3687 Amor
3630 3633 3845 3704 pecuniis

2251 3715 2496 3773 quantum
2524 3708 2737 3764 malum.
2761 3740 2833 3751 -—
2855 3711 2968 3767 Non
2992 3715 3137 3770 vides
3157 3731 3251 3772 eos
3279 3721 3370 3787 qui
3402 3732 3558 3791 peste
3586 3724 3842 3785 laborant.

2251 3796 2522 3864 quomodo
2544 3798 2960 3871 inﬂammantur,
2975 3808 3244 3875 quomodo
3259 3811 3540 3880 agitantur
3555 3823 3609 3868 et
3629 3816 3844 3869 circum-

2248 3886 2553 3957 volvuntur,
2573 3893 2841 3960 quomodo
2854 3895 3040 3952 lictore
3056 3908 3178 3952 suut
3197 3900 3358 3968 pleni,
3398 3919 3562 3973 quam
3579 3910 3743 3976 turpis
3772 3911 3847 3959 est

2253 3992 2438 4034 eorum
2468 3992 2732 4051 aspectus,
2765 4001 2921 4054 quam
2956 3989 3047 4042 toti
3072 4000 3197 4043 sunt
3218 3992 3526 4049 immundi?
3553 3996 3711 4051 Tales
3734 4002 3847 4049 sunt

2252 4070 2410 4125 etiam
2434 4074 2523 4143 qui
2544 4083 2785 4143 peccant,
2811 4079 3144 4135 etiamsinon
3175 4083 3416 4140 videant.
3440 4087 3575 4142 Nam
3598 4090 3685 4143 dic
3705 4085 3846 4152 mihi,

2254 4170 2429 4217 annbn
2460 4167 2647 4234 quovis
2665 4166 3003 4225 febricitante
3023 4181 3107 4226 est
3131 4173 3370 4231 deterior
3399 4178 3491 4248 qui
3512 4179 3750 4249 pecunia:
3763 4189 3847 4232 aut

2251 4266 2536 4324 corporum
2556 4258 2743 4327 capt'us
2759 4269 2839 4315 est
2856 4259 3147 4318 desiderio?
3164 4281 3342 4320 atinon
3365 4268 3451 4323 his
3468 4281 3554 4325 est
3579 4270 3846 4339 impurior.

2251 4345 2339 4415 qui
2387 4348 2564 4401 omnia
2592 4350 2762 4419 turpia
2792 4352 2902 4422 agit
2942 4363 2995 4408 et
3019 4355 3253 4424 patitur?
3282 4356 3427 4426 Quid
3469 4370 3558 4416 est
3576 4361 3719 4416 enim
3742 4359 3850 4414 viro

2253 4438 2459 4508 turpius
2497 4439 2586 4509 qui
2619 4449 2830 4497 tenetur
2859 4458 3042 4500 amore
3070 4447 3346 4516 pecunia)?
3364 4466 3495 4506 nam
3509 4461 3853 4522 quaecumque

2249 4529 2586 4596 meretrices,
2617 4547 2971 4602 quaecumque
2999 4538 3226 4593 scenica:
3267 4542 3536 4599 mulieres
3562 4557 3674 4597 non
3699 4553 3851 4596 recu-

2248 4628 2371 4673 sant
2398 4618 2597 4688 facere,
2625 4637 2686 4677 ea
2714 4639 2816 4680 nec
2839 4625 2979 4693 iste;
3012 4629 3121 4683 imo
3149 4645 3276 4685 vero
3330 4641 3420 4688 est
3445 4632 3761 4700 verisimile,
3790 4629 3854 4687 il-

2250 4708 2333 4766 las
2398 4712 2568 4783 magis
2616 4732 2776 4786 quam
2826 4718 2969 4775 hunc
3016 4737 3284 4780 recusare.
3339 4725 3484 4793 Quid
3538 4727 3704 4794 dico,
3751 4737 3856 4782 non

2248 4804 2497 4861 recusat?
2549 4823 2637 4863 res
2689 4811 2891 4881 patitur
2929 4815 3175 4882 serviles,
3218 4816 3461 4876 adulans
3499 4820 3698 4891 quibus
3750 4831 3857 4875 non

2250 4909 2482 4966 oportet.
2511 4902 2681 4956 audax
2713 4921 2896 4959 rursus
2926 4916 2981 4962 et
3033 4908 3309 4964 conlidens
3342 4912 3438 4966 ubi
3484 4930 3594 4968 nou
3624 4918 3853 4983 oportet,

2238 4988 2440 5059 ubique
2489 4992 2767 5062 inzequalis
2795 5012 2807 5048 :
2838 4992 2968 5050 viris
3007 5009 3152 5066 saepe
3192 4996 3501 5065 sceleratis,
3544 5008 3604 5056 et
3633 4998 3840 5071 βιηθειὶ-

2236 5080 2533 5152 giatoribus
2558 5085 2827 5155 corruptis
2851 5100 2915 5140 ac
2940 5088 3138 5157 pravis,
3165 5088 3320 5158 longe
3344 5090 3467 5159 ipso
3492 5100 3551 5146 et
3569 5088 3849 5161 pauperio-

2238 5171 2389 5227 ribns
2411 5182 2463 5227 et
2490 5172 2873 5243 abjectioribus
2898 5176 3102 5232 assidet
3122 5185 3435 5247 assentaus,
3462 5190 3519 5237 et
3549 5181 3672 5236 aliis
3698 5176 3846 5236 bonis

2239 5274 2293 5319 et
2312 5264 2506 5321 virtute
2535 5267 2772 5337 prirdilis
2800 5269 3062 5325 insultans
3107 5282 3160 5327 et
3186 5275 3543 5330 contumeliis
3565 5284 3844 5345 appetens.

2239 5358 2433 5416 Vidisti
2469 5362 2735 5430 utrimque
2777 5363 3029 5432 probrum
3053 5373 3107 5419 et
3154 5365 3701 5435 impudentiam‘lest
3728 5380 3848 5438 perc

2240 5450 2362 5507 inde
2393 5452 2609 5508 humilis
2661 5463 2859 5522 praeter
2900 5456 3141 5524 modum,
3185 5468 3352 5528 atque
3400 5476 3694 5533 arrogans.
3745 5459 3846 5515 Sed

2238 5542 2387 5597 domi
2420 5552 2564 5598 stant
2606 5547 2942 5614 meretrices,
2990 5558 3046 5604 et
3092 5551 3195 5605 hoc
3238 5560 3325 5605 est
3379 5566 3576 5609 earum
3619 5555 3842 5618 crimen,

2240 5632 2381 5703 quod
2439 5647 2634 5703 corpus
2682 5636 2916 5693 vendant
2963 5640 3207 5710 pecuniis
3238 5659 3251 5696 :
3284 5656 3482 5698 verum
3541 5652 3844 5715 paupertas,

2243 5723 2438 5792 inquit,
2461 5725 2621 5795 cogit,
2652 5735 2707 5781 et
2736 5727 2900 5783 fames
2926 5730 3089 5801 cogit,
3107 5732 3206 5786 etsi
3231 5733 3476 5790 maxime
3505 5751 3577 5790 ne
3606 5737 3710 5793 hoc
3730 5730 3847 5805 qui-

2240 5812 2363 5871 dem
2389 5813 2581 5871 sufficit
2609 5816 2674 5873 ad
2704 5820 3102 5877 excusationem
3135 5838 3149 5877 :
3180 5830 3438 5893 poterant
3466 5827 3613 5884 enim
3634 5827 3704 5882 ali
3722 5838 3846 5895 ope-
