  <div class='ocr_page' id='page_1' title='image "/cluster/home/n/w/nwhite01/storage/ocr_20150623/63:no.12/coo.31924054869635/128.png"; bbox 0 0 4172 6444; ppageno 0'>
   <div class='ocr_carea' id='block_1_1' title="bbox 338 349 436 408">
    <p class='ocr_par' dir='ltr' id='par_1_1' title="bbox 338 349 436 408">
     <span class='ocr_line' id='line_1_1' title="bbox 338 349 436 408; baseline -0.061 1"><span class='ocrx_word' id='word_1_1' title='bbox 338 349 436 408; x_wconf 58' lang='grc' dir='ltr'><strong>εει</strong></span> 
     </span>
    </p>
   </div>
   <div class='ocr_carea' id='block_1_2' title="bbox 334 447 1960 514">
    <p class='ocr_par' dir='ltr' id='par_1_2' title="bbox 334 447 1960 514">
     <span class='ocr_line' id='line_1_2' title="bbox 334 447 1960 514; baseline -0.006 -2"><span class='ocrx_word' id='word_1_2' title='bbox 334 463 559 513; x_wconf 88' lang='lat' dir='ltr'><strong>rantes.</strong></span> <span class='ocrx_word' id='word_1_3' title='bbox 580 451 686 508; x_wconf 81' lang='lat' dir='ltr'><strong>Hic</strong></span> <span class='ocrx_word' id='word_1_4' title='bbox 713 455 898 508; x_wconf 91' lang='lat' dir='ltr'><strong>autem</strong></span> <span class='ocrx_word' id='word_1_5' title='bbox 928 453 1041 505; x_wconf 88' lang='lat' dir='ltr'><strong>stat</strong></span> <span class='ocrx_word' id='word_1_6' title='bbox 1072 461 1296 514; x_wconf 85' lang='lat' dir='ltr'><strong>avarus,</strong></span> <span class='ocrx_word' id='word_1_7' title='bbox 1320 462 1433 504; x_wconf 90' lang='lat' dir='ltr'><strong>non</strong></span> <span class='ocrx_word' id='word_1_8' title='bbox 1459 447 1630 513; x_wconf 89' lang='lat' dir='ltr'><strong>domi,</strong></span> <span class='ocrx_word' id='word_1_9' title='bbox 1656 448 1749 505; x_wconf 81' lang='lat' dir='ltr'><strong>sed</strong></span> <span class='ocrx_word' id='word_1_10' title='bbox 1773 449 1826 503; x_wconf 93' lang='lat' dir='ltr'><strong>in</strong></span> <span class='ocrx_word' id='word_1_11' title='bbox 1851 463 1960 504; x_wconf 92' lang='lat' dir='ltr'><strong>me-</strong></span> 
     </span>
    </p>
   </div>
   <div class='ocr_carea' id='block_1_3' title="bbox 330 542 1956 616">
    <p class='ocr_par' dir='ltr' id='par_1_3' title="bbox 330 542 1956 616">
     <span class='ocr_line' id='line_1_3' title="bbox 330 542 1956 616; baseline -0.005 -8"><span class='ocrx_word' id='word_1_12' title='bbox 330 555 428 608; x_wconf 89' lang='lat' dir='ltr'><strong>dia</strong></span> <span class='ocrx_word' id='word_1_13' title='bbox 462 552 723 612; x_wconf 77' lang='lat' dir='ltr'><strong>civitate,</strong></span> <span class='ocrx_word' id='word_1_14' title='bbox 747 562 856 602; x_wconf 84' lang='lat' dir='ltr'><strong>non</strong></span> <span class='ocrx_word' id='word_1_15' title='bbox 879 560 1111 616; x_wconf 88' lang='lat' dir='ltr'><strong>corpus,</strong></span> <span class='ocrx_word' id='word_1_16' title='bbox 1133 543 1228 600; x_wconf 88' lang='lat' dir='ltr'><strong>sed</strong></span> <span class='ocrx_word' id='word_1_17' title='bbox 1249 543 1491 599; x_wconf 88' lang='lat' dir='ltr'><strong>animam</strong></span> <span class='ocrx_word' id='word_1_18' title='bbox 1514 542 1734 599; x_wconf 84' lang='lat' dir='ltr'><strong>diabolo</strong></span> <span class='ocrx_word' id='word_1_19' title='bbox 1757 547 1956 616; x_wconf 86' lang='lat' dir='ltr'><strong>prosti-</strong></span> 
     </span>
    </p>
   </div>
   <div class='ocr_carea' id='block_1_4' title="bbox 335 639 1956 708">
    <p class='ocr_par' dir='ltr' id='par_1_4' title="bbox 335 639 1956 708">
     <span class='ocr_line' id='line_1_4' title="bbox 335 639 1956 708; baseline -0.004 -7"><span class='ocrx_word' id='word_1_20' title='bbox 335 658 531 708; x_wconf 86' lang='lat' dir='ltr'><strong>tuens,</strong></span> <span class='ocrx_word' id='word_1_21' title='bbox 559 652 622 699; x_wconf 92' lang='lat' dir='ltr'><strong>ut</strong></span> <span class='ocrx_word' id='word_1_22' title='bbox 655 649 711 698; x_wconf 90' lang='lat' dir='ltr'><strong>et</strong></span> <span class='ocrx_word' id='word_1_23' title='bbox 744 648 905 698; x_wconf 89' lang='lat' dir='ltr'><strong>coeat</strong></span> <span class='ocrx_word' id='word_1_24' title='bbox 930 649 983 695; x_wconf 92' lang='lat' dir='ltr'><strong>et</strong></span> <span class='ocrx_word' id='word_1_25' title='bbox 1011 639 1079 693; x_wconf 89' lang='lat' dir='ltr'><strong>ad</strong></span> <span class='ocrx_word' id='word_1_26' title='bbox 1113 639 1292 708; x_wconf 91' lang='lat' dir='ltr'><strong>ipsum</strong></span> <span class='ocrx_word' id='word_1_27' title='bbox 1325 639 1637 694; x_wconf 85' lang='lat' dir='ltr'><strong>meretricis</strong></span> <span class='ocrx_word' id='word_1_28' title='bbox 1673 639 1850 695; x_wconf 88' lang='lat' dir='ltr'><strong>instar</strong></span> <span class='ocrx_word' id='word_1_29' title='bbox 1874 640 1956 695; x_wconf 87' lang='lat' dir='ltr'><strong>in-</strong></span> 
     </span>
    </p>
   </div>
   <div class='ocr_carea' id='block_1_5' title="bbox 334 731 1960 806">
    <p class='ocr_par' dir='ltr' id='par_1_5' title="bbox 334 731 1960 806">
     <span class='ocr_line' id='line_1_5' title="bbox 334 731 1960 806; baseline -0.004 -12"><span class='ocrx_word' id='word_1_30' title='bbox 334 741 674 806; x_wconf 65' lang='lat' dir='ltr'><strong>grediatur,</strong></span> <span class='ocrx_word' id='word_1_31' title='bbox 709 744 768 792; x_wconf 91' lang='lat' dir='ltr'><strong>et</strong></span> <span class='ocrx_word' id='word_1_32' title='bbox 797 733 948 789; x_wconf 85' lang='lat' dir='ltr'><strong>omni</strong></span> <span class='ocrx_word' id='word_1_33' title='bbox 987 732 1112 803; x_wconf 86' lang='lat' dir='ltr'><strong>ejus</strong></span> <span class='ocrx_word' id='word_1_34' title='bbox 1144 731 1368 802; x_wconf 89' lang='lat' dir='ltr'><strong>impleta</strong></span> <span class='ocrx_word' id='word_1_35' title='bbox 1412 731 1642 788; x_wconf 87' lang='lat' dir='ltr'><strong>libidine</strong></span> <span class='ocrx_word' id='word_1_36' title='bbox 1684 745 1876 800; x_wconf 82' lang='lat' dir='ltr'><strong>exeat;</strong></span> <span class='ocrx_word' id='word_1_37' title='bbox 1907 745 1960 788; x_wconf 91' lang='lat' dir='ltr'><strong>et</strong></span> 
     </span>
    </p>
   </div>
   <div class='ocr_carea' id='block_1_6' title="bbox 343 825 1958 893">
    <p class='ocr_par' dir='ltr' id='par_1_6' title="bbox 343 825 1958 893">
     <span class='ocr_line' id='line_1_6' title="bbox 343 825 1958 893; baseline -0.004 -5"><span class='ocrx_word' id='word_1_38' title='bbox 343 834 486 889; x_wconf 86' lang='lat' dir='ltr'><strong>videt</strong></span> <span class='ocrx_word' id='word_1_39' title='bbox 533 840 651 887; x_wconf 87' lang='lat' dir='ltr'><strong>tota</strong></span> <span class='ocrx_word' id='word_1_40' title='bbox 693 829 925 893; x_wconf 81' lang='lat' dir='ltr'><strong>civitas,</strong></span> <span class='ocrx_word' id='word_1_41' title='bbox 967 841 1082 882; x_wconf 86' lang='lat' dir='ltr'><strong>non</strong></span> <span class='ocrx_word' id='word_1_42' title='bbox 1124 826 1234 881; x_wconf 89' lang='lat' dir='ltr'><strong>duo</strong></span> <span class='ocrx_word' id='word_1_43' title='bbox 1267 832 1365 880; x_wconf 90' lang='lat' dir='ltr'><strong>aut</strong></span> <span class='ocrx_word' id='word_1_44' title='bbox 1405 834 1516 881; x_wconf 90' lang='lat' dir='ltr'><strong>tres</strong></span> <span class='ocrx_word' id='word_1_45' title='bbox 1555 825 1680 880; x_wconf 88' lang='lat' dir='ltr'><strong>viri.</strong></span> <span class='ocrx_word' id='word_1_46' title='bbox 1728 827 1843 882; x_wconf 86' lang='lat' dir='ltr'><strong>I-loc</strong></span> <span class='ocrx_word' id='word_1_47' title='bbox 1875 838 1958 881; x_wconf 81' lang='lat' dir='ltr'><strong>est</strong></span> 
     </span>
    </p>
   </div>
   <div class='ocr_carea' id='block_1_7' title="bbox 343 917 1960 996">
    <p class='ocr_par' dir='ltr' id='par_1_7' title="bbox 343 917 1960 996">
     <span class='ocr_line' id='line_1_7' title="bbox 343 917 1960 996; baseline -0.004 -16"><span class='ocrx_word' id='word_1_48' title='bbox 343 928 505 981; x_wconf 79' lang='lat' dir='ltr'><strong>etiam</strong></span> <span class='ocrx_word' id='word_1_49' title='bbox 538 923 834 996; x_wconf 87' lang='lat' dir='ltr'><strong>proprium</strong></span> <span class='ocrx_word' id='word_1_50' title='bbox 863 920 1246 984; x_wconf 84' lang='lat' dir='ltr'><strong>meretricum,</strong></span> <span class='ocrx_word' id='word_1_51' title='bbox 1272 918 1418 988; x_wconf 90' lang='lat' dir='ltr'><strong>quod</strong></span> <span class='ocrx_word' id='word_1_52' title='bbox 1451 917 1572 988; x_wconf 85' lang='lat' dir='ltr'><strong>ejus</strong></span> <span class='ocrx_word' id='word_1_53' title='bbox 1605 919 1716 974; x_wconf 91' lang='lat' dir='ltr'><strong>sint</strong></span> <span class='ocrx_word' id='word_1_54' title='bbox 1749 919 1840 989; x_wconf 89' lang='lat' dir='ltr'><strong>qui</strong></span> <span class='ocrx_word' id='word_1_55' title='bbox 1866 919 1960 973; x_wconf 85' lang='lat' dir='ltr'><strong>dat</strong></span> 
     </span>
    </p>
   </div>
   <div class='ocr_carea' id='block_1_8' title="bbox 342 1012 1955 1084">
    <p class='ocr_par' dir='ltr' id='par_1_8' title="bbox 342 1012 1955 1084">
     <span class='ocr_line' id='line_1_8' title="bbox 342 1012 1955 1084; baseline -0.006 -10"><span class='ocrx_word' id='word_1_56' title='bbox 342 1033 536 1074; x_wconf 89' lang='lat' dir='ltr'><strong>aurum</strong></span> <span class='ocrx_word' id='word_1_57' title='bbox 560 1037 573 1071; x_wconf 91' lang='lat'>:</span> <span class='ocrx_word' id='word_1_58' title='bbox 599 1025 658 1072; x_wconf 90' lang='lat' dir='ltr'><strong>et</strong></span> <span class='ocrx_word' id='word_1_59' title='bbox 683 1015 810 1070; x_wconf 91' lang='lat' dir='ltr'><strong>licet</strong></span> <span class='ocrx_word' id='word_1_60' title='bbox 832 1015 905 1069; x_wconf 89' lang='lat' dir='ltr'><strong>sit</strong></span> <span class='ocrx_word' id='word_1_61' title='bbox 929 1028 1147 1079; x_wconf 86' lang='lat' dir='ltr'><strong>servus,</strong></span> <span class='ocrx_word' id='word_1_62' title='bbox 1170 1013 1297 1068; x_wconf 90' lang='lat' dir='ltr'><strong>licet</strong></span> <span class='ocrx_word' id='word_1_63' title='bbox 1322 1012 1483 1078; x_wconf 91' lang='lat' dir='ltr'><strong>liber,</strong></span> <span class='ocrx_word' id='word_1_64' title='bbox 1509 1012 1638 1067; x_wconf 87' lang='lat' dir='ltr'><strong>licet</strong></span> <span class='ocrx_word' id='word_1_65' title='bbox 1663 1012 1955 1084; x_wconf 81' lang='lat' dir='ltr'><strong>gladiator,</strong></span> 
     </span>
    </p>
   </div>
   <div class='ocr_carea' id='block_1_9' title="bbox 341 1106 1954 1183">
    <p class='ocr_par' dir='ltr' id='par_1_9' title="bbox 341 1106 1954 1183">
     <span class='ocr_line' id='line_1_9' title="bbox 341 1106 1954 1183; baseline -0.006 -16"><span class='ocrx_word' id='word_1_66' title='bbox 341 1113 467 1168; x_wconf 89' lang='lat' dir='ltr'><strong>licet</strong></span> <span class='ocrx_word' id='word_1_67' title='bbox 485 1109 749 1183; x_wconf 86' lang='lat' dir='ltr'><strong>quilibet,</strong></span> <span class='ocrx_word' id='word_1_68' title='bbox 771 1107 817 1165; x_wconf 90' lang='lat' dir='ltr'><strong>si</strong></span> <span class='ocrx_word' id='word_1_69' title='bbox 843 1107 1093 1178; x_wconf 81' lang='lat' dir='ltr'><strong>porrigat</strong></span> <span class='ocrx_word' id='word_1_70' title='bbox 1116 1107 1452 1169; x_wconf 83' lang='lat' dir='ltr'><strong>mercedem,</strong></span> <span class='ocrx_word' id='word_1_71' title='bbox 1477 1106 1629 1160; x_wconf 91' lang='lat' dir='ltr'><strong>illum</strong></span> <span class='ocrx_word' id='word_1_72' title='bbox 1651 1107 1954 1177; x_wconf 78' lang='lat' dir='ltr'><strong>excipiunt;</strong></span> 
     </span>
    </p>
   </div>
   <div class='ocr_carea' id='block_1_10' title="bbox 339 1198 1959 1266">
    <p class='ocr_par' dir='ltr' id='par_1_10' title="bbox 339 1198 1959 1266">
     <span class='ocr_line' id='line_1_10' title="bbox 339 1198 1959 1266; baseline -0.002 -8"><span class='ocrx_word' id='word_1_73' title='bbox 339 1205 548 1260; x_wconf 89' lang='lat' dir='ltr'><strong>liberos</strong></span> <span class='ocrx_word' id='word_1_74' title='bbox 570 1209 786 1265; x_wconf 90' lang='lat' dir='ltr'><strong>autem,</strong></span> <span class='ocrx_word' id='word_1_75' title='bbox 807 1200 975 1256; x_wconf 90' lang='lat' dir='ltr'><strong>etiam</strong></span> <span class='ocrx_word' id='word_1_76' title='bbox 999 1199 1044 1253; x_wconf 92' lang='lat' dir='ltr'><strong>si</strong></span> <span class='ocrx_word' id='word_1_77' title='bbox 1061 1198 1173 1254; x_wconf 90' lang='lat' dir='ltr'><strong>sint</strong></span> <span class='ocrx_word' id='word_1_78' title='bbox 1193 1199 1442 1253; x_wconf 88' lang='lat' dir='ltr'><strong>omnium</strong></span> <span class='ocrx_word' id='word_1_79' title='bbox 1464 1199 1818 1266; x_wconf 85' lang='lat' dir='ltr'><strong>nobilissimi,</strong></span> <span class='ocrx_word' id='word_1_80' title='bbox 1841 1201 1959 1254; x_wconf 90' lang='lat' dir='ltr'><strong>sine</strong></span> 
     </span>
    </p>
   </div>
   <div class='ocr_carea' id='block_1_11' title="bbox 337 1290 1958 1367">
    <p class='ocr_par' dir='ltr' id='par_1_11' title="bbox 337 1290 1958 1367">
     <span class='ocr_line' id='line_1_11' title="bbox 337 1290 1958 1367; baseline -0.002 -17"><span class='ocrx_word' id='word_1_81' title='bbox 337 1295 579 1367; x_wconf 86' lang='lat' dir='ltr'><strong>pecunia</strong></span> <span class='ocrx_word' id='word_1_82' title='bbox 601 1309 716 1348; x_wconf 91' lang='lat' dir='ltr'><strong>non</strong></span> <span class='ocrx_word' id='word_1_83' title='bbox 736 1292 1058 1347; x_wconf 89' lang='lat' dir='ltr'><strong>admittunt.</strong></span> <span class='ocrx_word' id='word_1_84' title='bbox 1083 1291 1201 1345; x_wconf 85' lang='lat' dir='ltr'><strong>Hoc</strong></span> <span class='ocrx_word' id='word_1_85' title='bbox 1225 1292 1315 1345; x_wconf 88' lang='lat' dir='ltr'><strong>isti</strong></span> <span class='ocrx_word' id='word_1_86' title='bbox 1351 1306 1572 1362; x_wconf 88' lang='lat' dir='ltr'><strong>quoque</strong></span> <span class='ocrx_word' id='word_1_87' title='bbox 1603 1290 1811 1346; x_wconf 87' lang='lat' dir='ltr'><strong>faciunt</strong></span> <span class='ocrx_word' id='word_1_88' title='bbox 1836 1309 1849 1344; x_wconf 90' lang='lat'><strong>:</strong></span> <span class='ocrx_word' id='word_1_89' title='bbox 1881 1308 1958 1347; x_wconf 88' lang='lat' dir='ltr'><strong>re-</strong></span> 
     </span>
    </p>
   </div>
   <div class='ocr_carea' id='block_1_12' title="bbox 332 1385 1954 1459">
    <p class='ocr_par' dir='ltr' id='par_1_12' title="bbox 332 1385 1954 1459">
     <span class='ocr_line' id='line_1_12' title="bbox 332 1385 1954 1459; baseline -0.005 -14"><span class='ocrx_word' id='word_1_90' title='bbox 332 1398 456 1445; x_wconf 88' lang='lat' dir='ltr'><strong>ctas</strong></span> <span class='ocrx_word' id='word_1_91' title='bbox 472 1387 707 1459; x_wconf 73' lang='lat' dir='ltr'><strong>quidem</strong></span> <span class='ocrx_word' id='word_1_92' title='bbox 732 1385 1123 1456; x_wconf 81' lang='lat' dir='ltr'><strong>cogitationes,</strong></span> <span class='ocrx_word' id='word_1_93' title='bbox 1145 1401 1271 1439; x_wconf 91' lang='lat' dir='ltr'><strong>cum</strong></span> <span class='ocrx_word' id='word_1_94' title='bbox 1294 1386 1587 1456; x_wconf 88' lang='lat' dir='ltr'><strong>pecuniam</strong></span> <span class='ocrx_word' id='word_1_95' title='bbox 1611 1401 1716 1439; x_wconf 91' lang='lat' dir='ltr'><strong>non</strong></span> <span class='ocrx_word' id='word_1_96' title='bbox 1734 1385 1954 1449; x_wconf 84' lang='lat' dir='ltr'><strong>habent,</strong></span> 
     </span>
    </p>
   </div>
   <div class='ocr_carea' id='block_1_13' title="bbox 333 1478 1960 1545">
    <p class='ocr_par' dir='ltr' id='par_1_13' title="bbox 333 1478 1960 1545">
     <span class='ocr_line' id='line_1_13' title="bbox 333 1478 1960 1545; baseline -0.002 -9"><span class='ocrx_word' id='word_1_97' title='bbox 333 1488 709 1545; x_wconf 79' lang='lat' dir='ltr'><strong>aversantur;</strong></span> <span class='ocrx_word' id='word_1_98' title='bbox 733 1494 860 1534; x_wconf 85' lang='lat' dir='ltr'><strong>cum</strong></span> <span class='ocrx_word' id='word_1_99' title='bbox 886 1479 1174 1534; x_wconf 87' lang='lat' dir='ltr'><strong>sceleratis</strong></span> <span class='ocrx_word' id='word_1_100' title='bbox 1195 1489 1376 1533; x_wconf 86' lang='lat' dir='ltr'><strong>autem</strong></span> <span class='ocrx_word' id='word_1_101' title='bbox 1394 1485 1447 1533; x_wconf 92' lang='lat' dir='ltr'><strong>et</strong></span> <span class='ocrx_word' id='word_1_102' title='bbox 1463 1478 1860 1533; x_wconf 89' lang='lat' dir='ltr'><strong>bestiariorum</strong></span> <span class='ocrx_word' id='word_1_103' title='bbox 1884 1479 1960 1532; x_wconf 79' lang='lat' dir='ltr'><strong>di-</strong></span> 
     </span>
    </p>
   </div>
   <div class='ocr_carea' id='block_1_14' title="bbox 331 1572 1958 1646">
    <p class='ocr_par' dir='ltr' id='par_1_14' title="bbox 331 1572 1958 1646">
     <span class='ocr_line' id='line_1_14' title="bbox 331 1572 1958 1646; baseline -0.004 -16"><span class='ocrx_word' id='word_1_104' title='bbox 331 1575 460 1646; x_wconf 78' lang='lat' dir='ltr'><strong>gnis</strong></span> <span class='ocrx_word' id='word_1_105' title='bbox 485 1581 694 1629; x_wconf 89' lang='lat' dir='ltr'><strong>coeunt</strong></span> <span class='ocrx_word' id='word_1_106' title='bbox 727 1581 954 1643; x_wconf 88' lang='lat' dir='ltr'><strong>propter</strong></span> <span class='ocrx_word' id='word_1_107' title='bbox 985 1586 1207 1638; x_wconf 89' lang='lat' dir='ltr'><strong>aurum,</strong></span> <span class='ocrx_word' id='word_1_108' title='bbox 1233 1572 1638 1642; x_wconf 89' lang='lat' dir='ltr'><strong>inhonesteque</strong></span> <span class='ocrx_word' id='word_1_109' title='bbox 1663 1583 1882 1634; x_wconf 89' lang='lat' dir='ltr'><strong>coeunt,</strong></span> <span class='ocrx_word' id='word_1_110' title='bbox 1907 1579 1958 1625; x_wconf 87' lang='lat' dir='ltr'><strong>et</strong></span> 
     </span>
    </p>
   </div>
   <div class='ocr_carea' id='block_1_15' title="bbox 333 1661 1957 1740">
    <p class='ocr_par' dir='ltr' id='par_1_15' title="bbox 333 1661 1957 1740">
     <span class='ocr_line' id='line_1_15' title="bbox 333 1661 1957 1740; baseline -0.004 -16"><span class='ocrx_word' id='word_1_111' title='bbox 333 1668 580 1740; x_wconf 87' lang='lat' dir='ltr'><strong>perdunt</strong></span> <span class='ocrx_word' id='word_1_112' title='bbox 602 1668 811 1721; x_wconf 62' lang='lat' dir='ltr'><strong>animae</strong></span> <span class='ocrx_word' id='word_1_113' title='bbox 831 1661 1332 1736; x_wconf 87' lang='lat' dir='ltr'><strong>pulchritudinem.</strong></span> <span class='ocrx_word' id='word_1_114' title='bbox 1363 1664 1499 1720; x_wconf 88' lang='lat' dir='ltr'><strong>Nam</strong></span> <span class='ocrx_word' id='word_1_115' title='bbox 1526 1674 1585 1719; x_wconf 92' lang='lat' dir='ltr'><strong>ut</strong></span> <span class='ocrx_word' id='word_1_116' title='bbox 1619 1665 1725 1720; x_wconf 76' lang='lat' dir='ltr'><strong>illae</strong></span> <span class='ocrx_word' id='word_1_117' title='bbox 1759 1673 1957 1718; x_wconf 89' lang='lat' dir='ltr'><strong>natura</strong></span> 
     </span>
    </p>
   </div>
   <div class='ocr_carea' id='block_1_16' title="bbox 329 1758 1959 1830">
    <p class='ocr_par' dir='ltr' id='par_1_16' title="bbox 329 1758 1959 1830">
     <span class='ocr_line' id='line_1_16' title="bbox 329 1758 1959 1830; baseline -0.002 -17"><span class='ocrx_word' id='word_1_118' title='bbox 329 1760 562 1830; x_wconf 89' lang='lat' dir='ltr'><strong>quidem</strong></span> <span class='ocrx_word' id='word_1_119' title='bbox 593 1758 884 1815; x_wconf 88' lang='lat' dir='ltr'><strong>deformes</strong></span> <span class='ocrx_word' id='word_1_120' title='bbox 906 1765 963 1813; x_wconf 91' lang='lat' dir='ltr'><strong>et</strong></span> <span class='ocrx_word' id='word_1_121' title='bbox 996 1758 1564 1829; x_wconf 57' lang='lat' dir='ltr'><strong>nigramagrcstesque</strong></span> <span class='ocrx_word' id='word_1_122' title='bbox 1597 1767 1649 1814; x_wconf 92' lang='lat' dir='ltr'><strong>et</strong></span> <span class='ocrx_word' id='word_1_123' title='bbox 1673 1772 1876 1813; x_wconf 64' lang='lat' dir='ltr'><strong>crassae</strong></span> <span class='ocrx_word' id='word_1_124' title='bbox 1905 1765 1959 1811; x_wconf 89' lang='lat' dir='ltr'><strong>et</strong></span> 
     </span>
    </p>
   </div>
   <div class='ocr_carea' id='block_1_17' title="bbox 325 1851 1959 1924">
    <p class='ocr_par' dir='ltr' id='par_1_17' title="bbox 325 1851 1959 1924">
     <span class='ocr_line' id='line_1_17' title="bbox 325 1851 1959 1924; baseline -0.002 -18"><span class='ocrx_word' id='word_1_125' title='bbox 325 1852 636 1918; x_wconf 78' lang='lat' dir='ltr'><strong>informes,</strong></span> <span class='ocrx_word' id='word_1_126' title='bbox 661 1861 717 1908; x_wconf 89' lang='lat' dir='ltr'><strong>et</strong></span> <span class='ocrx_word' id='word_1_127' title='bbox 745 1867 858 1906; x_wconf 91' lang='lat' dir='ltr'><strong>non</strong></span> <span class='ocrx_word' id='word_1_128' title='bbox 889 1858 1057 1907; x_wconf 76' lang='lat' dir='ltr'><strong>rectae</strong></span> <span class='ocrx_word' id='word_1_129' title='bbox 1081 1851 1293 1924; x_wconf 69' lang='lat' dir='ltr'><strong>figurae,</strong></span> <span class='ocrx_word' id='word_1_130' title='bbox 1319 1860 1372 1908; x_wconf 92' lang='lat' dir='ltr'><strong>et</strong></span> <span class='ocrx_word' id='word_1_131' title='bbox 1395 1853 1545 1906; x_wconf 92' lang='lat' dir='ltr'><strong>omni</strong></span> <span class='ocrx_word' id='word_1_132' title='bbox 1571 1868 1634 1908; x_wconf 84' lang='lat' dir='ltr'><strong>ex</strong></span> <span class='ocrx_word' id='word_1_133' title='bbox 1663 1859 1820 1923; x_wconf 87' lang='lat' dir='ltr'><strong>parte</strong></span> <span class='ocrx_word' id='word_1_134' title='bbox 1845 1859 1959 1906; x_wconf 90' lang='lat' dir='ltr'><strong>tur-</strong></span> 
     </span>
    </p>
   </div>
   <div class='ocr_carea' id='block_1_18' title="bbox 325 1945 1960 2016">
    <p class='ocr_par' dir='ltr' id='par_1_18' title="bbox 325 1945 1960 2016">
     <span class='ocr_line' id='line_1_18' title="bbox 325 1945 1960 2016; baseline -0.001 -14"><span class='ocrx_word' id='word_1_135' title='bbox 325 1961 466 2016; x_wconf 86' lang='lat' dir='ltr'><strong>pes:</strong></span> <span class='ocrx_word' id='word_1_136' title='bbox 490 1945 571 2000; x_wconf 89' lang='lat' dir='ltr'><strong>ita</strong></span> <span class='ocrx_word' id='word_1_137' title='bbox 592 1945 800 2000; x_wconf 88' lang='lat' dir='ltr'><strong>horum</strong></span> <span class='ocrx_word' id='word_1_138' title='bbox 831 1959 1054 2015; x_wconf 91' lang='lat' dir='ltr'><strong>quoque</strong></span> <span class='ocrx_word' id='word_1_139' title='bbox 1077 1945 1214 1999; x_wconf 88' lang='lat' dir='ltr'><strong>fiunt</strong></span> <span class='ocrx_word' id='word_1_140' title='bbox 1239 1945 1460 2013; x_wconf 61' lang='lat' dir='ltr'><strong>animae,</strong></span> <span class='ocrx_word' id='word_1_141' title='bbox 1484 1962 1606 2016; x_wconf 59' lang='lat' dir='ltr'><strong>quae</strong></span> <span class='ocrx_word' id='word_1_142' title='bbox 1627 1962 1696 2002; x_wconf 93' lang='lat' dir='ltr'><strong>ne</strong></span> <span class='ocrx_word' id='word_1_143' title='bbox 1715 1945 1960 2001; x_wconf 84' lang='lat' dir='ltr'><strong>externis</strong></span> 
     </span>
    </p>
   </div>
   <div class='ocr_carea' id='block_1_19' title="bbox 327 2036 1956 2110">
    <p class='ocr_par' dir='ltr' id='par_1_19' title="bbox 327 2036 1956 2110">
     <span class='ocr_line' id='line_1_19' title="bbox 327 2036 1956 2110; baseline 0.001 -18"><span class='ocrx_word' id='word_1_144' title='bbox 327 2038 564 2110; x_wconf 82' lang='lat' dir='ltr'><strong>quidem</strong></span> <span class='ocrx_word' id='word_1_145' title='bbox 587 2037 744 2094; x_wconf 86' lang='lat' dir='ltr'><strong>illitis</strong></span> <span class='ocrx_word' id='word_1_146' title='bbox 770 2036 918 2094; x_wconf 91' lang='lat' dir='ltr'><strong>fucis</strong></span> <span class='ocrx_word' id='word_1_147' title='bbox 943 2038 1358 2094; x_wconf 73' lang='lat' dir='ltr'><strong>deformitatem</strong></span> <span class='ocrx_word' id='word_1_148' title='bbox 1386 2047 1620 2109; x_wconf 90' lang='lat' dir='ltr'><strong>possunt</strong></span> <span class='ocrx_word' id='word_1_149' title='bbox 1638 2049 1956 2110; x_wconf 86' lang='lat' dir='ltr'><strong>contegere.</strong></span> 
     </span>
    </p>
   </div>
   <div class='ocr_carea' id='block_1_20' title="bbox 329 2131 1962 2204">
    <p class='ocr_par' dir='ltr' id='par_1_20' title="bbox 329 2131 1962 2204">
     <span class='ocr_line' id='line_1_20' title="bbox 329 2131 1962 2204; baseline 0.001 -18"><span class='ocrx_word' id='word_1_150' title='bbox 329 2132 477 2187; x_wconf 75' lang='lat' dir='ltr'><strong>Nam</strong></span> <span class='ocrx_word' id='word_1_151' title='bbox 501 2132 734 2203; x_wconf 88' lang='lat' dir='ltr'><strong>quando</strong></span> <span class='ocrx_word' id='word_1_152' title='bbox 752 2138 1002 2187; x_wconf 71' lang='lat' dir='ltr'><strong>extrema</strong></span> <span class='ocrx_word' id='word_1_153' title='bbox 1030 2131 1197 2187; x_wconf 88' lang='lat' dir='ltr'><strong>fuerit</strong></span> <span class='ocrx_word' id='word_1_154' title='bbox 1213 2132 1558 2199; x_wconf 88' lang='lat' dir='ltr'><strong>deformitas,</strong></span> <span class='ocrx_word' id='word_1_155' title='bbox 1580 2133 1848 2204; x_wconf 77' lang='lat' dir='ltr'><strong>quidquid</strong></span> <span class='ocrx_word' id='word_1_156' title='bbox 1871 2149 1962 2188; x_wconf 82' lang='lat' dir='ltr'><strong>ex-</strong></span> 
     </span>
    </p>
   </div>
   <div class='ocr_carea' id='block_1_21' title="bbox 343 2223 1959 2296">
    <p class='ocr_par' dir='ltr' id='par_1_21' title="bbox 343 2223 1959 2296">
     <span class='ocr_line' id='line_1_21' title="bbox 343 2223 1959 2296; baseline 0.002 -19"><span class='ocrx_word' id='word_1_157' title='bbox 343 2223 782 2294; x_wconf 75' lang='lat' dir='ltr'><strong>cogitarint,nec</strong></span> <span class='ocrx_word' id='word_1_158' title='bbox 807 2230 1046 2294; x_wconf 87' lang='lat' dir='ltr'><strong>possunt</strong></span> <span class='ocrx_word' id='word_1_159' title='bbox 1071 2233 1249 2279; x_wconf 89' lang='lat' dir='ltr'><strong>tamen</strong></span> <span class='ocrx_word' id='word_1_160' title='bbox 1275 2224 1556 2296; x_wconf 82' lang='lat' dir='ltr'><strong>obtegere.</strong></span> <span class='ocrx_word' id='word_1_161' title='bbox 1577 2225 1789 2282; x_wconf 86' lang='lat' dir='ltr'><strong>Etenim</strong></span> <span class='ocrx_word' id='word_1_162' title='bbox 1812 2225 1959 2296; x_wconf 90' lang='lat' dir='ltr'><strong>quod</strong></span> 
     </span>
    </p>
   </div>
   <div class='ocr_carea' id='block_1_22' title="bbox 352 2315 1934 2389">
    <p class='ocr_par' dir='ltr' id='par_1_22' title="bbox 352 2315 1934 2389">
     <span class='ocr_line' id='line_1_22' title="bbox 352 2315 1934 2389; baseline 0.002 -20"><span class='ocrx_word' id='word_1_163' title='bbox 352 2315 702 2385; x_wconf 80' lang='lat' dir='ltr'><strong>impudentia</strong></span> <span class='ocrx_word' id='word_1_164' title='bbox 723 2317 917 2372; x_wconf 86' lang='lat' dir='ltr'><strong>elliciat</strong></span> <span class='ocrx_word' id='word_1_165' title='bbox 961 2317 1316 2383; x_wconf 88' lang='lat' dir='ltr'><strong>meretrices,</strong></span> <span class='ocrx_word' id='word_1_166' title='bbox 1347 2317 1477 2372; x_wconf 89' lang='lat' dir='ltr'><strong>audi</strong></span> <span class='ocrx_word' id='word_1_167' title='bbox 1519 2317 1840 2389; x_wconf 81' lang='lat' dir='ltr'><strong>prophetam</strong></span> <span class='ocrx_word' id='word_1_168' title='bbox 1879 2317 1934 2372; x_wconf 94' lang='lat' dir='ltr'><strong>di</strong></span> 
     </span>
    </p>
   </div>
   <div class='ocr_carea' id='block_1_23' title="bbox 355 2403 1943 2475">
    <p class='ocr_par' dir='ltr' id='par_1_23' title="bbox 355 2403 1943 2475">
     <span class='ocr_line' id='line_1_23' title="bbox 355 2403 1943 2475; baseline -0.001 -15"><span class='ocrx_word' id='word_1_169' title='bbox 355 2415 570 2460; x_wconf 86' lang='lat' dir='ltr'><strong>eentem</strong></span> <span class='ocrx_word' id='word_1_170' title='bbox 595 2423 611 2460; x_wconf 91' lang='lat'><strong><em>:</em></strong></span> <span class='ocrx_word' id='word_1_171' title='bbox 643 2403 917 2472; x_wconf 70' lang='lat' dir='ltr'><strong>Impatiens</strong></span> <span class='ocrx_word' id='word_1_172' title='bbox 945 2406 1084 2475; x_wconf 77' lang='lat' dir='ltr'><strong>facta</strong></span> <span class='ocrx_word' id='word_1_173' title='bbox 1113 2421 1164 2458; x_wconf 78' lang='lat' dir='ltr'><strong>es</strong></span> <span class='ocrx_word' id='word_1_174' title='bbox 1191 2405 1256 2457; x_wconf 85' lang='lat' dir='ltr'><strong>ad</strong></span> <span class='ocrx_word' id='word_1_175' title='bbox 1285 2421 1459 2458; x_wconf 83' lang='lat' dir='ltr'><strong>omnes</strong></span> <span class='ocrx_word' id='word_1_176' title='bbox 1481 2446 1494 2470; x_wconf 92' lang='lat'><strong>,</strong></span> <span class='ocrx_word' id='word_1_177' title='bbox 1543 2405 1632 2457; x_wconf 83' lang='lat' dir='ltr'><strong>tibi</strong></span> <span class='ocrx_word' id='word_1_178' title='bbox 1661 2406 1757 2475; x_wconf 80' lang='lat' dir='ltr'><strong>fuit</strong></span> <span class='ocrx_word' id='word_1_179' title='bbox 1786 2403 1943 2474; x_wconf 76' lang='lat' dir='ltr'><strong>{acies</strong></span> 
     </span>
    </p>
   </div>
   <div class='ocr_carea' id='block_1_24' title="bbox 350 2494 1936 2564">
    <p class='ocr_par' dir='ltr' id='par_1_24' title="bbox 350 2494 1936 2564">
     <span class='ocr_line' id='line_1_24' title="bbox 350 2494 1936 2564; baseline -0.001 -16"><span class='ocrx_word' id='word_1_180' title='bbox 350 2497 630 2550; x_wconf 78' lang='lat' dir='ltr'><strong>meretricis</strong></span> <span class='ocrx_word' id='word_1_181' title='bbox 658 2495 788 2564; x_wconf 84' lang='lat' dir='ltr'><strong>(Jer.</strong></span> <span class='ocrx_word' id='word_1_182' title='bbox 825 2499 880 2553; x_wconf 75' lang='lat'><strong>3.</strong></span> <span class='ocrx_word' id='word_1_183' title='bbox 914 2497 993 2564; x_wconf 80' lang='lat'><strong>&#39;5).</strong></span> <span class='ocrx_word' id='word_1_184' title='bbox 1026 2495 1141 2549; x_wconf 83' lang='lat' dir='ltr'><strong>Hoc</strong></span> <span class='ocrx_word' id='word_1_185' title='bbox 1177 2495 1334 2550; x_wconf 87' lang='lat' dir='ltr'><strong>etiam</strong></span> <span class='ocrx_word' id='word_1_186' title='bbox 1370 2495 1475 2548; x_wconf 91' lang='lat' dir='ltr'><strong>dici</strong></span> <span class='ocrx_word' id='word_1_187' title='bbox 1513 2503 1692 2563; x_wconf 90' lang='lat' dir='ltr'><strong>potest</strong></span> <span class='ocrx_word' id='word_1_188' title='bbox 1721 2494 1936 2547; x_wconf 83' lang='lat' dir='ltr'><strong>avaris:</strong></span> 
     </span>
    </p>
   </div>
   <div class='ocr_carea' id='block_1_25' title="bbox 344 2584 1936 2657">
    <p class='ocr_par' dir='ltr' id='par_1_25' title="bbox 344 2584 1936 2657">
     <span class='ocr_line' id='line_1_25' title="bbox 344 2584 1936 2657; baseline -0.003 -15"><span class='ocrx_word' id='word_1_189' title='bbox 344 2587 632 2657; x_wconf 78' lang='lat' dir='ltr'><strong>[mpudens</strong></span> <span class='ocrx_word' id='word_1_190' title='bbox 661 2587 836 2644; x_wconf 89' lang='lat' dir='ltr'><strong>factus</strong></span> <span class='ocrx_word' id='word_1_191' title='bbox 884 2603 945 2643; x_wconf 91' lang='lat' dir='ltr'><strong>es</strong></span> <span class='ocrx_word' id='word_1_192' title='bbox 991 2587 1059 2641; x_wconf 90' lang='lat' dir='ltr'><strong>ad</strong></span> <span class='ocrx_word' id='word_1_193' title='bbox 1089 2601 1296 2651; x_wconf 88' lang='lat' dir='ltr'><strong>omnes,</strong></span> <span class='ocrx_word' id='word_1_194' title='bbox 1341 2600 1446 2640; x_wconf 92' lang='lat' dir='ltr'><strong>non</strong></span> <span class='ocrx_word' id='word_1_195' title='bbox 1489 2585 1554 2640; x_wconf 91' lang='lat' dir='ltr'><strong>ad</strong></span> <span class='ocrx_word' id='word_1_196' title='bbox 1588 2584 1687 2639; x_wconf 91' lang='lat' dir='ltr'><strong>hos</strong></span> <span class='ocrx_word' id='word_1_197' title='bbox 1713 2594 1766 2639; x_wconf 90' lang='lat' dir='ltr'><strong>et</strong></span> <span class='ocrx_word' id='word_1_198' title='bbox 1797 2584 1936 2651; x_wconf 91' lang='lat' dir='ltr'><strong>illos,</strong></span> 
     </span>
    </p>
   </div>
   <div class='ocr_carea' id='block_1_26' title="bbox 337 2676 1936 2748">
    <p class='ocr_par' dir='ltr' id='par_1_26' title="bbox 337 2676 1936 2748">
     <span class='ocr_line' id='line_1_26' title="bbox 337 2676 1936 2748; baseline -0.004 -14"><span class='ocrx_word' id='word_1_199' title='bbox 337 2679 431 2736; x_wconf 88' lang='lat' dir='ltr'><strong>sed</strong></span> <span class='ocrx_word' id='word_1_200' title='bbox 457 2681 527 2735; x_wconf 87' lang='lat' dir='ltr'><strong>ad</strong></span> <span class='ocrx_word' id='word_1_201' title='bbox 577 2695 788 2735; x_wconf 89' lang='lat' dir='ltr'><strong>omnes.</strong></span> <span class='ocrx_word' id='word_1_202' title='bbox 819 2679 1148 2748; x_wconf 90' lang='lat' dir='ltr'><strong>Quomodo?</strong></span> <span class='ocrx_word' id='word_1_203' title='bbox 1182 2677 1295 2732; x_wconf 83' lang='lat' dir='ltr'><strong>Non</strong></span> <span class='ocrx_word' id='word_1_204' title='bbox 1336 2685 1563 2747; x_wconf 89' lang='lat' dir='ltr'><strong>patrem,</strong></span> <span class='ocrx_word' id='word_1_205' title='bbox 1613 2691 1719 2730; x_wconf 91' lang='lat' dir='ltr'><strong>non</strong></span> <span class='ocrx_word' id='word_1_206' title='bbox 1748 2676 1936 2740; x_wconf 86' lang='lat' dir='ltr'><strong>filium,</strong></span> 
     </span>
    </p>
   </div>
   <div class='ocr_carea' id='block_1_27' title="bbox 331 2769 1936 2840">
    <p class='ocr_par' dir='ltr' id='par_1_27' title="bbox 331 2769 1936 2840">
     <span class='ocr_line' id='line_1_27' title="bbox 331 2769 1936 2840; baseline -0.002 -14"><span class='ocrx_word' id='word_1_207' title='bbox 331 2787 440 2826; x_wconf 91' lang='lat' dir='ltr'><strong>non</strong></span> <span class='ocrx_word' id='word_1_208' title='bbox 475 2788 728 2840; x_wconf 81' lang='lat' dir='ltr'><strong>uxorem,</strong></span> <span class='ocrx_word' id='word_1_209' title='bbox 749 2787 859 2827; x_wconf 92' lang='lat' dir='ltr'><strong>non</strong></span> <span class='ocrx_word' id='word_1_210' title='bbox 899 2772 1158 2836; x_wconf 88' lang='lat' dir='ltr'><strong>amicum,</strong></span> <span class='ocrx_word' id='word_1_211' title='bbox 1208 2786 1312 2824; x_wconf 90' lang='lat' dir='ltr'><strong>non</strong></span> <span class='ocrx_word' id='word_1_212' title='bbox 1342 2771 1582 2836; x_wconf 80' lang='lat' dir='ltr'><strong>fratrem,</strong></span> <span class='ocrx_word' id='word_1_213' title='bbox 1611 2783 1716 2824; x_wconf 94' lang='lat' dir='ltr'><strong>non</strong></span> <span class='ocrx_word' id='word_1_214' title='bbox 1769 2769 1936 2823; x_wconf 89' lang='lat' dir='ltr'><strong>bene-</strong></span> 
     </span>
    </p>
   </div>
   <div class='ocr_carea' id='block_1_28' title="bbox 329 2860 1934 2932">
    <p class='ocr_par' dir='ltr' id='par_1_28' title="bbox 329 2860 1934 2932">
     <span class='ocr_line' id='line_1_28' title="bbox 329 2860 1934 2932; baseline -0.002 -15"><span class='ocrx_word' id='word_1_215' title='bbox 329 2863 517 2929; x_wconf 83' lang='lat' dir='ltr'><strong>ﬁcum,</strong></span> <span class='ocrx_word' id='word_1_216' title='bbox 546 2865 828 2919; x_wconf 91' lang='lat' dir='ltr'><strong>nemiuem</strong></span> <span class='ocrx_word' id='word_1_217' title='bbox 861 2874 1146 2917; x_wconf 89' lang='lat' dir='ltr'><strong>reveretur</strong></span> <span class='ocrx_word' id='word_1_218' title='bbox 1172 2864 1260 2932; x_wconf 92' lang='lat' dir='ltr'><strong>qui</strong></span> <span class='ocrx_word' id='word_1_219' title='bbox 1289 2870 1374 2916; x_wconf 88' lang='lat' dir='ltr'><strong>est</strong></span> <span class='ocrx_word' id='word_1_220' title='bbox 1398 2861 1682 2932; x_wconf 89' lang='lat' dir='ltr'><strong>ejusmodi.</strong></span> <span class='ocrx_word' id='word_1_221' title='bbox 1716 2862 1780 2915; x_wconf 83' lang='lat' dir='ltr'><strong>Et</strong></span> <span class='ocrx_word' id='word_1_222' title='bbox 1808 2860 1934 2930; x_wconf 89' lang='lat' dir='ltr'><strong>quid</strong></span> 
     </span>
    </p>
   </div>
   <div class='ocr_carea' id='block_1_29' title="bbox 322 2953 1931 3024">
    <p class='ocr_par' dir='ltr' id='par_1_29' title="bbox 322 2953 1931 3024">
     <span class='ocr_line' id='line_1_29' title="bbox 322 2953 1931 3024; baseline -0.001 -16"><span class='ocrx_word' id='word_1_223' title='bbox 322 2955 450 3012; x_wconf 87' lang='lat' dir='ltr'><strong>dico</strong></span> <span class='ocrx_word' id='word_1_224' title='bbox 477 2955 720 3010; x_wconf 88' lang='lat' dir='ltr'><strong>amicum</strong></span> <span class='ocrx_word' id='word_1_225' title='bbox 738 2964 795 3010; x_wconf 89' lang='lat' dir='ltr'><strong>et</strong></span> <span class='ocrx_word' id='word_1_226' title='bbox 816 2955 1036 3009; x_wconf 87' lang='lat' dir='ltr'><strong>fratrem</strong></span> <span class='ocrx_word' id='word_1_227' title='bbox 1066 2962 1121 3009; x_wconf 89' lang='lat' dir='ltr'><strong>et</strong></span> <span class='ocrx_word' id='word_1_228' title='bbox 1147 2953 1392 3024; x_wconf 82' lang='lat' dir='ltr'><strong>patrem?</strong></span> <span class='ocrx_word' id='word_1_229' title='bbox 1422 2968 1490 3009; x_wconf 92' lang='lat' dir='ltr'><strong>ne</strong></span> <span class='ocrx_word' id='word_1_230' title='bbox 1521 2953 1695 3023; x_wconf 91' lang='lat' dir='ltr'><strong>ipsum</strong></span> <span class='ocrx_word' id='word_1_231' title='bbox 1719 2953 1931 3022; x_wconf 90' lang='lat' dir='ltr'><strong>quidem</strong></span> 
     </span>
    </p>
   </div>
   <div class='ocr_carea' id='block_1_30' title="bbox 319 3043 1931 3112">
    <p class='ocr_par' dir='ltr' id='par_1_30' title="bbox 319 3043 1931 3112">
     <span class='ocr_line' id='line_1_30' title="bbox 319 3043 1931 3112; baseline 0.001 -15"><span class='ocrx_word' id='word_1_232' title='bbox 319 3057 548 3101; x_wconf 80' lang='lat' dir='ltr'><strong>veretur</strong></span> <span class='ocrx_word' id='word_1_233' title='bbox 581 3046 778 3112; x_wconf 91' lang='lat' dir='ltr'><strong>Deum,</strong></span> <span class='ocrx_word' id='word_1_234' title='bbox 812 3045 908 3099; x_wconf 90' lang='lat' dir='ltr'><strong>sed</strong></span> <span class='ocrx_word' id='word_1_235' title='bbox 940 3045 1121 3099; x_wconf 89' lang='lat' dir='ltr'><strong>omnia</strong></span> <span class='ocrx_word' id='word_1_236' title='bbox 1152 3048 1200 3100; x_wconf 90' lang='lat' dir='ltr'><strong>ei</strong></span> <span class='ocrx_word' id='word_1_237' title='bbox 1230 3044 1480 3100; x_wconf 87' lang='lat' dir='ltr'><strong>videntur</strong></span> <span class='ocrx_word' id='word_1_238' title='bbox 1505 3059 1627 3100; x_wconf 88' lang='lat' dir='ltr'><strong>esse</strong></span> <span class='ocrx_word' id='word_1_239' title='bbox 1649 3043 1845 3110; x_wconf 87' lang='lat' dir='ltr'><strong>fabula,</strong></span> <span class='ocrx_word' id='word_1_240' title='bbox 1878 3054 1931 3099; x_wconf 90' lang='lat' dir='ltr'><strong>et</strong></span> 
     </span>
    </p>
   </div>
   <div class='ocr_carea' id='block_1_31' title="bbox 315 3135 1928 3205">
    <p class='ocr_par' dir='ltr' id='par_1_31' title="bbox 315 3135 1928 3205">
     <span class='ocr_line' id='line_1_31' title="bbox 315 3135 1928 3205; baseline -0.001 -14"><span class='ocrx_word' id='word_1_241' title='bbox 315 3137 465 3191; x_wconf 88' lang='lat' dir='ltr'><strong>ridet</strong></span> <span class='ocrx_word' id='word_1_242' title='bbox 492 3152 524 3190; x_wconf 88' lang='lat' dir='ltr'><strong>a</strong></span> <span class='ocrx_word' id='word_1_243' title='bbox 555 3137 727 3191; x_wconf 91' lang='lat' dir='ltr'><strong>multa</strong></span> <span class='ocrx_word' id='word_1_244' title='bbox 769 3135 1066 3205; x_wconf 88' lang='lat' dir='ltr'><strong>cupiditate</strong></span> <span class='ocrx_word' id='word_1_245' title='bbox 1094 3135 1298 3199; x_wconf 90' lang='lat' dir='ltr'><strong>ebrius,</strong></span> <span class='ocrx_word' id='word_1_246' title='bbox 1348 3151 1416 3190; x_wconf 91' lang='lat' dir='ltr'><strong>ne</strong></span> <span class='ocrx_word' id='word_1_247' title='bbox 1449 3136 1670 3190; x_wconf 89' lang='lat' dir='ltr'><strong>auribus</strong></span> <span class='ocrx_word' id='word_1_248' title='bbox 1713 3135 1928 3205; x_wconf 91' lang='lat' dir='ltr'><strong>quidem</strong></span> 
     </span>
    </p>
   </div>
   <div class='ocr_carea' id='block_1_32' title="bbox 313 3227 1927 3299">
    <p class='ocr_par' dir='ltr' id='par_1_32' title="bbox 313 3227 1927 3299">
     <span class='ocr_line' id='line_1_32' title="bbox 313 3227 1927 3299; baseline 0 -17"><span class='ocrx_word' id='word_1_249' title='bbox 313 3230 621 3299; x_wconf 83' lang='lat' dir='ltr'><strong>quidquam</strong></span> <span class='ocrx_word' id='word_1_250' title='bbox 655 3228 951 3284; x_wconf 84' lang='lat' dir='ltr'><strong>admittens</strong></span> <span class='ocrx_word' id='word_1_251' title='bbox 967 3241 1154 3282; x_wconf 87' lang='lat' dir='ltr'><strong>eorum</strong></span> <span class='ocrx_word' id='word_1_252' title='bbox 1177 3243 1296 3297; x_wconf 66' lang='lat' dir='ltr'><strong>qum</strong></span> <span class='ocrx_word' id='word_1_253' title='bbox 1319 3236 1544 3296; x_wconf 92' lang='lat' dir='ltr'><strong>possunt</strong></span> <span class='ocrx_word' id='word_1_254' title='bbox 1569 3227 1618 3284; x_wconf 91' lang='lat' dir='ltr'><strong>ei</strong></span> <span class='ocrx_word' id='word_1_255' title='bbox 1651 3227 1927 3297; x_wconf 78' lang='lat' dir='ltr'><strong>prodesse.</strong></span> 
     </span>
    </p>
   </div>
   <div class='ocr_carea' id='block_1_33' title="bbox 313 3318 1927 3389">
    <p class='ocr_par' dir='ltr' id='par_1_33' title="bbox 313 3318 1927 3389">
     <span class='ocr_line' id='line_1_33' title="bbox 313 3318 1927 3389; baseline -0.002 -14"><span class='ocrx_word' id='word_1_256' title='bbox 313 3319 451 3384; x_wconf 80' lang='lat' dir='ltr'><strong>Sed,</strong></span> <span class='ocrx_word' id='word_1_257' title='bbox 506 3335 541 3373; x_wconf 88' lang='grc' dir='ltr'><strong>ο</strong></span> <span class='ocrx_word' id='word_1_258' title='bbox 584 3319 1006 3384; x_wconf 86' lang='lat' dir='ltr'><strong>absurditatem,</strong></span> <span class='ocrx_word' id='word_1_259' title='bbox 1055 3334 1302 3389; x_wconf 82' lang='lat' dir='ltr'><strong>quaenam</strong></span> <span class='ocrx_word' id='word_1_260' title='bbox 1336 3318 1662 3388; x_wconf 87' lang='lat' dir='ltr'><strong>loquuntur!</strong></span> <span class='ocrx_word' id='word_1_261' title='bbox 1697 3318 1787 3373; x_wconf 67' lang='lat' dir='ltr'><strong>Vae</strong></span> <span class='ocrx_word' id='word_1_262' title='bbox 1832 3319 1927 3373; x_wconf 87' lang='lat' dir='ltr'><strong>tibi</strong></span> 
     </span>
    </p>
   </div>
   <div class='ocr_carea' id='block_1_34' title="bbox 311 3411 1924 3482">
    <p class='ocr_par' dir='ltr' id='par_1_34' title="bbox 311 3411 1924 3482">
     <span class='ocr_line' id='line_1_34' title="bbox 311 3411 1924 3482; baseline 0.001 -18"><span class='ocrx_word' id='word_1_263' title='bbox 311 3426 609 3477; x_wconf 85' lang='lat' dir='ltr'><strong>mamona,</strong></span> <span class='ocrx_word' id='word_1_264' title='bbox 669 3421 726 3466; x_wconf 92' lang='lat' dir='ltr'><strong>et</strong></span> <span class='ocrx_word' id='word_1_265' title='bbox 779 3413 827 3466; x_wconf 92' lang='lat' dir='ltr'><strong>ei</strong></span> <span class='ocrx_word' id='word_1_266' title='bbox 881 3413 971 3482; x_wconf 86' lang='lat' dir='ltr'><strong>qui</strong></span> <span class='ocrx_word' id='word_1_267' title='bbox 1027 3421 1077 3466; x_wconf 91' lang='lat' dir='ltr'><strong>te</strong></span> <span class='ocrx_word' id='word_1_268' title='bbox 1115 3427 1218 3465; x_wconf 90' lang='lat' dir='ltr'><strong>non</strong></span> <span class='ocrx_word' id='word_1_269' title='bbox 1276 3411 1457 3465; x_wconf 87' lang='lat' dir='ltr'><strong>habet.</strong></span> <span class='ocrx_word' id='word_1_270' title='bbox 1513 3411 1591 3464; x_wconf 86' lang='lat' dir='ltr'><strong>Ira</strong></span> <span class='ocrx_word' id='word_1_271' title='bbox 1640 3412 1924 3466; x_wconf 89' lang='lat' dir='ltr'><strong>dissecor:</strong></span> 
     </span>
    </p>
   </div>
   <div class='ocr_carea' id='block_1_35' title="bbox 217 3501 1924 3572">
    <p class='ocr_par' dir='ltr' id='par_1_35' title="bbox 217 3501 1924 3572">
     <span class='ocr_line' id='line_1_35' title="bbox 217 3501 1924 3572; baseline 0.005 -18"><span class='ocrx_word' id='word_1_272' title='bbox 217 3568 220 3571; x_wconf 23' lang='grc' dir='ltr'><strong><em>ι</em></strong></span> <span class='ocrx_word' id='word_1_273' title='bbox 310 3502 407 3556; x_wconf 74' lang='lat' dir='ltr'><strong>Vm</strong></span> <span class='ocrx_word' id='word_1_274' title='bbox 429 3503 604 3558; x_wconf 84' lang='lat' dir='ltr'><strong>etiam</strong></span> <span class='ocrx_word' id='word_1_275' title='bbox 629 3503 698 3556; x_wconf 91' lang='lat' dir='ltr'><strong>iis</strong></span> <span class='ocrx_word' id='word_1_276' title='bbox 720 3503 812 3572; x_wconf 90' lang='lat' dir='ltr'><strong>qui</strong></span> <span class='ocrx_word' id='word_1_277' title='bbox 844 3502 960 3557; x_wconf 76' lang='lat' dir='ltr'><strong>lucc</strong></span> <span class='ocrx_word' id='word_1_278' title='bbox 987 3503 1193 3567; x_wconf 90' lang='lat' dir='ltr'><strong>dicunt,</strong></span> <span class='ocrx_word' id='word_1_279' title='bbox 1223 3501 1434 3557; x_wconf 88' lang='lat' dir='ltr'><strong>etiamsi</strong></span> <span class='ocrx_word' id='word_1_280' title='bbox 1467 3501 1693 3558; x_wconf 84' lang='lat' dir='ltr'><strong>ridendo</strong></span> <span class='ocrx_word' id='word_1_281' title='bbox 1717 3502 1924 3562; x_wconf 85' lang='lat' dir='ltr'><strong>dicant.</strong></span> 
     </span>
    </p>
   </div>
   <div class='ocr_carea' id='block_1_36' title="bbox 307 3594 1925 3661">
    <p class='ocr_par' dir='ltr' id='par_1_36' title="bbox 307 3594 1925 3661">
     <span class='ocr_line' id='line_1_36' title="bbox 307 3594 1925 3661; baseline 0.001 -13"><span class='ocrx_word' id='word_1_282' title='bbox 307 3595 444 3648; x_wconf 77' lang='lat' dir='ltr'><strong>Nam</strong></span> <span class='ocrx_word' id='word_1_283' title='bbox 505 3594 599 3648; x_wconf 90' lang='lat' dir='ltr'><strong>dic</strong></span> <span class='ocrx_word' id='word_1_284' title='bbox 657 3594 827 3661; x_wconf 91' lang='lat' dir='ltr'><strong>mihi,</strong></span> <span class='ocrx_word' id='word_1_285' title='bbox 875 3609 1057 3649; x_wconf 89' lang='lat' dir='ltr'><strong>annon</strong></span> <span class='ocrx_word' id='word_1_286' title='bbox 1107 3595 1240 3649; x_wconf 82' lang='lat' dir='ltr'><strong>tales</strong></span> <span class='ocrx_word' id='word_1_287' title='bbox 1294 3594 1466 3648; x_wconf 88' lang='lat' dir='ltr'><strong>minas</strong></span> <span class='ocrx_word' id='word_1_288' title='bbox 1509 3595 1649 3648; x_wconf 82' lang='lat' dir='ltr'><strong>Deus</strong></span> <span class='ocrx_word' id='word_1_289' title='bbox 1694 3596 1925 3650; x_wconf 88' lang='lat' dir='ltr'><strong>intenta-</strong></span> 
     </span>
    </p>
   </div>
   <div class='ocr_carea' id='block_1_37' title="bbox 305 3683 1926 3756">
    <p class='ocr_par' dir='ltr' id='par_1_37' title="bbox 305 3683 1926 3756">
     <span class='ocr_line' id='line_1_37' title="bbox 305 3683 1926 3756; baseline -0.002 -15"><span class='ocrx_word' id='word_1_290' title='bbox 305 3689 405 3751; x_wconf 76' lang='lat' dir='ltr'><strong>vit,</strong></span> <span class='ocrx_word' id='word_1_291' title='bbox 465 3687 664 3742; x_wconf 88' lang='lat' dir='ltr'><strong>dicens</strong></span> <span class='ocrx_word' id='word_1_292' title='bbox 720 3705 735 3741; x_wconf 90' lang='lat'>:</span> <span class='ocrx_word' id='word_1_293' title='bbox 794 3685 918 3740; x_wconf 86' lang='lat' dir='ltr'><strong>Non</strong></span> <span class='ocrx_word' id='word_1_294' title='bbox 973 3687 1181 3756; x_wconf 78' lang='lat' dir='ltr'><strong>potestis</strong></span> <span class='ocrx_word' id='word_1_295' title='bbox 1226 3683 1427 3740; x_wconf 83' lang='lat' dir='ltr'><strong>duobus</strong></span> <span class='ocrx_word' id='word_1_296' title='bbox 1472 3684 1691 3739; x_wconf 83' lang='lat' dir='ltr'><strong>dominis</strong></span> <span class='ocrx_word' id='word_1_297' title='bbox 1739 3685 1926 3739; x_wconf 76' lang='lat' dir='ltr'><strong>servire</strong></span> 
     </span>
    </p>
   </div>
   <div class='ocr_carea' id='block_1_38' title="bbox 305 3774 1920 3849">
    <p class='ocr_par' dir='ltr' id='par_1_38' title="bbox 305 3774 1920 3849">
     <span class='ocr_line' id='line_1_38' title="bbox 305 3774 1920 3849; baseline -0.002 -17"><span class='ocrx_word' id='word_1_298' title='bbox 305 3778 535 3849; x_wconf 77' lang='lat' dir='ltr'><strong>(Matth.</strong></span> <span class='ocrx_word' id='word_1_299' title='bbox 595 3777 656 3832; x_wconf 88' lang='grc'><strong>6.</strong></span> <span class='ocrx_word' id='word_1_300' title='bbox 715 3774 843 3847; x_wconf 57' lang='lat' dir='ltr'><strong>2i)?</strong></span> <span class='ocrx_word' id='word_1_301' title='bbox 896 3785 952 3830; x_wconf 90' lang='lat' dir='ltr'><strong>tu</strong></span> <span class='ocrx_word' id='word_1_302' title='bbox 1008 3783 1188 3830; x_wconf 90' lang='lat' dir='ltr'><strong>autem</strong></span> <span class='ocrx_word' id='word_1_303' title='bbox 1233 3777 1408 3831; x_wconf 91' lang='lat' dir='ltr'><strong>minas</strong></span> <span class='ocrx_word' id='word_1_304' title='bbox 1437 3774 1689 3832; x_wconf 86' lang='lat' dir='ltr'><strong>dissolvis</strong></span> <span class='ocrx_word' id='word_1_305' title='bbox 1709 3775 1832 3830; x_wconf 89' lang='lat' dir='ltr'><strong>dum</strong></span> <span class='ocrx_word' id='word_1_306' title='bbox 1859 3790 1920 3830; x_wconf 90' lang='lat' dir='ltr'><strong>ea</strong></span> 
     </span>
    </p>
   </div>
   <div class='ocr_carea' id='block_1_39' title="bbox 306 3866 1924 3923">
    <p class='ocr_par' dir='ltr' id='par_1_39' title="bbox 306 3866 1924 3923">
     <span class='ocr_line' id='line_1_39' title="bbox 306 3866 1924 3923; baseline -0.002 0"><span class='ocrx_word' id='word_1_307' title='bbox 306 3872 357 3923; x_wconf 91' lang='lat' dir='ltr'><strong>iu</strong></span> <span class='ocrx_word' id='word_1_308' title='bbox 406 3869 684 3923; x_wconf 86' lang='lat' dir='ltr'><strong>damnum</strong></span> <span class='ocrx_word' id='word_1_309' title='bbox 743 3876 890 3920; x_wconf 87' lang='lat' dir='ltr'><strong>tuum</strong></span> <span class='ocrx_word' id='word_1_310' title='bbox 938 3866 1106 3921; x_wconf 87' lang='lat' dir='ltr'><strong>audes</strong></span> <span class='ocrx_word' id='word_1_311' title='bbox 1155 3866 1372 3922; x_wconf 83' lang='lat' dir='ltr'><strong>dicere?</strong></span> <span class='ocrx_word' id='word_1_312' title='bbox 1413 3883 1591 3922; x_wconf 90' lang='lat' dir='ltr'><strong>annon</strong></span> <span class='ocrx_word' id='word_1_313' title='bbox 1636 3882 1753 3923; x_wconf 84' lang='lat' dir='ltr'><strong>eam</strong></span> <span class='ocrx_word' id='word_1_314' title='bbox 1794 3866 1924 3920; x_wconf 88' lang='lat' dir='ltr'><strong>dicit</strong></span> 
     </span>
    </p>
   </div>
   <div class='ocr_carea' id='block_1_40' title="bbox 312 3957 1921 4024">
    <p class='ocr_par' dir='ltr' id='par_1_40' title="bbox 312 3957 1921 4024">
     <span class='ocr_line' id='line_1_40' title="bbox 312 3957 1921 4024; baseline -0.002 -8"><span class='ocrx_word' id='word_1_315' title='bbox 312 3961 509 4016; x_wconf 82' lang='lat' dir='ltr'><strong>Paulus</strong></span> <span class='ocrx_word' id='word_1_316' title='bbox 560 3974 690 4015; x_wconf 86' lang='lat' dir='ltr'><strong>esse</strong></span> <span class='ocrx_word' id='word_1_317' title='bbox 743 3957 1122 4024; x_wconf 86' lang='lat' dir='ltr'><strong>idololatriam,</strong></span> <span class='ocrx_word' id='word_1_318' title='bbox 1163 3969 1218 4013; x_wconf 90' lang='lat' dir='ltr'><strong>et</strong></span> <span class='ocrx_word' id='word_1_319' title='bbox 1243 3974 1463 4013; x_wconf 80' lang='lat' dir='ltr'><strong>avarum</strong></span> <span class='ocrx_word' id='word_1_320' title='bbox 1509 3969 1660 4014; x_wconf 88' lang='lat' dir='ltr'><strong>vocat</strong></span> <span class='ocrx_word' id='word_1_321' title='bbox 1703 3959 1921 4014; x_wconf 82' lang='lat' dir='ltr'><strong>idolola-</strong></span> 
     </span>
    </p>
   </div>
   <div class='ocr_carea' id='block_1_41' title="bbox 313 4050 1920 4107">
    <p class='ocr_par' dir='ltr' id='par_1_41' title="bbox 313 4050 1920 4107">
     <span class='ocr_line' id='line_1_41' title="bbox 313 4050 1920 4107; baseline -0.002 0"><span class='ocrx_word' id='word_1_322' title='bbox 313 4053 484 4107; x_wconf 88' lang='lat' dir='ltr'><strong>tram?</strong></span> <span class='ocrx_word' id='word_1_323' title='bbox 516 4062 581 4106; x_wconf 90' lang='lat' dir='ltr'><strong>tu</strong></span> <span class='ocrx_word' id='word_1_324' title='bbox 604 4061 790 4105; x_wconf 87' lang='lat' dir='ltr'><strong>autem</strong></span> <span class='ocrx_word' id='word_1_325' title='bbox 819 4057 932 4105; x_wconf 88' lang='lat' dir='ltr'><strong>stas</strong></span> <span class='ocrx_word' id='word_1_326' title='bbox 963 4050 1147 4104; x_wconf 87' lang='lat' dir='ltr'><strong>ridens</strong></span> <span class='ocrx_word' id='word_1_327' title='bbox 1176 4050 1342 4104; x_wconf 89' lang='lat' dir='ltr'><strong>instar</strong></span> <span class='ocrx_word' id='word_1_328' title='bbox 1361 4051 1699 4105; x_wconf 80' lang='lat' dir='ltr'><strong>saecularium</strong></span> <span class='ocrx_word' id='word_1_329' title='bbox 1729 4053 1920 4105; x_wconf 85' lang='lat' dir='ltr'><strong>mulie-</strong></span> 
     </span>
    </p>
   </div>
   <div class='ocr_carea' id='block_1_42' title="bbox 315 4143 1920 4212">
    <p class='ocr_par' dir='ltr' id='par_1_42' title="bbox 315 4143 1920 4212">
     <span class='ocr_line' id='line_1_42' title="bbox 315 4143 1920 4212; baseline -0.001 -12"><span class='ocrx_word' id='word_1_330' title='bbox 315 4159 444 4209; x_wconf 89' lang='lat' dir='ltr'><strong>rum,</strong></span> <span class='ocrx_word' id='word_1_331' title='bbox 478 4147 668 4198; x_wconf 88' lang='lat' dir='ltr'><strong>instar</strong></span> <span class='ocrx_word' id='word_1_332' title='bbox 710 4158 895 4197; x_wconf 89' lang='lat' dir='ltr'><strong>carum</strong></span> <span class='ocrx_word' id='word_1_333' title='bbox 955 4157 1076 4212; x_wconf 63' lang='lat' dir='ltr'><strong>quae</strong></span> <span class='ocrx_word' id='word_1_334' title='bbox 1118 4151 1243 4196; x_wconf 91' lang='lat' dir='ltr'><strong>sunt</strong></span> <span class='ocrx_word' id='word_1_335' title='bbox 1287 4143 1338 4196; x_wconf 92' lang='lat' dir='ltr'><strong>in</strong></span> <span class='ocrx_word' id='word_1_336' title='bbox 1387 4157 1547 4198; x_wconf 84' lang='lat' dir='ltr'><strong>scena</strong></span> <span class='ocrx_word' id='word_1_337' title='bbox 1600 4145 1764 4198; x_wconf 81' lang='lat' dir='ltr'><strong>risum</strong></span> <span class='ocrx_word' id='word_1_338' title='bbox 1806 4161 1920 4198; x_wconf 88' lang='lat' dir='ltr'><strong>mo-</strong></span> 
     </span>
    </p>
   </div>
   <div class='ocr_carea' id='block_1_43' title="bbox 315 4250 457 4291">
    <p class='ocr_par' dir='ltr' id='par_1_43' title="bbox 315 4250 457 4291">
     <span class='ocr_line' id='line_1_43' title="bbox 315 4250 457 4291; baseline 0.007 -3"><span class='ocrx_word' id='word_1_339' title='bbox 315 4250 457 4291; x_wconf 75' lang='lat' dir='ltr'><strong>rens.</strong></span> 
     </span>
    </p>
   </div>
   <div class='ocr_carea' id='block_1_44' title="bbox 376 4322 1919 4393">
    <p class='ocr_par' dir='ltr' id='par_1_44' title="bbox 376 4322 1919 4393">
     <span class='ocr_line' id='line_1_44' title="bbox 376 4322 1919 4393; baseline -0.001 -11"><span class='ocrx_word' id='word_1_340' title='bbox 376 4330 433 4384; x_wconf 67' lang='lat'><strong>4.</strong></span> <span class='ocrx_word' id='word_1_341' title='bbox 476 4327 600 4381; x_wconf 82' lang='lat' dir='ltr'><strong>Hoc</strong></span> <span class='ocrx_word' id='word_1_342' title='bbox 618 4324 800 4380; x_wconf 89' lang='lat' dir='ltr'><strong>omnia</strong></span> <span class='ocrx_word' id='word_1_343' title='bbox 823 4323 1042 4388; x_wconf 86' lang='lat' dir='ltr'><strong>evertit,</strong></span> <span class='ocrx_word' id='word_1_344' title='bbox 1074 4322 1176 4378; x_wconf 91' lang='lat' dir='ltr'><strong>hoc</strong></span> <span class='ocrx_word' id='word_1_345' title='bbox 1196 4323 1415 4393; x_wconf 83' lang='lat' dir='ltr'><strong>dejieit:</strong></span> <span class='ocrx_word' id='word_1_346' title='bbox 1440 4325 1546 4379; x_wconf 85' lang='lat' dir='ltr'><strong>Res</strong></span> <span class='ocrx_word' id='word_1_347' title='bbox 1576 4337 1772 4380; x_wconf 77' lang='lat' dir='ltr'><strong>nosme</strong></span> <span class='ocrx_word' id='word_1_348' title='bbox 1799 4326 1919 4381; x_wconf 71' lang='lat' dir='ltr'><strong>ell‘e-</strong></span> 
     </span>
    </p>
   </div>
   <div class='ocr_carea' id='block_1_45' title="bbox 309 4416 1918 4483">
    <p class='ocr_par' dir='ltr' id='par_1_45' title="bbox 309 4416 1918 4483">
     <span class='ocr_line' id='line_1_45' title="bbox 309 4416 1918 4483; baseline -0.001 -8"><span class='ocrx_word' id='word_1_349' title='bbox 309 4429 405 4476; x_wconf 76' lang='lat' dir='ltr'><strong>ctte</strong></span> <span class='ocrx_word' id='word_1_350' title='bbox 437 4427 575 4474; x_wconf 88' lang='lat' dir='ltr'><strong>sunt</strong></span> <span class='ocrx_word' id='word_1_351' title='bbox 595 4417 767 4483; x_wconf 88' lang='lat' dir='ltr'><strong>risus,</strong></span> <span class='ocrx_word' id='word_1_352' title='bbox 783 4416 1021 4470; x_wconf 86' lang='lat' dir='ltr'><strong>civilitas</strong></span> <span class='ocrx_word' id='word_1_353' title='bbox 1046 4425 1100 4471; x_wconf 89' lang='lat' dir='ltr'><strong>et</strong></span> <span class='ocrx_word' id='word_1_354' title='bbox 1119 4417 1414 4471; x_wconf 87' lang='lat' dir='ltr'><strong>urbanitas.</strong></span> <span class='ocrx_word' id='word_1_355' title='bbox 1434 4417 1576 4473; x_wconf 89' lang='lat' dir='ltr'><strong>Nihil</strong></span> <span class='ocrx_word' id='word_1_356' title='bbox 1601 4420 1812 4482; x_wconf 89' lang='lat' dir='ltr'><strong>stabile,</strong></span> <span class='ocrx_word' id='word_1_357' title='bbox 1838 4422 1918 4474; x_wconf 84' lang='lat' dir='ltr'><strong>ni-</strong></span> 
     </span>
    </p>
   </div>
   <div class='ocr_carea' id='block_1_46' title="bbox 308 4508 1916 4584">
    <p class='ocr_par' dir='ltr' id='par_1_46' title="bbox 308 4508 1916 4584">
     <span class='ocr_line' id='line_1_46' title="bbox 308 4508 1916 4584; baseline -0.001 -15"><span class='ocrx_word' id='word_1_358' title='bbox 308 4514 379 4569; x_wconf 88' lang='lat' dir='ltr'><strong>hil</strong></span> <span class='ocrx_word' id='word_1_359' title='bbox 408 4509 743 4584; x_wconf 79' lang='lat' dir='ltr'><strong>grave.Non</strong></span> <span class='ocrx_word' id='word_1_360' title='bbox 762 4508 862 4563; x_wconf 91' lang='lat' dir='ltr'><strong>hoc</strong></span> <span class='ocrx_word' id='word_1_361' title='bbox 881 4509 1055 4562; x_wconf 88' lang='lat' dir='ltr'><strong>solum</strong></span> <span class='ocrx_word' id='word_1_362' title='bbox 1090 4509 1210 4564; x_wconf 91' lang='lat' dir='ltr'><strong>dico</strong></span> <span class='ocrx_word' id='word_1_363' title='bbox 1242 4510 1368 4564; x_wconf 83' lang='lat' dir='ltr'><strong>viris</strong></span> <span class='ocrx_word' id='word_1_364' title='bbox 1400 4510 1556 4580; x_wconf 83' lang='lat' dir='ltr'><strong>hujus</strong></span> <span class='ocrx_word' id='word_1_365' title='bbox 1587 4512 1708 4566; x_wconf 64' lang='lat' dir='ltr'><strong>vitae</strong></span> <span class='ocrx_word' id='word_1_366' title='bbox 1738 4512 1916 4568; x_wconf 91' lang='lat' dir='ltr'><strong>studio</strong></span> 
     </span>
    </p>
   </div>
   <div class='ocr_carea' id='block_1_47' title="bbox 303 4599 1916 4672">
    <p class='ocr_par' dir='ltr' id='par_1_47' title="bbox 303 4599 1916 4672">
     <span class='ocr_line' id='line_1_47' title="bbox 303 4599 1916 4672; baseline -0.002 -13"><span class='ocrx_word' id='word_1_367' title='bbox 303 4599 653 4666; x_wconf 87' lang='lat' dir='ltr'><strong>deditis,sed</strong></span> <span class='ocrx_word' id='word_1_368' title='bbox 695 4600 812 4654; x_wconf 89' lang='lat' dir='ltr'><strong>scio</strong></span> <span class='ocrx_word' id='word_1_369' title='bbox 841 4612 978 4668; x_wconf 91' lang='lat' dir='ltr'><strong>quos</strong></span> <span class='ocrx_word' id='word_1_370' title='bbox 1024 4600 1223 4653; x_wconf 91' lang='lat' dir='ltr'><strong>innuo:</strong></span> <span class='ocrx_word' id='word_1_371' title='bbox 1257 4600 1368 4654; x_wconf 90' lang='lat' dir='ltr'><strong>risu</strong></span> <span class='ocrx_word' id='word_1_372' title='bbox 1411 4601 1551 4655; x_wconf 91' lang='lat' dir='ltr'><strong>enim</strong></span> <span class='ocrx_word' id='word_1_373' title='bbox 1592 4601 1806 4672; x_wconf 91' lang='lat' dir='ltr'><strong>impleta</strong></span> <span class='ocrx_word' id='word_1_374' title='bbox 1835 4614 1916 4657; x_wconf 67' lang='grc' dir='ltr'><strong>υ›ι</strong></span> 
     </span>
    </p>
   </div>
   <div class='ocr_carea' id='block_1_48' title="bbox 304 4689 1917 4761">
    <p class='ocr_par' dir='ltr' id='par_1_48' title="bbox 304 4689 1917 4761">
     <span class='ocr_line' id='line_1_48' title="bbox 304 4689 1917 4761; baseline 0.001 -12"><span class='ocrx_word' id='word_1_375' title='bbox 304 4692 584 4749; x_wconf 80' lang='lat' dir='ltr'><strong>Ecclesia.</strong></span> <span class='ocrx_word' id='word_1_376' title='bbox 610 4689 671 4746; x_wconf 92' lang='lat' dir='ltr'><strong>Si</strong></span> <span class='ocrx_word' id='word_1_377' title='bbox 705 4689 972 4759; x_wconf 85' lang='lat' dir='ltr'><strong>quispiam</strong></span> <span class='ocrx_word' id='word_1_378' title='bbox 997 4689 1228 4745; x_wconf 87' lang='lat' dir='ltr'><strong>facetum</strong></span> <span class='ocrx_word' id='word_1_379' title='bbox 1261 4691 1385 4761; x_wconf 92' lang='lat' dir='ltr'><strong>quid</strong></span> <span class='ocrx_word' id='word_1_380' title='bbox 1418 4691 1636 4759; x_wconf 85' lang='lat' dir='ltr'><strong>dixerit,</strong></span> <span class='ocrx_word' id='word_1_381' title='bbox 1667 4695 1804 4749; x_wconf 89' lang='lat' dir='ltr'><strong>inter</strong></span> <span class='ocrx_word' id='word_1_382' title='bbox 1832 4710 1917 4750; x_wconf 84' lang='lat' dir='ltr'><strong>se-</strong></span> 
     </span>
    </p>
   </div>
   <div class='ocr_carea' id='block_1_49' title="bbox 298 4784 1916 4854">
    <p class='ocr_par' dir='ltr' id='par_1_49' title="bbox 298 4784 1916 4854">
     <span class='ocr_line' id='line_1_49' title="bbox 298 4784 1916 4854; baseline -0.001 -10"><span class='ocrx_word' id='word_1_383' title='bbox 298 4788 508 4844; x_wconf 83' lang='lat' dir='ltr'><strong>dentes</strong></span> <span class='ocrx_word' id='word_1_384' title='bbox 530 4785 718 4838; x_wconf 89' lang='lat' dir='ltr'><strong>statim</strong></span> <span class='ocrx_word' id='word_1_385' title='bbox 744 4784 984 4837; x_wconf 89' lang='lat' dir='ltr'><strong>nascitur</strong></span> <span class='ocrx_word' id='word_1_386' title='bbox 1008 4785 1184 4839; x_wconf 88' lang='lat' dir='ltr'><strong>risus:</strong></span> <span class='ocrx_word' id='word_1_387' title='bbox 1207 4793 1262 4839; x_wconf 90' lang='lat' dir='ltr'><strong>et</strong></span> <span class='ocrx_word' id='word_1_388' title='bbox 1282 4785 1422 4854; x_wconf 90' lang='lat' dir='ltr'><strong>quod</strong></span> <span class='ocrx_word' id='word_1_389' title='bbox 1452 4795 1532 4840; x_wconf 88' lang='lat' dir='ltr'><strong>est</strong></span> <span class='ocrx_word' id='word_1_390' title='bbox 1551 4787 1816 4852; x_wconf 86' lang='lat' dir='ltr'><strong>mirabile,</strong></span> <span class='ocrx_word' id='word_1_391' title='bbox 1849 4804 1916 4843; x_wconf 89' lang='lat' dir='ltr'><strong>nc</strong></span> 
     </span>
    </p>
   </div>
   <div class='ocr_carea' id='block_1_50' title="bbox 301 4875 1911 4950">
    <p class='ocr_par' dir='ltr' id='par_1_50' title="bbox 301 4875 1911 4950">
     <span class='ocr_line' id='line_1_50' title="bbox 301 4875 1911 4950; baseline 0 -16"><span class='ocrx_word' id='word_1_392' title='bbox 301 4881 356 4934; x_wconf 92' lang='lat' dir='ltr'><strong>in</strong></span> <span class='ocrx_word' id='word_1_393' title='bbox 379 4879 506 4950; x_wconf 83' lang='lat' dir='ltr'><strong>ipso</strong></span> <span class='ocrx_word' id='word_1_394' title='bbox 536 4875 757 4948; x_wconf 85' lang='lat' dir='ltr'><strong>quidem</strong></span> <span class='ocrx_word' id='word_1_395' title='bbox 792 4890 1010 4946; x_wconf 87' lang='lat' dir='ltr'><strong>precum</strong></span> <span class='ocrx_word' id='word_1_396' title='bbox 1039 4884 1281 4947; x_wconf 87' lang='lat' dir='ltr'><strong>tempore</strong></span> <span class='ocrx_word' id='word_1_397' title='bbox 1301 4887 1511 4930; x_wconf 88' lang='lat' dir='ltr'><strong>cessant</strong></span> <span class='ocrx_word' id='word_1_398' title='bbox 1531 4878 1682 4930; x_wconf 89' lang='lat' dir='ltr'><strong>multi</strong></span> <span class='ocrx_word' id='word_1_399' title='bbox 1715 4878 1911 4934; x_wconf 78' lang='lat' dir='ltr'><strong>ridere.</strong></span> 
     </span>
    </p>
   </div>
   <div class='ocr_carea' id='block_1_51' title="bbox 303 4962 1906 5037">
    <p class='ocr_par' dir='ltr' id='par_1_51' title="bbox 303 4962 1906 5037">
     <span class='ocr_line' id='line_1_51' title="bbox 303 4962 1906 5037; baseline -0.004 -16"><span class='ocrx_word' id='word_1_400' title='bbox 303 4966 519 5037; x_wconf 87' lang='lat' dir='ltr'><strong>Ubique</strong></span> <span class='ocrx_word' id='word_1_401' title='bbox 541 4965 745 5020; x_wconf 89' lang='lat' dir='ltr'><strong>choros</strong></span> <span class='ocrx_word' id='word_1_402' title='bbox 771 4966 918 5019; x_wconf 89' lang='lat' dir='ltr'><strong>ducit</strong></span> <span class='ocrx_word' id='word_1_403' title='bbox 947 4966 1206 5030; x_wconf 64' lang='lat' dir='ltr'><strong>diabolus,</strong></span> <span class='ocrx_word' id='word_1_404' title='bbox 1228 4981 1419 5021; x_wconf 88' lang='lat' dir='ltr'><strong>omnes</strong></span> <span class='ocrx_word' id='word_1_405' title='bbox 1436 4967 1710 5035; x_wconf 79' lang='lat' dir='ltr'><strong>ingressus</strong></span> <span class='ocrx_word' id='word_1_406' title='bbox 1729 4970 1830 5020; x_wconf 89' lang='lat' dir='ltr'><strong>est.</strong></span> <span class='ocrx_word' id='word_1_407' title='bbox 1857 4962 1906 5015; x_wconf 93' lang='lat' dir='ltr'><strong>in</strong></span> 
     </span>
    </p>
   </div>
   <div class='ocr_carea' id='block_1_52' title="bbox 292 5053 1907 5126">
    <p class='ocr_par' dir='ltr' id='par_1_52' title="bbox 292 5053 1907 5126">
     <span class='ocr_line' id='line_1_52' title="bbox 292 5053 1907 5126; baseline -0.003 -15"><span class='ocrx_word' id='word_1_408' title='bbox 292 5073 490 5113; x_wconf 87' lang='lat' dir='ltr'><strong>omnes</strong></span> <span class='ocrx_word' id='word_1_409' title='bbox 507 5058 850 5112; x_wconf 86' lang='lat' dir='ltr'><strong>dominatum</strong></span> <span class='ocrx_word' id='word_1_410' title='bbox 879 5059 1088 5113; x_wconf 87' lang='lat' dir='ltr'><strong>obtinet</strong></span> <span class='ocrx_word' id='word_1_411' title='bbox 1123 5077 1136 5114; x_wconf 91' lang='lat'><strong>:</strong></span> <span class='ocrx_word' id='word_1_412' title='bbox 1165 5058 1416 5114; x_wconf 86' lang='lat' dir='ltr'><strong>Christus</strong></span> <span class='ocrx_word' id='word_1_413' title='bbox 1445 5055 1776 5126; x_wconf 88' lang='lat' dir='ltr'><strong>contemptui</strong></span> <span class='ocrx_word' id='word_1_414' title='bbox 1812 5053 1907 5107; x_wconf 88' lang='lat' dir='ltr'><strong>ha-</strong></span> 
     </span>
    </p>
   </div>
   <div class='ocr_carea' id='block_1_53' title="bbox 293 5146 1904 5209">
    <p class='ocr_par' dir='ltr' id='par_1_53' title="bbox 293 5146 1904 5209">
     <span class='ocr_line' id='line_1_53' title="bbox 293 5146 1904 5209; baseline 0.001 -11"><span class='ocrx_word' id='word_1_415' title='bbox 293 5149 488 5209; x_wconf 84' lang='lat' dir='ltr'><strong>betur,</strong></span> <span class='ocrx_word' id='word_1_416' title='bbox 520 5148 854 5203; x_wconf 74' lang='lat' dir='ltr'><strong>extruditur.</strong></span> <span class='ocrx_word' id='word_1_417' title='bbox 893 5150 1045 5203; x_wconf 90' lang='lat' dir='ltr'><strong>nihili</strong></span> <span class='ocrx_word' id='word_1_418' title='bbox 1070 5150 1281 5204; x_wconf 87' lang='lat' dir='ltr'><strong>ducitur</strong></span> <span class='ocrx_word' id='word_1_419' title='bbox 1295 5147 1683 5205; x_wconf 79' lang='lat' dir='ltr'><strong>Ecclesia.Non</strong></span> <span class='ocrx_word' id='word_1_420' title='bbox 1707 5146 1904 5200; x_wconf 84' lang='lat' dir='ltr'><strong>auditis</strong></span> 
     </span>
    </p>
   </div>
   <div class='ocr_carea' id='block_1_54' title="bbox 288 5241 1900 5310">
    <p class='ocr_par' dir='ltr' id='par_1_54' title="bbox 288 5241 1900 5310">
     <span class='ocr_line' id='line_1_54' title="bbox 288 5241 1900 5310; baseline -0.004 -15"><span class='ocrx_word' id='word_1_421' title='bbox 288 5241 520 5296; x_wconf 82' lang='lat' dir='ltr'><strong>Paulum</strong></span> <span class='ocrx_word' id='word_1_422' title='bbox 546 5241 821 5297; x_wconf 86' lang='lat' dir='ltr'><strong>dicentem</strong></span> <span class='ocrx_word' id='word_1_423' title='bbox 844 5259 858 5292; x_wconf 86' lang='lat'><strong>:</strong></span> <span class='ocrx_word' id='word_1_424' title='bbox 880 5243 1184 5310; x_wconf 66' lang='lat' dir='ltr'><strong>Tur-pituita,</strong></span> <span class='ocrx_word' id='word_1_425' title='bbox 1208 5253 1252 5296; x_wconf 89' lang='lat' dir='ltr'><strong>et</strong></span> <span class='ocrx_word' id='word_1_426' title='bbox 1270 5241 1663 5308; x_wconf 80' lang='lat' dir='ltr'><strong>stultiloquium,</strong></span> <span class='ocrx_word' id='word_1_427' title='bbox 1696 5248 1742 5292; x_wconf 89' lang='lat' dir='ltr'><strong>et</strong></span> <span class='ocrx_word' id='word_1_428' title='bbox 1759 5254 1900 5292; x_wconf 79' lang='lat' dir='ltr'><strong>scur-</strong></span> 
     </span>
    </p>
   </div>
   <div class='ocr_carea' id='block_1_55' title="bbox 286 5331 1898 5405">
    <p class='ocr_par' dir='ltr' id='par_1_55' title="bbox 286 5331 1898 5405">
     <span class='ocr_line' id='line_1_55' title="bbox 286 5331 1898 5405; baseline 0 -21"><span class='ocrx_word' id='word_1_429' title='bbox 286 5332 461 5387; x_wconf 74' lang='lat' dir='ltr'><strong>riluas</strong></span> <span class='ocrx_word' id='word_1_430' title='bbox 501 5334 728 5388; x_wconf 77' lang='lat' dir='ltr'><strong>tollatur</strong></span> <span class='ocrx_word' id='word_1_431' title='bbox 756 5351 788 5386; x_wconf 80' lang='grc' dir='ltr'><em>α</em></span> <span class='ocrx_word' id='word_1_432' title='bbox 809 5335 949 5388; x_wconf 78' lang='lat' dir='ltr'><strong>tabis</strong></span> <span class='ocrx_word' id='word_1_433' title='bbox 973 5333 1193 5405; x_wconf 71' lang='lat' dir='ltr'><strong>(Ep/tes.</strong></span> <span class='ocrx_word' id='word_1_434' title='bbox 1223 5336 1276 5389; x_wconf 82' lang='grc'><strong>5.</strong></span> <span class='ocrx_word' id='word_1_435' title='bbox 1303 5334 1392 5403; x_wconf 68' lang='lat'><strong>4)?</strong></span> <span class='ocrx_word' id='word_1_436' title='bbox 1413 5335 1543 5387; x_wconf 76' lang='lat' dir='ltr'><strong>Cum</strong></span> <span class='ocrx_word' id='word_1_437' title='bbox 1576 5331 1898 5400; x_wconf 84' lang='lat' dir='ltr'><strong>turpitudine</strong></span> 
     </span>
    </p>
   </div>
   <div class='ocr_carea' id='block_1_56' title="bbox 285 5421 1891 5491">
    <p class='ocr_par' dir='ltr' id='par_1_56' title="bbox 285 5421 1891 5491">
     <span class='ocr_line' id='line_1_56' title="bbox 285 5421 1891 5491; baseline -0.001 -16"><span class='ocrx_word' id='word_1_438' title='bbox 285 5425 442 5491; x_wconf 78' lang='lat' dir='ltr'><strong>punit</strong></span> <span class='ocrx_word' id='word_1_439' title='bbox 472 5421 908 5478; x_wconf 87' lang='lat' dir='ltr'><strong>scurrilitatem:</strong></span> <span class='ocrx_word' id='word_1_440' title='bbox 937 5433 992 5478; x_wconf 94' lang='lat' dir='ltr'><strong>tu</strong></span> <span class='ocrx_word' id='word_1_441' title='bbox 1031 5435 1209 5479; x_wconf 88' lang='lat' dir='ltr'><strong>autem</strong></span> <span class='ocrx_word' id='word_1_442' title='bbox 1256 5425 1441 5478; x_wconf 85' lang='lat' dir='ltr'><strong>rides?</strong></span> <span class='ocrx_word' id='word_1_443' title='bbox 1481 5423 1619 5490; x_wconf 86' lang='lat' dir='ltr'><strong>Quid</strong></span> <span class='ocrx_word' id='word_1_444' title='bbox 1661 5422 1891 5476; x_wconf 78' lang='lat' dir='ltr'><strong>stultilu~</strong></span> 
     </span>
    </p>
   </div>
   <div class='ocr_carea' id='block_1_57' title="bbox 283 5514 1892 5585">
    <p class='ocr_par' dir='ltr' id='par_1_57' title="bbox 283 5514 1892 5585">
     <span class='ocr_line' id='line_1_57' title="bbox 283 5514 1892 5585; baseline -0.002 -18"><span class='ocrx_word' id='word_1_445' title='bbox 283 5517 471 5583; x_wconf 87' lang='lat' dir='ltr'><strong>quium</strong></span> <span class='ocrx_word' id='word_1_446' title='bbox 487 5515 514 5568; x_wconf 83' lang='lat'><strong>?</strong></span> <span class='ocrx_word' id='word_1_447' title='bbox 531 5529 657 5585; x_wconf 78' lang='lat' dir='ltr'><strong>qua:</strong></span> <span class='ocrx_word' id='word_1_448' title='bbox 675 5514 810 5569; x_wconf 84' lang='lat' dir='ltr'><strong>nihil</strong></span> <span class='ocrx_word' id='word_1_449' title='bbox 837 5514 1036 5570; x_wconf 86' lang='lat' dir='ltr'><strong>habent</strong></span> <span class='ocrx_word' id='word_1_450' title='bbox 1059 5515 1208 5572; x_wconf 85' lang='lat' dir='ltr'><strong>mile.</strong></span> <span class='ocrx_word' id='word_1_451' title='bbox 1223 5515 1304 5572; x_wconf 89' lang='lat' dir='ltr'><strong>Tu</strong></span> <span class='ocrx_word' id='word_1_452' title='bbox 1325 5523 1501 5570; x_wconf 91' lang='lat' dir='ltr'><strong>tamen</strong></span> <span class='ocrx_word' id='word_1_453' title='bbox 1520 5515 1681 5578; x_wconf 81' lang='lat' dir='ltr'><strong>rides,</strong></span> <span class='ocrx_word' id='word_1_454' title='bbox 1698 5524 1747 5566; x_wconf 91' lang='lat' dir='ltr'><strong>et</strong></span> <span class='ocrx_word' id='word_1_455' title='bbox 1777 5517 1892 5565; x_wconf 89' lang='lat' dir='ltr'><strong>vul-</strong></span> 
     </span>
    </p>
   </div>
   <div class='ocr_carea' id='block_1_58' title="bbox 283 5602 1892 5677">
    <p class='ocr_par' dir='ltr' id='par_1_58' title="bbox 283 5602 1892 5677">
     <span class='ocr_line' id='line_1_58' title="bbox 283 5602 1892 5677; baseline -0.001 -19"><span class='ocrx_word' id='word_1_456' title='bbox 283 5616 390 5659; x_wconf 90' lang='lat' dir='ltr'><strong>tum</strong></span> <span class='ocrx_word' id='word_1_457' title='bbox 405 5605 700 5671; x_wconf 78' lang='lat' dir='ltr'><strong>ditfundis,</strong></span> <span class='ocrx_word' id='word_1_458' title='bbox 717 5606 883 5674; x_wconf 90' lang='lat' dir='ltr'><strong>quies</strong></span> <span class='ocrx_word' id='word_1_459' title='bbox 907 5606 1245 5661; x_wconf 87' lang='lat' dir='ltr'><strong>monachus?</strong></span> <span class='ocrx_word' id='word_1_460' title='bbox 1265 5607 1355 5677; x_wconf 90' lang='lat' dir='ltr'><strong>qui</strong></span> <span class='ocrx_word' id='word_1_461' title='bbox 1380 5606 1686 5672; x_wconf 78' lang='lat' dir='ltr'><strong>crucifixus,</strong></span> <span class='ocrx_word' id='word_1_462' title='bbox 1705 5603 1793 5675; x_wconf 89' lang='lat' dir='ltr'><strong>qui</strong></span> <span class='ocrx_word' id='word_1_463' title='bbox 1815 5602 1892 5656; x_wconf 93' lang='lat' dir='ltr'><strong>lu-</strong></span> 
     </span>
    </p>
   </div>
   <div class='ocr_carea' id='block_1_59' title="bbox 276 5693 1890 5764">
    <p class='ocr_par' dir='ltr' id='par_1_59' title="bbox 276 5693 1890 5764">
     <span class='ocr_line' id='line_1_59' title="bbox 276 5693 1890 5764; baseline -0.002 -13"><span class='ocrx_word' id='word_1_464' title='bbox 276 5707 422 5752; x_wconf 86' lang='lat' dir='ltr'><strong>ctum</strong></span> <span class='ocrx_word' id='word_1_465' title='bbox 440 5697 652 5764; x_wconf 83' lang='lat' dir='ltr'><strong>induis,</strong></span> <span class='ocrx_word' id='word_1_466' title='bbox 680 5697 849 5764; x_wconf 87' lang='lat' dir='ltr'><strong>rides,</strong></span> <span class='ocrx_word' id='word_1_467' title='bbox 869 5697 958 5753; x_wconf 89' lang='lat' dir='ltr'><strong>dic</strong></span> <span class='ocrx_word' id='word_1_468' title='bbox 978 5698 1145 5752; x_wconf 84' lang='lat' dir='ltr'><strong>mihi?</strong></span> <span class='ocrx_word' id='word_1_469' title='bbox 1167 5699 1265 5754; x_wconf 82' lang='lat' dir='ltr'><strong>Ubi</strong></span> <span class='ocrx_word' id='word_1_470' title='bbox 1296 5698 1470 5753; x_wconf 81' lang='lat' dir='ltr'><strong>vidisti</strong></span> <span class='ocrx_word' id='word_1_471' title='bbox 1489 5695 1759 5752; x_wconf 88' lang='lat' dir='ltr'><strong>Christum</strong></span> <span class='ocrx_word' id='word_1_472' title='bbox 1791 5693 1890 5747; x_wconf 84' lang='lat' dir='ltr'><strong>hoc</strong></span> 
     </span>
    </p>
   </div>
   <div class='ocr_carea' id='block_1_60' title="bbox 277 5785 1887 5863">
    <p class='ocr_par' dir='ltr' id='par_1_60' title="bbox 277 5785 1887 5863">
     <span class='ocr_line' id='line_1_60' title="bbox 277 5785 1887 5863; baseline -0.003 -20"><span class='ocrx_word' id='word_1_473' title='bbox 277 5789 622 5848; x_wconf 81' lang='lat' dir='ltr'><strong>facientem?</strong></span> <span class='ocrx_word' id='word_1_474' title='bbox 655 5789 930 5863; x_wconf 79' lang='lat' dir='ltr'><strong>Nusquam</strong></span> <span class='ocrx_word' id='word_1_475' title='bbox 961 5808 974 5853; x_wconf 89' lang='lat'><strong>;</strong></span> <span class='ocrx_word' id='word_1_476' title='bbox 1002 5791 1098 5847; x_wconf 77' lang='lat' dir='ltr'><strong>sed</strong></span> <span class='ocrx_word' id='word_1_477' title='bbox 1124 5806 1266 5860; x_wconf 77' lang='lat' dir='ltr'><strong>saepe.</strong></span> <span class='ocrx_word' id='word_1_478' title='bbox 1291 5789 1507 5861; x_wconf 78' lang='lat' dir='ltr'><strong>quidem</strong></span> <span class='ocrx_word' id='word_1_479' title='bbox 1542 5787 1771 5843; x_wconf 82' lang='lat' dir='ltr'><strong>tristem.</strong></span> <span class='ocrx_word' id='word_1_480' title='bbox 1798 5785 1887 5839; x_wconf 87' lang='lat' dir='ltr'><strong>Et-</strong></span> 
     </span>
    </p>
   </div>
   <div class='ocr_carea' id='block_1_61' title="bbox 1186 333 3654 415">
    <p class='ocr_par' dir='ltr' id='par_1_61' title="bbox 1186 333 3654 415">
     <span class='ocr_line' id='line_1_61' title="bbox 1186 333 3654 415; baseline 0 -21"><span class='ocrx_word' id='word_1_481' title='bbox 1289 337 1508 396; x_wconf 83' lang='lat' dir='ltr'><strong>EPIST.</strong></span> <span class='ocrx_word' id='word_1_482' title='bbox 1549 337 1642 392; x_wconf 88' lang='lat' dir='ltr'><strong>AD</strong></span> <span class='ocrx_word' id='word_1_483' title='bbox 1683 333 2049 392; x_wconf 69' lang='lat' dir='ltr'><strong>&quot;EBBzEOS.</strong></span> <span class='ocrx_word' id='word_1_484' title='bbox 2091 337 2246 392; x_wconf 74' lang='lat' dir='ltr'><strong>CAP.</strong></span> <span class='ocrx_word' id='word_1_485' title='bbox 2290 337 2382 392; x_wconf 79' lang='lat' dir='ltr'><strong>IX.</strong></span> <span class='ocrx_word' id='word_1_486' title='bbox 2429 337 2658 395; x_wconf 80' lang='lat' dir='ltr'><strong>[l0.\llL.</strong></span> <span class='ocrx_word' id='word_1_487' title='bbox 2701 339 2820 396; x_wconf 79' lang='lat' dir='ltr'><strong>XV.</strong></span> <span class='ocrx_word' id='word_1_488' title='bbox 3550 340 3654 395; x_wconf 67' lang='lat'><strong>{9.2</strong></span> 
     </span>
    </p>
   </div>
   <div class='ocr_carea' id='block_1_62' title="bbox 2059 439 3642 512">
    <p class='ocr_par' dir='ltr' id='par_1_62' title="bbox 2059 439 3642 512">
     <span class='ocr_line' id='line_1_62' title="bbox 2059 439 3642 512; baseline -0.004 -15"><span class='ocrx_word' id='word_1_489' title='bbox 2059 443 2200 497; x_wconf 86' lang='lat' dir='ltr'><strong>enim</strong></span> <span class='ocrx_word' id='word_1_490' title='bbox 2228 444 2442 512; x_wconf 88' lang='lat' dir='ltr'><strong>quando</strong></span> <span class='ocrx_word' id='word_1_491' title='bbox 2472 443 2601 498; x_wconf 84' lang='lat' dir='ltr'><strong>vidit</strong></span> <span class='ocrx_word' id='word_1_492' title='bbox 2636 442 2965 506; x_wconf 82' lang='lat' dir='ltr'><strong>Jerusalem,</strong></span> <span class='ocrx_word' id='word_1_493' title='bbox 3013 441 3197 506; x_wconf 84' lang='lat' dir='ltr'><strong>nevit;</strong></span> <span class='ocrx_word' id='word_1_494' title='bbox 3229 449 3284 496; x_wconf 88' lang='lat' dir='ltr'><strong>et</strong></span> <span class='ocrx_word' id='word_1_495' title='bbox 3311 439 3526 511; x_wconf 91' lang='lat' dir='ltr'><strong>quando</strong></span> <span class='ocrx_word' id='word_1_496' title='bbox 3575 461 3642 493; x_wconf 74' lang='lat' dir='ltr'><strong>tu:</strong></span> 
     </span>
    </p>
   </div>
   <div class='ocr_carea' id='block_1_63' title="bbox 2061 529 3643 604">
    <p class='ocr_par' dir='ltr' id='par_1_63' title="bbox 2061 529 3643 604">
     <span class='ocr_line' id='line_1_63' title="bbox 2061 529 3643 604; baseline -0.002 -20"><span class='ocrx_word' id='word_1_497' title='bbox 2061 533 2332 600; x_wconf 82' lang='lat' dir='ltr'><strong>proditore</strong></span> <span class='ocrx_word' id='word_1_498' title='bbox 2361 535 2631 604; x_wconf 83' lang='lat' dir='ltr'><strong>cogitavit,</strong></span> <span class='ocrx_word' id='word_1_499' title='bbox 2658 533 2758 588; x_wconf 89' lang='lat' dir='ltr'><strong>fuit</strong></span> <span class='ocrx_word' id='word_1_500' title='bbox 2784 534 3060 596; x_wconf 87' lang='lat' dir='ltr'><strong>turbatus;</strong></span> <span class='ocrx_word' id='word_1_501' title='bbox 3090 531 3368 602; x_wconf 85' lang='lat' dir='ltr'><strong>etquando</strong></span> <span class='ocrx_word' id='word_1_502' title='bbox 3382 529 3643 585; x_wconf 83' lang='lat' dir='ltr'><strong>Lazarum</strong></span> 
     </span>
    </p>
   </div>
   <div class='ocr_carea' id='block_1_64' title="bbox 2056 617 3640 695">
    <p class='ocr_par' dir='ltr' id='par_1_64' title="bbox 2056 617 3640 695">
     <span class='ocr_line' id='line_1_64' title="bbox 2056 617 3640 695; baseline -0.005 -18"><span class='ocrx_word' id='word_1_503' title='bbox 2056 625 2410 679; x_wconf 87' lang='lat' dir='ltr'><strong>suscitaturus</strong></span> <span class='ocrx_word' id='word_1_504' title='bbox 2448 635 2584 688; x_wconf 88' lang='lat' dir='ltr'><strong>erat,</strong></span> <span class='ocrx_word' id='word_1_505' title='bbox 2623 625 2947 695; x_wconf 85' lang='lat' dir='ltr'><strong>lacrymatus</strong></span> <span class='ocrx_word' id='word_1_506' title='bbox 2995 633 3077 677; x_wconf 91' lang='lat' dir='ltr'><strong>est</strong></span> <span class='ocrx_word' id='word_1_507' title='bbox 3102 640 3114 674; x_wconf 96' lang='lat'>:</span> <span class='ocrx_word' id='word_1_508' title='bbox 3144 630 3197 676; x_wconf 91' lang='lat' dir='ltr'><strong>tu</strong></span> <span class='ocrx_word' id='word_1_509' title='bbox 3230 630 3411 676; x_wconf 89' lang='lat' dir='ltr'><strong>autem</strong></span> <span class='ocrx_word' id='word_1_510' title='bbox 3457 617 3640 674; x_wconf 86' lang='lat' dir='ltr'><strong>rides?</strong></span> 
     </span>
    </p>
   </div>
   <div class='ocr_carea' id='block_1_65' title="bbox 2055 712 3638 784">
    <p class='ocr_par' dir='ltr' id='par_1_65' title="bbox 2055 712 3638 784">
     <span class='ocr_line' id='line_1_65' title="bbox 2055 712 3638 784; baseline -0.004 -16"><span class='ocrx_word' id='word_1_511' title='bbox 2055 714 2110 768; x_wconf 87' lang='lat' dir='ltr'><strong>Si</strong></span> <span class='ocrx_word' id='word_1_512' title='bbox 2134 715 2218 784; x_wconf 89' lang='lat' dir='ltr'><strong>qui</strong></span> <span class='ocrx_word' id='word_1_513' title='bbox 2250 723 2464 783; x_wconf 83' lang='lat' dir='ltr'><strong>propter</strong></span> <span class='ocrx_word' id='word_1_514' title='bbox 2489 715 2714 768; x_wconf 80' lang='lat' dir='ltr'><strong>aliorum</strong></span> <span class='ocrx_word' id='word_1_515' title='bbox 2744 722 2965 784; x_wconf 81' lang='lat' dir='ltr'><strong>peccata</strong></span> <span class='ocrx_word' id='word_1_516' title='bbox 2993 727 3098 766; x_wconf 91' lang='lat' dir='ltr'><strong>nou</strong></span> <span class='ocrx_word' id='word_1_517' title='bbox 3139 712 3308 777; x_wconf 91' lang='lat' dir='ltr'><strong>dolet,</strong></span> <span class='ocrx_word' id='word_1_518' title='bbox 3332 712 3524 781; x_wconf 76' lang='lat' dir='ltr'><strong>dignus</strong></span> <span class='ocrx_word' id='word_1_519' title='bbox 3554 718 3638 764; x_wconf 91' lang='lat' dir='ltr'><strong>est</strong></span> 
     </span>
    </p>
   </div>
   <div class='ocr_carea' id='block_1_66' title="bbox 2053 804 3661 875">
    <p class='ocr_par' dir='ltr' id='par_1_66' title="bbox 2053 804 3661 875">
     <span class='ocr_line' id='line_1_66' title="bbox 2053 804 3661 875; baseline -0.001 -19"><span class='ocrx_word' id='word_1_520' title='bbox 2053 806 2142 875; x_wconf 89' lang='lat' dir='ltr'><strong>qui</strong></span> <span class='ocrx_word' id='word_1_521' title='bbox 2193 807 2634 874; x_wconf 72' lang='lat' dir='ltr'><strong>accuseturzqui</strong></span> <span class='ocrx_word' id='word_1_522' title='bbox 2668 821 2764 874; x_wconf 87' lang='lat' dir='ltr'><strong>pro</strong></span> <span class='ocrx_word' id='word_1_523' title='bbox 2811 807 2924 860; x_wconf 90' lang='lat' dir='ltr'><strong>suis</strong></span> <span class='ocrx_word' id='word_1_524' title='bbox 2957 806 3102 859; x_wconf 92' lang='lat' dir='ltr'><strong>nullo</strong></span> <span class='ocrx_word' id='word_1_525' title='bbox 3149 805 3378 873; x_wconf 78' lang='lat' dir='ltr'><strong>tangitur</strong></span> <span class='ocrx_word' id='word_1_526' title='bbox 3421 804 3661 869; x_wconf 84' lang='lat' dir='ltr'><strong>dolore,-</strong></span> 
     </span>
    </p>
   </div>
   <div class='ocr_carea' id='block_1_67' title="bbox 2053 896 3638 967">
    <p class='ocr_par' dir='ltr' id='par_1_67' title="bbox 2053 896 3638 967">
     <span class='ocr_line' id='line_1_67' title="bbox 2053 896 3638 967; baseline -0.003 -16"><span class='ocrx_word' id='word_1_527' title='bbox 2053 897 2146 951; x_wconf 82' lang='lat' dir='ltr'><strong>sed</strong></span> <span class='ocrx_word' id='word_1_528' title='bbox 2173 896 2330 959; x_wconf 88' lang='lat' dir='ltr'><strong>ridet,</strong></span> <span class='ocrx_word' id='word_1_529' title='bbox 2356 911 2587 965; x_wconf 89' lang='lat' dir='ltr'><strong>quanam</strong></span> <span class='ocrx_word' id='word_1_530' title='bbox 2617 897 2721 950; x_wconf 89' lang='lat' dir='ltr'><strong>erit</strong></span> <span class='ocrx_word' id='word_1_531' title='bbox 2743 897 2933 967; x_wconf 79' lang='lat' dir='ltr'><strong>dignus</strong></span> <span class='ocrx_word' id='word_1_532' title='bbox 2963 897 3112 952; x_wconf 76' lang='lat' dir='ltr'><strong>venia</strong></span> <span class='ocrx_word' id='word_1_533' title='bbox 3135 897 3156 950; x_wconf 89' lang='lat'><strong>?</strong></span> <span class='ocrx_word' id='word_1_534' title='bbox 3178 897 3376 950; x_wconf 87' lang='lat' dir='ltr'><strong>Luctus</strong></span> <span class='ocrx_word' id='word_1_535' title='bbox 3392 905 3473 948; x_wconf 90' lang='lat' dir='ltr'><strong>est</strong></span> <span class='ocrx_word' id='word_1_536' title='bbox 3504 903 3638 949; x_wconf 83' lang='lat' dir='ltr'><strong>teni-</strong></span> 
     </span>
    </p>
   </div>
   <div class='ocr_carea' id='block_1_68' title="bbox 2055 986 3633 1056">
    <p class='ocr_par' dir='ltr' id='par_1_68' title="bbox 2055 986 3633 1056">
     <span class='ocr_line' id='line_1_68' title="bbox 2055 986 3633 1056; baseline -0.001 -14"><span class='ocrx_word' id='word_1_537' title='bbox 2055 1004 2152 1056; x_wconf 91' lang='lat' dir='ltr'><strong>pus</strong></span> <span class='ocrx_word' id='word_1_538' title='bbox 2180 997 2232 1043; x_wconf 90' lang='lat' dir='ltr'><strong>et</strong></span> <span class='ocrx_word' id='word_1_539' title='bbox 2261 987 2586 1052; x_wconf 85' lang='lat' dir='ltr'><strong>afﬂictionis,</strong></span> <span class='ocrx_word' id='word_1_540' title='bbox 2607 989 2970 1056; x_wconf 84' lang='lat' dir='ltr'><strong>castigationis</strong></span> <span class='ocrx_word' id='word_1_541' title='bbox 2987 999 3041 1044; x_wconf 93' lang='lat' dir='ltr'><strong>et</strong></span> <span class='ocrx_word' id='word_1_542' title='bbox 3065 989 3333 1044; x_wconf 81' lang='lat' dir='ltr'><strong>servitutis</strong></span> <span class='ocrx_word' id='word_1_543' title='bbox 3349 986 3633 1054; x_wconf 70' lang='lat' dir='ltr'><strong>obeundae,</strong></span> 
     </span>
    </p>
   </div>
   <div class='ocr_carea' id='block_1_69' title="bbox 2051 1078 3634 1137">
    <p class='ocr_par' dir='ltr' id='par_1_69' title="bbox 2051 1078 3634 1137">
     <span class='ocr_line' id='line_1_69' title="bbox 2051 1078 3634 1137; baseline -0.003 0"><span class='ocrx_word' id='word_1_544' title='bbox 2051 1081 2402 1137; x_wconf 90' lang='lat' dir='ltr'><strong>certaminum</strong></span> <span class='ocrx_word' id='word_1_545' title='bbox 2431 1089 2486 1136; x_wconf 91' lang='lat' dir='ltr'><strong>et</strong></span> <span class='ocrx_word' id='word_1_546' title='bbox 2511 1078 2769 1135; x_wconf 78' lang='lat' dir='ltr'><strong>sudorum</strong></span> <span class='ocrx_word' id='word_1_547' title='bbox 2797 1097 2810 1132; x_wconf 89' lang='lat'><strong>:</strong></span> <span class='ocrx_word' id='word_1_548' title='bbox 2845 1089 2899 1134; x_wconf 92' lang='lat' dir='ltr'><strong>tu</strong></span> <span class='ocrx_word' id='word_1_549' title='bbox 2920 1089 3098 1135; x_wconf 89' lang='lat' dir='ltr'><strong>autem</strong></span> <span class='ocrx_word' id='word_1_550' title='bbox 3122 1080 3261 1134; x_wconf 90' lang='lat' dir='ltr'><strong>rides</strong></span> <span class='ocrx_word' id='word_1_551' title='bbox 3284 1083 3306 1132; x_wconf 86' lang='lat'><strong>?</strong></span> <span class='ocrx_word' id='word_1_552' title='bbox 3334 1079 3448 1134; x_wconf 83' lang='lat' dir='ltr'><strong>Non</strong></span> <span class='ocrx_word' id='word_1_553' title='bbox 3480 1080 3634 1135; x_wconf 82' lang='lat' dir='ltr'><strong>vides</strong></span> 
     </span>
    </p>
   </div>
   <div class='ocr_carea' id='block_1_70' title="bbox 2049 1167 3631 1243">
    <p class='ocr_par' dir='ltr' id='par_1_70' title="bbox 2049 1167 3631 1243">
     <span class='ocr_line' id='line_1_70' title="bbox 2049 1167 3631 1243; baseline -0.001 -17"><span class='ocrx_word' id='word_1_554' title='bbox 2049 1172 2323 1243; x_wconf 90' lang='lat' dir='ltr'><strong>quomodo</strong></span> <span class='ocrx_word' id='word_1_555' title='bbox 2369 1173 2642 1241; x_wconf 87' lang='lat' dir='ltr'><strong>increpata</strong></span> <span class='ocrx_word' id='word_1_556' title='bbox 2693 1169 2793 1224; x_wconf 85' lang='lat' dir='ltr'><strong>fuit</strong></span> <span class='ocrx_word' id='word_1_557' title='bbox 2821 1169 2984 1226; x_wconf 90' lang='lat' dir='ltr'><strong>Sara?</strong></span> <span class='ocrx_word' id='word_1_558' title='bbox 3042 1184 3148 1225; x_wconf 92' lang='lat' dir='ltr'><strong>non</strong></span> <span class='ocrx_word' id='word_1_559' title='bbox 3177 1169 3328 1224; x_wconf 90' lang='lat' dir='ltr'><strong>audis</strong></span> <span class='ocrx_word' id='word_1_560' title='bbox 3357 1167 3631 1224; x_wconf 89' lang='lat' dir='ltr'><strong>Christum</strong></span> 
     </span>
    </p>
   </div>
   <div class='ocr_carea' id='block_1_71' title="bbox 2049 1260 3627 1333">
    <p class='ocr_par' dir='ltr' id='par_1_71' title="bbox 2049 1260 3627 1333">
     <span class='ocr_line' id='line_1_71' title="bbox 2049 1260 3627 1333; baseline -0.004 -14"><span class='ocrx_word' id='word_1_561' title='bbox 2049 1268 2318 1320; x_wconf 88' lang='lat' dir='ltr'><strong>dicentem</strong></span> <span class='ocrx_word' id='word_1_562' title='bbox 2353 1284 2366 1318; x_wconf 93' lang='lat'>:</span> <span class='ocrx_word' id='word_1_563' title='bbox 2414 1263 2498 1318; x_wconf 74' lang='lat' dir='ltr'><strong>Vae</strong></span> <span class='ocrx_word' id='word_1_564' title='bbox 2525 1265 2612 1333; x_wconf 85' lang='lat' dir='ltr'><strong>qui</strong></span> <span class='ocrx_word' id='word_1_565' title='bbox 2633 1263 2820 1328; x_wconf 80' lang='lat' dir='ltr'><strong>rident,</strong></span> <span class='ocrx_word' id='word_1_566' title='bbox 2847 1262 3086 1332; x_wconf 85' lang='lat' dir='ltr'><strong>quoniam</strong></span> <span class='ocrx_word' id='word_1_567' title='bbox 3121 1263 3388 1330; x_wconf 72' lang='lat' dir='ltr'><strong>plorabant</strong></span> <span class='ocrx_word' id='word_1_568' title='bbox 3418 1260 3627 1333; x_wconf 81' lang='lat' dir='ltr'><strong>(Luc.5.</strong></span> 
     </span>
    </p>
   </div>
   <div class='ocr_carea' id='block_1_72' title="bbox 2049 1352 3631 1426">
    <p class='ocr_par' dir='ltr' id='par_1_72' title="bbox 2049 1352 3631 1426">
     <span class='ocr_line' id='line_1_72' title="bbox 2049 1352 3631 1426; baseline -0.005 -14"><span class='ocrx_word' id='word_1_569' title='bbox 2049 1357 2170 1426; x_wconf 72' lang='lat'><strong>25)?</strong></span> <span class='ocrx_word' id='word_1_570' title='bbox 2184 1356 2306 1411; x_wconf 51' lang='lat' dir='ltr'><strong>Ha‘c</strong></span> <span class='ocrx_word' id='word_1_571' title='bbox 2325 1356 2505 1425; x_wconf 88' lang='lat' dir='ltr'><strong>psallis</strong></span> <span class='ocrx_word' id='word_1_572' title='bbox 2522 1354 2780 1424; x_wconf 89' lang='lat' dir='ltr'><strong>quotidie.</strong></span> <span class='ocrx_word' id='word_1_573' title='bbox 2800 1354 2934 1421; x_wconf 88' lang='lat' dir='ltr'><strong>Quid</strong></span> <span class='ocrx_word' id='word_1_574' title='bbox 2955 1354 3096 1408; x_wconf 90' lang='lat' dir='ltr'><strong>enim</strong></span> <span class='ocrx_word' id='word_1_575' title='bbox 3117 1352 3270 1416; x_wconf 89' lang='lat' dir='ltr'><strong>dicis,</strong></span> <span class='ocrx_word' id='word_1_576' title='bbox 3297 1352 3382 1406; x_wconf 90' lang='lat' dir='ltr'><strong>dic</strong></span> <span class='ocrx_word' id='word_1_577' title='bbox 3410 1352 3631 1421; x_wconf 74' lang='lat' dir='ltr'><strong>qtneso?</strong></span> 
     </span>
    </p>
   </div>
   <div class='ocr_carea' id='block_1_73' title="bbox 2049 1442 3632 1516">
    <p class='ocr_par' dir='ltr' id='par_1_73' title="bbox 2049 1442 3632 1516">
     <span class='ocr_line' id='line_1_73' title="bbox 2049 1442 3632 1516; baseline -0.005 -12"><span class='ocrx_word' id='word_1_578' title='bbox 2049 1449 2276 1511; x_wconf 88' lang='lat' dir='ltr'><strong>dicisne,</strong></span> <span class='ocrx_word' id='word_1_579' title='bbox 2309 1449 2457 1503; x_wconf 80' lang='lat' dir='ltr'><strong>Risi?</strong></span> <span class='ocrx_word' id='word_1_580' title='bbox 2501 1447 2888 1516; x_wconf 84' lang='lat' dir='ltr'><strong>Nequaquam;</strong></span> <span class='ocrx_word' id='word_1_581' title='bbox 2945 1444 3040 1500; x_wconf 88' lang='lat' dir='ltr'><strong>scd</strong></span> <span class='ocrx_word' id='word_1_582' title='bbox 3091 1444 3255 1514; x_wconf 84' lang='lat' dir='ltr'><strong>quid?</strong></span> <span class='ocrx_word' id='word_1_583' title='bbox 3294 1442 3539 1497; x_wconf 82' lang='lat' dir='ltr'><strong>Laboravi</strong></span> <span class='ocrx_word' id='word_1_584' title='bbox 3581 1445 3632 1496; x_wconf 84' lang='lat' dir='ltr'><strong>in</strong></span> 
     </span>
    </p>
   </div>
   <div class='ocr_carea' id='block_1_74' title="bbox 2047 1535 3633 1614">
    <p class='ocr_par' dir='ltr' id='par_1_74' title="bbox 2047 1535 3633 1614">
     <span class='ocr_line' id='line_1_74' title="bbox 2047 1535 3633 1614; baseline -0.003 -17"><span class='ocrx_word' id='word_1_585' title='bbox 2047 1546 2237 1614; x_wconf 84' lang='lat' dir='ltr'><strong>gemitu</strong></span> <span class='ocrx_word' id='word_1_586' title='bbox 2263 1559 2391 1596; x_wconf 87' lang='lat' dir='ltr'><strong>meo.</strong></span> <span class='ocrx_word' id='word_1_587' title='bbox 2417 1541 2520 1597; x_wconf 92' lang='lat' dir='ltr'><strong>Sed</strong></span> <span class='ocrx_word' id='word_1_588' title='bbox 2553 1543 2782 1595; x_wconf 85' lang='lat' dir='ltr'><strong>fortasse</strong></span> <span class='ocrx_word' id='word_1_589' title='bbox 2808 1539 3023 1610; x_wconf 91' lang='lat' dir='ltr'><strong>quidam</strong></span> <span class='ocrx_word' id='word_1_590' title='bbox 3073 1549 3191 1592; x_wconf 84' lang='lat' dir='ltr'><strong>sunt</strong></span> <span class='ocrx_word' id='word_1_591' title='bbox 3232 1535 3633 1592; x_wconf 88' lang='lat' dir='ltr'><strong>adeodissoluti</strong></span> 
     </span>
    </p>
   </div>
   <div class='ocr_carea' id='block_1_75' title="bbox 2049 1631 3628 1708">
    <p class='ocr_par' dir='ltr' id='par_1_75' title="bbox 2049 1631 3628 1708">
     <span class='ocr_line' id='line_1_75' title="bbox 2049 1631 3628 1708; baseline -0.004 -16"><span class='ocrx_word' id='word_1_592' title='bbox 2049 1639 2362 1708; x_wconf 84' lang='lat' dir='ltr'><strong>mollesque,</strong></span> <span class='ocrx_word' id='word_1_593' title='bbox 2389 1646 2444 1690; x_wconf 94' lang='lat' dir='ltr'><strong>ut</strong></span> <span class='ocrx_word' id='word_1_594' title='bbox 2469 1637 2629 1690; x_wconf 83' lang='lat' dir='ltr'><strong>etiam</strong></span> <span class='ocrx_word' id='word_1_595' title='bbox 2658 1637 2709 1688; x_wconf 92' lang='lat' dir='ltr'><strong>in</strong></span> <span class='ocrx_word' id='word_1_596' title='bbox 2729 1636 2827 1688; x_wconf 89' lang='lat' dir='ltr'><strong>hac</strong></span> <span class='ocrx_word' id='word_1_597' title='bbox 2855 1633 3221 1702; x_wconf 85' lang='lat' dir='ltr'><strong>increpatione</strong></span> <span class='ocrx_word' id='word_1_598' title='bbox 3245 1631 3471 1697; x_wconf 83' lang='lat' dir='ltr'><strong>rideant,</strong></span> <span class='ocrx_word' id='word_1_599' title='bbox 3495 1645 3628 1701; x_wconf 91' lang='lat' dir='ltr'><strong>quo-</strong></span> 
     </span>
    </p>
   </div>
   <div class='ocr_carea' id='block_1_76' title="bbox 2047 1722 3627 1792">
    <p class='ocr_par' dir='ltr' id='par_1_76' title="bbox 2047 1722 3627 1792">
     <span class='ocr_line' id='line_1_76' title="bbox 2047 1722 3627 1792; baseline -0.003 -10"><span class='ocrx_word' id='word_1_600' title='bbox 2047 1731 2190 1784; x_wconf 88' lang='lat' dir='ltr'><strong>niam</strong></span> <span class='ocrx_word' id='word_1_601' title='bbox 2219 1728 2286 1783; x_wconf 90' lang='lat' dir='ltr'><strong>de</strong></span> <span class='ocrx_word' id='word_1_602' title='bbox 2313 1728 2422 1781; x_wconf 89' lang='lat' dir='ltr'><strong>risu</strong></span> <span class='ocrx_word' id='word_1_603' title='bbox 2469 1726 2582 1780; x_wconf 79' lang='lat' dir='ltr'><strong>ha-c</strong></span> <span class='ocrx_word' id='word_1_604' title='bbox 2624 1726 2870 1780; x_wconf 89' lang='lat' dir='ltr'><strong>dicimus.</strong></span> <span class='ocrx_word' id='word_1_605' title='bbox 2908 1724 3118 1778; x_wconf 86' lang='lat' dir='ltr'><strong>Etenim</strong></span> <span class='ocrx_word' id='word_1_606' title='bbox 3145 1723 3406 1792; x_wconf 87' lang='lat' dir='ltr'><strong>ejusmodi</strong></span> <span class='ocrx_word' id='word_1_607' title='bbox 3431 1738 3516 1777; x_wconf 85' lang='lat' dir='ltr'><strong>res</strong></span> <span class='ocrx_word' id='word_1_608' title='bbox 3548 1722 3627 1778; x_wconf 56' lang='lat' dir='ltr'><strong>fur</strong></span> 
     </span>
    </p>
   </div>
   <div class='ocr_carea' id='block_1_77' title="bbox 2046 1815 3633 1887">
    <p class='ocr_par' dir='ltr' id='par_1_77' title="bbox 2046 1815 3633 1887">
     <span class='ocr_line' id='line_1_77' title="bbox 2046 1815 3633 1887; baseline -0.004 -13"><span class='ocrx_word' id='word_1_609' title='bbox 2046 1836 2158 1884; x_wconf 90' lang='lat' dir='ltr'><strong>ror,</strong></span> <span class='ocrx_word' id='word_1_610' title='bbox 2194 1819 2312 1874; x_wconf 91' lang='lat' dir='ltr'><strong>talis</strong></span> <span class='ocrx_word' id='word_1_611' title='bbox 2366 1818 2561 1873; x_wconf 88' lang='lat' dir='ltr'><strong>mentis</strong></span> <span class='ocrx_word' id='word_1_612' title='bbox 2596 1828 2802 1887; x_wconf 90' lang='lat' dir='ltr'><strong>stupor,</strong></span> <span class='ocrx_word' id='word_1_613' title='bbox 2838 1833 2904 1871; x_wconf 90' lang='lat' dir='ltr'><strong>ne</strong></span> <span class='ocrx_word' id='word_1_614' title='bbox 2927 1816 3092 1871; x_wconf 92' lang='lat' dir='ltr'><strong>sentit</strong></span> <span class='ocrx_word' id='word_1_615' title='bbox 3138 1815 3354 1886; x_wconf 88' lang='lat' dir='ltr'><strong>quidem</strong></span> <span class='ocrx_word' id='word_1_616' title='bbox 3389 1815 3633 1886; x_wconf 78' lang='lat' dir='ltr'><strong>increpa-</strong></span> 
     </span>
    </p>
   </div>
   <div class='ocr_carea' id='block_1_78' title="bbox 2048 1911 2270 1966">
    <p class='ocr_par' dir='ltr' id='par_1_78' title="bbox 2048 1911 2270 1966">
     <span class='ocr_line' id='line_1_78' title="bbox 2048 1911 2270 1966; baseline -0.018 0"><span class='ocrx_word' id='word_1_617' title='bbox 2048 1911 2270 1966; x_wconf 90' lang='lat' dir='ltr'><strong>tionem.</strong></span> 
     </span>
    </p>
   </div>
   <div class='ocr_carea' id='block_1_79' title="bbox 2118 1997 3628 2071">
    <p class='ocr_par' dir='ltr' id='par_1_79' title="bbox 2118 1997 3628 2071">
     <span class='ocr_line' id='line_1_79' title="bbox 2118 1997 3628 2071; baseline -0.003 -14"><span class='ocrx_word' id='word_1_618' title='bbox 2118 2002 2274 2057; x_wconf 76' lang='lat' dir='ltr'><strong>Risus</strong></span> <span class='ocrx_word' id='word_1_619' title='bbox 2307 2001 2362 2055; x_wconf 87' lang='lat' dir='ltr'><strong>in</strong></span> <span class='ocrx_word' id='word_1_620' title='bbox 2397 2000 2609 2058; x_wconf 79' lang='lat' dir='ltr'><strong>ecclesia</strong></span> <span class='ocrx_word' id='word_1_621' title='bbox 2647 1997 2954 2071; x_wconf 77' lang='lat' dir='ltr'><strong>prohibitus.</strong></span> <span class='ocrx_word' id='word_1_622' title='bbox 2986 2027 3054 2040; x_wconf 90' lang='lat'>—</span> <span class='ocrx_word' id='word_1_623' title='bbox 3084 1997 3201 2057; x_wconf 88' lang='lat' dir='ltr'><strong>Stat</strong></span> <span class='ocrx_word' id='word_1_624' title='bbox 3238 1999 3490 2055; x_wconf 78' lang='lat' dir='ltr'><strong>sacerdos</strong></span> <span class='ocrx_word' id='word_1_625' title='bbox 3536 2000 3628 2052; x_wconf 77' lang='lat' dir='ltr'><strong>Dei</strong></span> 
     </span>
    </p>
   </div>
   <div class='ocr_carea' id='block_1_80' title="bbox 2041 2091 3642 2164">
    <p class='ocr_par' dir='ltr' id='par_1_80' title="bbox 2041 2091 3642 2164">
     <span class='ocr_line' id='line_1_80' title="bbox 2041 2091 3642 2164; baseline 0.001 -20"><span class='ocrx_word' id='word_1_626' title='bbox 2041 2093 2280 2144; x_wconf 89' lang='lat' dir='ltr'><strong>omnium</strong></span> <span class='ocrx_word' id='word_1_627' title='bbox 2309 2091 2544 2147; x_wconf 72' lang='lat' dir='ltr'><strong>offerens</strong></span> <span class='ocrx_word' id='word_1_628' title='bbox 2584 2094 2947 2164; x_wconf 89' lang='lat' dir='ltr'><strong>precationem</strong></span> <span class='ocrx_word' id='word_1_629' title='bbox 2973 2114 2988 2146; x_wconf 84' lang='lat'><strong>;</strong></span> <span class='ocrx_word' id='word_1_630' title='bbox 3017 2103 3070 2149; x_wconf 92' lang='lat' dir='ltr'><strong>tu</strong></span> <span class='ocrx_word' id='word_1_631' title='bbox 3097 2104 3276 2149; x_wconf 89' lang='lat' dir='ltr'><strong>autem</strong></span> <span class='ocrx_word' id='word_1_632' title='bbox 3307 2093 3472 2158; x_wconf 82' lang='lat' dir='ltr'><strong>rides,</strong></span> <span class='ocrx_word' id='word_1_633' title='bbox 3511 2095 3642 2148; x_wconf 87' lang='lat' dir='ltr'><strong>nihil</strong></span> 
     </span>
    </p>
   </div>
   <div class='ocr_carea' id='block_1_81' title="bbox 2034 2185 3642 2257">
    <p class='ocr_par' dir='ltr' id='par_1_81' title="bbox 2034 2185 3642 2257">
     <span class='ocr_line' id='line_1_81' title="bbox 2034 2185 3642 2257; baseline 0.004 -20"><span class='ocrx_word' id='word_1_634' title='bbox 2034 2185 2272 2238; x_wconf 80' lang='lat' dir='ltr'><strong>veritus?</strong></span> <span class='ocrx_word' id='word_1_635' title='bbox 2295 2196 2349 2240; x_wconf 92' lang='lat' dir='ltr'><strong>et</strong></span> <span class='ocrx_word' id='word_1_636' title='bbox 2381 2185 2470 2240; x_wconf 87' lang='lat' dir='ltr'><strong>ille</strong></span> <span class='ocrx_word' id='word_1_637' title='bbox 2495 2185 2713 2255; x_wconf 91' lang='lat' dir='ltr'><strong>quidem</strong></span> <span class='ocrx_word' id='word_1_638' title='bbox 2747 2196 2984 2242; x_wconf 90' lang='lat' dir='ltr'><strong>tremens</strong></span> <span class='ocrx_word' id='word_1_639' title='bbox 3017 2203 3114 2256; x_wconf 90' lang='lat' dir='ltr'><strong>pro</strong></span> <span class='ocrx_word' id='word_1_640' title='bbox 3143 2197 3194 2241; x_wconf 91' lang='lat' dir='ltr'><strong>te</strong></span> <span class='ocrx_word' id='word_1_641' title='bbox 3221 2185 3380 2241; x_wconf 78' lang='lat' dir='ltr'><strong>oli‘ert</strong></span> <span class='ocrx_word' id='word_1_642' title='bbox 3413 2202 3600 2257; x_wconf 89' lang='lat' dir='ltr'><strong>preces</strong></span> <span class='ocrx_word' id='word_1_643' title='bbox 3627 2206 3642 2244; x_wconf 90' lang='lat'><strong>:</strong></span> 
     </span>
    </p>
   </div>
   <div class='ocr_carea' id='block_1_82' title="bbox 2039 2276 3638 2349">
    <p class='ocr_par' dir='ltr' id='par_1_82' title="bbox 2039 2276 3638 2349">
     <span class='ocr_line' id='line_1_82' title="bbox 2039 2276 3638 2349; baseline 0.002 -19"><span class='ocrx_word' id='word_1_644' title='bbox 2039 2285 2094 2330; x_wconf 93' lang='lat' dir='ltr'><strong>tu</strong></span> <span class='ocrx_word' id='word_1_645' title='bbox 2121 2285 2300 2331; x_wconf 91' lang='lat' dir='ltr'><strong>autem</strong></span> <span class='ocrx_word' id='word_1_646' title='bbox 2327 2276 2596 2348; x_wconf 88' lang='lat' dir='ltr'><strong>despicis?</strong></span> <span class='ocrx_word' id='word_1_647' title='bbox 2624 2277 2742 2333; x_wconf 86' lang='lat' dir='ltr'><strong>Non</strong></span> <span class='ocrx_word' id='word_1_648' title='bbox 2773 2279 2925 2332; x_wconf 84' lang='lat' dir='ltr'><strong>audis</strong></span> <span class='ocrx_word' id='word_1_649' title='bbox 2957 2279 3290 2349; x_wconf 87' lang='lat' dir='ltr'><strong>Scripturam</strong></span> <span class='ocrx_word' id='word_1_650' title='bbox 3321 2279 3591 2334; x_wconf 89' lang='lat' dir='ltr'><strong>dicentem</strong></span> <span class='ocrx_word' id='word_1_651' title='bbox 3625 2298 3638 2333; x_wconf 89' lang='lat'><strong>:</strong></span> 
     </span>
    </p>
   </div>
   <div class='ocr_carea' id='block_1_83' title="bbox 2043 2369 3638 2441">
    <p class='ocr_par' dir='ltr' id='par_1_83' title="bbox 2043 2369 3638 2441">
     <span class='ocr_line' id='line_1_83' title="bbox 2043 2369 3638 2441; baseline 0.003 -20"><span class='ocrx_word' id='word_1_652' title='bbox 2043 2369 2128 2424; x_wconf 76' lang='lat' dir='ltr'><strong>Vw</strong></span> <span class='ocrx_word' id='word_1_653' title='bbox 2158 2370 2314 2435; x_wconf 77' lang='lat' dir='ltr'><strong>vobis,</strong></span> <span class='ocrx_word' id='word_1_654' title='bbox 2349 2371 2756 2439; x_wconf 82' lang='lat' dir='ltr'><strong>contemptores?</strong></span> <span class='ocrx_word' id='word_1_655' title='bbox 2783 2386 2892 2426; x_wconf 89' lang='lat' dir='ltr'><strong>non</strong></span> <span class='ocrx_word' id='word_1_656' title='bbox 2921 2369 3230 2426; x_wconf 89' lang='lat' dir='ltr'><strong>horrescis?</strong></span> <span class='ocrx_word' id='word_1_657' title='bbox 3262 2386 3366 2426; x_wconf 92' lang='lat' dir='ltr'><strong>non</strong></span> <span class='ocrx_word' id='word_1_658' title='bbox 3407 2372 3638 2441; x_wconf 88' lang='lat' dir='ltr'><strong>teipsum</strong></span> 
     </span>
    </p>
   </div>
   <div class='ocr_carea' id='block_1_84' title="bbox 2027 2461 3641 2533">
    <p class='ocr_par' dir='ltr' id='par_1_84' title="bbox 2027 2461 3641 2533">
     <span class='ocr_line' id='line_1_84' title="bbox 2027 2461 3641 2533; baseline 0.001 -18"><span class='ocrx_word' id='word_1_659' title='bbox 2027 2461 2343 2517; x_wconf 89' lang='lat' dir='ltr'><strong>contrahis?</strong></span> <span class='ocrx_word' id='word_1_660' title='bbox 2367 2461 2434 2516; x_wconf 87' lang='lat' dir='ltr'><strong>Et</strong></span> <span class='ocrx_word' id='word_1_661' title='bbox 2457 2462 2660 2529; x_wconf 76' lang='lat' dir='ltr'><strong>regiam</strong></span> <span class='ocrx_word' id='word_1_662' title='bbox 2691 2462 2910 2532; x_wconf 83' lang='lat' dir='ltr'><strong>quidem</strong></span> <span class='ocrx_word' id='word_1_663' title='bbox 2938 2462 3263 2533; x_wconf 81' lang='lat' dir='ltr'><strong>ingrediens.</strong></span> <span class='ocrx_word' id='word_1_664' title='bbox 3297 2473 3352 2518; x_wconf 92' lang='lat' dir='ltr'><strong>et</strong></span> <span class='ocrx_word' id='word_1_665' title='bbox 3379 2463 3641 2519; x_wconf 86' lang='lat' dir='ltr'><strong>habituet</strong></span> 
     </span>
    </p>
   </div>
   <div class='ocr_carea' id='block_1_85' title="bbox 2025 2552 3632 2624">
    <p class='ocr_par' dir='ltr' id='par_1_85' title="bbox 2025 2552 3632 2624">
     <span class='ocr_line' id='line_1_85' title="bbox 2025 2552 3632 2624; baseline 0.001 -17"><span class='ocrx_word' id='word_1_666' title='bbox 2025 2563 2251 2624; x_wconf 88' lang='lat' dir='ltr'><strong>aspectu</strong></span> <span class='ocrx_word' id='word_1_667' title='bbox 2283 2561 2339 2608; x_wconf 90' lang='lat' dir='ltr'><strong>et</strong></span> <span class='ocrx_word' id='word_1_668' title='bbox 2376 2552 2590 2609; x_wconf 88' lang='lat' dir='ltr'><strong>incessu</strong></span> <span class='ocrx_word' id='word_1_669' title='bbox 2621 2561 2675 2608; x_wconf 89' lang='lat' dir='ltr'><strong>et</strong></span> <span class='ocrx_word' id='word_1_670' title='bbox 2704 2554 2954 2609; x_wconf 88' lang='lat' dir='ltr'><strong>omnibus</strong></span> <span class='ocrx_word' id='word_1_671' title='bbox 2979 2553 3099 2609; x_wconf 89' lang='lat' dir='ltr'><strong>aliis</strong></span> <span class='ocrx_word' id='word_1_672' title='bbox 3128 2563 3180 2610; x_wconf 91' lang='lat' dir='ltr'><strong>te</strong></span> <span class='ocrx_word' id='word_1_673' title='bbox 3211 2570 3374 2609; x_wconf 89' lang='lat' dir='ltr'><strong>ornas</strong></span> <span class='ocrx_word' id='word_1_674' title='bbox 3400 2564 3455 2609; x_wconf 78' lang='lat' dir='ltr'><strong>et</strong></span> <span class='ocrx_word' id='word_1_675' title='bbox 3485 2570 3632 2609; x_wconf 89' lang='lat' dir='ltr'><strong>com-</strong></span> 
     </span>
    </p>
   </div>
   <div class='ocr_carea' id='block_1_86' title="bbox 2026 2645 3634 2718">
    <p class='ocr_par' dir='ltr' id='par_1_86' title="bbox 2026 2645 3634 2718">
     <span class='ocr_line' id='line_1_86' title="bbox 2026 2645 3634 2718; baseline 0.003 -20"><span class='ocrx_word' id='word_1_676' title='bbox 2026 2645 2218 2715; x_wconf 89' lang='lat' dir='ltr'><strong>ponis;</strong></span> <span class='ocrx_word' id='word_1_677' title='bbox 2248 2645 2335 2700; x_wconf 92' lang='lat' dir='ltr'><strong>hic</strong></span> <span class='ocrx_word' id='word_1_678' title='bbox 2360 2645 2667 2713; x_wconf 87' lang='lat' dir='ltr'><strong>autem,ubi</strong></span> <span class='ocrx_word' id='word_1_679' title='bbox 2697 2655 2917 2701; x_wconf 78' lang='lat' dir='ltr'><strong>vereest</strong></span> <span class='ocrx_word' id='word_1_680' title='bbox 2935 2646 3104 2718; x_wconf 82' lang='lat' dir='ltr'><strong>regia,</strong></span> <span class='ocrx_word' id='word_1_681' title='bbox 3123 2656 3178 2701; x_wconf 90' lang='lat' dir='ltr'><strong>ct</strong></span> <span class='ocrx_word' id='word_1_682' title='bbox 3205 2648 3360 2716; x_wconf 92' lang='lat' dir='ltr'><strong>plane</strong></span> <span class='ocrx_word' id='word_1_683' title='bbox 3393 2647 3479 2703; x_wconf 92' lang='lat' dir='ltr'><strong>hic</strong></span> <span class='ocrx_word' id='word_1_684' title='bbox 3507 2659 3634 2703; x_wconf 89' lang='lat' dir='ltr'><strong>sunt</strong></span> 
     </span>
    </p>
   </div>
   <div class='ocr_carea' id='block_1_87' title="bbox 2027 2737 3635 2810">
    <p class='ocr_par' dir='ltr' id='par_1_87' title="bbox 2027 2737 3635 2810">
     <span class='ocr_line' id='line_1_87' title="bbox 2027 2737 3635 2810; baseline 0.002 -19"><span class='ocrx_word' id='word_1_685' title='bbox 2027 2739 2156 2794; x_wconf 87' lang='lat' dir='ltr'><strong>talia</strong></span> <span class='ocrx_word' id='word_1_686' title='bbox 2189 2737 2370 2809; x_wconf 83' lang='lat' dir='ltr'><strong>qualia</strong></span> <span class='ocrx_word' id='word_1_687' title='bbox 2397 2738 2660 2806; x_wconf 66' lang='lat' dir='ltr'><strong>cmlestia,</strong></span> <span class='ocrx_word' id='word_1_688' title='bbox 2684 2739 2846 2794; x_wconf 90' lang='lat' dir='ltr'><strong>etiam</strong></span> <span class='ocrx_word' id='word_1_689' title='bbox 2871 2738 3056 2794; x_wconf 88' lang='lat' dir='ltr'><strong>rides?</strong></span> <span class='ocrx_word' id='word_1_690' title='bbox 3080 2741 3258 2809; x_wconf 79' lang='lat' dir='ltr'><strong>Atque</strong></span> <span class='ocrx_word' id='word_1_691' title='bbox 3283 2739 3397 2794; x_wconf 91' lang='lat' dir='ltr'><strong>scio</strong></span> <span class='ocrx_word' id='word_1_692' title='bbox 3418 2740 3635 2810; x_wconf 87' lang='lat' dir='ltr'><strong>quidem</strong></span> 
     </span>
    </p>
   </div>
   <div class='ocr_carea' id='block_1_88' title="bbox 2023 2831 3637 2905">
    <p class='ocr_par' dir='ltr' id='par_1_88' title="bbox 2023 2831 3637 2905">
     <span class='ocr_line' id='line_1_88' title="bbox 2023 2831 3637 2905; baseline 0.002 -18"><span class='ocrx_word' id='word_1_693' title='bbox 2023 2833 2166 2904; x_wconf 93' lang='lat' dir='ltr'><strong>quod</strong></span> <span class='ocrx_word' id='word_1_694' title='bbox 2186 2841 2359 2888; x_wconf 91' lang='lat' dir='ltr'><strong>tunou</strong></span> <span class='ocrx_word' id='word_1_695' title='bbox 2385 2831 2556 2900; x_wconf 81' lang='lat' dir='ltr'><strong>vides;</strong></span> <span class='ocrx_word' id='word_1_696' title='bbox 2579 2832 2706 2888; x_wconf 90' lang='lat' dir='ltr'><strong>audi</strong></span> <span class='ocrx_word' id='word_1_697' title='bbox 2723 2843 2902 2889; x_wconf 89' lang='lat' dir='ltr'><strong>autem</strong></span> <span class='ocrx_word' id='word_1_698' title='bbox 2927 2833 3071 2905; x_wconf 88' lang='lat' dir='ltr'><strong>quod</strong></span> <span class='ocrx_word' id='word_1_699' title='bbox 3101 2834 3298 2904; x_wconf 87' lang='lat' dir='ltr'><strong>ubique</strong></span> <span class='ocrx_word' id='word_1_700' title='bbox 3322 2834 3518 2889; x_wconf 87' lang='lat' dir='ltr'><strong>adsunt</strong></span> <span class='ocrx_word' id='word_1_701' title='bbox 3541 2851 3637 2890; x_wconf 70' lang='lat' dir='ltr'><strong>an~</strong></span> 
     </span>
    </p>
   </div>
   <div class='ocr_carea' id='block_1_89' title="bbox 2023 2925 3634 2999">
    <p class='ocr_par' dir='ltr' id='par_1_89' title="bbox 2023 2925 3634 2999">
     <span class='ocr_line' id='line_1_89' title="bbox 2023 2925 3634 2999; baseline -0.001 -16"><span class='ocrx_word' id='word_1_702' title='bbox 2023 2926 2148 2999; x_wconf 80' lang='lat' dir='ltr'><strong>geli,</strong></span> <span class='ocrx_word' id='word_1_703' title='bbox 2177 2935 2232 2982; x_wconf 92' lang='lat' dir='ltr'><strong>et</strong></span> <span class='ocrx_word' id='word_1_704' title='bbox 2252 2927 2491 2982; x_wconf 87' lang='lat' dir='ltr'><strong>maxime</strong></span> <span class='ocrx_word' id='word_1_705' title='bbox 2516 2926 2569 2981; x_wconf 93' lang='lat' dir='ltr'><strong>in</strong></span> <span class='ocrx_word' id='word_1_706' title='bbox 2597 2925 2761 2982; x_wconf 92' lang='lat' dir='ltr'><strong>domo</strong></span> <span class='ocrx_word' id='word_1_707' title='bbox 2791 2926 2884 2981; x_wconf 89' lang='lat' dir='ltr'><strong>Dei</strong></span> <span class='ocrx_word' id='word_1_708' title='bbox 2916 2926 3176 2981; x_wconf 90' lang='lat' dir='ltr'><strong>assistunt</strong></span> <span class='ocrx_word' id='word_1_709' title='bbox 3205 2927 3342 2997; x_wconf 80' lang='lat' dir='ltr'><strong>regi,</strong></span> <span class='ocrx_word' id='word_1_710' title='bbox 3371 2937 3426 2982; x_wconf 91' lang='lat' dir='ltr'><strong>et</strong></span> <span class='ocrx_word' id='word_1_711' title='bbox 3454 2928 3634 2982; x_wconf 91' lang='lat' dir='ltr'><strong>omnia</strong></span> 
     </span>
    </p>
   </div>
   <div class='ocr_carea' id='block_1_90' title="bbox 2022 3020 3635 3093">
    <p class='ocr_par' dir='ltr' id='par_1_90' title="bbox 2022 3020 3635 3093">
     <span class='ocr_line' id='line_1_90' title="bbox 2022 3020 3635 3093; baseline 0 -16"><span class='ocrx_word' id='word_1_712' title='bbox 2022 3033 2148 3077; x_wconf 89' lang='lat' dir='ltr'><strong>sunt</strong></span> <span class='ocrx_word' id='word_1_713' title='bbox 2169 3021 2390 3093; x_wconf 90' lang='lat' dir='ltr'><strong>impleta</strong></span> <span class='ocrx_word' id='word_1_714' title='bbox 2413 3021 2749 3092; x_wconf 87' lang='lat' dir='ltr'><strong>incorporeis</strong></span> <span class='ocrx_word' id='word_1_715' title='bbox 2766 3020 2873 3075; x_wconf 92' lang='lat' dir='ltr'><strong>illis</strong></span> <span class='ocrx_word' id='word_1_716' title='bbox 2891 3021 3482 3092; x_wconf 88' lang='lat' dir='ltr'><strong>potestatibus.Eadem</strong></span> <span class='ocrx_word' id='word_1_717' title='bbox 3503 3037 3530 3075; x_wconf 89' lang='lat' dir='ltr'><strong>a</strong></span> <span class='ocrx_word' id='word_1_718' title='bbox 3550 3039 3635 3077; x_wconf 92' lang='lat' dir='ltr'><strong>me</strong></span> 
     </span>
    </p>
   </div>
   <div class='ocr_carea' id='block_1_91' title="bbox 2023 3114 3634 3188">
    <p class='ocr_par' dir='ltr' id='par_1_91' title="bbox 2023 3114 3634 3188">
     <span class='ocr_line' id='line_1_91' title="bbox 2023 3114 3634 3188; baseline 0.002 -18"><span class='ocrx_word' id='word_1_719' title='bbox 2023 3115 2088 3170; x_wconf 90' lang='lat' dir='ltr'><strong>ad</strong></span> <span class='ocrx_word' id='word_1_720' title='bbox 2130 3114 2385 3170; x_wconf 89' lang='lat' dir='ltr'><strong>mulieres</strong></span> <span class='ocrx_word' id='word_1_721' title='bbox 2418 3130 2636 3186; x_wconf 91' lang='lat' dir='ltr'><strong>quoque</strong></span> <span class='ocrx_word' id='word_1_722' title='bbox 2669 3115 2898 3170; x_wconf 90' lang='lat' dir='ltr'><strong>habetur</strong></span> <span class='ocrx_word' id='word_1_723' title='bbox 2923 3118 3098 3171; x_wconf 89' lang='lat' dir='ltr'><strong>oratio</strong></span> <span class='ocrx_word' id='word_1_724' title='bbox 3126 3118 3489 3172; x_wconf 88' lang='lat' dir='ltr'><strong>:cnmadsuut</strong></span> <span class='ocrx_word' id='word_1_725' title='bbox 3517 3120 3634 3188; x_wconf 87' lang='lat' dir='ltr'><strong>qui-</strong></span> 
     </span>
    </p>
   </div>
   <div class='ocr_carea' id='block_1_92' title="bbox 2019 3205 3631 3274">
    <p class='ocr_par' dir='ltr' id='par_1_92' title="bbox 2019 3205 3631 3274">
     <span class='ocr_line' id='line_1_92' title="bbox 2019 3205 3631 3274; baseline 0.002 -14"><span class='ocrx_word' id='word_1_726' title='bbox 2019 3205 2143 3262; x_wconf 91' lang='lat' dir='ltr'><strong>dem</strong></span> <span class='ocrx_word' id='word_1_727' title='bbox 2161 3207 2281 3274; x_wconf 89' lang='lat' dir='ltr'><strong>viri,</strong></span> <span class='ocrx_word' id='word_1_728' title='bbox 2305 3221 2410 3261; x_wconf 92' lang='lat' dir='ltr'><strong>non</strong></span> <span class='ocrx_word' id='word_1_729' title='bbox 2425 3215 2530 3260; x_wconf 88' lang='lat' dir='ltr'><strong>tam</strong></span> <span class='ocrx_word' id='word_1_730' title='bbox 2544 3207 2652 3262; x_wconf 90' lang='lat' dir='ltr'><strong>cito</strong></span> <span class='ocrx_word' id='word_1_731' title='bbox 2669 3205 2719 3261; x_wconf 91' lang='lat' dir='ltr'><strong>id</strong></span> <span class='ocrx_word' id='word_1_732' title='bbox 2734 3207 2930 3262; x_wconf 87' lang='lat' dir='ltr'><strong>audent</strong></span> <span class='ocrx_word' id='word_1_733' title='bbox 2950 3205 3147 3272; x_wconf 88' lang='lat' dir='ltr'><strong>facere;</strong></span> <span class='ocrx_word' id='word_1_734' title='bbox 3169 3216 3221 3261; x_wconf 92' lang='lat' dir='ltr'><strong>et</strong></span> <span class='ocrx_word' id='word_1_735' title='bbox 3233 3207 3275 3262; x_wconf 88' lang='lat' dir='ltr'><strong>si</strong></span> <span class='ocrx_word' id='word_1_736' title='bbox 3294 3206 3509 3274; x_wconf 86' lang='lat' dir='ltr'><strong>faciant,</strong></span> <span class='ocrx_word' id='word_1_737' title='bbox 3524 3225 3631 3264; x_wconf 88' lang='lat' dir='ltr'><strong>non</strong></span> 
     </span>
    </p>
   </div>
   <div class='ocr_carea' id='block_1_93' title="bbox 2020 3298 3634 3370">
    <p class='ocr_par' dir='ltr' id='par_1_93' title="bbox 2020 3298 3634 3370">
     <span class='ocr_line' id='line_1_93' title="bbox 2020 3298 3634 3370; baseline 0.001 -16"><span class='ocrx_word' id='word_1_738' title='bbox 2020 3314 2258 3370; x_wconf 90' lang='lat' dir='ltr'><strong>semper,</strong></span> <span class='ocrx_word' id='word_1_739' title='bbox 2277 3298 2375 3355; x_wconf 90' lang='lat' dir='ltr'><strong>sed</strong></span> <span class='ocrx_word' id='word_1_740' title='bbox 2409 3309 2653 3368; x_wconf 88' lang='lat' dir='ltr'><strong>tempore</strong></span> <span class='ocrx_word' id='word_1_741' title='bbox 2667 3299 3018 3354; x_wconf 87' lang='lat' dir='ltr'><strong>recreationis</strong></span> <span class='ocrx_word' id='word_1_742' title='bbox 3045 3313 3108 3354; x_wconf 89' lang='lat' dir='ltr'><strong>ac</strong></span> <span class='ocrx_word' id='word_1_743' title='bbox 3126 3299 3470 3355; x_wconf 82' lang='lat' dir='ltr'><strong>relaxationis</strong></span> <span class='ocrx_word' id='word_1_744' title='bbox 3500 3319 3513 3354; x_wconf 90' lang='lat'><strong><em>:</em></strong></span> <span class='ocrx_word' id='word_1_745' title='bbox 3548 3301 3634 3355; x_wconf 91' lang='lat' dir='ltr'><strong>hic</strong></span> 
     </span>
    </p>
   </div>
   <div class='ocr_carea' id='block_1_94' title="bbox 2019 3391 3630 3464">
    <p class='ocr_par' dir='ltr' id='par_1_94' title="bbox 2019 3391 3630 3464">
     <span class='ocr_line' id='line_1_94' title="bbox 2019 3391 3630 3464; baseline 0.001 -16"><span class='ocrx_word' id='word_1_746' title='bbox 2019 3401 2200 3448; x_wconf 89' lang='lat' dir='ltr'><strong>autem</strong></span> <span class='ocrx_word' id='word_1_747' title='bbox 2215 3407 2450 3462; x_wconf 88' lang='lat' dir='ltr'><strong>semper.</strong></span> <span class='ocrx_word' id='word_1_748' title='bbox 2471 3392 2683 3462; x_wconf 91' lang='lat' dir='ltr'><strong>Operis,</strong></span> <span class='ocrx_word' id='word_1_749' title='bbox 2702 3391 2789 3447; x_wconf 92' lang='lat' dir='ltr'><strong>dic</strong></span> <span class='ocrx_word' id='word_1_750' title='bbox 2815 3392 2966 3458; x_wconf 90' lang='lat' dir='ltr'><strong>mihi,</strong></span> <span class='ocrx_word' id='word_1_751' title='bbox 2986 3403 3170 3464; x_wconf 91' lang='lat' dir='ltr'><strong>caput,</strong></span> <span class='ocrx_word' id='word_1_752' title='bbox 3196 3402 3250 3449; x_wconf 90' lang='lat' dir='ltr'><strong>et</strong></span> <span class='ocrx_word' id='word_1_753' title='bbox 3275 3395 3439 3462; x_wconf 88' lang='lat' dir='ltr'><strong>rides,</strong></span> <span class='ocrx_word' id='word_1_754' title='bbox 3459 3411 3492 3450; x_wconf 96' lang='lat' dir='ltr'><strong>o</strong></span> <span class='ocrx_word' id='word_1_755' title='bbox 3509 3413 3630 3451; x_wconf 89' lang='lat' dir='ltr'><strong>mu-</strong></span> 
     </span>
    </p>
   </div>
   <div class='ocr_carea' id='block_1_95' title="bbox 2021 3483 3629 3557">
    <p class='ocr_par' dir='ltr' id='par_1_95' title="bbox 2021 3483 3629 3557">
     <span class='ocr_line' id='line_1_95' title="bbox 2021 3483 3629 3557; baseline 0.003 -19"><span class='ocrx_word' id='word_1_756' title='bbox 2021 3485 2141 3550; x_wconf 79' lang='lat' dir='ltr'><strong>licr,</strong></span> <span class='ocrx_word' id='word_1_757' title='bbox 2159 3483 2354 3540; x_wconf 68' lang='lat' dir='ltr'><strong>sedens</strong></span> <span class='ocrx_word' id='word_1_758' title='bbox 2369 3483 2422 3538; x_wconf 92' lang='lat' dir='ltr'><strong>in</strong></span> <span class='ocrx_word' id='word_1_759' title='bbox 2441 3483 2692 3539; x_wconf 88' lang='lat' dir='ltr'><strong>ecclesia?</strong></span> <span class='ocrx_word' id='word_1_760' title='bbox 2706 3486 2948 3555; x_wconf 80' lang='lat' dir='ltr'><strong>ingressa</strong></span> <span class='ocrx_word' id='word_1_761' title='bbox 2962 3500 3021 3541; x_wconf 91' lang='lat' dir='ltr'><strong>es</strong></span> <span class='ocrx_word' id='word_1_762' title='bbox 3039 3494 3093 3540; x_wconf 93' lang='lat' dir='ltr'><strong>ut</strong></span> <span class='ocrx_word' id='word_1_763' title='bbox 3109 3497 3327 3557; x_wconf 87' lang='lat' dir='ltr'><strong>peccata</strong></span> <span class='ocrx_word' id='word_1_764' title='bbox 3341 3486 3629 3543; x_wconf 83' lang='lat' dir='ltr'><strong>conﬁtere-</strong></span> 
     </span>
    </p>
   </div>
   <div class='ocr_carea' id='block_1_96' title="bbox 2021 3575 3630 3650">
    <p class='ocr_par' dir='ltr' id='par_1_96' title="bbox 2021 3575 3630 3650">
     <span class='ocr_line' id='line_1_96' title="bbox 2021 3575 3630 3650; baseline 0.002 -20"><span class='ocrx_word' id='word_1_765' title='bbox 2021 3577 2116 3642; x_wconf 88' lang='lat' dir='ltr'><strong>ris,</strong></span> <span class='ocrx_word' id='word_1_766' title='bbox 2149 3585 2205 3630; x_wconf 90' lang='lat' dir='ltr'><strong>ut</strong></span> <span class='ocrx_word' id='word_1_767' title='bbox 2238 3576 2347 3630; x_wconf 87' lang='lat' dir='ltr'><strong>Deo</strong></span> <span class='ocrx_word' id='word_1_768' title='bbox 2376 3575 2714 3645; x_wconf 86' lang='lat' dir='ltr'><strong>procideres,</strong></span> <span class='ocrx_word' id='word_1_769' title='bbox 2747 3584 2806 3630; x_wconf 92' lang='lat' dir='ltr'><strong>ut</strong></span> <span class='ocrx_word' id='word_1_770' title='bbox 2836 3591 3058 3648; x_wconf 81' lang='lat' dir='ltr'><strong>rogares</strong></span> <span class='ocrx_word' id='word_1_771' title='bbox 3084 3586 3140 3633; x_wconf 88' lang='lat' dir='ltr'><strong>et</strong></span> <span class='ocrx_word' id='word_1_772' title='bbox 3168 3578 3504 3648; x_wconf 90' lang='lat' dir='ltr'><strong>supplicares</strong></span> <span class='ocrx_word' id='word_1_773' title='bbox 3534 3595 3630 3650; x_wconf 91' lang='lat' dir='ltr'><strong>pro</strong></span> 
     </span>
    </p>
   </div>
   <div class='ocr_carea' id='block_1_97' title="bbox 2018 3667 3630 3739">
    <p class='ocr_par' dir='ltr' id='par_1_97' title="bbox 2018 3667 3630 3739">
     <span class='ocr_line' id='line_1_97' title="bbox 2018 3667 3630 3739; baseline 0.001 -15"><span class='ocrx_word' id='word_1_774' title='bbox 2018 3669 2231 3724; x_wconf 82' lang='lat' dir='ltr'><strong>delictis</strong></span> <span class='ocrx_word' id='word_1_775' title='bbox 2257 3683 2378 3739; x_wconf 76' lang='lat' dir='ltr'><strong>qua:</strong></span> <span class='ocrx_word' id='word_1_776' title='bbox 2404 3683 2435 3722; x_wconf 89' lang='lat' dir='ltr'><strong>a</strong></span> <span class='ocrx_word' id='word_1_777' title='bbox 2466 3677 2516 3722; x_wconf 90' lang='lat' dir='ltr'><strong>te</strong></span> <span class='ocrx_word' id='word_1_778' title='bbox 2543 3667 2683 3722; x_wconf 90' lang='lat' dir='ltr'><strong>male</strong></span> <span class='ocrx_word' id='word_1_779' title='bbox 2713 3677 2840 3723; x_wconf 91' lang='lat' dir='ltr'><strong>sunt</strong></span> <span class='ocrx_word' id='word_1_780' title='bbox 2863 3668 3120 3734; x_wconf 89' lang='lat' dir='ltr'><strong>admissa,</strong></span> <span class='ocrx_word' id='word_1_781' title='bbox 3150 3677 3206 3726; x_wconf 92' lang='lat' dir='ltr'><strong>et</strong></span> <span class='ocrx_word' id='word_1_782' title='bbox 3234 3685 3357 3725; x_wconf 91' lang='lat' dir='ltr'><strong>cum</strong></span> <span class='ocrx_word' id='word_1_783' title='bbox 3387 3671 3498 3726; x_wconf 90' lang='lat' dir='ltr'><strong>risu</strong></span> <span class='ocrx_word' id='word_1_784' title='bbox 3529 3672 3630 3726; x_wconf 91' lang='lat' dir='ltr'><strong>hoc</strong></span> 
     </span>
    </p>
   </div>
   <div class='ocr_carea' id='block_1_98' title="bbox 2018 3761 3628 3835">
    <p class='ocr_par' dir='ltr' id='par_1_98' title="bbox 2018 3761 3628 3835">
     <span class='ocr_line' id='line_1_98' title="bbox 2018 3761 3628 3835; baseline 0.001 -18"><span class='ocrx_word' id='word_1_785' title='bbox 2018 3763 2188 3818; x_wconf 56' lang='lat' dir='ltr'><strong>filCia?</strong></span> <span class='ocrx_word' id='word_1_786' title='bbox 2215 3761 2488 3832; x_wconf 90' lang='lat' dir='ltr'><strong>quomodo</strong></span> <span class='ocrx_word' id='word_1_787' title='bbox 2514 3774 2645 3832; x_wconf 84' lang='lat' dir='ltr'><strong>ergo</strong></span> <span class='ocrx_word' id='word_1_788' title='bbox 2683 3776 2808 3816; x_wconf 91' lang='lat' dir='ltr'><strong>eum</strong></span> <span class='ocrx_word' id='word_1_789' title='bbox 2858 3761 3061 3830; x_wconf 90' lang='lat' dir='ltr'><strong>poteris</strong></span> <span class='ocrx_word' id='word_1_790' title='bbox 3105 3763 3358 3832; x_wconf 87' lang='lat' dir='ltr'><strong>placare?</strong></span> <span class='ocrx_word' id='word_1_791' title='bbox 3391 3764 3457 3818; x_wconf 86' lang='lat' dir='ltr'><strong>Et</strong></span> <span class='ocrx_word' id='word_1_792' title='bbox 3485 3767 3628 3835; x_wconf 87' lang='lat' dir='ltr'><strong>qttod</strong></span> 
     </span>
    </p>
   </div>
   <div class='ocr_carea' id='block_1_99' title="bbox 2019 3851 3626 3923">
    <p class='ocr_par' dir='ltr' id='par_1_99' title="bbox 2019 3851 3626 3923">
     <span class='ocr_line' id='line_1_99' title="bbox 2019 3851 3626 3923; baseline 0.001 -15"><span class='ocrx_word' id='word_1_793' title='bbox 2019 3855 2218 3909; x_wconf 83' lang='lat' dir='ltr'><strong>malum</strong></span> <span class='ocrx_word' id='word_1_794' title='bbox 2243 3863 2348 3922; x_wconf 90' lang='lat' dir='ltr'><strong>est,</strong></span> <span class='ocrx_word' id='word_1_795' title='bbox 2379 3853 2609 3923; x_wconf 88' lang='lat' dir='ltr'><strong>inquies,</strong></span> <span class='ocrx_word' id='word_1_796' title='bbox 2635 3851 2816 3907; x_wconf 89' lang='lat' dir='ltr'><strong>risus?</strong></span> <span class='ocrx_word' id='word_1_797' title='bbox 2845 3852 2961 3907; x_wconf 80' lang='lat' dir='ltr'><strong>Non</strong></span> <span class='ocrx_word' id='word_1_798' title='bbox 2992 3852 3192 3907; x_wconf 88' lang='lat' dir='ltr'><strong>malum</strong></span> <span class='ocrx_word' id='word_1_799' title='bbox 3222 3863 3304 3909; x_wconf 85' lang='lat' dir='ltr'><strong>est</strong></span> <span class='ocrx_word' id='word_1_800' title='bbox 3337 3855 3496 3920; x_wconf 89' lang='lat' dir='ltr'><strong>risus,</strong></span> <span class='ocrx_word' id='word_1_801' title='bbox 3531 3857 3626 3910; x_wconf 88' lang='lat' dir='ltr'><strong>sed</strong></span> 
     </span>
    </p>
   </div>
   <div class='ocr_carea' id='block_1_100' title="bbox 2016 3947 3628 4021">
    <p class='ocr_par' dir='ltr' id='par_1_100' title="bbox 2016 3947 3628 4021">
     <span class='ocr_line' id='line_1_100' title="bbox 2016 3947 3628 4021; baseline 0.001 -17"><span class='ocrx_word' id='word_1_802' title='bbox 2016 3950 2216 4004; x_wconf 91' lang='lat' dir='ltr'><strong>malum</strong></span> <span class='ocrx_word' id='word_1_803' title='bbox 2253 3957 2338 4004; x_wconf 89' lang='lat' dir='ltr'><strong>est</strong></span> <span class='ocrx_word' id='word_1_804' title='bbox 2379 3949 2430 4003; x_wconf 91' lang='lat' dir='ltr'><strong>id</strong></span> <span class='ocrx_word' id='word_1_805' title='bbox 2467 3947 2609 4019; x_wconf 90' lang='lat' dir='ltr'><strong>quod</strong></span> <span class='ocrx_word' id='word_1_806' title='bbox 2639 3958 2723 4004; x_wconf 81' lang='lat' dir='ltr'><strong>est</strong></span> <span class='ocrx_word' id='word_1_807' title='bbox 2761 3957 2958 4019; x_wconf 72' lang='lat' dir='ltr'><strong>prteter</strong></span> <span class='ocrx_word' id='word_1_808' title='bbox 2999 3949 3253 4017; x_wconf 90' lang='lat' dir='ltr'><strong>modum,</strong></span> <span class='ocrx_word' id='word_1_809' title='bbox 3288 3950 3338 4006; x_wconf 92' lang='lat' dir='ltr'><strong>id</strong></span> <span class='ocrx_word' id='word_1_810' title='bbox 3368 3951 3510 4021; x_wconf 91' lang='lat' dir='ltr'><strong>quod</strong></span> <span class='ocrx_word' id='word_1_811' title='bbox 3542 3963 3628 4007; x_wconf 88' lang='lat' dir='ltr'><strong>est</strong></span> 
     </span>
    </p>
   </div>
   <div class='ocr_carea' id='block_1_101' title="bbox 2015 4040 3626 4113">
    <p class='ocr_par' dir='ltr' id='par_1_101' title="bbox 2015 4040 3626 4113">
     <span class='ocr_line' id='line_1_101' title="bbox 2015 4040 3626 4113; baseline 0.003 -18"><span class='ocrx_word' id='word_1_812' title='bbox 2015 4042 2481 4111; x_wconf 78' lang='lat' dir='ltr'><strong>intempestivum.</strong></span> <span class='ocrx_word' id='word_1_813' title='bbox 2510 4040 2714 4097; x_wconf 84' lang='lat' dir='ltr'><strong>Insitus</strong></span> <span class='ocrx_word' id='word_1_814' title='bbox 2741 4051 2825 4097; x_wconf 91' lang='lat' dir='ltr'><strong>est</strong></span> <span class='ocrx_word' id='word_1_815' title='bbox 2850 4042 3004 4097; x_wconf 92' lang='lat' dir='ltr'><strong>nobis</strong></span> <span class='ocrx_word' id='word_1_816' title='bbox 3032 4043 3192 4110; x_wconf 88' lang='lat' dir='ltr'><strong>risus,</strong></span> <span class='ocrx_word' id='word_1_817' title='bbox 3222 4052 3277 4098; x_wconf 91' lang='lat' dir='ltr'><strong>ut</strong></span> <span class='ocrx_word' id='word_1_818' title='bbox 3306 4045 3522 4113; x_wconf 88' lang='lat' dir='ltr'><strong>quando</strong></span> <span class='ocrx_word' id='word_1_819' title='bbox 3546 4046 3626 4100; x_wconf 75' lang='lat' dir='ltr'><strong>ri-</strong></span> 
     </span>
    </p>
   </div>
   <div class='ocr_carea' id='block_1_102' title="bbox 2013 4133 3622 4204">
    <p class='ocr_par' dir='ltr' id='par_1_102' title="bbox 2013 4133 3622 4204">
     <span class='ocr_line' id='line_1_102' title="bbox 2013 4133 3622 4204; baseline 0.001 -14"><span class='ocrx_word' id='word_1_820' title='bbox 2013 4136 2251 4191; x_wconf 88' lang='lat' dir='ltr'><strong>derimus</strong></span> <span class='ocrx_word' id='word_1_821' title='bbox 2278 4133 2484 4189; x_wconf 91' lang='lat' dir='ltr'><strong>amicos</strong></span> <span class='ocrx_word' id='word_1_822' title='bbox 2508 4144 2631 4204; x_wconf 89' lang='lat' dir='ltr'><strong>post</strong></span> <span class='ocrx_word' id='word_1_823' title='bbox 2659 4135 2877 4204; x_wconf 78' lang='lat' dir='ltr'><strong>longum</strong></span> <span class='ocrx_word' id='word_1_824' title='bbox 2910 4143 3122 4204; x_wconf 90' lang='lat' dir='ltr'><strong>tempus</strong></span> <span class='ocrx_word' id='word_1_825' title='bbox 3142 4175 3158 4200; x_wconf 92' lang='lat'><strong>,</strong></span> <span class='ocrx_word' id='word_1_826' title='bbox 3190 4133 3294 4190; x_wconf 90' lang='lat' dir='ltr'><strong>hoc</strong></span> <span class='ocrx_word' id='word_1_827' title='bbox 3325 4135 3582 4191; x_wconf 90' lang='lat' dir='ltr'><strong>faciamus</strong></span> <span class='ocrx_word' id='word_1_828' title='bbox 3607 4153 3622 4191; x_wconf 92' lang='lat'><strong>:</strong></span> 
     </span>
    </p>
   </div>
   <div class='ocr_carea' id='block_1_103' title="bbox 2011 4225 3625 4299">
    <p class='ocr_par' dir='ltr' id='par_1_103' title="bbox 2011 4225 3625 4299">
     <span class='ocr_line' id='line_1_103' title="bbox 2011 4225 3625 4299; baseline 0.001 -17"><span class='ocrx_word' id='word_1_829' title='bbox 2011 4227 2233 4299; x_wconf 86' lang='lat' dir='ltr'><strong>quando</strong></span> <span class='ocrx_word' id='word_1_830' title='bbox 2262 4227 2474 4297; x_wconf 88' lang='lat' dir='ltr'><strong>aliquos</strong></span> <span class='ocrx_word' id='word_1_831' title='bbox 2515 4225 2798 4295; x_wconf 85' lang='lat' dir='ltr'><strong>perculsos</strong></span> <span class='ocrx_word' id='word_1_832' title='bbox 2836 4236 2890 4280; x_wconf 91' lang='lat' dir='ltr'><strong>et</strong></span> <span class='ocrx_word' id='word_1_833' title='bbox 2929 4227 3178 4293; x_wconf 87' lang='lat' dir='ltr'><strong>territos,</strong></span> <span class='ocrx_word' id='word_1_834' title='bbox 3206 4237 3265 4282; x_wconf 92' lang='lat' dir='ltr'><strong>ut</strong></span> <span class='ocrx_word' id='word_1_835' title='bbox 3292 4227 3625 4283; x_wconf 89' lang='lat' dir='ltr'><strong>subridendo</strong></span> 
     </span>
    </p>
   </div>
   <div class='ocr_carea' id='block_1_104' title="bbox 2010 4317 3625 4390">
    <p class='ocr_par' dir='ltr' id='par_1_104' title="bbox 2010 4317 3625 4390">
     <span class='ocr_line' id='line_1_104' title="bbox 2010 4317 3625 4390; baseline 0.001 -14"><span class='ocrx_word' id='word_1_836' title='bbox 2010 4335 2106 4376; x_wconf 87' lang='lat' dir='ltr'><strong>eos</strong></span> <span class='ocrx_word' id='word_1_837' title='bbox 2135 4332 2462 4384; x_wconf 87' lang='lat' dir='ltr'><strong>recreemns,</strong></span> <span class='ocrx_word' id='word_1_838' title='bbox 2497 4332 2602 4373; x_wconf 91' lang='lat' dir='ltr'><strong>non</strong></span> <span class='ocrx_word' id='word_1_839' title='bbox 2636 4327 2693 4372; x_wconf 92' lang='lat' dir='ltr'><strong>ut</strong></span> <span class='ocrx_word' id='word_1_840' title='bbox 2719 4317 3015 4373; x_wconf 86' lang='lat' dir='ltr'><strong>cachinnos</strong></span> <span class='ocrx_word' id='word_1_841' title='bbox 3045 4317 3290 4386; x_wconf 89' lang='lat' dir='ltr'><strong>edamus,</strong></span> <span class='ocrx_word' id='word_1_842' title='bbox 3326 4329 3380 4374; x_wconf 91' lang='lat' dir='ltr'><strong>et</strong></span> <span class='ocrx_word' id='word_1_843' title='bbox 3407 4333 3625 4390; x_wconf 89' lang='lat' dir='ltr'><strong>semper</strong></span> 
     </span>
    </p>
   </div>
   <div class='ocr_carea' id='block_1_105' title="bbox 2010 4410 3625 4482">
    <p class='ocr_par' dir='ltr' id='par_1_105' title="bbox 2010 4410 3625 4482">
     <span class='ocr_line' id='line_1_105' title="bbox 2010 4410 3625 4482; baseline -0.001 -12"><span class='ocrx_word' id='word_1_844' title='bbox 2010 4414 2283 4470; x_wconf 84' lang='lat' dir='ltr'><strong>rideamus</strong></span> <span class='ocrx_word' id='word_1_845' title='bbox 2308 4429 2322 4478; x_wconf 91' lang='lat'>;</span> <span class='ocrx_word' id='word_1_846' title='bbox 2351 4411 2535 4466; x_wconf 88' lang='lat' dir='ltr'><strong>animo</strong></span> <span class='ocrx_word' id='word_1_847' title='bbox 2563 4420 2751 4466; x_wconf 90' lang='lat' dir='ltr'><strong>nostro</strong></span> <span class='ocrx_word' id='word_1_848' title='bbox 2784 4410 2978 4466; x_wconf 82' lang='lat' dir='ltr'><strong>insitus</strong></span> <span class='ocrx_word' id='word_1_849' title='bbox 3003 4419 3087 4465; x_wconf 87' lang='lat' dir='ltr'><strong>est</strong></span> <span class='ocrx_word' id='word_1_850' title='bbox 3111 4411 3273 4472; x_wconf 89' lang='lat' dir='ltr'><strong>risus.</strong></span> <span class='ocrx_word' id='word_1_851' title='bbox 3299 4419 3357 4466; x_wconf 92' lang='lat' dir='ltr'><strong>nt</strong></span> <span class='ocrx_word' id='word_1_852' title='bbox 3382 4411 3625 4482; x_wconf 84' lang='lat' dir='ltr'><strong>aliquan-</strong></span> 
     </span>
    </p>
   </div>
   <div class='ocr_carea' id='block_1_106' title="bbox 2007 4507 3624 4571">
    <p class='ocr_par' dir='ltr' id='par_1_106' title="bbox 2007 4507 3624 4571">
     <span class='ocr_line' id='line_1_106' title="bbox 2007 4507 3624 4571; baseline 0.001 -7"><span class='ocrx_word' id='word_1_853' title='bbox 2007 4510 2077 4564; x_wconf 89' lang='lat' dir='ltr'><strong>do</strong></span> <span class='ocrx_word' id='word_1_854' title='bbox 2107 4509 2379 4564; x_wconf 78' lang='lat' dir='ltr'><strong>relaxetur</strong></span> <span class='ocrx_word' id='word_1_855' title='bbox 2406 4507 2638 4571; x_wconf 88' lang='lat' dir='ltr'><strong>animus,</strong></span> <span class='ocrx_word' id='word_1_856' title='bbox 2675 4522 2780 4560; x_wconf 91' lang='lat' dir='ltr'><strong>non</strong></span> <span class='ocrx_word' id='word_1_857' title='bbox 2820 4518 2872 4561; x_wconf 91' lang='lat' dir='ltr'><strong>ut</strong></span> <span class='ocrx_word' id='word_1_858' title='bbox 2903 4507 3257 4564; x_wconf 72' lang='lat' dir='ltr'><strong>diffundatur.</strong></span> <span class='ocrx_word' id='word_1_859' title='bbox 3287 4508 3420 4564; x_wconf 86' lang='lat' dir='ltr'><strong>Nam</strong></span> <span class='ocrx_word' id='word_1_860' title='bbox 3449 4519 3505 4566; x_wconf 92' lang='lat' dir='ltr'><strong>et</strong></span> <span class='ocrx_word' id='word_1_861' title='bbox 3537 4511 3624 4566; x_wconf 85' lang='lat' dir='ltr'><strong>in-</strong></span> 
     </span>
    </p>
   </div>
   <div class='ocr_carea' id='block_1_107' title="bbox 2028 4594 3638 4666">
    <p class='ocr_par' dir='ltr' id='par_1_107' title="bbox 2028 4594 3638 4666">
     <span class='ocr_line' id='line_1_107' title="bbox 2028 4594 3638 4666; baseline -0.001 -15"><span class='ocrx_word' id='word_1_862' title='bbox 2028 4597 2126 4651; x_wconf 88' lang='lat' dir='ltr'><strong>sita</strong></span> <span class='ocrx_word' id='word_1_863' title='bbox 2157 4606 2240 4652; x_wconf 88' lang='lat' dir='ltr'><strong>est</strong></span> <span class='ocrx_word' id='word_1_864' title='bbox 2269 4596 2422 4650; x_wconf 91' lang='lat' dir='ltr'><strong>nobis</strong></span> <span class='ocrx_word' id='word_1_865' title='bbox 2448 4610 2732 4665; x_wconf 88' lang='lat' dir='ltr'><strong>corporum</strong></span> <span class='ocrx_word' id='word_1_866' title='bbox 2775 4594 3042 4664; x_wconf 89' lang='lat' dir='ltr'><strong>cupiditas</strong></span> <span class='ocrx_word' id='word_1_867' title='bbox 3062 4639 3076 4660; x_wconf 91' lang='lat'><strong>,</strong></span> <span class='ocrx_word' id='word_1_868' title='bbox 3107 4604 3162 4650; x_wconf 88' lang='lat' dir='ltr'><strong>et</strong></span> <span class='ocrx_word' id='word_1_869' title='bbox 3201 4611 3310 4650; x_wconf 90' lang='lat' dir='ltr'><strong>non</strong></span> <span class='ocrx_word' id='word_1_870' title='bbox 3353 4607 3638 4666; x_wconf 70' lang='lat' dir='ltr'><strong>propterea</strong></span> 
     </span>
    </p>
   </div>
   <div class='ocr_carea' id='block_1_108' title="bbox 2026 4687 3636 4754">
    <p class='ocr_par' dir='ltr' id='par_1_108' title="bbox 2026 4687 3636 4754">
     <span class='ocr_line' id='line_1_108' title="bbox 2026 4687 3636 4754; baseline -0.001 -12"><span class='ocrx_word' id='word_1_871' title='bbox 2026 4688 2251 4743; x_wconf 85' lang='lat' dir='ltr'><strong>omnino</strong></span> <span class='ocrx_word' id='word_1_872' title='bbox 2280 4704 2340 4743; x_wconf 88' lang='lat' dir='ltr'><strong>ea</strong></span> <span class='ocrx_word' id='word_1_873' title='bbox 2372 4687 2445 4741; x_wconf 90' lang='lat' dir='ltr'><strong>uti</strong></span> <span class='ocrx_word' id='word_1_874' title='bbox 2476 4702 2700 4742; x_wconf 88' lang='lat' dir='ltr'><strong>necesse</strong></span> <span class='ocrx_word' id='word_1_875' title='bbox 2730 4696 2844 4754; x_wconf 91' lang='lat' dir='ltr'><strong>est,</strong></span> <span class='ocrx_word' id='word_1_876' title='bbox 2874 4695 2969 4740; x_wconf 92' lang='lat' dir='ltr'><strong>aut</strong></span> <span class='ocrx_word' id='word_1_877' title='bbox 3007 4687 3081 4741; x_wconf 85' lang='lat' dir='ltr'><strong>uti</strong></span> <span class='ocrx_word' id='word_1_878' title='bbox 3112 4687 3469 4742; x_wconf 83' lang='lat' dir='ltr'><strong>immoderate</strong></span> <span class='ocrx_word' id='word_1_879' title='bbox 3495 4727 3509 4752; x_wconf 91' lang='lat'><strong>,</strong></span> <span class='ocrx_word' id='word_1_880' title='bbox 3541 4687 3636 4741; x_wconf 88' lang='lat' dir='ltr'><strong>sed</strong></span> 
     </span>
    </p>
   </div>
   <div class='ocr_carea' id='block_1_109' title="bbox 2025 4779 3631 4852">
    <p class='ocr_par' dir='ltr' id='par_1_109' title="bbox 2025 4779 3631 4852">
     <span class='ocr_line' id='line_1_109' title="bbox 2025 4779 3631 4852; baseline -0.001 -16"><span class='ocrx_word' id='word_1_881' title='bbox 2025 4782 2072 4836; x_wconf 85' lang='lat' dir='ltr'><strong>ei</strong></span> <span class='ocrx_word' id='word_1_882' title='bbox 2102 4782 2452 4852; x_wconf 88' lang='lat' dir='ltr'><strong>imperamus,</strong></span> <span class='ocrx_word' id='word_1_883' title='bbox 2483 4795 2581 4834; x_wconf 86' lang='lat' dir='ltr'><strong>nec</strong></span> <span class='ocrx_word' id='word_1_884' title='bbox 2610 4779 2839 4835; x_wconf 89' lang='lat' dir='ltr'><strong>dicimus</strong></span> <span class='ocrx_word' id='word_1_885' title='bbox 2865 4798 2878 4835; x_wconf 94' lang='lat'>:</span> <span class='ocrx_word' id='word_1_886' title='bbox 2909 4779 3175 4848; x_wconf 89' lang='lat' dir='ltr'><strong>Quoniam</strong></span> <span class='ocrx_word' id='word_1_887' title='bbox 3210 4783 3371 4850; x_wconf 88' lang='lat' dir='ltr'><strong>inest,</strong></span> <span class='ocrx_word' id='word_1_888' title='bbox 3395 4791 3631 4836; x_wconf 87' lang='lat' dir='ltr'><strong>utamur.</strong></span> 
     </span>
    </p>
   </div>
   <div class='ocr_carea' id='block_1_110' title="bbox 2027 4872 3635 4946">
    <p class='ocr_par' dir='ltr' id='par_1_110' title="bbox 2027 4872 3635 4946">
     <span class='ocr_line' id='line_1_110' title="bbox 2027 4872 3635 4946; baseline 0 -18"><span class='ocrx_word' id='word_1_889' title='bbox 2027 4873 2139 4930; x_wconf 83' lang='lat' dir='ltr'><strong>Deo</strong></span> <span class='ocrx_word' id='word_1_890' title='bbox 2180 4873 2322 4929; x_wconf 87' lang='lat' dir='ltr'><strong>servi</strong></span> <span class='ocrx_word' id='word_1_891' title='bbox 2357 4887 2477 4928; x_wconf 91' lang='lat' dir='ltr'><strong>cum</strong></span> <span class='ocrx_word' id='word_1_892' title='bbox 2518 4872 2802 4945; x_wconf 83' lang='lat' dir='ltr'><strong>lacrymis,</strong></span> <span class='ocrx_word' id='word_1_893' title='bbox 2833 4883 2890 4927; x_wconf 89' lang='lat' dir='ltr'><strong>ut</strong></span> <span class='ocrx_word' id='word_1_894' title='bbox 2911 4872 3105 4946; x_wconf 42' lang='lat' dir='ltr'><strong>.possis</strong></span> <span class='ocrx_word' id='word_1_895' title='bbox 3131 4873 3352 4929; x_wconf 84' lang='lat' dir='ltr'><strong>abluere</strong></span> <span class='ocrx_word' id='word_1_896' title='bbox 3394 4883 3635 4944; x_wconf 86' lang='lat' dir='ltr'><strong>peccata.</strong></span> 
     </span>
    </p>
   </div>
   <div class='ocr_carea' id='block_1_111' title="bbox 2023 4967 3634 5040">
    <p class='ocr_par' dir='ltr' id='par_1_111' title="bbox 2023 4967 3634 5040">
     <span class='ocr_line' id='line_1_111' title="bbox 2023 4967 3634 5040; baseline -0.001 -16"><span class='ocrx_word' id='word_1_897' title='bbox 2023 4969 2149 5025; x_wconf 89' lang='lat' dir='ltr'><strong>Scio</strong></span> <span class='ocrx_word' id='word_1_898' title='bbox 2173 4967 2317 5040; x_wconf 89' lang='lat' dir='ltr'><strong>quod</strong></span> <span class='ocrx_word' id='word_1_899' title='bbox 2348 4967 2503 5023; x_wconf 91' lang='lat' dir='ltr'><strong>multi</strong></span> <span class='ocrx_word' id='word_1_900' title='bbox 2533 4984 2632 5023; x_wconf 88' lang='lat' dir='ltr'><strong>nos</strong></span> <span class='ocrx_word' id='word_1_901' title='bbox 2661 4967 2962 5036; x_wconf 89' lang='lat' dir='ltr'><strong>irrideant,</strong></span> <span class='ocrx_word' id='word_1_902' title='bbox 3005 4967 3251 5024; x_wconf 88' lang='lat' dir='ltr'><strong>dicentes</strong></span> <span class='ocrx_word' id='word_1_903' title='bbox 3283 4987 3297 5023; x_wconf 94' lang='lat'><strong>:</strong></span> <span class='ocrx_word' id='word_1_904' title='bbox 3328 4969 3523 5025; x_wconf 88' lang='lat' dir='ltr'><strong>Statim</strong></span> <span class='ocrx_word' id='word_1_905' title='bbox 3553 4969 3634 5024; x_wconf 76' lang='lat' dir='ltr'><strong>la-</strong></span> 
     </span>
    </p>
   </div>
   <div class='ocr_carea' id='block_1_112' title="bbox 2024 5061 3633 5134">
    <p class='ocr_par' dir='ltr' id='par_1_112' title="bbox 2024 5061 3633 5134">
     <span class='ocr_line' id='line_1_112' title="bbox 2024 5061 3633 5134; baseline 0.001 -17"><span class='ocrx_word' id='word_1_906' title='bbox 2024 5077 2244 5132; x_wconf 70' lang='lat' dir='ltr'><strong>crymze.</strong></span> <span class='ocrx_word' id='word_1_907' title='bbox 2270 5061 2563 5134; x_wconf 88' lang='lat' dir='ltr'><strong>Propterea</strong></span> <span class='ocrx_word' id='word_1_908' title='bbox 2589 5071 2799 5132; x_wconf 88' lang='lat' dir='ltr'><strong>tempus</strong></span> <span class='ocrx_word' id='word_1_909' title='bbox 2816 5072 2899 5117; x_wconf 88' lang='lat' dir='ltr'><strong>est</strong></span> <span class='ocrx_word' id='word_1_910' title='bbox 2916 5062 3300 5133; x_wconf 83' lang='lat' dir='ltr'><strong>lacrytnarum.</strong></span> <span class='ocrx_word' id='word_1_911' title='bbox 3325 5062 3450 5118; x_wconf 88' lang='lat' dir='ltr'><strong>Scio</strong></span> <span class='ocrx_word' id='word_1_912' title='bbox 3469 5063 3633 5119; x_wconf 86' lang='lat' dir='ltr'><strong>etiam</strong></span> 
     </span>
    </p>
   </div>
   <div class='ocr_carea' id='block_1_113' title="bbox 2023 5153 3632 5226">
    <p class='ocr_par' dir='ltr' id='par_1_113' title="bbox 2023 5153 3632 5226">
     <span class='ocr_line' id='line_1_113' title="bbox 2023 5153 3632 5226; baseline -0.001 -16"><span class='ocrx_word' id='word_1_913' title='bbox 2023 5155 2166 5226; x_wconf 90' lang='lat' dir='ltr'><strong>quod</strong></span> <span class='ocrx_word' id='word_1_914' title='bbox 2191 5155 2506 5210; x_wconf 89' lang='lat' dir='ltr'><strong>ominantur</strong></span> <span class='ocrx_word' id='word_1_915' title='bbox 2529 5156 2562 5209; x_wconf 91' lang='lat' dir='ltr'><strong>ii</strong></span> <span class='ocrx_word' id='word_1_916' title='bbox 2590 5155 2677 5224; x_wconf 90' lang='lat' dir='ltr'><strong>qui</strong></span> <span class='ocrx_word' id='word_1_917' title='bbox 2701 5154 2890 5210; x_wconf 89' lang='lat' dir='ltr'><strong>dicunt</strong></span> <span class='ocrx_word' id='word_1_918' title='bbox 2914 5170 2928 5209; x_wconf 91' lang='lat'><strong>:</strong></span> <span class='ocrx_word' id='word_1_919' title='bbox 2951 5153 3289 5208; x_wconf 81' lang='lat' dir='ltr'><strong>Comedamus</strong></span> <span class='ocrx_word' id='word_1_920' title='bbox 3310 5163 3356 5209; x_wconf 86' lang='lat' dir='ltr'><strong>et</strong></span> <span class='ocrx_word' id='word_1_921' title='bbox 3383 5153 3632 5221; x_wconf 82' lang='lat' dir='ltr'><strong>bibamus,</strong></span> 
     </span>
    </p>
   </div>
   <div class='ocr_carea' id='block_1_114' title="bbox 2025 5244 3632 5320">
    <p class='ocr_par' dir='ltr' id='par_1_114' title="bbox 2025 5244 3632 5320">
     <span class='ocr_line' id='line_1_114' title="bbox 2025 5244 3632 5320; baseline 0.002 -18"><span class='ocrx_word' id='word_1_922' title='bbox 2025 5265 2138 5303; x_wconf 79' lang='lat' dir='ltr'><strong>cras</strong></span> <span class='ocrx_word' id='word_1_923' title='bbox 2169 5249 2302 5302; x_wconf 87' lang='lat' dir='ltr'><strong>enim</strong></span> <span class='ocrx_word' id='word_1_924' title='bbox 2339 5244 2848 5315; x_wconf 76' lang='lat' dir='ltr'><strong>moriemur(i.Cor.</strong></span> <span class='ocrx_word' id='word_1_925' title='bbox 2885 5248 2970 5304; x_wconf 80' lang='grc'><strong>15.</strong></span> <span class='ocrx_word' id='word_1_926' title='bbox 3003 5245 3118 5319; x_wconf 73' lang='grc'><strong>32).</strong></span> <span class='ocrx_word' id='word_1_927' title='bbox 3152 5247 3260 5304; x_wconf 90' lang='lat' dir='ltr'><strong>Sed</strong></span> <span class='ocrx_word' id='word_1_928' title='bbox 3285 5249 3462 5320; x_wconf 77' lang='lat' dir='ltr'><strong>cogita</strong></span> <span class='ocrx_word' id='word_1_929' title='bbox 3488 5249 3632 5319; x_wconf 91' lang='lat' dir='ltr'><strong>quod</strong></span> 
     </span>
    </p>
   </div>
   <div class='ocr_carea' id='block_1_115' title="bbox 2039 5339 3635 5415">
    <p class='ocr_par' dir='ltr' id='par_1_115' title="bbox 2039 5339 3635 5415">
     <span class='ocr_line' id='line_1_115' title="bbox 2039 5339 3635 5415; baseline 0.004 -22"><span class='ocrx_word' id='word_1_930' title='bbox 2039 5340 2247 5397; x_wconf 72' lang='lat' dir='ltr'><strong>l’anitas</strong></span> <span class='ocrx_word' id='word_1_931' title='bbox 2276 5344 2582 5409; x_wconf 79' lang='lat' dir='ltr'><strong>vanitatum,</strong></span> <span class='ocrx_word' id='word_1_932' title='bbox 2611 5352 2658 5395; x_wconf 93' lang='lat' dir='ltr'><strong>et</strong></span> <span class='ocrx_word' id='word_1_933' title='bbox 2685 5341 2856 5396; x_wconf 87' lang='lat' dir='ltr'><strong>omnia</strong></span> <span class='ocrx_word' id='word_1_934' title='bbox 2881 5342 3082 5396; x_wconf 81' lang='lat' dir='ltr'><strong>vanitas</strong></span> <span class='ocrx_word' id='word_1_935' title='bbox 3113 5339 3302 5414; x_wconf 83' lang='lat' dir='ltr'><strong>(Eccli.</strong></span> <span class='ocrx_word' id='word_1_936' title='bbox 3327 5345 3379 5399; x_wconf 81' lang='grc'><strong>1.</strong></span> <span class='ocrx_word' id='word_1_937' title='bbox 3407 5343 3492 5415; x_wconf 72' lang='lat'><strong>2).</strong></span> <span class='ocrx_word' id='word_1_938' title='bbox 3517 5344 3635 5400; x_wconf 87' lang='lat' dir='ltr'><strong>Non</strong></span> 
     </span>
    </p>
   </div>
   <div class='ocr_carea' id='block_1_116' title="bbox 2025 5434 3632 5509">
    <p class='ocr_par' dir='ltr' id='par_1_116' title="bbox 2025 5434 3632 5509">
     <span class='ocr_line' id='line_1_116' title="bbox 2025 5434 3632 5509; baseline 0.004 -21"><span class='ocrx_word' id='word_1_939' title='bbox 2025 5451 2125 5505; x_wconf 78' lang='lat' dir='ltr'><strong>ego</strong></span> <span class='ocrx_word' id='word_1_940' title='bbox 2155 5434 2308 5500; x_wconf 89' lang='lat' dir='ltr'><strong>dico,</strong></span> <span class='ocrx_word' id='word_1_941' title='bbox 2345 5435 2440 5490; x_wconf 92' lang='lat' dir='ltr'><strong>sed</strong></span> <span class='ocrx_word' id='word_1_942' title='bbox 2485 5435 2601 5504; x_wconf 90' lang='lat' dir='ltr'><strong>ipse</strong></span> <span class='ocrx_word' id='word_1_943' title='bbox 2637 5436 2727 5505; x_wconf 89' lang='lat' dir='ltr'><strong>qui</strong></span> <span class='ocrx_word' id='word_1_944' title='bbox 2769 5449 2951 5489; x_wconf 91' lang='lat' dir='ltr'><strong>rerum</strong></span> <span class='ocrx_word' id='word_1_945' title='bbox 2979 5435 3220 5492; x_wconf 92' lang='lat' dir='ltr'><strong>omnium</strong></span> <span class='ocrx_word' id='word_1_946' title='bbox 3253 5436 3440 5493; x_wconf 87' lang='lat' dir='ltr'><strong>habuit</strong></span> <span class='ocrx_word' id='word_1_947' title='bbox 3466 5454 3632 5509; x_wconf 65' lang='lat' dir='ltr'><strong>expe«</strong></span> 
     </span>
    </p>
   </div>
   <div class='ocr_carea' id='block_1_117' title="bbox 2025 5525 3634 5602">
    <p class='ocr_par' dir='ltr' id='par_1_117' title="bbox 2025 5525 3634 5602">
     <span class='ocr_line' id='line_1_117' title="bbox 2025 5525 3634 5602; baseline 0.002 -21"><span class='ocrx_word' id='word_1_948' title='bbox 2025 5527 2306 5591; x_wconf 89' lang='lat' dir='ltr'><strong>rientiam,</strong></span> <span class='ocrx_word' id='word_1_949' title='bbox 2340 5527 2454 5582; x_wconf 69' lang='lat' dir='ltr'><strong>haec</strong></span> <span class='ocrx_word' id='word_1_950' title='bbox 2481 5527 2605 5581; x_wconf 87' lang='lat' dir='ltr'><strong>dicit</strong></span> <span class='ocrx_word' id='word_1_951' title='bbox 2639 5545 2653 5580; x_wconf 89' lang='lat'><strong>:</strong></span> <span class='ocrx_word' id='word_1_952' title='bbox 2683 5525 2968 5596; x_wconf 64' lang='lat' dir='ltr'><strong>[Ediﬁcavi</strong></span> <span class='ocrx_word' id='word_1_953' title='bbox 3014 5528 3142 5584; x_wconf 83' lang='lat' dir='ltr'><strong>mihi</strong></span> <span class='ocrx_word' id='word_1_954' title='bbox 3175 5530 3375 5592; x_wconf 81' lang='lat' dir='ltr'><strong>domos,</strong></span> <span class='ocrx_word' id='word_1_955' title='bbox 3408 5529 3634 5602; x_wconf 78' lang='lat' dir='ltr'><strong>plantavi</strong></span> 
     </span>
    </p>
   </div>
   <div class='ocr_carea' id='block_1_118' title="bbox 2027 5621 3635 5694">
    <p class='ocr_par' dir='ltr' id='par_1_118' title="bbox 2027 5621 3635 5694">
     <span class='ocr_line' id='line_1_118' title="bbox 2027 5621 3635 5694; baseline 0.004 -20"><span class='ocrx_word' id='word_1_956' title='bbox 2027 5621 2152 5675; x_wconf 84' lang='lat' dir='ltr'><strong>mihi</strong></span> <span class='ocrx_word' id='word_1_957' title='bbox 2179 5623 2367 5684; x_wconf 73' lang='lat' dir='ltr'><strong>cineas,</strong></span> <span class='ocrx_word' id='word_1_958' title='bbox 2403 5622 2498 5692; x_wconf 80' lang='lat' dir='ltr'><strong>feci</strong></span> <span class='ocrx_word' id='word_1_959' title='bbox 2526 5621 2650 5674; x_wconf 85' lang='lat' dir='ltr'><strong>mihi</strong></span> <span class='ocrx_word' id='word_1_960' title='bbox 2679 5638 2930 5691; x_wconf 85' lang='lat' dir='ltr'><strong>aquarum</strong></span> <span class='ocrx_word' id='word_1_961' title='bbox 2960 5623 3205 5694; x_wconf 82' lang='lat' dir='ltr'><strong>piscinas,</strong></span> <span class='ocrx_word' id='word_1_962' title='bbox 3236 5625 3559 5693; x_wconf 70' lang='lat' dir='ltr'><strong>pocillatore:</strong></span> <span class='ocrx_word' id='word_1_963' title='bbox 3585 5637 3635 5682; x_wconf 84' lang='lat' dir='ltr'><strong>et</strong></span> 
     </span>
    </p>
   </div>
   <div class='ocr_carea' id='block_1_119' title="bbox 2029 5712 3634 5786">
    <p class='ocr_par' dir='ltr' id='par_1_119' title="bbox 2029 5712 3634 5786">
     <span class='ocr_line' id='line_1_119' title="bbox 2029 5712 3634 5786; baseline 0.004 -19"><span class='ocrx_word' id='word_1_964' title='bbox 2029 5713 2368 5776; x_wconf 72' lang='lat' dir='ltr'><strong>pocillatrices</strong></span> <span class='ocrx_word' id='word_1_965' title='bbox 2395 5712 2580 5779; x_wconf 74' lang='lat' dir='ltr'><strong>(Ecclt&#39;.</strong></span> <span class='ocrx_word' id='word_1_966' title='bbox 2608 5713 2663 5767; x_wconf 67' lang='lat'><strong>2.</strong></span> <span class='ocrx_word' id='word_1_967' title='bbox 2693 5715 2745 5769; x_wconf 73' lang='grc'><strong>4.</strong></span> <span class='ocrx_word' id='word_1_968' title='bbox 2775 5714 2856 5785; x_wconf 79' lang='grc'><strong>5).</strong></span> <span class='ocrx_word' id='word_1_969' title='bbox 2882 5713 2948 5770; x_wconf 85' lang='grc' dir='ltr'><strong>Ει</strong></span> <span class='ocrx_word' id='word_1_970' title='bbox 2969 5715 3094 5786; x_wconf 88' lang='lat' dir='ltr'><strong>quid</strong></span> <span class='ocrx_word' id='word_1_971' title='bbox 3124 5716 3337 5772; x_wconf 84' lang='lat' dir='ltr'><strong>tandem</strong></span> <span class='ocrx_word' id='word_1_972' title='bbox 3361 5716 3491 5773; x_wconf 81' lang='lat' dir='ltr'><strong>dicit</strong></span> <span class='ocrx_word' id='word_1_973' title='bbox 3516 5729 3634 5786; x_wconf 67' lang='lat' dir='ltr'><strong>pust</strong></span> 
     </span>
    </p>
   </div>
   <div class='ocr_carea' id='block_1_120' title="bbox 2029 5804 3634 5881">
    <p class='ocr_par' dir='ltr' id='par_1_120' title="bbox 2029 5804 3634 5881">
     <span class='ocr_line' id='line_1_120' title="bbox 2029 5804 3634 5881; baseline 0.002 -22"><span class='ocrx_word' id='word_1_974' title='bbox 2029 5807 2140 5881; x_wconf 66' lang='lat' dir='ltr'><strong>llam:</strong></span> <span class='ocrx_word' id='word_1_975' title='bbox 2174 5807 2392 5863; x_wconf 89' lang='lat' dir='ltr'><strong>omnia?</strong></span> <span class='ocrx_word' id='word_1_976' title='bbox 2433 5804 2641 5860; x_wconf 76' lang='lat' dir='ltr'><strong>l&#39;anitos</strong></span> <span class='ocrx_word' id='word_1_977' title='bbox 2673 5807 2970 5875; x_wconf 83' lang='lat' dir='ltr'><strong>vanitatum,</strong></span> <span class='ocrx_word' id='word_1_978' title='bbox 3001 5818 3046 5864; x_wconf 89' lang='lat' dir='ltr'><strong>et</strong></span> <span class='ocrx_word' id='word_1_979' title='bbox 3076 5809 3246 5864; x_wconf 84' lang='lat' dir='ltr'><strong>omnia</strong></span> <span class='ocrx_word' id='word_1_980' title='bbox 3278 5810 3494 5864; x_wconf 72' lang='lat' dir='ltr'><strong>vanitas.</strong></span> <span class='ocrx_word' id='word_1_981' title='bbox 3528 5809 3634 5864; x_wconf 84' lang='lat' dir='ltr'><strong>Lu-</strong></span> 
     </span>
    </p>
   </div>
  </div>
