4172 6446
581 323 692 379 ’1ξό

585 457 807 510 geamus
834 450 983 517 ergo,
1016 461 1049 498 ο
1073 447 1274 513 dilecti,
1316 448 1607 518 lugeamus,
1641 461 1699 506 ut
1730 469 1854 510 rere
1885 456 2152 513 rideamus

589 544 645 588 ut
688 548 812 592 vere
856 540 1098 593 laetemur
1140 541 1191 594 in
1238 551 1481 611 tempore
1523 543 1748 601 sincerae
1785 547 2006 605 laetitia}.
2042 551 2174 609 Nam

1338 346 1394 401 S.
1434 340 1709 404 JOANNIS
1743 348 2220 407 CllllYSOS'i’O‘li
2256 342 2574 410 ARCHIEP.
2613 342 3142 411 CONSTANTINOP.

3755 352 3855 421 iis

2264 454 2407 508 illam
2430 467 2833 522 persequamur.
2862 452 2976 505 Alia
3004 460 3181 504 autem
3214 449 3420 505 ratione
3444 464 3550 505 non
3581 451 3704 510 licet
3730 471 3852 509 cam

2260 549 2503 618 assequi,
2535 562 2695 618 quant
2723 561 2789 602 eo
2822 544 2967 616 quod
3009 545 3096 599 hic
3123 544 3416 614 eligamus,
3444 560 3549 598 non
3576 561 3696 616 qure
3728 558 3859 604 sunt

587 627 702 681 inec
727 628 941 696 quidem
973 630 1155 684 lic-tilia
1186 640 1268 684 est
1292 632 1511 686 omnino
1537 635 1765 691 admista
1800 639 2048 705 tristitim,
2079 659 2178 700 nec
2256 639 2489 709 jucunda
2513 681 2527 704 ,
2554 638 2648 692 sed
2672 652 2792 708 quae
2819 636 2971 691 “lilia
2993 677 3006 700 ν
3036 645 3091 690 ει
3118 650 3303 704 Parum
3333 632 3633 704 afﬂisamur
3660 637 3856 693 Ῑιιὺειιο
3881 641 3891 701 ῗ

584 729 702 775 eam
746 723 872 777 licet
916 723 1157 779 invenire
1199 740 1421 794 puram;
1466 726 1552 780 illa
1597 738 1775 784 autem
1807 742 1891 787 est
1926 734 2173 806 sincera,

542 816 545 821 '
583 810 784 865 fraudis
805 822 859 866 et
882 812 989 866 doli
1024 829 1238 883 expers,
1263 831 1362 871 nec
1383 818 1675 889 quidquam
1713 822 1917 878 habens
1951 825 2174 883 insidia-

2262 740 2377 798 tcs,
2416 741 2471 787 et
2508 747 2628 787 cum
2669 731 2964 799 gratiarum
3003 729 3216 783 actione
3250 728 3487 782 feramus
3521 731 3703 784 omnia
3732 748 3860 801 quae

2258 828 2525 885 accidunt.
2556 828 2645 884 Sic
2670 827 2813 881 enim
2844 828 3140 897 poterimus
3170 842 3395 898 regnum
3422 828 3680 884 oratorum
3703 843 3862 885 asse-

582 916 912 973 rum,ncquc
928 906 1220 976 quidquam
1240 909 1532 964 admistmn
1556 930 1569 965 :
1592 912 1682 965 illa
1708 913 2175 982 lmtemurlmtitia,
2259 925 2372 993 qui,
2399 923 2564 992 gratia
2588 933 2633 975 ct
2665 921 3016 991 benignitate.
3047 928 3151 974 etc.

590 996 783 1008 ._____
1176 996 1195 1015 .,
1388 999 1393 1018 ε
1454 1002 1455 1005 η

2023 1068 2361 1129 ΗΟΜΙΙᾸΛ
2407 1067 2550 1126 ΧΠ
2564 1110 2578 1125 .

572 1140 707 1197 αλιι.
738 1144 791 1200 9.
826 1162 876 1198 ν.
914 1149 994 1203 15.
1030 1149 1094 1203 Et
1124 1153 1238 1207 ideo
1268 1154 1383 1207 novi
1415 1158 1700 1211 testamenti
1726 1161 1974 1215 mediator
1999 1172 2093 1230 est,
2118 1173 2174 1217 ut

647 1247 809 1289 morte
835 1239 1175 1296 intercedente
1214 1255 1260 1297 et
1299 1247 1693 1315 redemptionem
1732 1267 1905 1305 earum
1934 1255 2176 1321 praevari-

647 1326 927 1396 cationum,
955 1347 1069 1395 qua:
1092 1343 1234 1386 erant
1259 1336 1350 1388 sub
1374 1337 1532 1406 priori
1557 1349 1867 1409 testamento,
1899 1347 2176 1413 repromis-

648 1423 842 1473 sionem
871 1423 1125 1492 accipiant
1159 1428 1243 1495 qui
1282 1432 1447 1481 vocati
1481 1441 1598 1485 sunt
1627 1443 1831 1489 (eterna:
1857 1437 2169 1493 hereditatis.

650 1511 737 1565 16.
773 1511 871 1566 Ubi
914 1515 1047 1568 enim
1089 1527 1440 1573 testamentum
1464 1534 1567 1588 est,
1598 1542 1733 1580 mors
1763 1544 1964 1584 necesse
1988 1542 2061 1585 est
2090 1533 2173 1586 in-

649 1602 869 1656 tercedat
904 1608 1154 1661 testatorfs
1179 1623 1199 1662 ἕ
1222 1611 1305 1663 17.
1338 1620 1688 1669 testamentum
1716 1619 1849 1671 enim
1877 1620 1930 1673 in
1958 1623 2174 1676 mortuis

650 1704 722 1747 est
752 1698 1103 1765 confirmatum
1128 1719 1146 1755 :
1167 1702 1361 1772 alioqui
1384 1707 1610 1761 nondum
1641 1711 1769 1764 ualet
1795 1712 1915 1765 dum
1942 1715 2060 1768 vivit
2085 1716 2175 1786 qui

650 1794 859 1841 testatus
885 1800 976 1843 est.
1015 1790 1099 1846 18.
1136 1791 1285 1848 Unde
1322 1811 1413 1850 nec
1450 1799 1671 1868 primum
1695 1804 1898 1873 quidem
1921 1806 2028 1860 sine
2052 1822 2177 1861 san-

648 1881 800 1947 guine
828 1881 1116 1938 dedicatum
1142 1895 1237 1940 est.

648 1972 701 2024 1.
739 1971 862 2026 Erat
892 1974 1179 2030 verisimile
1218 1978 1417 2036 multos
1454 1996 1521 2037 ex
1562 1984 1982 2055 infirmioribus,
2012 2002 2077 2045 ex
2108 2002 2175 2046 eo

577 2061 735 2115 etiam
781 2065 1013 2121 maxime
1048 2068 1190 2137 quod
1232 2082 1473 2127 mortuus
1514 2087 1657 2129 esset
1697 2076 1978 2144 Christus,
2014 2080 2174 2136 fidem

578 2169 681 2205 non
712 2153 908 2209 habere
939 2160 1239 2226 promissis.
1268 2161 1466 2217 Paulus
1486 2179 1717 2235 ergo,cx
1746 2169 2068 2225 abundantia
2095 2181 2175 2226 ta-

578 2245 682 2300 lem
705 2247 989 2304 coniutans
1007 2251 1341 2321 opinionem,
1369 2257 1468 2311 hoc
1492 2260 1635 2326 ponit
1660 2276 1724 2314 es
1746 2265 2017 2318 communi
2036 2279 2177 2320 sum-

578 2346 727 2404 ptum
758 2342 1166 2398 consuetudine.
1198 2345 1522 2411 Quodnam?
1560 2349 1782 2420 Propter
1823 2353 1926 2409 hoc
1960 2355 2133 2426 ipsum
2154 2399 2171 2424 ,

579 2428 780 2498 inquit,
813 2442 1033 2501 oportet
1061 2436 1338 2491 conlidere
1372 2449 1426 2492 et
1464 2439 1606 2495 bono
1634 2457 1755 2497 esse
1782 2445 1997 2512 animo,
2030 2448 2174 2517 quod

579 2536 683 2573 non
716 2522 1040 2589 viventibus,
1076 2526 1170 2580 sed
1204 2529 1429 2582 mortuis
1459 2530 1523 2584 iis
1547 2533 1635 2601 qui
1666 2545 1790 2588 sunt
1817 2539 2016 2598 testati,
2047 2547 2176 2595 tunc

581 2612 730 2665 tirma
761 2623 814 2667 et
845 2615 1015 2670 valida
1057 2617 1166 2672 sint
1206 2628 1524 2676 testamenta
1546 2665 1561 2690 ,
1593 2634 1646 2678 et
1686 2628 1850 2682 robur
1884 2630 2172 2700 accipiant.

578 2703 647 2759 Et
693 2705 814 2759 ideo
856 2706 936 2761 sic
980 2709 1167 2778 incipit
1206 2710 1390 2766 dicens
1414 2752 1430 2777 ,
1470 2723 1525 2767 et
1565 2715 1686 2770 ait:
1720 2715 1858 2771 Novi
1895 2723 2177 2777 testamenti

579 2793 830 2849 mediator
874 2806 969 2855 est.
1011 2798 1411 2857 Testamentum
1440 2804 1498 2858 ﬁt
1528 2806 1581 2860 in
1613 2806 1802 2862 ultimo
1834 2809 1923 2865 die
1963 2816 2172 2871 mortis.

580 2887 712 2943 'l‘alc
737 2898 821 2943 est
846 2901 1023 2945 autem
1057 2910 1070 2946 :
1100 2894 1234 2949 alios
1278 2897 1492 2966 quidem
1537 2900 1699 2957 habet
1745 2902 2005 2973 heredes,
2042 2908 2177 2964 alios

579 2996 708 3035 vero
765 2983 1143 3040 exheredatos.
1211 2986 1286 3042 Ita
1345 2988 1433 3044 hic
1485 3006 1700 3062 quoque
1761 2994 1830 3049 de
1888 2996 2176 3053 heredibus

580 3072 753 3127 dicit:
794 3072 919 3128 Volo
978 3086 1028 3128 ut
1078 3078 1161 3130 ubi
1211 3095 1300 3149 ego
1337 3096 1469 3149 sum,
1509 3083 1681 3152 inquit
1733 3084 2001 3154 Christus,
2048 3098 2094 3143 et
2123 3089 2177 3144 hi

579 3164 679 3216 sint
712 3164 889 3234 (Joan.
923 3166 1010 3222 17.
1051 3168 1165 3238 2i).
1212 3170 1283 3224 Et
1327 3187 1516 3227 rursus
1559 3173 1628 3230 de
1671 3176 2011 3232 cxheredatis
2053 3181 2175 3235 audi

578 3269 701 3309 cmn
733 3255 1000 3312 dicentem
1032 3276 1046 3313 :
1075 3256 1195 3313 Non
1225 3278 1317 3331 pro
1345 3265 1578 3319 omnibus
1605 3282 1750 3334 rogo,
1779 3267 1869 3320 sed
1889 3285 1980 3338 pro
2004 3269 2068 3323 iis
2091 3272 2178 3342 qui

581 3348 787 3400 credunt
820 3366 910 3418 per
937 3350 1140 3405 verbum
1166 3370 1337 3408 eorum
1363 3355 1414 3408 in
1447 3372 1526 3410 me
1551 3355 1599 3425 (Ι
1609 3358 1711 3411 bid.
1743 3373 1792 3413 υ.
1825 3358 1940 3430 20).
1968 3360 2177 3418 Rursus

583 3451 959 3498 testamentum
984 3445 1088 3500 alia
1114 3447 1329 3517 quidem
1364 3447 1527 3504 habet
1554 3449 1674 3520 ejus
1699 3452 1789 3521 qui
1816 3463 1898 3507 est
1929 3462 2173 3523 testatus,

580 3534 683 3588 alia
722 3551 848 3592 vero
890 3552 1077 3593 eorum
1118 3540 1209 3610 qui
1254 3540 1589 3611 suscipiunt;
1622 3542 1695 3598 ita
1737 3554 1798 3599 ut
1831 3546 1933 3600 alia
1960 3549 2177 3617 quidem

577 3625 810 3694 capiant,
841 3625 943 3680 alia
974 3639 1106 3682 vero
1132 3624 1351 3683 iaciant.
1382 3626 1456 3682 Ita
1487 3628 1572 3684 hic
1599 3645 1815 3701 quoque
1846 3649 1861 3686 :
1893 3643 2172 3705 postquam

577 3717 720 3772 enim
751 3718 1073 3789 promiserat
1108 3718 1541 3786 innumerabilia,
1571 3722 1638 3775 ab
1669 3725 1748 3780 eis
1777 3726 2021 3796 quredam
2055 3731 2177 3785 exi-

574 3810 674 3880 git,
703 3809 887 3865 dicens
912 3828 927 3866 :
953 3811 1257 3865 Mandatum
1283 3829 1466 3868 novum
1491 3814 1558 3866 do
1580 3815 1718 3870 vobis
1739 3816 1919 3886 (Joan.
1947 3821 2036 3876 17.
2062 3821 2174 3895 15).

577 3901 784 3957 Rursus
810 3911 1188 3958 testamentum
1214 3903 1375 3958 debet
1401 3904 1599 3960 habere
1632 3914 1827 3975 testes;
1851 3909 1974 3965 audi
1998 3911 2174 3981 ipsum

577 4008 768 4049 rursus
794 3993 1062 4050 dicentem
1094 4012 1108 4049 :
1138 3993 1249 4066 Ego
1278 4011 1390 4049 sum
1430 3997 1520 4067 qui
1561 3998 1899 4054 testimonium
1941 4002 2176 4072 perhibea

577 4088 641 4141 de
668 4087 858 4159 meipso
877 4129 892 4153 ,
924 4097 970 4141 et
997 4088 1335 4142 testimonium
1365 4091 1591 4158 perhibet
1620 4089 1684 4144 de
1708 4107 1785 4146 me
1803 4094 1892 4164 qui
1915 4094 2050 4148 misit
2078 4092 2178 4148 Pa-

579 4188 653 4232 ter
674 4179 856 4249 (Joan.
893 4180 947 4232 8.
982 4177 1108 4252 18);
1136 4188 1191 4233 et
1215 4194 1423 4243 rursus,
1450 4178 1554 4234 Ille
1582 4182 1925 4237 testimonium
1952 4186 2180 4255 perhibe-

580 4270 649 4322 trit
676 4268 740 4323 de
761 4285 843 4322 me
865 4266 1043 4340 (Joan.
1075 4269 1163 4324 15.
1192 4269 1308 4340 26),
1333 4270 1520 4325 dicens
1541 4270 1608 4325 de
1631 4272 1911 4329 Paracleto
1934 4291 1948 4338 ;
1973 4285 2026 4331 et
2049 4276 2181 4330 dno-

579 4361 755 4415 decim
798 4359 1072 4429 apostolos
1118 4360 1298 4426 misit,
1339 4361 1525 4417 dicens
1557 4379 1570 4416 :
1609 4361 1973 4433 Testificamini
2009 4383 2184 4422 coram

581 4450 709 4507 Deo.
742 4451 808 4505 Et
841 4460 1121 4519 propterea
1151 4450 1318 4506 dicit:
1350 4449 1486 4505 Novi
1511 4455 1795 4508 testamenti
1820 4457 2066 4511 mediator
2089 4470 2183 4515 est.

582 4542 720 4609 Quid
769 4551 852 4596 est
894 4553 1075 4596 autem
1128 4541 1438 4597 mediator?
1474 4543 1735 4600 Mediator
1778 4561 1882 4601 uou
1924 4547 2084 4606 habet
2130 4552 2181 4605 in

586 4643 852 4705 potestate
880 4649 995 4690 rem
1027 4634 1186 4704 cujus
1214 4644 1296 4689 est
1326 4634 1687 4701 intercessor;
1721 4638 1814 4692 sed
1842 4638 1943 4693 alia
1969 4642 2185 4711 quidem

585 4743 673 4782 res
703 4734 787 4782 est
806 4767 820 4789 ,
848 4726 986 4781 alius
1012 4741 1139 4781 vero
1167 4726 1498 4782 intercessor
1525 4744 1538 4782 :
1574 4729 1717 4784 velut
1744 4732 2071 4790 matrimonii
2101 4745 2187 4792 est

587 4824 953 4888 intercessor,
995 4834 1103 4875 non
1145 4819 1234 4891 qui
1266 4819 1522 4895 jungitur
1564 4824 1944 4894 matrimonio,
1973 4828 2068 4883 sed
2097 4830 2187 4898 qui

589 4929 747 4984 opem
771 4911 876 4967 fert
899 4913 948 4968 ci
971 4911 1061 4981 qui
1087 4921 1174 4967 est
1199 4910 1464 4968 ducturus
1486 4929 1731 4970 uxorem.
1760 4917 1833 4971 Ita
1862 4918 1949 4973 hic
1973 4935 2189 4991 quoque

591 5007 762 5061 Filius
792 5006 889 5062 luit
918 5006 1246 5059 intercessor
1268 5004 1443 5060 Patris
1464 5017 1518 5061 et
1537 5019 1743 5064 noster.
1776 5009 2005 5069 Nolebat
2029 5012 2190 5068 Pater

591 5099 748 5156 nobis
777 5097 1083 5168 relinquere
1114 5096 1254 5152 hanc
1286 5097 1658 5168 hereditatem,
1690 5102 1784 5158 sed
1810 5105 1964 5160 nobis
1992 5106 2190 5161 irasce-

594 5193 774 5259 batur,
795 5199 851 5247 et
872 5201 986 5247 erat
1013 5206 1191 5247 smvus
1217 5200 1269 5247 et
1297 5207 1456 5263 asper
1477 5204 1533 5249 ut
1557 5196 1646 5264 qui
1668 5211 1913 5253 essemus
1937 5198 2188 5255 alienati:

596 5284 697 5339 fuit
723 5297 855 5355 ergo
884 5292 1069 5340 noster
1093 5296 1149 5339 et
1186 5285 1304 5355 ejus
1345 5286 1695 5357 intercessor,
1725 5299 1782 5345 et
1809 5292 1858 5346 ei
1898 5292 2189 5363 persuasit.

598 5375 667 5429 Et
704 5374 825 5429 vide
864 5375 1135 5446 quomodo
1177 5376 1278 5432 fuit
1316 5378 1642 5435 intercessor
1673 5399 1686 5436 :
1724 5382 1886 5438 verba
1926 5386 2103 5440 attulit
2139 5394 2195 5440 et

599 5467 823 5535 retulit,
862 5485 980 5540 quae
1010 5484 1039 5522 a
1070 5468 1230 5524 Patre
1256 5480 1413 5526 erant
1452 5472 1518 5528 ad
1563 5488 1662 5529 nos
1705 5479 2108 5544 transmittens,
2139 5488 2196 5534 et

600 5568 831 5614 mortem
870 5560 1168 5630 adjiciens;
1199 5560 1627 5631 oii‘enderamus,
1660 5568 1793 5620 mori
1823 5567 2194 5638 debebamus;

602 5663 702 5716 pro
728 5650 883 5707 nobis
903 5661 987 5707 est
1008 5661 1268 5716 mortuus,
1288 5662 1346 5723 et
1368 5654 1494 5711 fecit
1520 5673 1620 5712 nos
1641 5658 1830 5729 dignos
1851 5668 2193 5718 testamento.

603 5741 739 5797 llinc
765 5744 926 5800 etiam
956 5756 1038 5802 est
1068 5746 1283 5802 ﬁrmum
1313 5756 1367 5803 et
1395 5749 1584 5806 stabile
1614 5759 2024 5823 testamentum,
2051 5756 2196 5828 quod

603 5842 712 5887 non
746 5833 797 5889 in
832 5836 1075 5908 indignos
1102 5838 1211 5909 jam
1247 5840 1439 5895 factum
1476 5851 1579 5898 est.
1612 5845 1784 5914 Atque
1814 5846 1879 5900 ab
1907 5847 2056 5905 initio
2084 5853 2198 5922 qni-

2255 1171 2378 1225 dcm
2416 1175 2788 1224 testamentum
2817 1163 2943 1219 fecit
2970 1174 3240 1232 tamquam
3273 1162 3431 1214 Pater
3455 1160 3506 1213 in
3541 1157 3717 1224 ﬁlios;
3746 1159 3848 1211 sed

2255 1261 2506 1332 quoniam
2550 1259 2753 1328 indigni
2794 1270 2979 1312 sumus
3024 1252 3247 1319 redditi,
3279 1267 3385 1305 non
3420 1251 3647 1321 amplius
3678 1257 3855 1303 testa—

2266 1361 2449 1407 mento
2474 1367 2611 1421 opus
2635 1360 2752 1405 erat
2772 1391 2786 1411 ,
2824 1349 2919 1404 sed
2960 1347 3247 1416 supplicio.
3278 1344 3414 1411 Quid
3445 1359 3607 1413 ergo,
3642 1344 3818 1413 inquit
3839 1384 3860 1410 ,

2265 1446 2332 1499 de
2374 1446 2492 1514 lege
2529 1441 2809 1513 gloriaris?
2840 1455 2960 1493 nam
2990 1440 3042 1492 in
3071 1446 3274 1491 tantum
3306 1450 3405 1490 nos
3431 1435 3640 1505 redegit
3668 1449 3866 1503 peccaa

2267 1546 2401 1603 tum,
2425 1546 2482 1590 ut
2502 1549 2792 1604 numquam
2821 1532 2953 1586 salvi
2979 1545 3221 1586 essemus
3242 1526 3405 1582 futuri
3430 1546 3443 1580 :
3468 1527 3569 1581 nisi
3594 1526 3866 1580 Dominus

2267 1637 2451 1682 noster
2483 1641 2582 1697 pro
2610 1625 2765 1680 nobis
2791 1631 2937 1679 esset
2964 1630 3240 1688 mortuus,
3272 1621 3359 1675 lex
3392 1633 3724 1689 nequaquam
3753 1632 3865 1688 po-

2267 1719 2490 1784 tuisset;
2517 1726 2633 1773 erat
2659 1717 2802 1771 enim
2841 1714 3129 1769 imbecilla.
3156 1711 3502 1784 Nequaquam
3531 1719 3708 1765 autem
3734 1724 3869 1764 am-

2268 1812 2408 1883 plius
2441 1782 2545 1866 hoc
2571 1806 2854 1864 conﬁrmat
2877 1820 2943 1860 ex
2983 1804 3094 1859 sola
3125 1782 3543 1865 consuetudine,
3573 1799 3667 1855 scd
3695 1814 3761 1853 ex
3793 1798 3870 1853 iis

2185 1954 2188 1959 .
2267 1906 2429 1961 etiam
2459 1918 2580 1974 quae
2613 1888 2915 1957 evenerunt
2934 1898 2986 1952 in
3014 1889 3197 1951 Veteri
3229 1913 3243 1949 :
3273 1894 3414 1966 quod
3443 1883 3657 1963 quidem
3687 1892 3874 1945 maxi-

2269 2012 2355 2051 me
2379 2010 2474 2051 eos
2500 1993 2728 2049 induxit.
2759 1993 2827 2045 At
2852 1989 3028 2044 nullus
3056 1987 3165 2041 illic
3188 1994 3325 2051 erat,
3356 1983 3546 2053 inquit,
3576 1990 3869 2047 mortuus;

2266 2084 2536 2158 quomodo
2560 2099 2689 2155 ergo
2714 2082 2843 2137 illud
2869 2082 3080 2135 ﬁrmum
3108 2088 3163 2133 et
3189 2075 3423 2132 stabile?
3452 2074 3554 2128 Per
3582 2072 3869 2137 eumdem,

2268 2180 2461 2250 inquit,
2483 2177 2722 2233 modum.
2744 2171 3058 2241 Quomodo?
3080 2170 3288 2224 Etenim
3316 2168 3427 2221 illic
3452 2166 3688 2236 sanguis,
3719 2165 3878 2219 sicut

2267 2284 2321 2329 et
2347 2274 2434 2328 hic
2458 2270 2705 2340 sanguis;
2729 2268 2773 2322 si
2803 2274 2979 2320 autem
3018 2278 3122 2317 non
3156 2270 3270 2317 erat
3295 2259 3495 2314 Christi
3520 2258 3759 2327 sanguis,
3792 2271 3877 2312 ne

2271 2364 2486 2419 mireris
2514 2379 2529 2418 :
2558 2369 2675 2416 erat
2710 2358 2853 2414 enim
2897 2367 3092 2429 typus:
3125 2352 3350 2420 ideoque
3384 2349 3553 2414 dicit,
3586 2346 3733 2403 Unde
3768 2363 3877 2400 nec

2271 2458 2494 2528 primum
2523 2453 2758 2525 quidem,
2799 2450 3004 2519 inquit,
3034 2447 3144 2500 sine
3172 2442 3419 2513 sanguine
3445 2441 3729 2494 dedicatum
3760 2448 3868 2494 est.

2270 2549 2410 2619 Quid
2445 2547 2547 2603 sibi
2589 2545 2705 2600 vult
2744 2542 2873 2597 illud
2895 2582 2910 2605 ,
2939 2539 3238 2593 Dedicatum
3275 2535 3385 2588 est?
3411 2533 3632 2587 Factum
3659 2539 3740 2585 est
3770 2530 3876 2583 lir-

2272 2657 2441 2707 mum,
2472 2639 2663 2695 stabile
2687 2645 2743 2692 et
2771 2644 2967 2689 ratum.
2998 2630 3169 2697 Unde,
3200 2628 3391 2698 inquit,
3431 2623 3709 2694 oportebat
3736 2635 3871 2676 esse

2273 2733 2574 2809 symbolum
2606 2725 2912 2785 testamenti
2939 2732 2994 2780 et
3023 2720 3232 2776 mortis.

2343 2826 2399 2881 2.
2442 2825 2686 2891 Quanam
2713 2819 2857 2875 enim
2900 2816 2967 2871 de
3015 2828 3198 2877 causa,
3228 2811 3316 2866 dic
3348 2808 3502 2876 mihi,
3530 2807 3666 2862 liber
3696 2814 3873 2861 testa-

2269 2915 2443 2974 menti
2472 2908 2811 2984 aspergitur?
2843 2908 2931 2963 l9.
2957 2904 3111 2959 Lecto
3132 2904 3290 2967 enim,
3326 2900 3521 2970 inquit,
3545 2900 3682 2953 omni
3707 2912 3869 2950 man-

2274 3015 2396 3065 dato
2413 3007 2537 3078 legis
2552 3022 2584 3059 a
2601 3003 2781 3074 Moyse
2806 3001 3038 3055 uniuerso
3059 2996 3269 3067 pOpulo,
3287 2993 3543 3064 accipiens
3561 2991 3872 3060 sanguinem

2274 3100 2546 3155 vitulorum
2587 3104 2633 3150 et
2664 3095 2921 3148 hircorum
2967 3106 3081 3142 cum
3125 3103 3258 3157 aqua
3286 3096 3335 3140 et
3384 3084 3506 3137 lana
3550 3084 3782 3136 coccinea
3815 3092 3873 3135 et

2275 3194 2518 3263 hyssopo,
2540 3189 2708 3256 ipsum
2736 3185 2923 3239 librum
2947 3191 2994 3236 et
3017 3195 3216 3235 omnem
3238 3177 3484 3249 papulunt
3510 3176 3754 3242 aspersit,
3769 3174 3869 3229 20.

2275 3282 2449 3335 dicens
2479 3294 2498 3333 :
2534 3277 2636 3331 Hic
2675 3274 2884 3346 sanguis
2910 3269 3195 3325 testamenti
3222 3266 3357 3337 quod
3384 3264 3642 3319 mandavit
3680 3263 3749 3317 ad
3778 3279 3871 3318 vos

2281 3372 2440 3426 Deus.
2470 3370 2713 3437 Quanam
2744 3380 2877 3435 ergo
2916 3362 2984 3417 de
3030 3374 3214 3420 causa.
3239 3358 3328 3413 die
3375 3356 3529 3421 mihi,
3560 3355 3874 3425 aspergitur

2274 3464 2413 3518 liber
2462 3458 2768 3516 testamenti
2800 3466 2855 3512 et
2913 3454 3159 3526 populus,
3196 3466 3355 3521 quam
3399 3446 3541 3518 quod
3593 3447 3873 3517 pretiosus

2274 3554 2492 3625 sanguis
2543 3550 2727 3607 multis
2776 3548 3057 3603 retroactis
3104 3543 3317 3599 saeculis
3370 3539 3717 3611 figurabatur.
3756 3538 3870 3593 Cur

2274 3643 2551 3719 hyssopo?
2612 3641 2749 3710 Quia
2804 3639 3033 3694 densum
3088 3643 3144 3691 et
3200 3643 3442 3688 tenerum
3473 3670 3488 3694 ,
3547 3629 3868 3699 sanguinem

2272 3737 2598 3791 continebat.
2640 3731 2779 3800 Quid
2832 3744 2962 3786 vero
3015 3726 3188 3797 aqua?
3216 3723 3461 3780 Ostendit
3507 3722 3610 3776 hoc
3649 3735 3870 3790 quoque

2263 3837 2384 3893 qua:
2429 3822 2487 3876 iit
2517 3834 2613 3891 per
2651 3833 2842 3888 aquam
2892 3815 3318 3872 mundationem.
3358 3811 3495 3878 Quid
3527 3826 3654 3866 vero
3702 3811 3869 3865 lana?

2265 3912 2336 3967 Et
2384 3910 2497 3966 hinc
2523 3925 2757 3981 quoque,
2805 3917 2864 3963 ut
2899 3908 3267 3962 contineretur
3312 3903 3552 3973 sanguis.
3589 3901 3733 3956 Idem
3776 3899 3870 3954 hic

2265 4001 2504 4058 ostendit
2529 4015 2652 4057 esse
2693 3998 3006 4069 sanguinem
3052 4005 3107 4051 et
3135 4010 3327 4066 aquam
3363 4011 3378 4048 :
3416 3992 3681 4061 baptisma
3716 3991 3866 4044 eitim

2272 4102 2360 4151 est
2400 4094 2518 4163 ejus
2569 4092 2835 4164 passionis
2886 4089 3209 4162 symbolum.
3257 4087 3348 4142 2t.
3409 4085 3581 4141 Etiam
3626 4084 3867 4138 taberna-

2279 4187 2454 4241 culum
2503 4196 2549 4240 et
2600 4185 2772 4239 omnia
2831 4198 2953 4238 vasa
3010 4181 3275 4235 ministerii
3325 4179 3575 4250 sanguine
3631 4177 3872 4231 similiter

2269 4280 2512 4351 aspergit.
2559 4276 2653 4332 22.
2687 4275 2755 4330 Et
2805 4275 2981 4329 omnia
3021 4289 3150 4344 pene
3186 4273 3239 4326 in
3281 4270 3531 4340 sanguine
3586 4267 3873 4323 secundum

2275 4372 2433 4441 legem
2459 4369 2791 4433 inundantur,
2837 4375 2884 4420 et
2923 4365 3030 4419 sine
3074 4363 3336 4433 sanguinis
3372 4358 3621 4427 effusione
3661 4374 3762 4411 non
3811 4357 3875 4426 [it

2271 4461 2522 4515 remissio.
2561 4459 2672 4514 Cur
2700 4458 2852 4525 illud,
2879 4455 3058 4511 Pene?
3101 4471 3198 4509 cur
3228 4454 3278 4508 id
3305 4454 3384 4508 sic
3422 4452 3689 4525 correxit?
3717 4450 3873 4519 Quo-

2275 4553 2417 4606 niam
2460 4551 2545 4605 illa
2582 4565 2686 4604 nou
2736 4557 2891 4605 erant
2917 4546 3151 4617 perlecta
3191 4544 3493 4610 mundatio,
3536 4559 3712 4613 neque
3750 4557 3877 4611 per-

2277 4642 2415 4697 fecta
2446 4640 2716 4705 remissio,
2737 4640 2832 4695 sed
2853 4637 3253 4709 semiperfecta,
3272 4647 3328 4692 et
3356 4636 3406 4690 in
3436 4636 3655 4690 minima
3682 4643 3877 4704 parte:

2278 4732 2363 4785 hic
2390 4740 2593 4798 autem,
2648 4729 2748 4783 llic
2779 4741 2875 4796 est,
2920 4728 3116 4799 inquit,
3146 4730 3356 4799 sanguis
3401 4727 3515 4780 novi
3566 4726 3877 4792 testamenti,

2276 4825 2362 4894 qui
2411 4839 2505 4893 pro
2548 4822 2683 4877 vobis
2722 4820 3001 4889 effunditur
3044 4821 3098 4873 in
3147 4819 3498 4873 remissionem
3544 4827 3883 4888 peccatorum

2278 4914 2494 4984 (Matth.
2536 4914 2630 4969 26.
2662 4913 2779 4983 28).
2812 4912 2910 4967 Ubi
2944 4913 3103 4981 igitur
3130 4912 3265 4966 liber
3305 4909 3617 4965 einundavit
3661 4909 3882 4964 iliorum

2282 5007 2530 5061 mentes?
2559 5006 2662 5075 Ipsi
2693 5013 2848 5059 erant
2874 5003 2997 5058 libri
3028 5003 3153 5057 novi
3184 5001 3541 5057 Testamenti.
3567 4999 3670 5056 Ubi
3698 5011 3884 5055 autem

2286 5117 2410 5155 rasa
2443 5099 2768 5154 ministerii?
2798 5098 2903 5169 Ipsi
2946 5109 3093 5151 sunt.
3125 5096 3227 5151 [Ibi
3274 5094 3724 5149 tabernaculum?
3773 5094 3885 5162 Ipsi

2281 5203 2406 5247 sunt
2434 5207 2661 5246 rursus:
2699 5187 3007 5243 Inhabitabo
3040 5187 3207 5252 enim,
3236 5186 3428 5256 inquit,
3460 5188 3516 5240 in
3554 5184 3682 5251 illis,
3711 5194 3762 5239 et
3792 5187 3885 5237 in-

2284 5282 2555 5336 ambulabo
2583 5280 2672 5354 (2.
2699 5278 2819 5335 Cor.
2844 5278 2898 5334 6.
2930 5279 3054 5348 16).
3094 5280 3161 5330 At
3201 5276 3321 5330 lana
3362 5275 3617 5331 coccinea
3655 5284 3709 5329 et
3750 5274 3892 5344 hys-

2283 5390 2416 5445 snpo
2462 5374 2550 5429 hic
2597 5386 2703 5428 non
2739 5372 3095 5442 aspergehut:
3129 5370 3336 5440 quare?
3380 5367 3706 5423 Emundatio
3735 5369 3889 5421 enim

2285 5482 2390 5522 non
2423 5475 2542 5521 erat
2567 5466 2884 5535 corporalis,
2909 5464 3001 5519 sed
3029 5462 3347 5533 spiritualis,
3375 5472 3431 5516 et
3471 5460 3689 5531 sanguis
3716 5459 3889 5530 spiri-

2288 5557 2473 5612 tualis.
2506 5556 2829 5624 Quomodo?
2855 5555 2971 5611 Non
3007 5571 3072 5609 ex
3104 5569 3333 5622 corpore
3362 5553 3519 5608 ﬂuxit
3545 5551 3897 5606 irrationahi~

2290 5649 2416 5703 lium
2443 5691 2457 5713 ,
2494 5648 2591 5703 sed
2629 5663 2695 5702 es
2738 5660 2965 5718 corpore
2995 5644 3136 5714 quod
3186 5654 3430 5713 paratum
3476 5643 3578 5698 fuit
3601 5657 3630 5696 a
3657 5641 3889 5712 Spiritu.

2288 5743 2403 5800 llcc
2439 5742 2701 5813 sanguine
2731 5757 2830 5797 nos
2858 5757 2963 5795 non
2997 5739 3234 5811 Moyses,
3259 5737 3357 5793 sed
3380 5735 3631 5792 Christus
3656 5734 3900 5805 aspersit

2291 5852 2383 5910 per
2416 5836 2634 5892 verbum
2667 5834 2808 5905 quod
2857 5833 3056 5890 dictum
3089 5840 3171 5887 est
3220 5849 3234 5886 :
3293 5830 3394 5886 llic
3421 5840 3494 5887 est
3533 5830 3740 5900 sanguis
3772 5829 3904 5884 novi
