4172 6462
556 279 661 335 123

555 397 713 466 μέρει
746 414 760 428 ’
785 398 1019 453 ἐνταῦθα
1049 400 1135 454 δέ·
1169 400 1349 454 Τοῦτο
1374 401 1440 456 τὸ
1476 397 1641 472 αἷμα,
1666 402 1821 472 φησὶ,
1863 401 1970 471 τῆς
1995 418 2125 455 και-

551 479 669 548 νῆς
704 480 1015 552 διαθήκης.
1066 484 1132 539 τὸ
1168 484 1321 553 ὑπὲρ
1374 484 1543 554 ὑμῶν
1593 486 2003 556 ἑκχυνόμενον
2045 488 2134 552 εἰς

552 566 774 633 ιίρεσιν
814 566 1133 634 ἁμαρτιῶν.
1184 569 1293 621 Ποῦ
1345 570 1527 622 ’.τοίνυν
1548 569 1610 622 τὸ
1635 569 1840 640 βιϐλίον
1891 569 2132 641 ἐκάθαρε

551 650 649 713 τὰς
680 650 923 713 διανοίας
945 652 1157 719 αὐτῶνς
1188 652 1353 705 Αὐτοὶ
1382 648 1647 723 ἄραῆσαν
1674 653 1853 723 βιϐλία
1876 654 1973 725 τῆς
2005 672 2128 708 και-

550 733 648 802 νῆς
699 734 986 804 διαθήκης.
1041 735 1149 788 Ποῦ
1172 736 1229 788 δὲ
1278 736 1350 789 τὰ
1379 738 1548 808 σκεύη
1604 739 1703 809 τῆς
1741 739 2128 810 λειτουργίαςς

550 818 713 877 Αὐτοί
737 820 864 873 εἰσι.
899 820 1007 873 Ποῦ
1031 820 1139 891 δὲὴ
1171 825 1342 894 σκηνὴ
1372 840 1386 886 ;
1414 823 1578 876 Αὐτοί
1606 824 1711 876 είσι
1740 825 1902 878 πάλιν
1920 840 1932 852 ·
1952 825 2130 877 Ἐνοι-

547 902 719 969 κήσω
747 904 856 971 γὰρ
897 904 967 958 ἐν
997 907 1225 974 αὐτοῖς,
1281 907 1380 960 καὶ
1432 908 1912 978 ἐμπεριπιιτήσω,
1942 910 2128 980 φησίν.

561 984 700 1039 Ἀλλ’
726 990 825 1041 οὐκ
855 991 987 1061 ἐρίῳ
1016 991 1258 1063 κοκκίνῳ
1288 993 1411 1046 οὐδὲ
1433 992 1673 1065 ὑσσώπῳ
1692 996 2012 1066 ἐρῤάντισεν
2043 996 2130 1046 ἐν-

545 1068 721 1149 ταῦθα
739 1089 750 1101 ·
778 1072 829 1124 τί
855 1074 1055 1143 δήποτε
1079 1091 1094 1139 ;
1124 1076 1200 1129 Οὐ
1228 1076 1335 1145 γὰρ
1400 1078 1709 1146 σωματικδς
1729 1080 1756 1131 6
1787 1077 2132 1149 καθαρισμὺς

544 1148 632 1219 ἦν,
692 1154 829 1207 ἀλλά
889 1159 1283 1228 πνευματικὸς,
1341 1162 1435 1214 καὶ
1453 1161 1515 1213 τὸ
1543 1155 1682 1232 αἷμα
1736 1148 2126 1231 πνευματικόν.

544 1235 669 1299 Πῶς
694 1255 707 1303 ;
736 1239 849 1295 Οὐκ
871 1240 982 1295 ἀπὸ
1007 1241 1260 1313 σώματος
1286 1244 1394 1313 γὰρ
1425 1243 1577 1316 ἔρρει
1601 1245 1836 1313 ἀλόγων,
1868 1244 2007 1298 ἀλλά
2024 1244 2126 1297 σώ-

545 1336 717 1387 ματος
772 1322 881 1376 ἀπὸ
947 1325 1265 1396 Πνεύματος
1326 1329 1879 1390 κατασκευασθέντος.
1938 1327 2127 1397 Τούτῳ

541 1402 693 1471 ἡμᾶς
713 1403 773 1456 οὐ
802 1407 1068 1479 Μωῡσῆς,
1119 1410 1233 1463 ἀλλ’
1262 1412 1289 1462 6
1312 1411 1553 1481 Χριστὸς
1611 1412 1903 1483 ἐῤῥάντισε
1936 1411 2014 1482 τῷ
2036 1412 2123 1464 αῖ-

544 1503 699 1567 ματι,
733 1488 822 1543 διὰ
877 1493 971 1544 τοῦ
1022 1493 1181 1561 λόγου
1210 1492 1303 1546 τοῦ
1334 1493 1635 1565 λεχθέντος,
1670 1494 1818 1567 [160]
1847 1494 2029 1549 Τοῦτο
2057 1495 2124 1548 τὸ

540 1563 686 1637 αἷμα
711 1571 820 1640 τῆς
852 1574 1068 1643 καινῆς
1112 1563 1519 1643 διαθήκηςνείς
1545 1563 1766 1648 ἀρε-σιν
1800 1563 2121 1647 αμαρτιῶν.

542 1648 713 1716 (Ιῦτος
742 1657 769 1708 6
792 1656 950 1725 λόγος
995 1660 1115 1712 ἀντὶ
1155 1660 1411 1733 ὑσσώπου
1452 1662 1529 1733 τῷ
1562 1663 1756 1732 αἵματι
1812 1662 2077 1731 ἐμϐαφεῖς
2105 1700 2120 1725 ,

542 1734 754 1799 πάντας
786 1755 850 1790 πε
862 1741 1149 1810 ριρραίνει.
1180 1744 1357 1798 Κάκεῖ
1376 1744 1475 1814 μὲν
1499 1744 1561 1797 τὸ
1590 1743 1749 1813 σῶμα
1768 1741 1969 1807 ἔξωθεν
1996 1744 2114 1795 ἐκαο

542 1818 763 1890 θαίρετο
790 1839 804 1854 ο
840 1827 1151 1894 σωματικὸς
1181 1827 1303 1897 ¹γὰρ
1325 1830 1352 1881 6
1381 1828 1725 1900 καθαρισμδς
1754 1824 1821 1899 ἦν
1846 1844 1861 1860 ο
1889 1826 2124 1881 ἐνταῦθα

541 1902 637 1965 δὲ..
654 1904 841 1975 ἐπειδὴ
874 1912 1242 1978 πνευματικός
1268 1912 1418 1965 ἐστιν
1442 1913 1470 1965 6
1498 1913 1864 1982 καθαρισμὸς,
1888 1913 1971 1975 εἰς
2022 1912 2122 1982 τὴν

539 1985 718 2066 ψυχὴν
740 1989 1069 2059 εἰσέρχεται,
1089 1994 1183 2046 καὶ
1207 1994 1481 2065 καθαίρει,
1501 1995 1599 2064 οὐχ
1624 1996 1813 2059 ἁπλῶς
1835 2013 1901 2048 πε
1912 1996 2124 2066 ριρραι-

539 2064 783 2138 νόμενος,
813 2073 949 2128 ἀλλά
996 2078 1261 2145 πηγάζων
1290 2080 1349 2130 ἐν
1376 2064 1495 2142 ταῖς
1539 2078 1840 2149 ἡμετέραις
1895 2064 2119 2148 ψυχαῖς.

542 2152 752 2213 Ἴσασιν
778 2158 825 2209 οί
850 2160 1200 2231 μεμυημένοι
1230 2162 1298 2215 τὸ.
1325 2162 1618 2234 λεγόμενα.
1676 2163 1785 2216 Καὶ
1835 2164 1922 2215 ἐπ’
1973 2162 2119 2214 ἐκεί-

536 2252 644 2297 νων
694 2239 793 2308 μὲν
838 2242 1013 2316 αὐτὴν
1066 2244 1165 2315 τὴν
1192 2245 1518 2315 ἐπιφάνειαν
1572 2244 1936 2318 έρραινε,καὶ
1958 2244 2121 2300 πάλιν

536 2321 864 2379 ἀπενίπτετο
888 2328 916 2380 6
945 2327 1336 2399 ῥαντιζόμενος
1354 2346 1369 2360 ·
1387 2330 1448 2382 οὐ
1475 2329 1584 2401 γὰρ
1601 2329 1666 2400 δὴ
1694 2330 2014 2402 ᾑμαγμένος
2035 2330 2121 2382 ἀεὶ

537 2406 784 2478 περιῄειο
813 2410 907 2463 ἐπὶ
931 2410 987 2464 δὲ
1007 2412 1107 2483 τῆς
1138 2413 1321 2483 ψυχῆς
1365 2413 1465 2484 οὐχ
1498 2411 1696 2481 οὑτως,
1723 2413 1839 2467 ἀλλ’
1882 2413 2021 2484 αὐτῇ
2050 2415 2119 2485 τῇ

536 2488 697 2560 οὐσία
727 2492 1096 2564 ἀναμίγνυται
1119 2496 1181 2549 τὸ
1210 2491 1373 2567 αἷμα,
1410 2497 1707 2568 ρωμαλέαν
1733 2496 1904 2567 αὐτὴν
1932 2497 2119 2551 ποιοῦν

534 2574 630 2628 καὶ
659 2574 855 2646 ἁγνὴν,
884 2579 981 2632 καὶ
1011 2579 1150 2651 πρὸς
1180 2581 1313 2641 αὐτὸ
1342 2580 1404 2634 τὸ
1431 2581 1717 2652 ἀμήχανον
1739 2580 1932 2643 κάλλος
1960 2582 2116 2650 ἆγον.

532 2656 785 2711 Δείκνυσι
801 2660 868 2732 δὴ
895 2660 1083 2715 λοιπὸν
1098 2662 1190 2717 τὸν
1211 2664 1444 2718 θάνατον
1472 2664 1532 2717 οὐ
1565 2664 1725 2735 μόνον
1752 2662 2115 2735 βεϐαιώσεως,

530 2740 672 2796 ἀλλά
717 2743 813 2809 καὶ
860 2746 1150 2817 καθαρμοῦ
1199 2748 1397 2803 αἴτιον.
1443 2747 1661 2819 Ἐπειδὴ
1704 2748 1865 2819 γὰρὴ
1894 2748 2117 2821 τελευτὴ

535 2827 735 2896 μιαρὸν
764 2832 997 2900 πρᾶγμα
1023 2832 1199 2886 ἐδόκει
1221 2827 1383 2896 εἶναι,
1404 2832 1500 2886 καὶ
1531 2832 1812 2904 μάλισταὴ
1839 2832 1927 2888 διὰ
1960 2850 2118 2888 σταυ-

534 2909 655 2981 ρόῦ,
686 2910 834 2982 λέγει
859 2915 943 2969 δτι
972 2915 1234 2987 ἐκάθαρε,
1267 2917 1364 2970 καὶ
1400 2916 1641 2988 ἐκάθαρε
1668 2915 1857 2987 τιμίαν
1909 2918 2118 2990 κάθαρο

532 3012 641 3063 σιν,
665 2998 759 3049 καὶ
785 2998 879 3051 ἐπὶ
915 2998 1128 3069 μείζοσι
1147 3015 1161 3029 θ
1189 3000 1279 3053 διὰ
1308 3001 1468 3055 τοῦτο
1494 3002 1551 3053 αί
1586 3002 2113 3074 θυσίαιπροὺλαϐον,

529 3078 692 3132 διὰτὸ
715 3074 856 3150 αἷμα
883 3081 1043 3136 τοῦτο
1062 3100 1076 3114 °
1102 3081 1192 3137 διά
1218 3083 1379 3137 τοῦτο
1405 3085 1696 3155 ἀμνοὶ,δώ
1708 3085 1871 3141 τοῦτο
1896 3087 2115 3141 ἅπαντα

529 3161 768 3235 ἐγένετο.
800 3164 1059 3235 Ἀνάγκη
1091 3161 1206 3221 οὖν
1223 3165 1297 3220 τὰ
1310 3168 1428 3237 μὲν
1454 3168 1863 3239 ὑποδείγματα
1900 3168 2019 3223 τῶν
2046 3170 2116 3223 ἐν

528 3245 657 3313 τοῖς
685 3247 967 3315 οὐρανοῖς
989 3250 1226 3315 τούτοις
1251 3250 1666 3320 καθαρίζεσθαι
1694 3269 1722 3305 νο
1754 3251 1909 3307 αὐτὰ
1945 3253 2014 3306 δὲ
2042 3254 2116 3308 τὰ

528 3330 861 3399 ἐπουράνια
878 3333 1177 3402 κρείττοσι
1191 3335 1425 3399 θυσίαις
1439 3335 1599 3406 παρὰ
1612 3337 1853 3404 ταύτας.
1867 3338 1977 3391 Καὶ
1995 3337 2113 3400 πῶς

530 3413 681 3468 ἐστιν
695 3416 1070 3488 ὑποδείγματα
1092 3417 1201 3472 τῶν
1219 3420 1399 3483 ἐντοῖς
1424 3420 1674 3490 οὐρανοῖς
1693 3437 1709 3488 ;
1729 3420 1852 3475 τίνα
1877 3422 1935 3475 δέ
1957 3421 2115 3475 καλεῖ

529 3499 598 3553 τὰ
612 3500 669 3553 ἐν
684 3502 797 3563 τοῖς
807 3501 1057 3573 οὐρανοῖς
1074 3502 1170 3559 νῦν
1186 3522 1201 3573 ;
1223 3499 1332 3575 ἆρα
1350 3506 1442 3560 τὸν
1454 3505 1683 3574 οὐρανόν
1700 3524 1715 3574 ;
1734 3505 1870 3559 ἀλλά
1878 3508 2008 3571 τούς
2022 3509 2115 3577 ἀγ-

530 3583 755 3653 γέλους;
780 3585 946 3641 Οὐδὲν
958 3588 1187 3656 τούτων,
1207 3589 1427 3643 ἀλλάτά
1452 3591 1723 3662 ἡμέτερα.
1759 3592 1904 3662 Ἀρα
1919 3594 1976 3646 ἐν
1999 3596 2113 3658 τοῖς

529 3671 782 3739 οὐρανοῖς
810 3672 881 3724 τά
909 3672 1176 3743 ἡμέτερα,
1214 3674 1311 3729 καὶ
1373 3675 1699 3748 ἐπουράνια,
1735 3675 1836 3730 κᾶν
1865 3678 1922 3731 ἐν
1946 3681 2012 3749 τῇ
2040 3681 2111 3749 γῇ

528 3755 863 3827 ἐπιτελῆται.
902 3757 1056 3811 Ἐπεὶ
1093 3759 1189 3812 καὶ
1220 3758 1442 3828 ἄγγελοι
1472 3760 1529 3814 ἐν
1554 3762 1619 3830 τῇ
1649 3762 1718 3832 γῇ
1752 3762 1889 3813 εἰσιν
1920 3801 1935 3825 ,
1995 3760 2114 3816 ἀλλ’

528 3839 841 3910 ἐπουράνιοι
866 3840 1118 3910 λέγονται
1144 3860 1157 3874 ·
1191 3842 1287 3896 καὶ
1315 3843 1385 3898 τά
1416 3844 1703 3915 Χερουϐὶμ
1736 3844 1829 3897 ἐπὶ
1858 3844 1958 3915 τῆς
2008 3846 2113 3916 γῆς

528 3923 726 3995 ἐφάνη,
763 3924 879 3978 ἀλλ’
914 3927 1218 3995 ἐπουράνιά
1242 3928 1381 3982 ἐστι.
1403 3929 1515 3982 Καὶ
1540 3928 1592 3982 τί
1607 3927 1752 3998 λέγω
1777 3929 1952 3999 ἐφάνη
1977 3947 1992 3995 ;
2017 3932 2112 3985 ἐπὶ

525 4006 626 4074 τῆς
649 4008 752 4079 γῆς
780 4009 880 4078 μὲν
906 4006 1001 4063 οὖν
1024 4009 1224 4079 διάγει,
1247 4009 1438 4083 ὥσπερ
1458 4005 1553 4065 οὖν
1583 4013 1641 4066 ἐν
1672 4011 1752 4082 τῷ
1771 4013 2107 4086 παραδείσῳ.

540 4090 682 4161 Ἀλλ’
706 4091 860 4166 οὐδὲν
876 4093 1121 4156 ἐκώλυσε
1151 4093 1334 4150 τοῦτο’
1356 4096 1658 4167 ἐπουρανία
1689 4096 1798 4168 γὰρ
1822 4098 1917 4152 καὶ
1934 4097 2111 4162 οὑτως

526 4173 662 4229 ἐστί.
699 4176 809 4229 Καί
842 4175 1015 4247 ἡμῶν
1039 4178 1109 4232 τὸ
1142 4179 1478 4249 πολίτευμά
1511 4181 1684 4235 ἐστιν
1711 4181 1781 4234 ἐν
1804 4181 2107 4250 οὐρανοῖς,

526 4261 704 4314 καίτοι
725 4262 963 4317 ἐνταῦθα
980 4262 1396 4336 πολιτευόμεθα.
1411 4267 1575 4321 Αὺτὰ
1585 4264 1654 4319 δὲ
1670 4265 1740 4318 τὰ
1754 4265 2103 4333 ἐπουράνια*

523 4345 793 4411 τουτέστι,
832 4345 932 4418 τὴν
962 4347 1285 4417 φιλοσοφίαν
1314 4348 1415 4420 τὴν
1444 4350 1576 4420 παρ’
1610 4350 1766 4421 ἡμῖν,
1798 4350 1927 4412 τοὺς
1990 4351 2110 4403 ἐκεῖ

525 4428 899 4500 κεκλημένους
918 4443 969 4505 ι.
989 4432 1300 4503 Κρείττοσι
1325 4434 1567 4500 θυσίαις
1590 4432 1753 4500 παρὰ
1777 4434 2019 4498 ταύτας.
2036 4433 2109 4486 Τὸ

528 4514 779 4583 κρεῖττον
808 4514 975 4572 καλοῦ
997 4516 1142 4580 τινός
1171 4518 1559 4589 ἐστικρεῖττον
1582 4533 1594 4545 ·
1627 4516 1740 4587 ἀρα
1770 4515 1913 4569 καλά
1946 4515 2105 4583 γεγό-

527 4613 676 4661 νασι,
702 4598 797 4651 καὶ
827 4596 899 4652 τὰ
924 4599 1303 4671 ὑποδείγματα
1336 4601 1446 4653 τῶν
1469 4602 1528 4653 ὲν
1549 4602 1663 4663 τοῖς
1695 4600 1969 4670 οὐρανοῖς.
1994 4601 2110 4653 Οὐκ

528 4679 596 4735 ἂν
624 4681 734 4753 γὰρ
786 4683 909 4738 οὐδὲ
937 4683 1009 4737 τὰ
1057 4684 1434 4755 ὑποδείγματα
1495 4684 1709 4755 πονηρά
1736 4679 1825 4753 ἦν,
1864 4683 1987 4748 ἐπεὶ
2006 4684 2107 4737 κά-

528 4766 683 4820 κεῖνα
714 4766 780 4822 ἄν
811 4768 898 4839 εῖη
928 4769 1143 4843 πανηρά
1163 4764 1240 4824 ὧν
1272 4770 1422 4841 ἐστιν
1448 4769 1841 4840 ὑποδείγματα.

600 4942 754 5017 [161]
776 4951 846 5013 γ’.
869 4945 1132 5000 Είτοίνυν
1167 4946 1482 5018 ἐπουράνιοι
1518 4949 1701 5017 ἡμεῖς,
1724 4949 1821 5003 καὶ
1847 4951 2104 5023 τοιαύτης

526 5029 720 5093 οὐσίας
767 5028 1056 5101 ἐτύχομεν,
1094 5030 1380 5102 φρίξωμεν
1399 5049 1413 5062 ·
1451 5032 1647 5102 μηκέτι
1674 5034 1926 5105 μένωμεν
1948 5038 2005 5092 ἐν
2032 5041 2099 5109 τῇ

529 5114 623 5185 γῇο
639 5112 820 5180 ἔξεστι
842 5114 950 5185 γάρ
977 5116 1053 5186 μὴ
1079 5112 1221 5169 εἶναι
1242 5116 1300 5169 ἐν
1320 5118 1386 5187 τῇ
1407 5120 1478 5188 γῇ
1496 5117 1590 5171 καὶ
1612 5116 1707 5172 νῦν
1728 5119 1819 5173 τὸν
1841 5120 2103 5193 βουλόμε-

527 5214 639 5252 νον.
667 5196 741 5249 T6
763 5197 872 5267 γάρ
901 5193 1042 5266 εἶναι
1074 5198 1132 5251 ἐν
1149 5201 1216 5269 τῇ
1243 5202 1314 5271 γῇ
1349 5200 1444 5253 καὶ
1469 5199 1543 5271 μὴ
1572 5196 1731 5267 εἶναι,
1784 5205 1972 5277 τρόπῳ
2007 5206 2105 5260 καὶ

529 5279 852 5351 προαιρέσει
884 5279 1094 5348 γίνεται
1130 5297 1144 5310 ·
1180 5276 1292 5335 οἶόν
1320 5300 1372 5337 τι
1418 5282 1563 5351 λέγω
1587 5299 1601 5312 ’
1636 5284 1696 5337 '0
1721 5284 1854 5351 Θεὸς
1883 5287 2102 5357 λέγεται

527 5360 668 5419 εἶναι
695 5364 755 5416 ἐν
784 5360 861 5433 τῷ
884 5364 1099 5435 οὐρανῷ
1126 5382 1141 5398 ο
1166 5364 1256 5419 διὰ
1280 5366 1334 5442 τί
1359 5367 1453 5431 ;οὐ
1484 5368 1633 5439 τόπῳ
1659 5368 2102 5442 ἀποκλειόμενος,

534 5446 609 5516 μὴ
637 5447 873 5515 γένοιτο,
906 5447 1029 5501 οὐδὲ
1050 5448 1147 5520 τὴν
1176 5453 1278 5522 γῆν
1306 5450 1514 5521 ἔρημον
1541 5451 1640 5521 τῆς
1672 5453 1837 5508 αὐτοῦ
1894 5472 2105 5526 παρουο

531 5529 655 5592 σίας
684 5528 867 5597 ἀφεὶς,
898 5530 1036 5585 ἀλλά
1060 5535 1125 5605 τῇ
1146 5536 1328 5605 σχέσει
1357 5534 1450 5588 καὶ
1472 5538 1538 5607 τῇ
1569 5537 1843 5593 οἰκειώσει
1874 5543 1935 5611 τῇ
1967 5541 2100 5611 πρὶς

595 5689 620 5717 ³
645 5687 753 5744 Τοῖς
780 5689 1169 5755 ἐκκεκλημένοιςῖ)

1293 282 1352 339 ὅ.
1384 281 1671 338 ,ΙΟΑΝΝίὸ
1699 277 2192 339 ειιιιῑεοετοω
2224 278 2547 340 ABCHIEP.
2590 284 3140 347 CONSTANTINOP.

3706 302 3796 357 ΓΞίί

2240 402 2397 493 τούςμ
2433 405 2718 493 ἀγγέλους.
2750 410 2847 463 Ἂν
2873 410 3053 464 τοίνυν
3088 412 3181 466 καὶ
3226 412 3389 482 ἡμεῖς
3448 414 3611 483 ἐγγὺς
3662 413 3799 493 ὦμεν

2235 487 2329 540 τοῦ
2363 490 2521 554 Θεοῦ,
2552 494 2610 546 ἐν
2637 494 2856 565 οὐρανῷ
2914 496 3103 565 ἐσμεν.
3137 496 3203 548 Τί
3231 497 3341 566 γάρ
3392 514 3484 566 μοι
3530 502 3674 570 μέλει
3711 487 3798 563 τοι)

2233 571 2487 642 οὐρανοῦ,
2509 577 2640 630 ὅταν
2666 577 2780 645 δρῶ
2815 577 2908 631 τὸν
2938 578 3218 648 Δεσπότην
3250 578 3345 631 τοῦ
3374 582 3625 653 οὐρανοῦ,
3679 590 3798 645 ὅταν

2234 656 2397 742 αὐτὸς
2425 659 2658 730 οὐρανὸς
2685 662 2934 730 γένωμαι
2957 679 2972 727 ;
3017 661 3419 731 Ἐλευσόμεθα
3445 665 3553 737 γὰρ
3572 710 3586 732 ,
3616 674 3797 742 φησὶν,

2231 736 2347 806 ἐγὼ
2371 741 2466 795 καί
2499 745 2531 795 ό
2554 744 2757 811 Πατήρ
2788 761 2927 825 μοιρ
2946 743 3045 797 καὶ
3071 744 3268 812 μονὴν
3298 748 3433 814 παρ’
3458 736 3798 825 αὐτῷήποιήέ

2231 834 2439 906 σομεν.
2488 825 2816 898 Ποιήσωμεν
2861 822 2956 880 οὖν
2999 828 3159 898 ἡμῶν
3205 828 3305 900 τὴν
3342 830 3520 901 ψυχὴν
3561 822 3797 906 οὐρανόν.

2230 905 2487 993 Φαιδρόςῌ
2515 909 2660 963 ἐστιν
2680 912 2709 963 ὁ
2739 910 2970 981 οὐρανὸς
3007 914 3074 984 τῇ
3099 911 3290 980 φύσει·
3314 914 3439 969 οὐδὲ
3477 915 3585 988 γὰρ
3617 905 3672 973 ἐν
3694 940 3798 993 χει-

2233 986 2371 1077 μῶνι
2404 990 2597 1077 μέλας
2620 993 2832 1061 γίνεται
2860 1009 2875 1024 ο
2907 994 2968 1047 οὐ
2991 994 3101 1065 γάρ
3136 995 3299 1060 αὐτὸς
3338 986 3660 1067 μεταϐάλλει
3694 986 3801 1077 ’τὴν

2228 1068 2373 1138 δψιν,
2404 1072 2523 1126 ἀλλ’
2549 1076 2605 1128 αἱ
2632 1077 2859 1146 νεφέλαι
2880 1078 3289 1150 συνδραμοῦσαι
3330 1080 3691 1139 καλύπτουσιν
3708 1068 3799 1142 αὐ.

2419 1154 2478 1240 Ὦ
2536 1159 2768 1230 οὐρανὸς
2823 1161 2975 1233 ἣλιον
3040 1161 3154 1233 ἔχει
3187 1178 3202 1194 ·
3258 1163 3455 1233 ἔχομεν
3518 1169 3611 1219 καὶ
3650 1171 3803 1240 ἡμεῖς

2227 1236 2380 1306 ἥλιον
2433 1239 2805 1314 δικαιοσύνης.
2868 1241 3037 1299 Εἶπον
3070 1283 3086 1308 ,
3149 1246 3370 1313 Ἔξεστι
3416 1236 3702 1316 γενέσθαί
3732 1254 3805 1316 ὡς

2228 1321 2494 1391 οὐρανόν·
2544 1327 2643 1381 καὶ
2687 1328 2800 1400 ὁρῶ
2848 1328 2931 1382 ὅτι
2994 1330 3089 1382 καλ⁸
3130 1329 3380 1397 βελτίονα
3434 1332 3688 1400 γενέσθαι
3716 1337 3802 1389 τοῦ

2228 1411 2465 1482 οὐρανοῦ
2526 1409 2956 1477 Ξξεστι.,Πῶς;
3017 1411 3190 1466 Ὅταν
3238 1412 3329 1467 τὸν
3384 1414 3665 1486 Δεσπότην
3715 1418 3803 1473 τοῦ

2227 1494 2378 1565 ἡλίου
2436 1495 2673 1566 ἔχωμεν.
2727 1494 2787 1547 '0
2848 1494 3080 1566 οὐρανὸς
3145 1495 3412 1549 πάντοθεν
3472 1500 3591 1552 ἐστι
3640 1500 3805 1556 καθα·

2229 1576 2321 1645 ρος
2384 1578 2481 1631 καὶ
2543 1576 2923 1646 ἀκηλίδωτος,
2986 1578 3088 1630 οὐκ
3143 1580 3202 1633 ἐν
3257 1579 3532 1649 χειμῶνι,
3594 1583 3692 1636 οὐκ
3753 1584 3807 1637 ἐν

2224 1662 2381 1715 νυκτὶ
2410 1660 2811 1729 μεταϐάλλεται
2837 1678 2853 1693 ο
2889 1660 2964 1730 μὴ
2983 1660 3167 1714 τοίνυν
3211 1661 3345 1732 μηδὲ
3372 1663 3538 1734 ἡμεῖς
3591 1670 3727 1735 μήτε
3752 1667 3807 1720 ἐν

2224 1748 2344 1808 ταῖς
2371 1744 2607 1813 θλίψεσι,
2645 1744 2784 1815 μήτε
2808 1745 2866 1799 ἐν
2898 1747 3020 1807 ταῖς
3050 1744 3362 1813 μεθοδείαις
3408 1746 3505 1799 τοῦ
3565 1747 3806 1803 διαϐόλου

2222 1827 2382 1881 τοῦτο
2419 1829 2742 1899 πάσχωμεν,
2770 1827 2910 1881 ἀλλά
2937 1828 3191 1899 μένωμεν
3215 1828 3543 1898 ἀκηλιδωτοι
3583 1832 3679 1885 καὶ
3711 1849 3807 1885 κα-

2223 1911 2403 1982 θαροί.
2442 1912 2500 1965 Ὀ
2529 1912 2761 1983 οὐρανός
2791 1914 2942 1965 ἐστιν
2992 1912 3217 1982 ὑψηλὸς,
3244 1914 3341 1967 καὶ
3370 1912 3513 1966 πολὺ
3555 1914 3656 1984 τῆς
3708 1916 3806 1985 γῆς

2222 1995 2473 2066 ἀπέχων·
2509 1994 2667 2047 τοῦτο
2696 1995 2791 2047 καὶ
2830 1996 2990 2066 ἡμεῖς
3026 1997 3365 2067 ποιήσωμεν,
3413 1998 3809 2068 ἀποστὴσωμεν

2221 2078 2450 2140 ἑαυτοὺς
2477 2078 2576 2148 τῆς
2614 2079 2736 2148 γῆς,
2765 2079 2859 2131 καὶ
2886 2079 3022 2149 πρὸς
3057 2079 3118 2133 τὸ
3144 2078 3278 2149 ὕψος
3321 2079 3589 2152 ἀρθῶμεν
3615 2081 3805 2135 ἐκεῖνο.

2220 2160 2332 2213 Καὶ
2372 2160 2473 2214 ποῦ
2521 2160 2622 2231 τῆς
2642 2161 2746 2230 γῆς
2798 2162 3027 2227 ἑαυτοὺς
3060 2163 3505 2233 άποστήσωμεν;
3544 2163 3711 2218 Ὅταν
3747 2164 3810 2217 τὰ

2218 2245 2444 2313 οὐράνια
2465 2243 2886 2314 φανταζώμεθα.
2931 2245 2988 2299 '0
3020 2244 3250 2316 οὐρανὸς
3270 2246 3442 2299 ἀνώτε
3458 2246 3552 2318 ρός
3582 2248 3698 2301 ἐστι
3723 2247 3811 2300 καὶ⁸

2219 2328 2391 2382 ὑετῶν
2441 2330 2537 2383 καὶ
2581 2327 2885 2400 χειμώνων,
2934 2329 3030 2383 καὶ
3076 2328 3169 2382 ὑπ’
3223 2328 3440 2391 οὐδενὸς
3497 2330 3808 2385 ἁλίσκεταιο

2216 2411 2376 2466 τοῦτο
2401 2413 2495 2467 καὶ
2526 2415 2688 2483 ἡμεῖς
2718 2411 3080 2483 δυνησόμεθα,
3116 2411 3211 2465 ἐὰν
3234 2411 3509 2484 θέλωμεν.
3544 2406 3711 2478 Οὗτος
3733 2414 3812 2467 6o-

2217 2499 2306 2550 κεῖ
2351 2496 2471 2568 μὲν,
2500 2497 2562 2550 οὐ
2596 2495 2778 2567 μέντοι
2821 2496 3053 2566 πάσχει⁶
3092 2495 3172 2566 μὴ
3228 2497 3415 2550 τοίνυν
3465 2497 3603 2568 μηδὲ
3636 2498 3806 2569 ἡμεῖς,

2217 2579 2320 2634 κᾶν
2350 2579 2596 2651 δοκῶμεν
2625 2579 2876 2649 πάσχειν,
2920 2579 3243 2650 πάσχωμεν.
3274 2580 3492 2651 Ὠσπερ
3520 2579 3632 2651 γάρ
3654 2582 3709 2635 ἐν
3735 2579 3810 2650 τῷ

2217 2664 2446 2735 χειμῶνι
2499 2665 2547 2717 οί
2589 2662 2689 2734 μὲν
2723 2662 2909 2716 πολλοὶ
2939 2661 3000 2715 τὸ
3031 2661 3229 2726 κάλλος
3261 2662 3434 2716 αὐτοῦ
3473 2664 3577 2716 οὐκ
3615 2663 3807 2728 ἴσασιν,

2216 2747 2352 2801 ἀλλά
2374 2746 2683 2817 νομίζουσιν
2718 2746 2882 2799 αὐτὸν
2910 2744 3234 2816 τρέπεσθαι,
3263 2748 3313 2799 οί
3344 2745 3404 2798 δὲ
3457 2746 3813 2817 φιλοσοφοῦν-

2215 2848 2306 2893 τες
2332 2830 2512 2883 τσασιν
2543 2831 2625 2883 ὅτι
2656 2828 2807 2884 οὐδὲν
2833 2828 3037 2883 ἔπαθεν
3059 2845 3074 2863 ν
3106 2828 3249 2881 οὐτω
3271 2828 3364 2881 καὶ
3404 2830 3539 2902 περὶ
3571 2830 3731 2901 ἡμῶν
3756 2830 3812 2882 ἐν

2212 2916 2333 2977 ταῖς
2367 2913 2630 2982 θλίψεσιν,
2659 2912 2709 2965 οί
2742 2912 2840 2983 μὲν
2891 2911 3082 2965 πολλοὶ
3118 2911 3439 2986 νομίζουσιν
3468 2913 3622 2982 ἡμᾶς
3679 2928 3813 2981 συμ-

2215 2996 2677 3068 μεταϐεϐλῆσθαι,
2710 2996 2803 3049 καὶ
2839 2996 3013 3065 αὐτῆς
3043 2993 3202 3067 ἡμῶν
3240 2989 3419 3067 ἧφθαι
3448 2996 3553 3067 τῆς
3587 2995 3809 3066 καρδίας

2211 3081 2312 3153 τὴν
2362 3080 2572 3151 θλῖψιν·
2603 3082 2652 3136 οί
2688 3080 2745 3135 δὲ
2800 3080 3082 3151 φιλόσοφοι
3136 3079 3315 3134 ῖσασιν
3362 3082 3453 3136 ὅτι
3508 3082 3612 3153 οὐχ
3636 3080 3808 3153 ἥψατο

2210 3164 2390 3234 ἡμῶν.
2422 3163 2715 3235 Γενώμεθα
2746 3164 2928 3218 τοίνυν
2976 3163 3230 3235 οὐρανὸς,
3262 3163 3594 3234 ἀνέλθωμεν
3645 3166 3725 3227 εἰς
3759 3162 3818 3217 τδ

2214 3246 2344 3318 ὕψος
2360 3248 2557 3312 ἐκεῖνο,
2590 3247 2685 3301 καὶ
2707 3247 2880 3312 οὕτως
2897 3246 3142 3318 ὀψόμεθα
3165 3248 3293 3311 τοὺς
3320 3247 3662 3320 ἀνθρώπους
3696 3262 3821 3319 μυρ-

2213 3333 2406 3402 μήκων
2434 3331 2585 3384 οὐδὲν
2606 3330 2962 3401 διαφέροντας
2981 3348 2995 3361 ·
3035 3330 3097 3383 οὐ
3124 3329 3253 3393 τοὺς
3282 3329 3539 3402 πένητας
3556 3330 3704 3399 λέγω
3731 3328 3823 3401 μό-

2210 3432 2320 3476 νον,
2337 3413 2489 3487 [162]
2510 3414 2631 3468 οὐδέ
2650 3415 2777 3477 τοὺς
2792 3412 3103 3478 πλουσίους,
3119 3412 3258 3467 ἀλλά
3279 3413 3385 3467 κᾶν
3419 3413 3730 3486 στρατηγός
3746 3429 3824 3471 τις

2210 3492 2265 3572 ᾖ,
2294 3497 2396 3551 κᾶν
2427 3497 2702 3566 βασιλεὺς,
2736 3496 2835 3550 οὐκ
2871 3496 3116 3566 ὀψόμεθα
3150 3495 3270 3549 ἐκεῖ
3288 3499 3379 3548 τὸν
3415 3497 3676 3567 βασιλέα,
3712 3496 3827 3549 οὐδὲ

2210 3580 2301 3633 τὸν
2330 3579 2544 3651 ἰδιώτην
2566 3598 2580 3611 ·
2615 3580 2716 3633 οὐκ
2765 3578 3028 3650 εἰσόμεθα
3050 3580 3105 3632 τί
3139 3577 3240 3650 μὲν
3282 3581 3517 3649 χρυσὸς,
3545 3581 3601 3634 τί
3642 3580 3698 3633 δὲ
3726 3579 3825 3647 ἄρ-

2210 3681 2397 3735 γυρος,
2444 3665 2498 3717 τί
2526 3663 2582 3718 δὲ
2634 3665 2846 3734 ίμάτιον
2875 3662 3123 3735 σηρικὸν,
3156 3663 3190 3732 ἢ
3246 3665 3578 3736 πορφυροῦν
3602 3682 3614 3696 ·
3648 3665 3822 3720 πάντα

2211 3745 2399 3819 ῶσπερ
2432 3747 2596 3817 μυίας
2632 3747 2896 3818 ὀψόμεθα,
2926 3747 3023 3801 ἐὰν
3055 3747 3115 3798 ἐν
3153 3746 3351 3818 ἐκείνῳ
3396 3746 3479 3818 τῷ
3518 3747 3648 3817 ὕψει
3687 3745 3815 3800 καθ-

2213 3828 2451 3899 ίσωμεν’
2489 3830 2667 3895 οὐδεὶς
2714 3829 2941 3903 θόρυϐος
2989 3829 3125 3895 ἐκεῖ,
3148 3829 3383 3899 οὐδεμία
3424 3832 3672 3903 ταραχὴ.
3704 3828 3820 3884 οὐδέ

2210 3914 2448 3985 κραυγή.
2498 3914 2609 3966 Καὶ
2635 3914 2755 3977 πῶς
2788 3913 2888 3975 ἐνι,
2924 3914 3111 3984 φησὶν,
3143 3913 3225 3976 είς
3251 3913 3439 3968 ἐκεῖνο
3470 3914 3717 3985 ἀρθῆναι
3758 3912 3821 3964 τὸ

2211 3994 2362 4066 ὕψος,
2388 3996 2481 4049 ἐπὶ
2506 3998 2605 4068 τῆς
2627 3997 2734 4068 γῆς
2761 3995 3171 4069 περιπατοῦντα
3193 4011 3207 4061 ;
3232 3995 3398 4068 Λόγῳ
3438 3997 3549 4068 μὲν
3584 3999 3650 4050 οὐ
3680 3995 3820 4063 λέγω

2207 4078 2366 4134 τοῦτο
2393 4080 2580 4146 ἁπλῶς
2608 4098 2622 4113 ο
2642 4081 2758 4135 ἀλλ’
2808 4082 2858 4133 εί
2883 4080 3084 4151 βούλει,
3116 4079 3228 4149 ἐγώ
3259 4096 3341 4133 σοι
3363 4081 3636 4153 δείκνυμι
3674 4080 3821 4153 ἔργῳ

2206 4165 2334 4228 τοὺς
2351 4165 2432 4228 είς
2448 4163 2507 4217 τὸ
2525 4163 2658 4234 ὕψος
2682 4166 2858 4219 ἐκεῖνο
2888 4164 3222 4234 φθάσαντας.
3260 4163 3435 4229 Τίνας
3454 4164 3524 4237 δὴ
3554 4165 3784 4226 τούτους
3805 4178 3821 4227 ;

2208 4247 2349 4310 Τοὺς
2376 4247 2503 4319 περὶ
2535 4248 2746 4302 Παῦλον
2774 4247 2953 4315 λέγω,
2988 4248 3185 4310 οἵτινες
3203 4249 3262 4301 ἐν
3287 4249 3357 4318 τῇ
3396 4251 3473 4319 γῇ
3537 4248 3717 4312 ὄντες,
3770 4247 3826 4299 ἐν

2208 4331 2287 4401 τῷ
2333 4331 2548 4404 οὐρανῷ
2598 4331 2886 4403 διέτριϐον.
2914 4332 3026 4387 Καὶ
3086 4332 3137 4385 τί
3159 4332 3303 4400 λέγω
3333 4334 3398 4384 ἐν
3441 4331 3527 4403 τῷ
3561 4330 3823 4402 οὐρανῷ;

2211 4414 2531 4485 ὑψηλότεροι
2574 4410 2714 4487 ἦσαν
2762 4415 2856 4469 τοῦ
2901 4413 3159 4485 οὐρανοῦ,
3188 4414 3284 4469 καὶ
3324 4413 3430 4468 τοῦ
3468 4414 3640 4468 ἄλλου
3675 4414 3703 4454 ιι
3740 4413 3829 4465 οὐ-

2212 4496 2395 4569 ρανοῦ,
2450 4499 2545 4550 καὶ
2585 4498 2719 4570 πρὸς
2753 4497 2915 4552 αὑτὸν
2950 4497 3184 4567 ἀνῆλθον
3229 4497 3322 4551 τὸν
3370 4497 3539 4553 Θεόν.
3574 4499 3676 4563 Τίς
3720 4496 3830 4566 γὰρ

2208 4583 2367 4654 ἡμᾶς
2395 4585 2663 4655 χωρίσει,
2699 4585 2888 4657 φησὶν,
2921 4585 3039 4640 ἀπὸ
3075 4584 3189 4655 τῆς
3218 4585 3471 4654 ἀγάπης
3516 4586 3632 4641 τοῦ
3690 4586 3825 4653 Χρι-

2205 4669 2394 4734 στοῦ;
2427 4668 2651 4739 θλῖψις,
2681 4669 2719 4739 ἢ
2740 4670 3129 4740 στενοχωρία,
3152 4668 3191 4738 ἢ
3208 4668 3461 4750 λιμὸς,ἢ
3489 4668 3769 4740 διωγμὸς,
3793 4665 3828 4734 ἢ

2204 4753 2525 4823 γυμνότης,
2556 4753 2595 4823 ἣ
2623 4754 2930 4821 κίνδυνος,
2956 4752 2994 4822 ἢ
3025 4752 3293 4822 μάχαιρα
3319 4770 3339 4818 ;
3380 4754 3486 4807 καὶ.
3511 4752 3703 4817 πάλιν,
3733 4750 3829 4817 Μὴ

2204 4836 2602 4893 σκοπούντων
2648 4836 2819 4904 ἡμῶν
2849 4837 2919 4891 τὰ
2970 4836 3353 4903 βλεπόμενα,
3404 4835 3587 4891 ἀλλὰ
3638 4836 3715 4889 τὰ
3742 4832 3829 4903 μὴ

2200 4920 2572 4989 βλεπόμενα.
2620 4919 2785 4992 Ὁρᾷς
2825 4920 2906 4973 ὅτι
2935 4919 3055 4973 οὐδὲ
3089 4918 3237 4992 ἐώρα
3260 4918 3334 4974 τά
3373 4919 3667 4983 ἐνταῦθα;
3714 4918 3832 4970 Ἵνα

2203 5002 2262 5057 δέ
2298 5020 2381 5057 σοι
2416 5001 2578 5069 δείξω
2608 5003 2689 5056 ὅτι
2729 5002 2837 5056 τῶν
2883 5001 3131 5074 οὐρανῶν
3178 5000 3468 5074 ἀνώτερος
3510 4996 3604 5073 ἦν,
3662 5000 3855 5055 ἄκουε.

2204 5086 2369 5141 αὐτοῦ
2391 5087 2640 5156 λέγοντος
2664 5104 2677 5118 ·
2715 5086 3045 5155 Πέπεισμαι
3069 5085 3178 5156 γὰρ
3214 5085 3304 5139 ὅτι
3354 5085 3509 5141 οὔτε
3565 5084 3831 5148 θάνατος

2202 5172 2344 5225 οὔτε
2377 5170 2513 5238 ζωὴ.
2541 5171 2679 5224 οὔτε
2738 5169 3040 5224 ἐνεστῶτα
3085 5171 3225 5224 οὔτε
3269 5169 3627 5238 μέλλοντα,
3693 5166 3831 5223 οὔτε

2204 5254 2422 5323 ὕψωμα
2468 5255 2608 5308 οὔτε
2634 5252 2850 5320 βάθος,
2914 5255 3053 5308 οὔτε
3090 5271 3181 5320 τις
3218 5253 3430 5320 κτίσις
3486 5253 3671 5321 ἑτέρα
3722 5250 3830 5304 δυ-

2203 5337 2452 5405 νήσεται
2480 5338 2636 5408 ἡμᾶς
2666 5340 2913 5408 χωρίσαι
2941 5339 3062 5394 ἀπὸ
3107 5336 3220 5407 τῆς
3248 5336 3508 5407 ἀγάπης
3538 5336 3655 5391 τοῦ
3698 5336 3829 5404 Χρι-

2205 5438 2374 5477 στου.

2292 5506 2452 5576 Ὁρᾷς
2484 5506 2600 5568 πῶς
2626 5506 2802 5559 πάντα
2842 5503 3219 5577 παραδραμὼν
3257 5504 3285 5555 6
3337 5504 3643 5574 λογισμὸς,
3677 5501 3821 5557 ἀνώ-

2209 5605 2363 5657 τερον
2392 5586 2553 5640 αὐτδν
2582 5589 2856 5659 ἐποίησεν,
2888 5590 2947 5640 οὐ
2976 5587 3178 5658 ταύτης
3217 5586 3383 5659 μόνον
3431 5588 3539 5661 τῆς
3567 5587 3821 5647 κτίσεως,

2275 5698 2302 5756 ξ’
2331 5698 2421 5746 Καὶ
2444 5696 2524 5747 τοῦ
2548 5694 2737 5757 τρίτουΫ
