4172 6462
595 317 686 376 ΙὲῚ

600 424 686 467 tur
715 414 870 471 nobis
894 429 1015 472 esse
1038 413 1175 473 adeo
1200 417 1488 487 horrenda,
1524 433 1580 478 ut
1617 441 1685 479 ne
1710 426 1934 483 velimus
1960 429 2177 499 quidem

597 519 861 577 spectare,
881 509 975 564 sed
1001 511 1298 577 timeamus,
1320 523 1375 568 et
1398 514 1465 568 ad
1487 516 1656 585 ipsum
1673 530 1946 588 aspectum
1968 531 2178 578 contre-

600 599 933 654 miscamus?
960 601 1095 669 Quid
1127 614 1305 658 autem
1330 615 1433 671 est,
1466 608 1550 662 dic
1579 610 1733 678 mihi,
1762 614 1977 682 gravius
2005 615 2176 669 etdif-

601 689 791 742 [icilius
821 706 977 756 quam
1003 693 1052 745 in
1085 692 1220 747 facie
1248 706 1466 750 contum
1489 701 1794 770 suscipere;
1825 702 2020 759 deinde
2052 722 2179 775 puc-

598 797 713 833 rum
746 783 792 834 ei
820 783 1124 850 impositum
1167 785 1350 841 ludere
1374 787 1802 859 innumerabilia,
1832 804 1886 849 et
1908 797 2178 853 oblectare

596 873 965 939 spectatores?
992 876 1118 941 quid
1149 878 1365 945 gravius
1388 890 1443 934 et
1467 882 1742 940 difﬁcilius"
1764 903 1922 956 quant
1952 890 2003 944 in
2029 893 2175 946 ensi-

598 962 694 1014 lms
721 962 928 1030 spina-ra
954 964 1182 1021 ludere?
1208 969 1335 1037 quid
1358 980 1461 1035 est,
1489 971 1575 1026 die
1598 975 1750 1039 mihi,
1777 980 1994 1047 gravius
2019 997 2174 1050 quam

593 1054 822 1107 scrutari
851 1054 1179 1122 profundum
1212 1060 1414 1114 maris?
1442 1062 1513 1116 Et
1535 1064 1667 1119 alias
1699 1078 1843 1122 artes
1868 1069 2175 1125 innumera-

593 1144 727 1197 biles
751 1147 987 1212 pulueris
1007 1148 1188 1203 dicere
1217 1166 1231 1202 :
1260 1151 1354 1204 sed
1384 1151 1467 1206 his
1487 1156 1736 1211 omnibus
1752 1167 1836 1212 est
1862 1162 2031 1216 virtus
2052 1161 2178 1216 faci-

594 1236 716 1299 lior,
737 1234 781 1288 si
805 1235 1049 1301 velimus,
1072 1247 1127 1292 et
1147 1243 1455 1296 ascensioin
1472 1245 1662 1300 omium
1689 1265 1702 1299 :
1734 1247 1817 1302 hic
1841 1251 1983 1304 enim
2003 1252 2174 1306 solum

605 1331 825 1387 oportet
851 1323 990 1378 velle
1032 1332 1086 1378 et
1113 1326 1295 1381 omnia
1336 1341 1649 1397 sequuntur.
1679 1330 1794 1385 Non
1830 1333 1955 1389 licet
1993 1335 2194 1401 dicere,

603 1410 717 1464 Non
755 1425 971 1480 possunt
996 1429 1010 1477 ;
1058 1414 1107 1468 id
1139 1424 1224 1468 est
1263 1431 1516 1473 accusare
1545 1417 1802 1488 Opiﬁcem
1832 1440 1848 1476 :
1878 1439 1997 1477 nam
2026 1425 2071 1480 si
2099 1442 2198 1481 nos

604 1501 726 1554 fecit
758 1502 1053 1557 imbecillos
1096 1515 1151 1560 et
1178 1506 1379 1573 iubeat,
1414 1508 1581 1577 ipsius
1610 1519 1693 1565 est
1719 1515 2011 1568 accusatio.
2051 1515 2197 1583 Quo-

605 1594 765 1648 modo
811 1612 958 1665 ergo,
992 1597 1182 1667 inquit,
1238 1601 1390 1654 multi
1444 1619 1550 1657 non
1595 1607 1862 1673 possunt?
1911 1608 2044 1673 Quia
2097 1624 2193 1663 uo-

604 1686 739 1740 lunt.
770 1686 1052 1754 Quomodo
1080 1706 1184 1745 non
1211 1692 1438 1748 volunt?
1462 1695 1579 1750 Pra:
1607 1697 1811 1752 desidia
1847 1716 1860 1752 :
1891 1715 2009 1753 nam
2038 1702 2081 1756 si
2102 1717 2196 1756 ro—

603 1779 820 1843 inerint,
857 1790 1110 1849 poterunt
1160 1785 1400 1839 omnino.
1451 1786 1738 1857 Propterea
1780 1790 1974 1845 Paulus
2018 1792 2190 1846 dicit:

612 1868 738 1923 Volo
767 1887 941 1924 omnes
969 1874 1198 1928 homines
1221 1892 1328 1929 esse
1353 1877 1482 1930 sicut
1503 1880 1750 1949 mcipsum
1780 1883 1826 1950 (l
1844 1923 1855 1934 .
1881 1880 2001 1937 Cor.
2024 1885 2073 1937 '7.
2110 1885 2189 1956 7),

598 1965 852 2031 quoniam
881 1965 1088 2019 sciebat
1120 1982 1311 2022 omnes
1338 1984 1500 2038 posse
1553 1986 1674 2025 esse
1703 1973 1843 2026 sicut
1884 1986 2000 2027 erat
2031 1975 2143 2043 ipso
2171 1992 2184 2028 :

598 2057 943 2124 nequeenim
974 2058 1075 2112 hoc
1104 2058 1346 2124 dixisset,
1407 2061 1452 2115 si
1511 2062 1621 2116 ﬁeri
1677 2079 1783 2118 non
1842 2075 2040 2134 posset.
2100 2068 2189 2122 Vis

597 2148 712 2202 ﬁeri
771 2150 1008 2218 probus?
1043 2153 1219 2207 solum
1250 2155 1594 2224 apprehende
1637 2157 1871 2213 initium.
1918 2159 2053 2215 Nam
2099 2163 2188 2218 dic

595 2239 724 2293 mihi
751 2279 768 2304 ,
820 2240 870 2292 in
900 2242 1152 2296 omnibus
1191 2244 1435 2311 artibus,
1477 2246 1524 2300 si
1572 2247 1803 2303 velimus
1829 2265 1922 2305 eas
1947 2254 2185 2322 assequi,

592 2330 863 2387 sufﬁcitne
907 2333 1061 2389 nobis
1089 2336 1245 2402 velle,
1287 2352 1355 2391 an
1384 2339 1546 2393 etiam
1574 2355 1663 2395 res
1690 2342 2072 2412 aggredimur?
2121 2346 2189 2402 Ut

1300 310 1357 366 S.
1390 308 1667 368 JO.\NNlS
1700 306 1834 365 ουκ
1852 301 2172 361 ιδοδτυω
2211 300 2527 359 ARCRIEP.
2568 301 3095 363 CUNSTANTINOP.

2260 415 2492 485 exempli
2510 430 2669 470 causa
2701 434 2715 471 :
2749 416 2863 469 vult
2881 416 3074 486 aliquis
3094 429 3215 471 esse
3236 414 3611 486 gubernalor:
3642 434 3737 473 non
3758 420 3828 474 (ιι.

2259 508 2353 570 cit,
2369 506 2524 569 Volo.
2542 520 2596 562 et
2628 508 2728 562 hoc
2751 510 2800 563 ei
2827 508 3044 573 sufﬁcit,
3070 508 3165 563 sed
3186 510 3347 562 etiam
3375 522 3495 563 rem
3521 511 3815 578 aggreditur.

2263 600 2387 655 Vult
2438 611 2705 656 mercator
2755 616 2876 655 esse
2917 617 2931 652 :
2976 616 3080 655 non
3130 601 3303 655 soimn
3350 601 3496 664 dicit,
3545 602 3687 667 Volo,
3732 605 3817 659 sed

2259 707 2372 747 rem
2404 693 2648 761 suscipit.
2683 692 2807 747 Vult
2836 708 3057 763 peregre
3086 693 3351 762 proﬁcisci
3379 710 3393 747 :
3419 708 3521 746 non
3548 694 3687 757 dicit,
3719 694 3816 749 Vo-

2260 781 2332 844 lo,
2365 793 2591 843 tantum,
2623 785 2716 838 sed
2750 785 2909 839 etiam
2941 801 3053 839 rem
3078 786 3408 855 aggreditur.
3438 786 3612 853 itaque
3634 787 3683 839 in
3710 801 3817 841 om-

2268 869 2424 922 nilms
2449 884 2551 923 non
2576 869 2771 923 sufﬁcit
2798 870 2971 923 solum
3001 872 3157 935 velle,
3184 871 3278 926 sed
3305 870 3499 925 factum
3525 890 3726 945 quoque
3755 888 3829 932 est

2266 962 2570 1017 addendum
2597 979 2611 1016 :
2646 963 2837 1017 volens
2862 974 3040 1017 autem
3086 966 3137 1016 in
3166 964 3355 1018 cadum
3386 965 3685 1030 ascendere,
3708 967 3828 1023 dicis

2267 1054 2467 1116 solum,
2511 1054 2682 1108 Volo?
2710 1053 2993 1120 Quomodo
3031 1070 3192 1123 ergo,
3226 1055 3432 1121 inquit,
3467 1055 3675 1110 dicebas
3702 1059 3829 1127 quod

2267 1143 2466 1199 sufficit
2501 1145 2674 1198 velle?
2707 1145 2853 1199 Velle
2880 1160 3003 1198 cum
3035 1146 3207 1209 lactis,
3242 1161 3353 1198 rem
3384 1157 3439 1199 et
3466 1146 3692 1200 laborem
3722 1163 3831 1202 sus-

2267 1237 2466 1305 cipere.
2495 1236 2764 1290 Habemus
2813 1236 2957 1290 enim
2998 1237 3164 1289 Deuut
3208 1236 3550 1304 adjuvantcnt
3591 1246 3643 1292 et
3688 1255 3828 1305 opem

2268 1329 2530 1384 ferentem
2565 1347 2577 1382 :
2612 1330 2787 1384 solum
2835 1330 3118 1399 eligamus,
3151 1329 3324 1382 solum
3347 1329 3412 1382 ad
3445 1344 3554 1383 rem
3586 1338 3831 1397 tamquam

2266 1423 2333 1477 ad
2361 1438 2496 1492 opus
2522 1422 2843 1477 accedamus
2865 1463 2882 1489 ,
2916 1431 3121 1475 tantum
3166 1420 3337 1475 simus
3379 1421 3616 1486 solliciti,
3648 1431 3834 1476 tantum

2269 1524 2504 1569 mentem
2533 1515 2904 1578 adhibeamus,
2932 1522 2988 1569 et
3012 1514 3191 1567 omnia
3218 1524 3533 1583 sequuntur.
3562 1513 3653 1569 Sin
3675 1522 3833 1569 autem

2267 1608 2619 1674 dormiamus,
2634 1616 2689 1662 et
2717 1616 3010 1663 stcrtentes
3030 1617 3405 1676 exspectemus
3421 1607 3608 1661 escium
3630 1606 3835 1676 ingredi,

2267 1698 2483 1769 quando
2510 1699 2807 1768 poterimus
2831 1698 3183 1767 hereditatem
3201 1698 3455 1752 caelorum
3487 1695 3837 1767 apprehende-

2270 1792 2371 1847 re?
2411 1792 2651 1846 Velimus
2677 1806 2828 1861 ergo,
2856 1806 3006 1861 rogo,
3036 1791 3280 1845 velimus.
3307 1789 3418 1844 Cur
3442 1789 3507 1843 ad
3535 1790 3667 1843 hanc
3692 1789 3839 1842 vitam

2268 1884 2449 1937 omnia
2481 1898 2787 1938 mercamur
2812 1922 2827 1948 ,
2861 1897 3019 1952 quam
3066 1897 3186 1935 cras
3216 1880 3559 1935 deserimus?
3590 1880 3840 1949 Eligamus

2268 1992 2397 2047 ergo
2421 1976 2694 2041 virtutem,
2723 1991 2842 2045 qua:
2871 1975 3025 2029 nobis
3049 1974 3099 2029 in
3126 1988 3287 2028 omne
3308 1974 3563 2028 Str-cuium
3594 1972 3839 2026 sufficiet:

2268 2066 2321 2121 in
2349 2081 2456 2137 quo
2486 2074 2746 2137 perpetuo
2773 2068 2995 2126 erimus.
3044 2074 3100 2120 ct
3145 2065 3301 2119 bouis
3351 2065 3570 2119 aeternis
3611 2060 3844 2133 perfrue-

2266 2177 2391 2217 mur
2416 2178 2432 2215 :
2460 2176 2579 2231 qua:
2609 2160 2812 2216 utinam
2843 2173 3033 2214 omnes
3056 2172 3447 2228 assequamur,
3479 2156 3647 2228 gratia
3677 2165 3729 2210 et
3754 2154 3838 2208 be-

2268 2253 2546 2324 nignitate,
2576 2261 2684 2308 etc.

1936 2551 2278 2615 HOMILIA
2324 2556 2529 2619 XVII.

587 2690 715 2747 CAP.
762 2692 813 2747 9.
852 2708 902 2747 v.
935 2693 1023 2746 Ἠ.
1066 2690 1188 2746 Non
1217 2693 1351 2746 enim
1377 2694 1428 2747 in
1460 2695 1753 2764 manufacta
1797 2703 1974 2747 sancta
2017 2693 2177 2751 Iesus

658 2785 873 2848 introiit,
901 2785 1217 2851 exemplaria
1254 2800 1483 2838 verorum
1505 2803 1525 2851 ;
1556 2787 1644 2839 sed
1668 2788 1722 2840 in
1749 2789 1915 2856 ipsum
1955 2792 2134 2843 etclam
2158 2829 2173 2852 ,

658 2885 712 2929 ut
736 2886 983 2945 appareat
1011 2893 1146 2929 nunc
1175 2877 1334 2930 vultui
1359 2877 1456 2932 Dei
1484 2896 1580 2946 pro
1607 2881 1751 2934 nobis
1778 2895 1797 2934 :
1816 2881 1905 2936 25.
1937 2898 2094 2952 neque
2122 2889 2176 2936 ut

655 2983 790 3038 sape
810 2965 992 3034 offerat
1020 2969 1725 3044 seipsunt,quemadmodum
1755 2974 1987 3044 pontifex
2015 2974 2170 3029 intrat

656 3059 708 3113 in
738 3072 916 3114 sancta
942 3072 1233 3115 sanctorum
1263 3078 1353 3131 per
1395 3062 1623 3133 singulos
1648 3081 1810 3118 annos
1835 3066 1891 3118 in
1929 3068 2177 3137 sanguine

653 3153 823 3209 alieno
854 3172 874 3209 :
895 3153 985 3209 26.
1016 3155 1208 3225 alioqui
1233 3155 1494 3226 Oportebat
1522 3173 1634 3211 eum
1664 3160 1951 3227 frequenter
1978 3160 2085 3227 pati
2112 3159 2176 3213 ab

667 3238 864 3306 origine
884 3237 1058 3288 mundi
1092 3251 1109 3289 :
1140 3252 1273 3287 nunc
1297 3246 1465 3287 autem
1493 3236 1645 3289 settth
1670 3236 1722 3289 in
1750 3238 2185 3291 consumnttttimte

667 3328 971 3382 steculorum
997 3327 1066 3379 ad
1088 3327 1454 3379 destitutionem
1479 3327 1669 3395 peccati
1686 3345 1776 3397 per
1797 3327 2012 3381 hostiam
2037 3345 2184 3383 suam

666 3423 928 3490 apparuit.

668 3511 718 3565 1.
746 3510 911 3565 Valde
941 3510 1038 3565 sibi
1078 3510 1357 3578 placebant
1383 3520 1436 3565 ct
1459 3511 1821 3567 efferebantur
1846 3511 2016 3567 Judaei
2056 3529 2181 3581 pro-

592 3614 712 3674 pter
741 3605 994 3673 tcmplntn
1036 3612 1091 3659 et
1137 3604 1534 3659 tabernaculum
1570 3622 1584 3657 :
1628 3615 1680 3658 et
1723 3605 1843 3659 ideo
1890 3605 2179 3673 dicebant,

592 3696 860 3764 Temp/unt
923 3695 1159 3759 Domini,
1220 3696 1459 3763 templum
1509 3695 1714 3750 Domini
1766 3695 1918 3768 (Jer.
1984 3697 2036 3752 7.
2087 3698 2180 3766 '5).

598 3786 868 3855 Nusquam
904 3786 1045 3839 enim
1091 3795 1354 3839 terrarum
1383 3795 1753 3839 constructum
1785 3784 1885 3837 fuit
1915 3782 2179 3853 ejusmodi

599 3877 877 3947 templum,
909 3892 1006 3930 nec
1030 3876 1173 3946 quod
1202 3881 1395 3929 attinet
1435 3877 1501 3928 ad
1538 3887 1808 3943 sumptum
1854 3888 1917 3929 ac
1942 3873 2183 3944 magnifi-

595 3969 851 4031 centiam,
886 3981 987 4022 nec
1028 3969 1172 4036 quod
1202 3966 1267 4020 ad
1295 3965 1771 4037 pulchritudinem,
1804 3981 1904 4020 nec
1929 3954 2071 4035 quod
2114 3964 2181 4019 ad

595 4057 821 4128 quodvis
861 4056 1026 4112 aliud.
1079 4059 1220 4114 Deus
1264 4060 1405 4112 enim
1457 4056 1547 4128 qui
1588 4058 1974 4124 constituerat,
2022 4057 2183 4127 jussit

596 4149 770 4219 ipsum
816 4148 931 4205 ﬁeri
957 4163 1079 4204 cum
1116 4149 1282 4203 multa
1313 4148 1729 4219 magnificentia,
1774 4150 2026 4220 quoniam
2067 4163 2181 4204 ma-

592 4241 675 4308 gis
718 4239 1117 4295 inducebantur
1154 4241 1230 4295 illi
1260 4249 1314 4295 et
1342 4241 1748 4296 attrahebantur
1783 4239 2177 4310 corporalibus.

595 4332 818 4386 Lateres
840 4333 985 4387 enim
1025 4346 1219 4388 aureos
1269 4331 1500 4387 habebat
1526 4333 1576 4385 in
1625 4333 1948 4402 parietibus,
1975 4343 2029 4389 et
2057 4334 2181 4389 licet

595 4421 793 4478 volenti
827 4421 878 4477 id
922 4421 1130 4478 discere
1179 4424 1232 4477 in
1260 4423 1500 4478 secundo
1529 4422 1733 4493 Regum
1784 4434 1841 4478 et
1879 4424 2018 4492 apud
2049 4426 2182 4481 Eze-

592 4514 859 4581 cltielcm,
918 4522 972 4568 et
1024 4525 1156 4584 quot
1201 4515 1315 4569 auri
1377 4514 1574 4568 talenta
1629 4525 1755 4568 tunc
1810 4514 2006 4568 fuerint
2051 4529 2181 4569 cun-

595 4618 826 4675 sttmpta.
872 4606 1116 4662 Secunda
1167 4614 1347 4659 autem
1397 4604 1682 4659 :edillcatio
1723 4605 1818 4657 fuit
1849 4605 2176 4673 praeclarior,

589 4705 646 4751 et
696 4706 919 4768 propter
975 4696 1429 4766 pulchritudinem
1504 4703 1560 4748 et
1615 4703 1833 4763 propter
1892 4695 1997 4749 alia
2065 4710 2183 4749 om-

590 4787 699 4843 nia.
736 4785 851 4844 Nec
878 4797 1165 4858 propterea
1193 4787 1369 4841 solum
1406 4794 1525 4842 erat
1554 4786 1893 4856 magniﬁcum
1923 4796 1980 4842 et
2017 4803 2183 4844 vene-

589 4880 851 4944 randum,
903 4881 999 4936 sed
1035 4882 1200 4935 etiam
1254 4878 1398 4948 quod
1450 4890 1595 4935 esset
1652 4896 1836 4943 unum,
1884 4890 1939 4936 et
1991 4898 2180 4938 omnes

591 4972 994 5041 pulchritudine
1029 4970 1324 5026 attraheret
1358 4989 1371 5028 :
1405 4986 1529 5025 nam
1558 4988 1586 5023 a
1613 4972 1805 5027 finibus
1855 4981 2010 5027 terrae
2053 4974 2178 5030 illuc

588 5062 916 5128 veniebant,
949 5062 1065 5115 sive
1091 5075 1121 5113 a
1157 5059 1448 5131 Babylone,
1498 5062 1613 5115 sive
1663 5063 1730 5114 ab
1771 5061 2066 5133 jEtltiopia.
2109 5064 2179 5119 Et

589 5153 691 5210 hoc
721 5152 1034 5221 signiﬁcans
1062 5151 1234 5206 Lucas
1264 5152 1475 5207 dicebat
1501 5154 1551 5205 in
1576 5153 1794 5208 Actibus
1827 5172 1841 5208 :
1888 5154 2049 5209 Erant
2070 5157 2177 5210 illic

589 5246 869 5298 habitantes
903 5241 1086 5296 Part/ti
1115 5254 1159 5295 et
1190 5241 1330 5295 Medi
1375 5253 1423 5297 et
1455 5242 1708 5310 Elamita’,
1758 5258 1804 5298 et
1834 5247 1919 5316 qui
1949 5247 2175 5301 habitant

588 5333 1036 5399 McsOpotamiam,
1077 5332 1316 5388 Judaeum
1349 5346 1393 5387 et
1423 5333 1798 5403 Cappadociam
1822 5378 1837 5403 ,
1876 5336 2099 5392 Pontum
2126 5349 2174 5393 et

587 5427 782 5487 Asiam,
817 5423 1094 5495 Phrygiam
1121 5435 1166 5478 et
1196 5423 1576 5495 Pamphyliam,
1619 5424 1904 5497 {Egyptum
1928 5440 1976 5483 et
2005 5443 2174 5499 partes

589 5515 764 5586 Libym
787 5530 901 5585 qua:
945 5526 1016 5570 est
1063 5517 1198 5570 circa
1237 5515 1461 5586 Cyrenen
1511 5516 1648 5585 (Act.
1677 5517 1733 5569 2.
1781 5519 1858 5589 5).
1901 5520 1999 5586 Qui
2044 5536 2172 5591 ergo

585 5615 743 5659 erant
771 5605 821 5657 in
857 5615 965 5662 toto
1015 5606 1149 5661 orbe
1180 5617 1359 5671 terrae,
1392 5606 1517 5662 illuc
1537 5620 1919 5676 convenerant,
1952 5624 2005 5666 et
2032 5621 2169 5666 tem-

590 5698 658 5766 pli
691 5697 917 5753 multum
942 5709 1058 5755 crat
1084 5714 1298 5757 nomen.
1324 5699 1459 5766 Quid
1486 5713 1615 5770 ergo
1642 5698 1763 5756 facit
1798 5701 2032 5756 Paulus?
2052 5704 2168 5758 Sic-

2287 2707 2343 2750 ut
2419 2696 2469 2748 in
2521 2692 2822 2759 sacriﬁciis,
2862 2693 2933 2747 ita
2988 2691 3076 2746 hic
3136 2704 3348 2761 quoque
3394 2706 3410 2743 :
3459 2690 3595 2745 sicut
3649 2688 3750 2744 illic
3790 2700 3850 2741 ex

2284 2789 2514 2841 adverso
2581 2783 2968 2839 sacriﬁciorum
2999 2785 3182 2853 posuit
3234 2792 3468 2837 mortem
3521 2782 3749 2844 Christi,
3788 2779 3848 2831 ita

2284 2880 2371 2935 hic
2415 2893 2630 2950 quoque
2685 2885 2853 2930 totum
2903 2875 3094 2930 caelum
3145 2889 3208 2929 ex
3257 2874 3495 2928 adverso
3551 2872 3726 2941 templi
3771 2887 3853 2939 po-

2284 2973 2384 3025 nit.
2439 2968 2552 3025 Nec
2615 2967 2756 3021 hanc
2812 2966 2983 3020 solam
3039 2964 3276 3018 ostendit
3324 2963 3716 3026 differentiam,
3769 2960 3850 3013 sed

2281 3064 2442 3117 etiam
2485 3057 2624 3130 quod
2673 3057 2932 3126 adjecerit
2974 3054 3308 3110 sacerdotem
3351 3054 3554 3109 lactant
3605 3069 3720 3108 esse
3760 3053 3854 3104 Deo

2283 3152 2719 3223 propinquiorem
2774 3167 2788 3202 :
2846 3148 2980 3203 dicit
3045 3146 3222 3212 enim,
3283 3145 3351 3200 Ut
3409 3156 3658 3217 appareat
3713 3142 3854 3197 vultui

2280 3245 2396 3300 Dei.
2425 3244 2570 3300 Fecit
2598 3245 2775 3313 itaque
2805 3257 2919 3297 retn
2948 3241 3280 3309 praeclaram,
3310 3253 3421 3293 non
3451 3240 3623 3303 solum
3653 3249 3852 3309 propter

2268 3324 2479 3387 cmium,
2500 3323 2593 3378 sed
2615 3326 2774 3377 etiam
2817 3334 3033 3392 propter
3059 3322 3355 3376 introitum.
3390 3323 3505 3377 Non
3529 3325 3699 3377 solum
3722 3325 3848 3377 enint

2272 3414 2360 3470 hie
2412 3429 2505 3483 per
2553 3413 2816 3483 symboia,
2867 3411 2962 3466 sed
3001 3413 3174 3481 ipsum
3230 3413 3399 3467 Deum
3434 3415 3545 3469 illic
3582 3414 3739 3469 videt.
3773 3412 3849 3465 Vi-

2271 3503 2367 3558 des
2414 3502 2578 3573 quod,
2622 3511 2681 3556 ut
2724 3517 2783 3556 se
2824 3502 3070 3556 demittat
3118 3511 3173 3554 et
3220 3504 3637 3569 accommodet,
3668 3502 3851 3571 ubique

2272 3593 2494 3649 humilia
2550 3592 2691 3648 dicta
2737 3592 2881 3646 sint?
2923 3590 3062 3658 Quid
3110 3607 3245 3646 vero
3298 3592 3415 3661 jam
3470 3594 3684 3649 miraris
3722 3589 3851 3660 quod

2276 3686 2606 3749 intercedat,
2659 3701 2781 3739 cum
2836 3686 3008 3755 ipsum
3058 3695 3253 3739 statuat
3305 3698 3583 3758 tamquam
3653 3685 3852 3757 pontiﬁ-

2271 3777 2428 3833 cem?
2481 3776 2662 3849 Neque
2698 3787 2754 3829 ut
2792 3793 2926 3846 πρε
2959 3775 3139 3843 o/ferat
3164 3779 3412 3846 seipsum,
3444 3777 3853 3851 quemadmodum

2273 3869 2503 3940 pontifea:
2530 3869 2685 3921 intrat
2710 3868 2761 3920 in
2782 3877 2958 3920 sancta
2984 3884 3074 3937 per
3097 3870 3325 3939 singulos
3351 3887 3518 3925 annos
3550 3872 3603 3925 in
3628 3867 3854 3939 sanguine

2272 3960 2457 4013 alieno.
2492 3957 2615 4012 Non
2663 3959 2795 4011 enim
2824 3959 2877 4011 in
2919 3963 3213 4029 ntauufacta
3236 3973 3419 4015 sancta
3443 3963 3597 4017 .Iesus
3644 3959 3856 4021 introiit,

2273 4052 2583 4124 exemplaria
2616 4068 2865 4107 verorum.
2902 4052 2993 4106 Ilia
3034 4068 3161 4123 ergo
3208 4062 3335 4108 sunt
3377 4071 3527 4121 vera,
3583 4054 3698 4110 ha‘e
3741 4066 3857 4107 vero

2277 4145 2386 4217 typi
2423 4162 2437 4197 :
2473 4144 2730 4213 templum
2757 4144 2900 4197 enim
2932 4143 3004 4197 ita
3032 4155 3149 4198 erat
3171 4154 3573 4213 constructum,
3603 4155 3662 4200 ut
3683 4144 3861 4200 escium

2275 4235 2414 4291 caeli.
2445 4234 2584 4303 Quid
2614 4234 2793 4290 dicis?
2827 4234 2930 4289 uisi
2979 4235 3172 4290 callum
3221 4237 3388 4293 fuerit
3428 4240 3724 4309 ingressus,
3764 4248 3861 4288 nou

2276 4337 2498 4398 apparet
2540 4326 2632 4397 qui
2678 4326 2833 4381 adest
2876 4326 3074 4396 ubique
3098 4337 3156 4382 et
3206 4327 3400 4396 implet
3444 4330 3672 4383 omnia?
3715 4324 3863 4380 Vides

2277 4418 2418 4488 quod
2454 4417 2570 4472 huic
2594 4419 2776 4472 omnia
2823 4417 2934 4472 sint
2977 4418 3200 4472 carnis?
3242 4417 3312 4473 Ut
3359 4431 3634 4491 appareat,
3681 4417 3859 4489 inquit,

2278 4508 2438 4562 vultui
2462 4506 2561 4561 Dei
2595 4525 2688 4578 pro
2730 4508 2893 4563 nobis.
2934 4508 3073 4576 Quid
3108 4518 3210 4574 est,
3242 4508 3354 4566 Pro
3379 4513 3528 4567 nobis
3548 4514 3574 4567 2
3600 4510 3862 4569 Ascendit,

2280 4597 2488 4668 inquit,
2520 4613 2639 4653 cum
2690 4598 2956 4654 sacriﬁcio
2982 4600 3124 4669 quod
3156 4610 3336 4670 potest
3378 4604 3597 4673 placare
3641 4603 3865 4657 Patrem.

2279 4687 2389 4744 Cur
2411 4704 2557 4754 vero,
2590 4689 2678 4743 dic
2699 4690 2828 4746 mihi
2845 4691 2869 4745 Ἰ
2889 4691 3007 4761 ipse
3032 4702 3151 4747 erat
3176 4693 3432 4751 inimicus
3463 4696 3487 4749 ?
3515 4695 3706 4765 Angeii
3726 4700 3868 4748 erant

2280 4781 2516 4848 inimici,
2574 4785 2689 4853 ipse
2736 4799 2842 4838 non
2892 4792 3009 4838 erat
3056 4770 3305 4840 inimicus
3354 4803 3368 4839 :
3412 4802 3540 4841 nam
3589 4784 3731 4857 quod
3773 4799 3866 4838 an-

2277 4875 2382 4944 geli
2430 4874 2628 4930 fuerint
2677 4875 2900 4944 inimici,
2955 4876 3079 4931 audi
3133 4877 3260 4945 quid
3306 4878 3458 4934 dicat
3511 4897 3526 4935 :
3579 4878 3870 4948 Paciﬁcaeit

2278 4982 2390 5037 qua:
2419 4968 2615 5021 suntin
2647 4977 2782 5021 terra
2827 4977 2873 5021 et
2907 4984 3022 5035 qua:
3043 4979 3160 5023 sunt
3210 4970 3263 5022 in
3307 4972 3452 5025 ctelis
3500 4972 3639 5044 (Col.
3683 4970 3867 5037 1.810).

2278 5060 2445 5115 Recte
2472 5075 2602 5131 ergo
2629 5061 2777 5125 dicit,
2807 5059 2873 5114 In
2893 5062 3074 5114 cadum
3093 5062 3353 5133 ingressus
3374 5075 3471 5129 est,
3498 5075 3556 5120 ut
3582 5066 3741 5120 vultui
3777 5061 3870 5117 Dei

2278 5167 2411 5206 nunc
2438 5161 2686 5221 appareat
2714 5168 2806 5220 pro
2834 5153 2999 5207 nobis.
3033 5152 3184 5207 Nunc
3214 5166 3466 5224 apparet,
3515 5159 3612 5212 sed
3657 5172 3755 5227 pro
3778 5170 3867 5209 no-

2279 5242 2381 5296 bis.
2418 5241 2595 5311 Neque
2622 5252 2678 5294 ut
2706 5259 2840 5312 stupe
2858 5241 3040 5310 olferat
3065 5246 3417 5316 semetipsum,
3449 5250 3871 5317 quemadmodum

2280 5333 2508 5404 pontifex
2536 5333 2690 5386 intrat
2724 5334 2777 5387 in
2802 5346 2979 5388 sancta
3000 5346 3292 5390 sanctorum
3327 5355 3422 5408 per
3458 5342 3693 5411 singulos
3719 5354 3871 5394 annos

2277 5426 2331 5479 in
2354 5427 2599 5496 sanguine
2626 5427 2814 5481 alieno.
2847 5427 3007 5485 Vides
3035 5444 3195 5501 quam
3227 5433 3413 5487 multa:
3459 5428 3590 5490 sntit
3630 5436 3873 5490 differen-

2282 5519 2390 5573 titc.
2434 5519 2618 5575 Semel
2663 5519 2899 5577 differta
2934 5539 3108 5594 sa‘pe;
3139 5525 3280 5595 quod
3326 5525 3385 5580 in
3418 5530 3688 5599 sanguine
3719 5531 3872 5581 intra-

2281 5612 2417 5666 verit
2440 5612 2676 5681 proprio,
2701 5613 2877 5668 diﬁ‘ert
2912 5616 2982 5670 ab
3009 5616 3252 5686 ingressu
3284 5617 3333 5670 in
3370 5620 3576 5675 alieno.
3611 5622 3728 5691 Ipse
3752 5636 3872 5683 ergo

2282 5712 2362 5758 est
2389 5714 2438 5758 et
2468 5702 2813 5771 sacriﬁcium,
2848 5715 2902 5761 et
2928 5708 3206 5774 sacerdos,
3239 5718 3292 5764 et
3315 5708 3679 5767 ltostia.Nam
3713 5713 3754 5766 si
3777 5710 3871 5766 hoc
