4172 6460
407 474 548 554 φὺδέ
576 471 786 528 τούτων
814 475 924 530 τῶν
950 473 1222 549 οὐρανῶν,
1252 479 1390 532 ἀλλὰ
1432 481 1526 533 καὶ
1553 479 1607 533 εἴ
1650 498 1801 544 τινες
1849 483 2034 554 ἓτεροι

407 551 605 628 ἦσαν;
645 555 798 621 Εἶδες
823 559 958 630 ὕψος
1003 561 1284 629 διανοίας;
1327 559 1465 627 εἶδες
1498 565 1526 617 6
1567 567 1891 636 σκηνοποιδς
1923 551 2035 630 οἷος

411 643 647 711 ἐγένετο
682 644 873 716 ἐπειδὴ
901 645 1196 716 ἠθέλησεν,
1227 649 1255 699 6
1303 650 1389 700 ἐπ’
1444 650 1655 719 ἀγορᾶς
1689 650 1778 703 τὸν
1820 651 2037 704 ᾶπαντα.

414 727 539 796 βίον
584 728 906 798 διαγαγώνς
953 731 1124 784 Ούδέν
1163 732 1273 804 γάρ
1310 733 1430 784 ἐστι
1465 733 1714 805 κώλυμα,
1745 736 1844 789 οὐκ
1897 736 2034 800 ἔστι,

415 811 639 874 πάντας
686 812 1122 881 ὑπερϐαλέσθαι,
1163 816 1214 868 εἰ
1231 833 1294 884 γε
1330 815 1680 886 βουλοίμεθα.
1709 820 1771 871 El
1797 818 1905 889 γὰρ
1944 819 2035 872 τέ-

418 913 553 966 χνας
576 893 729 947 οὕτω
752 896 1129 966 κατορθοῦμεν
1155 898 1596 968 ύπερϐαινούσας
1636 902 1763 962 τοὺς
1785 903 2035 969 πολλοὺς,

419 979 608 1049 πολλῷ
650 979 855 1049 μᾶλλον
884 979 912 1031 ὃ
955 981 1033 1050 μὴ
1075 981 1336 1034 τοσούτου
1371 983 1542 1034 δεῖται
1577 985 1765 1038 πόνου.
1796 980 1861 1038 Τί
1904 986 2034 1056 γὰρ,

417 1065 544 1116 εἰπέ
585 1081 700 1132 μοι,
742 1063 1129 1133 χαλεπώτερον
1181 1065 1276 1117 τοῦ
1315 1065 1405 1118 διὰ
1458 1067 1674 1136 σχοίνου
1733 1070 2036 1139 τεταμένης

419 1147 693 1217 βαδίζειν,
737 1149 994 1220 καθάπερ
1030 1150 1125 1202 ἐπὶ
1177 1150 1451 1212 ἰσοπέδου,
1486 1153 1583 1204 καὶ
1633 1150 1746 1204 ἄνω
1803 1170 2040 1223 περιπα-

415 1234 623 1286 τοῦντα
646 1231 983 1284 ὑποδύεσθαι
1019 1233 1116 1285 καὶ
1147 1232 1480 1285 ἀποδύεσθαι
1518 1233 1774 1304 καθάπερ
1807 1237 1899 1288 ἐπί
1923 1236 2040 1288 κλί-

413 1335 521 1387 νης
579 1317 942 1386 καθήμενον;
974 1317 1100 1386 οὐχὶ
1149 1317 1292 1370 οὕτω
1326 1317 1559 1387 φρικτὸν
1605 1319 1738 1389 ἡμῖν
1792 1315 1931 1372 εἶναι
1976 1319 2039 1372 τὸ

414 1403 666 1472 πρᾶγμα
692 1401 862 1463 δοκεῖ,
890 1400 967 1463 ὡς
995 1401 1136 1471 μηδέ
1157 1400 1333 1453 θέλειν
1362 1402 1688 1466 θεάσασθαι,
1715 1401 1852 1453 ἀλλὰ
1877 1403 2040 1456 δεδοι-

413 1488 603 1548 κέναι,
644 1485 743 1536 καὶ
769 1483 1019 1554 τρέμειν,
1043 1487 1139 1537 καὶ
1172 1486 1311 1555 πρὸς
1345 1485 1597 1562 τὴνὲῂν
1630 1487 1800 1557 αὑτήν
1826 1504 1840 1552 ;
1871 1487 1934 1538 Τί
1959 1487 2036 1554 δὲ,

412 1569 544 1622 είπέ
564 1586 679 1639 μοι,
696 1569 1085 1640 χαλεπώτερον
1103 1568 1196 1622 τοῦ
1214 1569 1403 1621 κοντὸν
1421 1571 1510 1621 ἐπὶ
1528 1568 1622 1620 τοῦ
1643 1569 1829 1639 προσώ
1838 1586 1936 1621 που
1951 1569 2041 1621 λα-

411 1651 559 1718 ϐεῖν,
581 1649 706 1706 εἶτα
729 1652 991 1707 ἐπιθέντα
1007 1654 1119 1707 ἄνω
1140 1654 1350 1707 παιδίον
1367 1655 1539 1725 μυρία
1559 1657 1754 1716 ποιεῖν,
1777 1653 1927 1725 [165]
1945 1653 2038 1706 καὶ

411 1740 654 1810 τέρπειν
685 1741 814 1801 τοὺς
837 1738 1070 1801 θεατάς;
1097 1738 1149 1790 τί
1178 1738 1234 1790 δὲ
1255 1738 1638 1808 χαλεπώτερον
1680 1738 1774 1789 τοῦ
1819 1739 2039 1808 σφαιρί-

411 1817 537 1888 ζειν
563 1827 624 1876 ἐν
651 1823 870 1892 ξίφεσι;
898 1823 950 1875 τί
986 1823 1044 1874 δέ
1076 1822 1400 1894 βαρύτερον,
1425 1825 1549 1875 εἰπέ
1579 1841 1692 1892 μοι,
1732 1823 1827 1876 τοῦ
1851 1825 1912 1876 τὸ
1939 1823 2038 1893 βά-

413 1909 515 1972 θος
537 1909 634 1962 τοῦ
670 1909 946 1976 πελάγους
994 1906 1382 1978 διερευνᾶσθαι
1412 1951 1427 1971 ,
1459 1909 1570 1960 Καὶ
1609 1908 1810 1979 μυρίας
1841 1909 2036 1979 ἐτέρας

414 1991 484 2046 ἄν
528 2011 616 2054 τις
656 1993 773 2064 ἐχοι
810 1994 1008 2062 τέχνας
1035 1993 1210 2044 εἰπεῖν
1235 2008 1249 2021 ·
1282 1991 1421 2044 ἀλλὰ
1444 1993 1664 2044 πάντων
1697 1991 1904 2046 τούτων
1945 1993 2040 2045 εὑ-

417 2077 710 2148 κολωτέρα
740 2080 774 2147 ή
831 2075 1024 2148 ἀρετή,
1061 2076 1156 2127 ἐὰν
1196 2074 1465 2145 θέλωμεν,
1493 2075 1588 2128 καὶ
1617 2075 1780 2138 τὸείς
1819 2076 1912 2128 τὸν
1949 2076 2041 2128 οὐ·

425 2163 592 2232 ρανδν
622 2161 893 2232 ἀναϐῆναι
928 2178 942 2191 ο
975 2159 1208 2228 θελῆσαι
1234 2159 1344 2228 γὰρ
1371 2159 1453 2211 δεῖ
1474 2159 1634 2228 μόνον
1655 2159 1912 2224 ἐνταῦθα,
1946 2161 2042 2214 καὶ

432 2248 618 2297 πάντα
668 2246 880 2298 ἕπεται.
963 2244 1081 2296 Οὐκ
1120 2242 1236 2295 ἔστι
1285 2242 1395 2313 γὰρ
1428 2243 1625 2308 εἰπεῖν,
1668 2244 1729 2295 ού
1754 2243 2030 2314 δύναμαι·

435 2327 602 2380 τοῦτο
630 2329 733 2399 γὰρ
754 2326 1134 2399 κατηγορῆσαί
1167 2329 1280 2380 ἐστι
1301 2326 1398 2380 τοῦ
1425 2327 1773 2398 Δημιουργοῦ
1795 2344 1809 2358 ⁸
1844 2329 1894 2380 εί
1924 2327 2033 2400 γὰρ

439 2411 730 2474 ἀδυνάτους
753 2415 898 2482 ἡμᾶς
925 2412 1205 2480 ἐποίησεν,
1239 2407 1358 2464 εἶτα
1388 2411 1689 2477 ἐπιτάττει,
1727 2413 2034 2483 κατηγορία

432 2495 602 2548 αὐτοῦ
657 2498 793 2549 ἐστι.
859 2495 988 2559 Πῶς
1013 2490 1130 2558 οὖν,
1187 2496 1341 2563 φησὶ,
1393 2494 1581 2548 πολλοὶ
1631 2497 1692 2548 ού
1743 2495 2032 2562 δύνανται;

433 2582 555 2632 Ὀτι
599 2579 661 2632 οὐ
700 2580 940 2634 θέλουσι.
1006 2579 1181 2631 Πόθεν
1227 2578 1285 2631 δὲ
1320 2579 1381 2631 οὐ
1442 2578 1726 2645 θέλουσιν;
1774 2580 1909 2632 Ἀπὸ
1937 2582 2036 2651 ρᾳ-

423 2663 630 2732 θυμίας
663 2682 677 2694 ·
705 2662 849 2715 ὥστε
884 2664 933 2715 εί
965 2662 1278 2732 θελήσουσι,
1313 2662 1534 2725 πάντως
1561 2661 1902 2733 δυνήσονται.
1940 2664 2039 2716 Διά

419 2745 582 2798 τοῦτο
614 2748 713 2799 καὶ
738 2746 767 2797 6
789 2745 1002 2808 Παῦλός
1038 2761 1172 2815 φησι
1197 2759 1211 2775 ο
1247 2743 1408 2798 Θέλω
1427 2743 1658 2809 πάντας
1684 2743 2039 2812 ἀνθρώπους

413 2830 572 2882 εἶναι
597 2831 682 2895 ὡς
710 2831 810 2883 καὶ
834 2829 1123 2900 ἐμαυτὸν,
1169 2826 1360 2899 ἐπειδὴ
1409 2828 1526 2898 ᾔδει
1563 2829 1647 2880 ὅτι
1681 2829 1881 2892 πάντες
1907 2829 2038 2900 ήδύ-

1306 354 1374 415 ΙΝ
1409 355 1626 416 EPIST.
1663 360 1755 415 AD
1786 354 2135 419 HEBRJEOS
2169 358 2320 418 CAP.
2361 357 2455 418 IX.
2481 358 2713 419 HOMIL.
2743 362 2908 419 XVII.

3640 367 3740 424 123

2137 499 2296 536 ναντο
2329 479 2466 536 εἶναι
2520 483 2597 547 ὡς
2621 485 2714 538 καὶ
2766 485 2930 549 αὐτός
2956 502 2970 515 ·
3003 485 3124 538 ούδέ
3153 485 3262 557 γὰρ
3299 482 3386 550 ἂν,
3435 486 3490 539 εί
3511 503 3573 557 γε
3605 488 3735 542 ἀδύ-

2137 581 2294 619 νατον
2321 561 2409 636 ἦν,
2436 567 2594 620 τοῦτο
2621 563 2762 623 εἷπε.
2814 568 3005 633 Θέλεις
3034 571 3288 638 γενέσθαι
3315 572 3602 642 ἐνάρετος;
3640 575 3735 642 τῆς

2137 649 2312 718 ἀρχῆς
2339 650 2599 703 ἐπιλαϐοῦ
2632 652 2812 722 μόνον.
2864 654 2998 705 Εἱπέ
3027 654 3089 725 δή
3127 672 3236 724 μοι,
3270 657 3328 707 ἐν
3369 657 3488 716 ταῖς
3520 655 3738 724 τέχναις

2138 733 2400 796 ἁπάσαις,
2428 734 2556 788 ὅταν
2597 736 2846 807 θέλωμεν
2887 739 2944 790 ἐν
2976 739 3166 801 αὑταῖς
3208 737 3484 806 γενέσθαι,
3530 736 3735 807 ἀρκού-

2142 817 2280 887 μεθα
2325 818 2402 888 τῷ
2431 818 2625 883 θέλειν,
2659 822 2692 891 ἢ
2723 823 2817 874 καὶ
2867 823 3153 892 ἁπτόμεθα
3192 823 3302 875 τῶν
3351 823 3735 893 πραγμάτωνς

2139 895 2264 953 Οἷόν
2317 919 2369 954 τι
2395 902 2568 970 λέγω·
2616 905 2878 957 Βούλεταί
2907 923 2990 968 τις
3039 905 3294 972 γενέσθαι
3349 906 3732 975 κυϐερνήτης·

2139 983 2198 1035 οὺ
2253 984 2423 1054 λέγει,
2463 986 2634 1051 Θέλω,
2686 989 2780 1041 καὶ
2811 987 2983 1058 τούτῳ
3040 990 3315 1059 ἀρκεῖται,
3366 989 3502 1041 ἀλλὰ
3525 992 3615 1040 καὶ
3639 987 3736 1040 τοῦ

2141 1067 2468 1136 πράγματος
2508 1071 2762 1124 ἅπτεται.
2831 1071 2986 1124 Θέλει
3037 1071 3292 1140 γενέσθαι
3353 1073 3626 1141 ἔμπορος·
3672 1071 3735 1122 οῦ

2139 1149 2306 1218 λέγει,
2327 1152 2497 1216 Θέλω,
2529 1153 2706 1222 μόνον,
2734 1153 2872 1205 ἀλλὰ
2893 1158 2986 1208 καὶ
3011 1153 3102 1207 τοῦ
3127 1155 3452 1225 πράγματος
3480 1156 3733 1207 ἅπτεται.

2154 1235 2529 1307 ’Λποδημῆσαι
2560 1237 2722 1290 πάλιν
2767 1238 2932 1303 θέλει,
2987 1241 3081 1291 καὶ
3110 1240 3170 1291 ού
3215 1239 3386 1308 λέγει,
3415 1238 3573 1303 θέλω,
3602 1237 3738 1290 ἀλλὰ

2140 1319 2358 1371 καὶτοῦ
2396 1322 2723 1390 πράγματος
2769 1321 3023 1374 ἅπτεται.
3103 1319 3240 1374 Εἶτα
3290 1326 3348 1373 ἐν
3405 1323 3572 1374 πᾶσιν
3637 1321 3739 1373 οὐκ

2140 1406 2304 1474 ἀρκεῖ
2353 1405 2413 1456 τὸ
2448 1404 2674 1474 θελῆσαι
2700 1406 2879 1475 μόνον,
2919 1407 3054 1460 ἀλλὰ
3081 1407 3175 1460 καὶ
3199 1407 3259 1459 τὸ
3290 1406 3448 1477 ἔργον
3479 1406 3739 1476 προσθεῖ-

2140 1501 2229 1539 ναι
2289 1486 2371 1538 δεῖ
2400 1497 2412 1515 ⁸
2466 1489 2546 1550 εἰς
2593 1484 2675 1539 δὲ’
2703 1489 2794 1540 τὸν
2817 1491 3046 1560 οὐρανὸν
3107 1489 3427 1559 βουλόμενος
3469 1488 3736 1549 ἀνελθεῖν,

2141 1570 2341 1637 λέγεις,
2386 1571 2557 1636 Θέλω,
2596 1572 2777 1641 μόνον;
2813 1574 2936 1634 Πῶς
2967 1570 3080 1638 οὖν,
3114 1575 3302 1644 φησὶν,
3329 1574 3533 1638 ἔλεγες,
3565 1574 3647 1626 ὅτι
3677 1572 3740 1626 τὸ

2142 1655 2318 1708 θέλειν
2345 1656 2530 1725 ἀρκεῖ;
2574 1657 2647 1708 Τὸ
2673 1657 2849 1708 θέλειν
2869 1658 3006 1727 μετὰ
3025 1658 3136 1710 τῶν
3162 1658 3357 1728 ἔργων,
3388 1659 3447 1709 τὸ
3475 1655 3739 1724 ἀντι).αμ-ι

2142 1738 2440 1808 ϐανόμενον
2465 1737 2561 1790 τοῦ
2607 1739 2953 1810 πράγματος,
3006 1743 3065 1794 τὸ
3113 1743 3442 1796 πονέσαντα.
3500 1741 3740 1810 Ἕχομεν

2137 1822 2247 1893 γὰρ
2281 1820 2644 1892 συνεργοῦντα
2669 1826 2762 1876 καὶ
2797 1824 3222 1894 συμπράττοντα
3245 1825 3336 1877 τὸν
3376 1824 3507 1876 Θεόν
3530 1843 3543 1854 ο
3577 1825 3740 1893 μόνον

2138 1907 2413 1977 ἑλώμεθα,
2449 1910 2606 1978 μόνον
2656 1909 2731 1971 ώς
2757 1907 2904 1978 ἔργῳ
2936 1909 3385 1979 προσενεχθῶμεν
3429 1906 3508 1976 τῷ
3561 1907 3741 1980 πράγ-

2142 2008 2296 2061 ματι,
2346 1991 2505 2060 μόνον
2551 1993 3004 2063 μεριμνήσωμεν,
3067 1994 3251 2062 μόνον,
3295 1994 3374 2054 εἰς
3403 1993 3526 2043 νοῦν
3563 1989 3740 2060 βαλώα

2142 2074 2306 2146 μεθα,
2359 2077 2454 2128 καὶ
2505 2078 2681 2128 πάντα
2708 2075 2923 2129 ἕπεται.
2987 2077 3113 2129 Ἐὰν
3151 2075 3206 2128 δὲ
3233 2074 3608 2144 καθεύδωμεν,
3648 2074 3741 2127 καὶ

2143 2157 2430 2229 ῥέγχοντες
2490 2159 2884 2228 προσδοκῶμεν
2934 2159 3160 2212 εἰσιέναι
3214 2161 3293 2220 εἰς
3342 2158 3432 2210 τὸν
3485 2158 3736 2229 οὐρανὸν,

2142 2244 2274 2295 πότε
2335 2243 2678 2313 δυνησόμεθα
2741 2244 2840 2313 τὴν
2893 2242 3262 2313 κληρονομίαν
3333 2243 3442 2296 τῶν
3491 2241 3740 2312 οὐρανῶν

2141 2330 2474 2398 κατασχεῖν;
2546 2326 2912 2398 Βουληθῶμεν
2966 2324 3095 2393 οὖν,
3157 2328 3500 2401 παρακαλῶ,
3553 2326 3743 2398 βουλη-

2143 2413 2346 2483 θῶμεν.
2426 2413 2492 2466 Τί
2541 2413 2721 2466 πάντα
2772 2413 2908 2484 πρὸς
2954 2413 3048 2465 τὸν
3113 2413 3357 2485 παρόντα
3408 2412 3522 2482 βίον
3568 2412 3740 2481 ἐμπο-

2147 2497 2441 2567 ρευόμεθα,
2489 2497 2548 2549 ὃν
2604 2495 2795 2568 αὔριον
2826 2495 3232 2566 ἀπολείψομεη
3305 2495 3585 2565 Ἐλώμεθα
3628 2495 3742 2547 τοί-

2147 2598 2242 2634 νυν
2268 2580 2366 2650 τήν
2392 2579 2594 2652 ἀρετήν
2634 2581 2732 2650 τὴν
2789 2581 2866 2642 εἰς
2916 2581 3008 2633 τὸν
3065 2580 3242 2633 πάντα
3276 2581 3450 2632 αἰῶνα
3490 2581 3622 2650 ήμῖν
3657 2579 3739 2630 δι-

2145 2664 2516 2734 αρκέσουσαν·
2542 2665 2598 2716 ἐν
2621 2656 2664 2730 ᾧ
2691 2664 2931 2735 ἐσόμεθα
2957 2663 3240 2733 διηνεκῶς,
3261 2667 3352 2718 καὶ
3375 2665 3480 2718 τῶν
3506 2662 3741 2716 αἰωνίων

2144 2747 2368 2815 ἀγαθῶν
2424 2748 2808 2818 ἀπολαύσομεν
2844 2766 2858 2780 ·
2911 2741 2987 2800 ῶν
3061 2748 3274 2815 γένοιτο
3331 2749 3542 2810 πάντας
3591 2747 3739 2818 ἡμᾶς

2146 2832 2444 2902 ἐπιτυχεῖν,
2477 2833 2659 2904 χάριτι
2681 2833 2774 2885 καὶ
2798 2831 3200 2903 φιλανθρωπίᾳ,
3229 2833 3323 2885 καὶ
3355 2835 3424 2884 τὰ
3445 2833 3595 2902 ἑξῆς.

1780 3083 1932 3157 μοι]
1974 3086 2222 3138 ΟΜΙΛΙΑ
2274 3087 2369 3139 IZ'.

411 3178 505 3230 Ὀὺ
570 3175 688 3250 γὰρ
739 3177 1267 3250 εὶς-χειροποίητα
1322 3179 1460 3249 ἅγια
1524 3179 1868 3248 εἰσῆλθεν-ὀ
1901 3183 2032 3250 Χρι-

488 3248 668 3311 στὸς.
719 3248 1025 3302 ἀντίτυπα
1068 3248 1189 3301 τῶν
1235 3248 1561 3317 ἀληθινῶν,
1609 3253 1749 3306 ἀλλ’
1797 3253 1886 3316 εἰς
1926 3248 2034 3303 αὺ-

486 3319 602 3389 τὸι·
629 3317 742 3370 τὸν
767 3319 1038 3389 ,οὐρανὸν
1057 3359 1072 3380 ,
1105 3318 1224 3372 νῦν
1257 3320 1703 3389 ἐμφανισθῆναι
1724 3322 1823 3387 -τῴ
1851 3338 2036 3389 προσ-

489 3388 640 3452 ώπῳ
683 3387 791 3440 τοῦ
852 3389 1003 3442 Θεοῦ
1031 3390 1182 3456 ὑπὲρ
1205 3387 1375 3458 ἡμῶν
1401 3407 1415 3421 ⁸
1452 3387 1593 3444 066‘"
1606 3393 1705 3445 ἵνα
1731 3387 2034 3456 πολλάκις

483 3459 816 3526 ,προσφέρῃ
845 3459 1087 3522 ἑαυτὸν,
1123 3460 1328 3528 ὥσπερ
1367 3464 1400 3514 ό
1427 3463 1738 3529 ἀρχιερεὺς
1771 3465 2035 3529 εἰσέρχε-

490 3547 596 3602 ται
625 3531 716 3591 εὶς
762 3530 836 3602 τὰ
877 3529 1043 3602 ’Ἅγια
1091 3529 1209 3583 τῶν
1244 3532 1431 3602 ἁγίων
1468 3533 1596 3584 κατ’
1641 3533 1929 3602 ἐνιαυτὸν
1967 3533 2036 3585 ἐν

481 3600 700 3668 αἵματι
742 3599 1044 3668 ἀλλοτρίῳ
1083 3618 1096 3630 ·
1143 3599 1438 3655 ἐπεϊὲδει
1495 3603 1686 3656 αὑτὸν
1733 3601 2035 3666 πολλάκις

486 3670 715 3724 παθεῖν
766 3670 886 3722 ἀπὸ
931 3671 1276 3738 καταϐολῆς
1303 3673 1538 3740 κόσμου
1566 3689 1579 3702 ·
1620 3673 1760 3726 νυνὶ
1780 3673 1846 3724 δὲ
1872 3673 2035 3736 ἅπαξ

487 3741 596 3792 ἐπὶ
624 3741 948 3812 συντελείᾳ
981 3740 1099 3792 τῶν
1137 3742 1369 3812 αἰώνων
1403 3744 1489 3807 εἱς
1533 3742 1825 3811 ἀθέτησιν
1850 3744 2035 3812 ἀμαρ-

489 3813 635 3874 τίας
663 3810 764 3865 διὰ
803 3809 915 3878 τῆς
938 3813 1162 3877 θυσίας
1183 3811 1374 3866 αὐτοῦ
1410 3809 1843 3881 πεφανέρωται.

486 3939 564 3992 α’.
593 3937 760 4006 Μέγα
787 3937 1052 4008 ἐφρόνουν
1088 3938 1139 3990 οἱ
1183 3936 1426 3992 Ἰουδαῖοι
1453 3940 1546 3993 ἐπὶ
1575 3938 1653 4011 τῷ
1689 3939 1804 4010 ναῷ
1839 3941 1935 3993 καὶ
1968 3942 2032 4012 τῇ

405 4025 601 4094 σκηνῇ
639 4037 652 4050 ·
713 4021 796 4074 διὸ
848 4021 1032 4088 ἔλεγον
1061 4036 1074 4050 ·
1135 4021 1298 4089 Ναὸς
1329 4022 1572 4088 Κυρίου,
1603 4025 1749 4089 ναὸς
1786 4023 2030 4090 Κυρίου.

403 4107 559 4160 Οΰτε
594 4107 707 4177 γὰρ
740 4103 976 4174 ἀλλαχοῦ
1011 4103 1118 4175 γῆς
1159 4105 1584 4177 κατεσκευάσθη
1615 4106 1855 4168 τοιοῦτος
1885 4106 2032 4171 ναὸς,

405 4193 473 4244 οὗ
503 4189 862 4252 πολυτελείας
889 4189 1101 4254 ἕνεκεν,
1128 4188 1188 4240 οὐ
1234 4188 1489 4256 κάλλους,
1525 4190 1626 4259 οὐχ
1655 4189 1846 4259 ἐτέρου
1869 4190 2031 4252 τινός.

417 4275 486 4327 Ὁ
549 4273 669 4343 γὰρ
720 4273 1121 4340 διαταξάμενος
1166 4271 1298 4334 Θεὸς
1353 4273 1642 4326 ἐκέλευσεν
1684 4274 1849 4325 αὑτὸν
1896 4271 2037 4342 μετὰ

407 4357 746 4427 φιλοτιμίας
793 4356 1050 4424 γενέσθαι
1099 4355 1325 4424 πολλῆς,
1375 4355 1566 4427 ἐπειδὴ
1620 4357 1866 4409 κάκεῖνοι
1921 4358 2035 4419 τοῖς

409 4442 766 4511 σωματικοῖς
794 4439 998 4509 μᾶλλον
1030 4439 1346 4507 ἐφείλκοντο
1376 4442 1471 4493 καὶ
1502 4440 1844 4494 ἐπεσπῶντο.
1874 4439 2038 4493 Πλίν-

403 4529 548 4590 θους
608 4526 720 4593 γὰρ
748 4521 862 4594 εἶχε
914 4525 1124 4595 χρυσᾶς
1164 4527 1224 4578 ἐν
1282 4527 1395 4587 τοῖς
1443 4523 1648 4594 τοίχοις
1683 4541 1696 4554 ·
1730 4524 1827 4576 καὶ
1859 4523 2037 4588 ἔξεστι

407 4612 496 4680 τῷ
534 4609 859 4680 βουλομένῳ
893 4611 955 4660 ἐν
1006 4611 1074 4679 τῇ
1105 4608 1335 4679 δευτέρᾳ
1362 4607 1474 4660 τῶν
1503 4607 1804 4660 Βασιλειῶν
1857 4609 1951 4662 καὶ
1979 4611 2037 4663 ἐν

408 4696 498 4766 τῷ
542 4693 813 4762 Ίεζεκιήλ
866 4692 1028 4744 τοῦτο
1095 4693 1472 4759 καταμαθεῖν,
1538 4691 1633 4743 καὶ
1684 4691 1789 4744 ὅσα
1829 4692 2034 4762 χρυσοῦ

403 4781 663 4834 τάλαντα
708 4775 961 4846 ἀνηλώθη
1009 4776 1153 4830 τότε.
1223 4777 1285 4828 Ἡ
1313 4775 1370 4828 δὲ
1401 4775 1631 4846 δευτέρα
1672 4775 2037 4845 λαμπροτέρα

402 4867 648 4936 γέγονεν
667 4861 977 4933 οἰκοδομία,
1000 4861 1097 4914 καὶ
1124 4859 1357 4924 κάλλους
1378 4860 1568 4912 ’ένεκεν
1608 4861 1703 4913 καὶ
1721 4859 1832 4912 τῶν
1857 4859 2035 4916 ἄλλων

401 4951 704 5004 ἁπάντων.
765 4948 875 5000 Καὶ
899 4948 960 4999 ού
989 4947 1172 5015 τούτῳ
1223 4945 1385 5016 μόνον
1414 4943 1612 5016 σεμνὸς
1650 4938 1742 5017 ἦν,
1775 4944 1911 4998 ἀλλὰ
1939 4946 2033 4998 καὶ

401 5033 489 5103 τῷ
515 5029 659 5084 εἶναι
692 5026 794 5093 εἷς,
843 5031 939 5083 καὶ
970 5029 1048 5100 τῷ
1081 5031 1290 5091 πάντας
1331 5029 1407 5100 τῷ
1440 5029 1631 5082 κάλλει
1669 5029 1996 5098 ἐφέλκεσθαι
2017 5044 2030 5058 ⁸

399 5117 526 5170 ἀπὸ
554 5116 670 5184 γάρ
693 5113 802 5166 τῶν
834 5114 1092 5184 περάτων
1125 5113 1224 5182 τῆς
1251 5113 1354 5182 γῆς
1375 5115 1492 5166 ἐκεῖ
1523 5113 1774 5184 ἤρχοντο,
1797 5113 1907 5166 εἴτε
1924 5112 2035 5166 ἀπὸ

399 5198 764 5260 Βαϐυλῶνος,
824 5196 936 5248 εἴτε
977 5195 1088 5248 ἀπὸ
1139 5196 1446 5258 Αἰθιοπίας.
1510 5197 1622 5249 Καὶ
1671 5195 1831 5248 τοῦτο
1855 5196 2032 5266 δηλῶν

395 5290 428 5337 ὸ
461 5282 688 5342 Λουκᾶς
717 5281 774 5332 ἐν
807 5283 928 5342 ταῖς
976 5280 1246 5350 Πράξεσιν
1287 5279 1511 5346 ἔλεγεν*
1564 5275 1761 5333 τΗσαν
1797 5278 1865 5331 δὲ
1908 5279 2040 5332 ἐκεῖ

393 5365 846 5431 κατοικοῦντες
878 5365 1099 5432 Πάρθοι
1155 5364 1254 5417 καὶ
1307 5362 1506 5430 Μῆδοι
1534 5363 1634 5417 καὶ
1697 5364 2026 5432 Ἐλαμῖται,

397 5451 506 5505 καὶ
550 5452 608 5502 οἰ
655 5448 1082 5512 κατοικοῦντες
1138 5447 1255 5513 τὴν
1326 5448 1818 5514 Μεσοποταμίαν,
1880 5449 2029 5500 Ἰου-

397 5535 593 5589 δαιάν
647 5549 710 5585 τε
757 5533 855 5586 καὶ
905 5528 1366 5593 Καππαδοκίαν,
1409 5529 1644 5584 Πόντον
1685 5546 1752 5580 τε
1789 5529 1886 5582 καὶ
1916 5529 2030 5593 τὴν

409 5620 650 5678 Ἀσίαν,
701 5617 970 5686 Φρυγίαν
1026 5632 1091 5668 τε
1142 5615 1242 5667 καὶ
1285 5614 1672 5682 Παμφυλίαν,
1718 5613 2028 5683 Αἴγυπτον

395 5704 503 5758 καὶ
555 5701 634 5755 τὰ
669 5702 822 5770 μέρη
874 5699 990 5768 τῆς
1017 5700 1244 5766 Λιϐύης
1291 5695 1399 5763 τῆς
1429 5697 1580 5750 κατὰ
1624 5698 1926 5765 Κυρήνην.
1959 5695 2023 5750 OE

391 5786 497 5842 οὖν
531 5784 815 5855 πανταχοῦ
853 5783 959 5852 τῆς
1010 5781 1336 5852 οἰκουμένης
1375 5779 1550 5842 ὅντες,
1583 5782 1700 5832 ἐκεῖ
1736 5781 2022 5850 συνῄεσαν,

394 5876 500 5929 καὶ
542 5868 679 5923 πολὺ
744 5871 803 5923 τὸ
847 5868 1025 5937 ὄνομα
1065 5866 1160 5920 τοῦ
1202 5865 1332 5920 ναοῦ
1363 5859 1452 5935 ἦν.
1515 5865 1580 5916 Τί
1620 5860 1713 5917 οὖν
1743 5867 1770 5918 ό
1814 5863 2025 5926 Παῦλος

2138 3185 2322 3242 ποιεῖς
2391 3182 2603 3247 Ὠσπερ
2662 3182 2756 3234 ἐπὶ
2797 3182 2906 3236 τῶν
2937 3182 3161 3245 θυσιῶν,
3205 3183 3350 3237 οὕτω
3380 3186 3472 3239 καὶ
3504 3187 3739 3243 ἐνταῦθα

2136 3268 2282 3318 ποιεῖ
2303 3281 2314 3293 °
2335 3267 2408 3328 ὡς
2455 3266 2564 3338 γὰρ
2605 3269 2724 3319 ἐκεῖ
2758 3266 2850 3318 τὸν
2882 3265 3110 3320 θάνατον
3156 3268 3457 3339 ἀντέστησε
3481 3270 3574 3324 τοῦ
3602 3273 3740 3344 Χρι-

2139 3349 2286 3415 στοῦ,
2333 3350 2474 3404 οὕτω
2503 3351 2598 3403 καὶ
2643 3350 2878 3403 ἐνταῦθα
2903 3350 2996 3404 τὸν
3025 3353 3253 3422 οὐρανὸν
3283 3352 3402 3406 ὅλον
3456 3355 3738 3426 ἁνθίστησι

2137 3434 2214 3503 τῷ
2258 3435 2392 3505 ναῷ.
2459 3435 2533 3488 Οὐ
2577 3434 2750 3504 τούτῳ
2805 3434 2860 3488 δὲ
2914 3435 3074 3504 μόνον
3108 3435 3166 3487 τὸ
3209 3435 3465 3507 διάφορον
3513 3439 3737 3504 ἔδειξεν,

2137 3517 2274 3572 ἀλλὰ
2317 3520 2411 3570 καὶ
2461 3516 2538 3587 τῷ
2593 3516 2910 3588 προσθεῖναι
2940 3519 3028 3570 τὸν
3063 3518 3214 3590 ἱερέα
3253 3520 3549 3593 ἐγγύτερον
3581 3523 3738 3589 γενό-

2140 3619 2301 3672 μενον
2323 3601 2417 3654 τοῦ
2455 3601 2591 3654 Θεοῦ
2614 3619 2628 3632 ο
2649 3600 3118 3671 Ἑμέρανισθῆναι
3140 3603 3432 3674 γὰρ,φησὶ,
3452 3603 3530 3670 τῷ
3552 3620 3739 3674 προσ-

2136 3685 2275 3748 ώπῳ
2323 3685 2429 3738 τοῦ
2485 3685 2652 3739 Θεοῦ.
2712 3687 2874 3738 Ὥστε
2910 3687 2970 3739 οὐ
3006 3687 3083 3758 τῷ
3125 3688 3340 3758 ούρανῷ
3386 3691 3566 3758 μόνον,
3601 3690 3739 3746 ἀλλὰ

2138 3770 2232 3821 καὶ
2263 3771 2328 3839 τῇ
2371 3769 2562 3836 εἰσόδῳ
2617 3767 2764 3840 [165]
2822 3769 2881 3821 τὸ
2929 3771 3163 3840 πρᾶγμα
3205 3772 3403 3842 σεμνὸν
3455 3773 3733 3844 ἐποίησεν.

2139 3852 2214 3903 υὺ
2238 3851 2347 3922 γὰρ
2376 3851 2583 3914 ἁπλῶς,
2615 3851 2805 3923 ὥσπερ
2833 3852 3092 3918 ἐνταῦθα,
3130 3853 3217 3907 διὰ
3268 3856 3578 3922 συμϐόλων,
3615 3855 3735 3910 ἀλλ’

2138 3935 2301 4012 αὐτὸν
2330 3937 2432 4007 ὁρᾷ
2463 3936 2552 3987 τὸν
2580 3935 2712 3989 Θεὸν
2733 3938 2868 3989 ἐκεῖ.
2943 3936 3104 4008 Ὁρᾷς
3141 3939 3223 3991 ὅτι
3268 3939 3736 4006 συγκαταϐάσεως

2139 4019 2326 4072 ἕνεκεν
2390 4018 2669 4089 πανταχοῦ
2721 4020 2788 4072 τά
2831 4022 3067 4074 ταπεινὰ
3098 4021 3347 4092 εῖρηταις
3404 4021 3469 4073 Τί
3517 4022 3581 4093 δὴ
3603 4022 3735 4076 θαυ-

2142 4102 2336 4172 μάζεις
2394 4101 2582 4154 λοιπὸν
2627 4103 2675 4153 εἰ
2715 4103 3067 4173 ἐντυγχάνει,
3099 4106 3236 4158 ὅπου
3279 4121 3344 4172 γε
3387 4105 3550 4158 αὑτὸν
3579 4107 3736 4176 ἵστη·-

2141 4202 2225 4237 σιν
2266 4184 2342 4248 ὡς
2387 4185 2679 4256 ἀρχιερέας
2734 4185 2873 4238 Οὐδ’
2921 4188 3022 4240 ἵνα
3074 4187 3374 4254 πολλάκις
3421 4189 3734 4260 προσφέρῃ

2139 4269 2378 4333 ἑαυτὸν,
2431 4272 2620 4338 φησὶν,
2657 4267 2861 4336 ὥσπερ
2907 4272 2940 4323 ό
2993 4270 3340 4339 ἀρχιερεὺς.
3400 4270 3736 4340 εἰσέρχεται

2139 4356 2228 4419 εἰς
2265 4353 2339 4406 τὰ
2394 4352 2535 4420 ἅγια
2569 4354 2696 4406 κατ’
2731 4353 3015 4407 ἐνιαυτὸν
3044 4354 3116 4407 ἐν
3157 4357 3360 4424 αἵματι
3409 4355 3730 4424 ἀλλοτρίῳ.

2143 4441 2227 4492 Οὐ
2267 4437 2378 4508 γὰρ
2436 4439 2524 4502 εἰς
2573 4439 2959 4506 χειροποίητα
3013 4438 3152 4507 ἅγια
3205 4437 3490 4508 εἰσῆλθε,
3543 4442 3730 4516 φησὶν,

2141 4525 2173 4576 ό
2201 4522 2476 4589 Χριστὸς,
2507 4521 2808 4575 ἀντίτυπα
2840 4520 2959 4574 τῶν
2985 4522 3310 4594 ἀληθινῶν.
3369 4529 3512 4598 ’Λρα
3549 4529 3736 4581 ἐκεῖνά

2139 4608 2288 4659 ἐστιν
2343 4606 2609 4681 ἀληθινὰ,
2671 4605 2843 4662 ταῦτα
2875 4609 2931 4662 δὲ
2990 4610 3152 4664 τύποι
3189 4629 3202 4642 ο
3241 4613 3333 4664 καὶ
3381 4613 3490 4683 γὰρ
3525 4612 3553 4663 6
3605 4611 3733 4675 ναὸς

2139 4689 2281 4746 οὓτω
2304 4693 2741 4757 κατεσκεύαστο,
2770 4691 2962 4763 ὥσπερ
3009 4697 3036 4747 6
3063 4696 3293 4765 οὐρανὸς
3339 4696 3431 4748 τοῦ
3471 4695 3730 4764 οὐρανοῦ.

2139 4773 2206 4828 Τί
2259 4775 2474 4844 λέγεις;
2528 4776 2623 4827 ἐὰν
2683 4774 2759 4844 μὴ
2812 4776 3030 4847 εἰσέλθῃ
3059 4780 3142 4839 εἰς
3200 4779 3292 4830 τὸν
3335 4778 3585 4848 οὐρανὸν,
3631 4778 3732 4829 οὐκ

2138 4859 2501 4929 ἐμφανίζεται
2537 4860 2565 4910 6
2603 4859 2880 4928 πανταχοῦ
2914 4859 3126 4929 παρὼν,
3166 4862 3259 4913 καὶ
3288 4861 3356 4912 τὰ
3384 4861 3562 4913 πάντα
3596 4861 3658 4912 π)
3672 4879 3734 4928 η-

2140 4943 2294 5015 ρῶν;
2371 4945 2536 5014 Ὁρᾷς
2600 4943 2682 4994 ὅτι
2733 4943 2832 5012 τῆς
2888 4943 3091 5013 σαρκός
3143 4947 3258 4995 ἐστι
3300 4944 3471 4996 ταῦτα
3519 4943 3726 5008 πάντα;

2137 5027 2250 5080 Καὶ
2297 5025 2765 5096 ἐμφανισθῆναι,
2799 5027 2954 5095 φησὶ,
2996 5024 3075 5090 τῷ
3102 5025 3402 5092 προσώπῳ
3435 5026 3540 5078 τοῦ
3579 5028 3730 5080 Θεοῦ

2136 5110 2292 5179 ὑπὲρ
2320 5111 2509 5179 ἡμῶν.
2572 5111 2637 5162 Τί
2688 5111 2858 5174 ἐστιν,
2895 5108 3064 5176 ’Υπὲρ
3094 5107 3299 5175 ἡμῶν;
3346 5111 3503 5162 Μετὰ
3536 5111 3729 5174 θυσίας

2136 5194 2361 5263 ἀνῆλθε,
2397 5195 2553 5264 φησὶ,
2579 5192 2887 5262 δυναμένης
2918 5192 3310 5256 ἐξιλεώσασθαι
3356 5193 3446 5245 τὸν
3483 5194 3727 5265 Πατέρα.

2135 5277 2234 5329 Διὰ
2258 5276 2332 5339 τί,
2365 5277 2487 5328 εἰπέ
2512 5292 2639 5345 μοις
2675 5274 2750 5345 μὴ
2783 5274 2890 5345 γὰρ
2913 5275 3077 5337 αὐτὸς
3099 5271 3166 5345 ἦν
3189 5278 3216 5328 ό
3246 5275 3473 5346 ἐχθρός;
3541 5277 3604 5330 Οἰ
3635 5276 3731 5344 ἄγ-

2134 5361 2281 5429 γελοι
2307 5359 2493 5430 ἐχθροὶ
2520 5355 2681 5429 ἦσαν,
2731 5360 2892 5421 αὐτὸς
2935 5361 3034 5412 ούκ
3057 5355 3124 5430 ἦν
3150 5359 3342 5433 ἐχθρός
3368 5376 3380 5389 ·
3429 5361 3510 5413 ὅτι
3542 5361 3650 5431 γὰρ
3677 5363 3727 5413 οἱ

2133 5444 2354 5512 ἄγγελοι
2375 5443 2469 5512 ἐχθ
2481 5445 2562 5513 pol
2575 5441 2732 5514 ἦσαν,
2754 5443 2986 5496 ἄκουσον
3005 5445 3057 5496 τί
3081 5446 3729 5514 φησιν.1ἰίρηνοποίησε

2131 5528 2204 5580 τὰ
2223 5525 2320 5579 ἐπὶ
2351 5526 2461 5593 τῆς
2491 5525 2623 5595 γῆς,
2682 5526 2780 5578 καὶ
2832 5527 2904 5580 τὰ
2935 5527 3004 5579 ἐν
3037 5527 3161 5594 τοῖς
3195 5528 3474 5595 οὐρανοῖς
3522 5544 3534 5557 ·
3585 5528 3726 5582 ὥστε

2132 5609 2312 5672 καλῶς
2381 5605 2570 5671 εἶπεν,
2637 5611 2718 5662 ὃτι
2775 5612 2872 5662 καὶ
2930 5612 3093 5674 αὐτὸς
3149 5612 3456 5680 Εἰσῆλθεν
3488 5615 3575 5678 εἰς
3619 5614 3729 5667 τὸν

2131 5695 2430 5762 οὐρανὸν,
2479 5695 2596 5748 νῦν
2637 5694 3082 5764 ἐμφανισθῆναι
3134 5696 3214 5762 τῷ
3252 5697 3554 5765 προσώπῳ
3617 5698 3727 5750 τοῦ

2133 5779 2282 5833 Θεοῦ
2334 5777 2487 5846 ὑπὲρ
2549 5777 2734 5846 ἡμῶν.
2817 5779 2930 5831 Νῦν
2980 5781 3359 5849 ἐμφανίζεται,
3415 5779 3530 5832 ἀλλ’
3581 5779 3727 5850 ὑπὲρ

2132 5863 2308 5934 ήμῶν.
2383 5863 2520 5918 Οὐδ’
2569 5864 2668 5917 ἵνα
2729 5863 3028 5930 πολλάκις
3094 5867 3406 5932 προίγέὲρῃ
3483 5861 3723 5927 ἑαυτὸν,
