4172 6448
403 381 512 435 120

411 490 524 524 non
562 483 727 535 esset,
760 482 811 525 et
842 473 1012 527 multa
1041 474 1243 528 offerre.
1270 486 1547 544 oporteret
1574 479 1860 540 sacrificia,
1885 496 2028 549 sa-pe

409 575 699 634 oporteret
727 568 991 637 crucifigi.
1027 569 1269 640 Alioquin
1310 572 1579 641 oportebat
1603 589 1719 626 eum
1745 575 2031 645 frequenter

420 661 535 731 pati
562 661 630 714 ab
661 661 861 730 origine
898 662 1097 719 mundi.
1130 662 1227 717 Hic
1254 663 1417 717 etiam
1448 662 1701 734 quiddam
1734 662 2039 715 abscondit.

423 752 588 806 Nunc
608 762 784 805 autem
811 754 968 806 semel
1012 756 1064 807 in
1093 752 1528 809 consummatione
1554 754 1879 809 saeculorum.
1914 753 2041 818 Cur,

424 846 489 899 In
516 849 967 901 consummatione
1001 848 1306 901 saeculorum
1323 849 1348 901 ?
1379 848 1501 903 Post
1528 849 1694 903 multa
1720 855 1961 917 peccata.
1986 846 2043 901 Si

424 944 568 997 enim
608 945 747 997 facta
773 944 1003 997 fuissent
1024 943 1091 997 ab
1113 945 1287 1010 initio,
1312 960 1471 1000 nemo
1490 956 1667 1000 autem
1696 942 2041 1005 credidisset,

421 1036 609 1089 omnia
642 1052 768 1105 quae
797 1034 863 1089 ad
893 1038 1255 1090 oeconomiam
1301 1040 1579 1107 pertinent
1604 1040 1834 1093 fuissent
1875 1037 2039 1093 inuti.

415 1127 519 1185 lia:
568 1144 676 1181 non
702 1126 992 1195 Oportebat
1029 1129 1172 1183 enim
1219 1130 1413 1184 iterum
1454 1132 1593 1185 mori
1634 1131 1929 1193 Christum,
1968 1130 2038 1183 ita

415 1232 472 1275 ut
496 1222 575 1275 sic
595 1222 762 1275 etiam
788 1220 1102 1275 efficeretur
1119 1222 1259 1291 quod
1282 1224 1656 1293 quterebatur:
1678 1224 1933 1295 quoniam
1954 1238 2041 1277 au-

410 1325 522 1367 tem
540 1324 731 1381 postea
749 1315 914 1365 multa
932 1314 1150 1367 fuerunt
1163 1326 1400 1383 peccata,
1418 1316 1614 1370 merito
1630 1324 1754 1370 tunc
1768 1316 2036 1386 apparuit.

407 1406 569 1473 Quod
602 1406 825 1474 quidem
857 1405 990 1459 dicit
1020 1407 1182 1461 etiam
1208 1408 1336 1461 alibi
1382 1425 1394 1459 :
1434 1408 1532 1463 Ubi
1558 1407 1832 1462 abundavit
1859 1424 2038 1479 pecca-

406 1510 541 1563 tam,
568 1498 1013 1567 superabundavit
1039 1509 1085 1549 et
1113 1500 1277 1570 gratia
1308 1500 1487 1569 (Rom.
1518 1501 1571 1557 5.
1601 1500 1715 1571 20).
1762 1500 1920 1554 Nunc
1939 1517 2037 1553 au-

404 1601 540 1653 tem,
593 1590 813 1659 inquit,
862 1588 1023 1643 semel
1051 1590 1105 1643 in
1154 1592 1588 1646 consummatione
1625 1593 1924 1648 steculorum
1968 1592 2036 1645 ad

402 1682 797 1735 destitutionem
844 1680 1038 1749 peccati
1084 1697 1173 1750 per
1204 1680 1423 1735 hostiam
1463 1699 1608 1736 suam
1646 1683 1906 1753 apparuit.
1937 1682 2029 1736 ‘27.

402 1775 470 1827 lit
522 1773 969 1838 quemadmodum
992 1781 1241 1831 statutum
1285 1785 1357 1829 est
1375 1774 1664 1830 hominibus
1687 1777 1843 1831 semel
1878 1777 2027 1843 mori,

397 1876 516 1937 post
547 1867 647 1918 hac
675 1874 850 1919 autem
870 1865 1151 1936 judicium.

471 1959 529 2012 9..
564 1960 706 2012 Cum
738 1957 1067 2012 OalCﬂtllSSCl.
1100 1957 1248 2012 illum
1276 1972 1383 2013 non
1418 1974 1561 2029 smpe
1590 1961 1726 2014 mori
1754 1960 2027 2026 debuisse,

398 2056 534 2109 dicit
565 2055 734 2108 etiam
768 2069 865 2107 cur
901 2052 1073 2107 semel
1104 2063 1184 2107 est
1223 2062 1471 2108 mortuus
1500 2070 1513 2109 :
1549 2070 1743 2124 nempe
1776 2056 2027 2126 quoniam

402 2149 567 2201 unius
610 2146 804 2201 mortis
850 2144 948 2199 fuit
995 2145 1229 2213 pretium
1280 2146 1669 2215 redemptionis
1713 2165 1727 2201 :
1766 2148 2030 2201 Statutum

413 2250 549 2306 erat,
575 2241 767 2309 inquit,
792 2237 1029 2291 omnibus
1057 2237 1344 2290 hominibus
1374 2238 1529 2291 semel
1556 2240 1705 2293 mori.
1743 2240 1852 2294 lloc
1874 2256 2024 2310 ergo,

422 2334 600 2387 semel
646 2343 880 2387 mortuus
919 2341 1026 2398 est,
1070 2347 1167 2402 pro
1213 2333 1463 2388 omnibus
1508 2333 1837 2390 hominibus.
1888 2336 2027 2404 Quid

423 2426 600 2481 vero?
640 2440 810 2479 annon
850 2425 1033 2480 adhuc
1081 2433 1255 2480 morte
1295 2424 1386 2479 illa
1431 2426 1730 2482 morimur?
1770 2428 2029 2485 Moriatur

412 2520 657 2592 quidem,
680 2520 775 2576 sed
802 2522 855 2574 in
878 2536 941 2575 ea
973 2534 1081 2574 non
1111 2534 1413 2585 manemus,
1438 2520 1579 2590 quod
1610 2538 1677 2575 ne
1699 2532 1781 2575 est
1806 2522 2024 2592 quidem

408 2615 570 2670 mori.
616 2614 801 2669 Mortis
846 2613 991 2668 enim
1040 2612 1283 2685 tyrannis
1322 2622 1377 2667 et
1418 2628 1545 2669 vere
1593 2624 1674 2668 est
1724 2614 1813 2669 illa
1855 2630 2022 2685 mors,

400 2708 624 2781 quando
654 2716 871 2763 mortuo
901 2722 1009 2761 non
1039 2714 1121 2761 est
1147 2706 1381 2776 amplius
1408 2722 1727 2762 concessum
1754 2718 1810 2761 ut
1841 2709 2024 2763 redeat

394 2803 463 2857 ad
495 2801 674 2856 vitam
713 2819 727 2855 :
760 2799 981 2871 quando
1009 2809 1189 2854 autem
1226 2799 1371 2853 vivet
1414 2808 1537 2869 post
1575 2808 1827 2865 mortem,
1863 2799 2024 2871 idque

392 2895 504 2950 vita
537 2894 801 2959 meliore,
833 2892 939 2947 hoc
968 2907 1076 2946 non
1109 2899 1193 2946 est
1222 2905 1405 2957 mors,
1442 2890 1537 2945 sed
1567 2891 1838 2947 dormitio.
1873 2894 2021 2961 Quo-

390 2990 542 3045 niam
588 3003 725 3059 ergo
774 2986 1018 3041 futurum
1062 2994 1181 3040 erat
1230 2993 1286 3039 ut
1326 2998 1471 3039 mors
1509 2999 1701 3039 omnes
1731 2986 2018 3052 detineret,

390 3093 695 3155 prOptcrea
743 3090 829 3138 est
880 3090 1129 3135 mortuus
1175 3088 1231 3134 ut
1271 3094 1371 3134 nos
1420 3079 1699 3133 liberaret.
1727 3079 1819 3136 28.
1852 3081 1943 3136 Sic
1973 3092 2021 3135 et

390 3178 635 3231 Christus
680 3175 839 3230 semel
882 3174 1083 3228 oblatus
1130 3180 1221 3225 est.
1262 3172 1306 3226 Α
1338 3186 1445 3241 quo
1476 3172 1732 3227 oblatus?
1762 3172 1803 3226 A
1838 3174 2019 3243 seipso

365 3269 629 3324 ’scilicet.
665 3268 763 3322 llic
796 3282 907 3321 non
938 3265 1111 3319 solum
1139 3280 1261 3318 eum
1293 3262 1423 3318 dicit
1448 3263 1808 3331 sacerdotem,
1838 3265 1932 3320 sed
1965 3275 2019 3322 et

389 3363 634 3417 hostiam
666 3369 722 3415 et
754 3358 1104 3414 sacrificium.
1156 3356 1362 3411 Deinde
1398 3371 1615 3411 causam
1645 3356 1801 3412 affert
1826 3373 1923 3413 cur
1947 3360 2020 3414 sit

388 3456 655 3507 oblatus:
683 3450 898 3514 Semel,
932 3446 1128 3519 inquit,
1162 3447 1361 3502 oblatus
1400 3447 1468 3500 ad
1509 3446 1787 3502 multorum
1825 3451 2020 3505 eas/tau-

391 3536 585 3589 rienda
614 3545 843 3609 peccata.
877 3535 987 3590 Cur
1013 3537 1304 3592 multorum
1332 3546 1388 3593 et
1418 3552 1523 3591 non
1554 3534 1829 3590 omnium?
1866 3534 2013 3600 Quo—

384 3627 542 3682 niam
578 3640 689 3680 non
723 3641 915 3681 omnes
944 3625 1315 3683 crediderunt.
1363 3629 1467 3683 Pro
1504 3626 1755 3681 omnibus
1793 3623 2010 3696 quidem

383 3734 471 3777 est
503 3732 780 3788 mortuus,
812 3731 869 3775 ut
909 3736 1101 3777 omnes
1142 3734 1405 3789 servaret,
1434 3731 1692 3793 quantum
1730 3718 1797 3774 ad
1839 3720 2013 3788 ipsum

383 3817 591 3869 attinet
615 3832 626 3867 :
648 3829 797 3869 mors
827 3814 970 3870 enim
1002 3815 1090 3869 illa
1107 3832 1176 3870 ex
1197 3830 1354 3886 sequo
1386 3814 1747 3884 respondebat
1772 3812 2012 3867 omnium

387 3908 693 3963 interitui:
742 3924 847 3962 non
893 3908 1143 3964 exhausit
1190 3918 1368 3965 autem
1418 3918 1473 3964 et
1511 3907 1726 3963 sustulit
1773 3906 2014 3961 onmium

390 4013 646 4072 peccata,
682 4011 972 4071 propterea
1003 4003 1147 4073 quod
1176 4003 1277 4074 ipsi
1306 4003 1597 4058 noluerint.
1623 4001 1759 4070 Quid
1796 4009 1880 4055 est
1907 4014 2004 4054 au-

392 4107 527 4160 tem,
589 4091 798 4147 Tollere
848 4095 1099 4162 peccata?
1127 4094 1279 4150 Sicut
1307 4095 1360 4150 in
1388 4094 1665 4149 oblatione
1692 4092 2016 4163 proferimus

390 4190 555 4242 etiam
583 4196 809 4257 peccata
838 4188 1122 4244 dicentes:
1145 4189 1273 4245 Sive
1295 4191 1561 4251 volentes.
1586 4188 1701 4243 sive
1718 4186 1867 4241 inviti
1887 4201 2013 4256 pec-

304 4298 309 4301 ·
389 4283 667 4347 cavimus,
692 4280 943 4337 condona
973 4299 988 4337 :
1015 4282 1119 4338 hoc
1151 4293 1254 4351 est,
1284 4285 1518 4354 primum
1552 4284 1793 4350 ipsorum
1822 4280 2015 4335 memi-

388 4374 599 4439 nimus,
644 4381 699 4428 et
725 4383 853 4428 tunc
884 4375 1119 4444 petimus
1164 4385 1222 4431 ut
1257 4376 1674 4431 condoneutur:
1709 4374 1814 4429 hoc
1841 4373 2015 4443 ipsum

388 4465 483 4521 hic
512 4480 741 4536 quoque
770 4464 849 4519 ﬁt.
884 4464 987 4521 Ubi
1018 4468 1122 4523 hoc
1160 4466 1288 4523 fecit
1318 4468 1600 4524 Christus?
1645 4467 1785 4522 Audi
1841 4468 2013 4536 ipsum

390 4557 681 4612 dicentem
709 4574 721 4609 :
750 4555 818 4610 Et
845 4573 937 4627 pro
965 4558 1093 4628 ipsis
1118 4561 1384 4629 sancti/ica
1412 4560 1657 4629 meipsum
1686 4559 1703 4627 (
1727 4557 1888 4612 Joan.
1925 4560 2011 4612 17.

390 4649 516 4717 19).
558 4649 789 4703 Peccata
823 4649 1045 4704 abstulit
1078 4650 1145 4705 ab
1170 4652 1496 4719 hominibus,
1531 4659 1586 4706 et
1616 4650 1762 4705 Patri
1792 4650 2010 4714 obtulit,

388 4758 505 4795 non
541 4749 603 4794 ut
632 4739 840 4811 aliquid
870 4740 1131 4797 adversus
1160 4742 1306 4812 ipsos
1333 4752 1628 4807 statueret,
1673 4742 1767 4797 sed
1810 4752 1867 4796 ut
1903 4743 2018 4811 ipsa

386 4834 731 4889 remitteret.
780 4833 1023 4887 Secundo
1064 4835 1175 4889 sine
1216 4845 1424 4905 peccato
1453 4833 1720 4904 apparebit
1751 4832 2015 4898 omnibus,

388 4926 599 4995 inquit,
625 4924 1042 4994 exspectantibus
1069 4942 1183 4979 eum
1207 4927 1260 4980 in
1284 4927 1517 4981 salutem.
1549 4925 1688 4992 Quid
1710 4935 1793 4981 est
1812 4934 2017 4991 autem,

390 5022 529 5076 Sine
556 5018 816 5091 peccato?
846 5017 961 5072 Non
991 5018 1057 5072 ad
1092 5027 1311 5089 peccata
1342 5020 1653 5087 delendum,
1685 5034 1862 5091 neque
1890 5034 2018 5089 pro-

391 5126 523 5185 pter
550 5112 868 5181 iniquitates
896 5111 1094 5168 iterum
1125 5114 1341 5179 veniet,
1372 5122 1433 5168 ut
1464 5129 1679 5169 rursum
1713 5114 1975 5168 moriatur
2004 5130 2018 5165 :

337 5256 347 5283 ί
391 5224 507 5260 ιιοί
544 5205 695 5259 enim
727 5203 871 5273 quod
909 5204 1080 5258 semel
1124 5214 1367 5260 mortuus
1402 5208 1503 5270 sit,
1539 5206 1679 5261 mori
1708 5205 1913 5261 debeus
1939 5212 2023 5260 est

393 5309 677 5367 mortuus.
714 5298 1002 5365 Quomodo
1027 5300 1351 5368 apparebit?
1384 5300 1642 5367 Puniens,
1683 5301 1879 5371 inquit.
1912 5299 2021 5355 Sed

392 5394 501 5448 hoc
531 5408 643 5447 non
669 5391 823 5457 dixit,
850 5408 1035 5447 verum
1069 5393 1119 5446 id
1147 5393 1288 5462 quod
1315 5406 1397 5449 est
1420 5393 1599 5448 laetum
1623 5403 1674 5449 et
1700 5394 2022 5465 jucundum,

395 5489 534 5543 Sine
562 5495 775 5558 peccato
809 5487 1079 5557 apparebit
1110 5487 1173 5540 iis
1202 5488 1292 5556 qui
1323 5488 1491 5557 ipsum
1520 5498 1814 5557 exspectant
1840 5488 1909 5542 ad
1934 5506 2024 5543 sa-

393 5583 561 5636 lutem
594 5596 613 5633 :
642 5589 701 5633 ut
730 5578 799 5633 de
824 5587 1025 5635 caetero
1055 5594 1161 5633 non
1185 5580 1415 5649 amplius
1436 5596 1571 5649 opus
1597 5580 1827 5635 habeant
1856 5581 2025 5635 sacri-

397 5676 547 5737 ficio,
575 5682 633 5726 ut
665 5671 801 5726 salvi
833 5671 963 5736 sint,
994 5671 1090 5726 sed
1120 5688 1188 5725 ex
1218 5672 1474 5741 operibus
1499 5671 1601 5727 hoc
1628 5673 1840 5727 faciant.
1874 5671 2021 5743 (Cap.

394 5768 493 5835 10)
532 5766 586 5819 1.
623 5763 875 5819 Umbram
927 5766 1085 5830 enim,
1135 5764 1328 5834 inquit,
1376 5764 1565 5818 habens
1613 5765 1696 5818 lea:
1736 5768 2027 5835 futurorum

394 5864 676 5916 bonorum.
710 5872 811 5911 non
848 5857 1018 5922 ipsam
1060 5856 1334 5924 imaginem
1372 5872 1539 5911 rerum
1576 5855 1723 5911 :ltoc
1765 5867 1880 5923 est,
1923 5872 2028 5911 non

1246 381 1309 437 ΙΝ
1354 381 1569 437 EPIST.
1617 381 1705 436 AD
1749 380 2113 439 ιιΕΒιιΑῑυε.
2156 382 2310 437 CAP.
2355 382 2424 438 Χ.
2471 383 2706 438 HOMIL.
2750 381 2914 438 XVII.

3628 386 3728 443 I50

2130 482 2299 550 ipsam
2342 482 2647 537 veritatem.
2693 485 3158 553 Quemadmodum
3191 489 3333 545 enim
3368 490 3421 545 in
3452 490 3689 564 imagine
3713 538 3730 563 ,

2128 575 2299 629 donec
2333 576 2556 645 pictura:
2586 577 2754 632 additi
2785 578 2985 633 fuerint
3010 582 3220 637 colores
3243 624 3257 648 ,
3298 598 3405 638 non
3436 584 3620 642 videre
3650 598 3736 643 est

2128 667 2230 720 nisi
2266 666 2508 721 umbram
2545 679 2785 734 tantum;
2822 672 2911 725 ubi
2942 688 3093 741 vero,
3125 675 3402 731 coloribus
3430 677 3732 749 impositis,

2130 759 2271 813 nitor
2302 761 2633 830 supervenit,
2662 771 2787 815 tunc
2820 762 2876 815 fit
2906 763 3104 835 imago.
3151 766 3282 823 Tale
3325 769 3598 839 quidpiam
3648 773 3731 828 lex

2129 868 2342 923 quoque
2372 862 2508 909 erat.
2542 853 2785 909 Umbram
2814 856 2965 924 enim,
2992 858 3187 929 inquit,
3214 860 3403 915 habens
3424 863 3507 917 lea:
3533 866 3736 936 [antro-

2127 957 2246 993 rum
2278 942 2558 1005 bonorum,
2597 958 2700 994 non
2737 945 2908 1010 ipsam
2936 947 3220 1014 imaginem
3252 963 3462 1012 rerum;
3492 948 3597 1002 hoc
3623 954 3731 1013 est,

2125 1030 2407 1095 sacrificii,
2428 1033 2793 1088 remissionis.
2810 1034 2916 1089 Per
2938 1036 3175 1107 singulos
3200 1054 3365 1091 annos
3388 1037 3732 1108 eisdemipsis

2124 1125 2334 1190 hostiis,
2373 1141 2507 1194 quas
2551 1124 2783 1193 offerunt
2816 1127 3199 1193 indesinenter,
3239 1147 3528 1200 numquam
3558 1139 3734 1201 potest

2125 1219 2433 1272 accedentes
2457 1218 2718 1288 perfectos
2747 1220 2922 1289 facere
2943 1234 2959 1275 .‘
2981 1222 3037 1274 2.
3067 1222 3271 1293 alioqui
3298 1240 3401 1277 non
3429 1233 3733 1280 cessassent

2124 1310 2329 1379 offerri,
2362 1310 2479 1362 ideo
2507 1309 2648 1379 quod
2677 1310 2881 1364 nullam
2911 1312 3160 1367 haberent
3183 1315 3327 1367 ultra
3349 1317 3731 1370 conscientiam

2122 1403 2352 1457 cultores
2383 1406 2543 1457 semel
2576 1404 2925 1460 mundati:3.
2951 1410 3041 1461 sed
3063 1409 3117 1461 in
3139 1408 3270 1477 ipsis
3291 1412 3729 1465 commemoratio

2120 1505 2455 1565 peccatorum
2484 1513 2578 1565 per
2606 1498 3049 1569 singulosannos
3079 1502 3161 1570 ﬁt.
3195 1501 3249 1555 4.
3285 1500 3628 1572 Impossibile
3645 1514 3728 1558 est

2120 1587 2256 1641 enim
2291 1589 2539 1658 sanguine
2580 1599 2840 1641 taurorum
2877 1598 2923 1642 et
2962 1589 3221 1642 hircorum
3260 1591 3452 1661 auferri
3488 1602 3718 1661 peccata.

2120 1680 2175 1735 5.
2208 1679 2333 1733 Ideo
2355 1681 2642 1751 ingrediens
2669 1681 2936 1745 mundum,
2969 1682 3093 1734 dicit
3124 1697 3143 1734 .·
3174 1680 3411 1736 llostiam
3439 1692 3487 1736 et
3514 1682 3725 1736 oblatio-

2120 1790 2234 1827 nem
2264 1772 2489 1838 noluisti,
2521 1790 2707 1842 corpus
2731 1783 2901 1826 autem
2932 1773 3121 1843 optasti
3150 1774 3275 1827 milii
3300 1790 3320 1827 .'
3343 1773 3395 1829 6.
3426 1773 3725 1828 holocausta

2119 1874 2165 1918 et
2197 1881 2289 1934 pro
2314 1874 2518 1935 peccato
2546 1881 2645 1918 non
2678 1865 2766 1917 tibi
2790 1865 3111 1935 placuerunt.
3148 1866 3199 1919 7.
3234 1865 3379 1919 Tunc
3406 1866 3515 1921 dixi
3548 1882 3567 1919 :
3592 1865 3728 1921 Ecce

2119 1960 2262 2013 venio
2300 1959 2379 2030 (in
2413 1960 2576 2029 capite
2603 1958 2719 2012 libri
2749 1959 2994 2029 scriptum
3021 1967 3092 2012 est
3123 1958 3185 2011 de
3216 1957 3349 2027 me),
3390 1968 3443 2012 ut
3485 1960 3676 2029 faciant
3702 1999 3719 2026 ,

2119 2053 2259 2109 Deus
2280 2096 2293 2117 ,
2331 2054 2642 2108 voluntatem
2681 2067 2839 2105 tuam.
2874 2052 2928 2107 8.
2963 2050 3215 2119 Superius
3240 2052 3433 2118 dicens,
3464 2052 3603 2122 quod
3628 2051 3723 2105 Ito-

2116 2149 2266 2215 stias,
2295 2148 2572 2201 oblationes
2602 2157 2649 2201 et
2681 2147 3093 2200 holocautomata
3119 2162 3213 2215 pro
3242 2155 3444 2214 peccato
3473 2144 3719 2214 noluisti,

2118 2256 2208 2293 nec
2255 2240 2446 2309 placita
2487 2249 2604 2293 sunt
2640 2238 2729 2292 tibi
2771 2254 2886 2309 qua:
2914 2238 3192 2292 secundum
3222 2239 3382 2310 legem
3409 2237 3718 2305 oﬂ'eruntur,

2116 2332 2171 2389 9.
2202 2342 2320 2385 tunc
2345 2332 2454 2385 disi
2475 2346 2494 2384 :
2523 2331 2658 2384 Ecce
2682 2332 2848 2395 venio,
2879 2342 2934 2384 ut
2966 2332 3154 2401 faciam
3175 2373 3189 2397 ,
3222 2329 3380 2395 Deus,
3412 2332 3722 2385 voluntatem

2118 2432 2280 2477 tuam.
2306 2422 2489 2494 Aufert
2520 2426 2759 2492 primum,
2786 2432 2841 2475 ut
2866 2439 3076 2492 sequens
3103 2431 3313 2477 statuat.
3344 2422 3506 2479 Vides
3533 2439 3723 2480 rursus

2118 2517 2543 2573 abundantiam?
2583 2516 2696 2572 Una
2722 2528 2825 2583 eSt,
2858 2518 3058 2588 inquit,
3094 2516 3208 2571 haec
3240 2516 3450 2585 hostia;
3482 2517 3588 2572 illa:
3617 2533 3719 2574 au-

2119 2621 2227 2668 tem
2261 2614 2444 2669 multa:
2474 2631 2487 2666 :
2521 2613 2640 2668 ideo
2666 2613 2809 2668 enim
2839 2629 2939 2669 nec
2964 2613 3176 2678 validze,
3211 2614 3334 2683 quia
3360 2623 3486 2669 sunt
3517 2613 3739 2669 multaa.‘

2190 2709 2241 2765 5.
2278 2709 2549 2777 Sacriﬁcia
2567 2707 2874 2763 Iudaeorum
2899 2725 3050 2781 quam
3071 2710 3374 2779 in/irma.—
3390 2709 3526 2777 Quid
3550 2710 3719 2781 enim,

2116 2801 2205 2857 dic
2228 2816 2435 2873 qumso,
2468 2818 2603 2871 opus
2634 2812 2745 2857 erat
2778 2802 2982 2868 multis,
3006 2818 3129 2857 cum
3159 2818 3264 2857 una
3292 2802 3561 2858 sufficiat?
3588 2803 3725 2858 Pro-

2119 2903 2305 2964 pterea
2345 2894 2549 2958 multm,
2582 2903 2637 2948 et
2665 2894 2809 2963 quod
2841 2909 3059 2963 semper
3080 2893 3399 2961 offerantur,
3430 2894 3725 2950 ostendunt

2117 3002 2212 3042 eos
2243 3002 2535 3057 numquam
2571 2986 2839 3042 mundari.
2888 2986 3038 3042 Sicut
3066 2988 3210 3043 enim
3239 2988 3719 3059 medicamentum,

2115 3097 2239 3135 cum
2278 3080 2441 3136 fuerit
2468 3081 2737 3146 validum,
2770 3091 2824 3137 et
2853 3082 3097 3137 efficiens
3136 3082 3414 3145 sanitatis,
3452 3092 3506 3137 et
3537 3082 3723 3138 valens

2116 3188 2334 3229 onmem
2367 3174 2612 3228 morbum
2643 3174 2982 3244 propulsare,
3016 3173 3187 3229 semel
3219 3174 3527 3245 impositum
3558 3175 3725 3231 efficit

2118 3267 2432 3321 universum
2465 3284 2477 3320 :
2508 3268 2651 3337 quod
2695 3267 2739 3322 si
2780 3268 2949 3323 semel
2990 3268 3297 3339 impositum
3329 3278 3495 3323 totum
3525 3284 3721 3339 opera~

2120 3368 2236 3423 tur,
2267 3358 2506 3413 ostendit
2532 3359 2637 3412 vim
2665 3374 2815 3413 suam
2846 3374 2912 3414 eo
2951 3360 3091 3430 quod
3133 3375 3237 3413 non
3276 3360 3507 3431 amplius
3546 3361 3723 3431 impo-

2118 3457 2299 3515 natur,
2330 3459 2383 3503 et
2410 3450 2511 3503 hoc
2536 3459 2619 3505 est
2644 3451 2811 3519 ipsius
2832 3466 2987 3519 opus,
3013 3451 3152 3519 quod
3182 3468 3287 3505 non
3312 3452 3543 3520 amplius
3567 3468 3725 3508 usur-

2118 3539 2314 3602 petur:
2342 3531 2427 3585 sin
2452 3539 2635 3585 autem
2662 3532 3237 3603 semperimponatur,
3256 3543 3339 3589 est
3366 3536 3719 3606 perspicuum

2118 3623 2265 3694 quod
2286 3624 2491 3677 nullam
2518 3624 2625 3678 vim
2655 3624 2948 3693 habuerit;
2982 3635 3067 3681 est
3088 3626 3234 3681 enim
3266 3625 3444 3682 virtus
3474 3627 3719 3684 medica-

2120 3712 2289 3768 menti
2327 3713 2493 3767 semel
2528 3712 2761 3782 imponi,
2794 3722 2848 3767 et
2876 3730 2988 3769 non
3023 3728 3166 3784 saepe
3196 3734 3205 3767 :
3245 3714 3318 3769 ita
3346 3715 3435 3769 hic
3464 3732 3720 3788 quoque;

2117 3821 2218 3860 cur
2247 3805 2467 3859 tandem
2495 3804 2689 3859 iisdem
2718 3821 2936 3875 semper
2967 3815 3236 3861 curantur
3258 3806 3647 3863 hostiis?Nam
3672 3810 3720 3865 si

2125 3905 2312 3954 essent
2338 3897 2552 3952 liberati
2585 3896 2653 3951 ab
2681 3898 2939 3953 omnibus
2964 3899 3227 3969 peccatis,
3254 3914 3365 3954 non
3387 3899 3723 3958 offerrentur

2123 3990 2321 4046 hostiae
2353 3989 2600 4061 quotidie
2632 4008 2644 4043 :
2672 3998 2832 4044 erant
2861 3990 3007 4044 enim
3047 3989 3382 4055 constitutas,
3414 3998 3476 4045 ut
3499 4006 3724 4063 semper

2119 4082 2451 4138 offerrentur
2481 4098 2579 4153 pro
2605 4083 2807 4153 populo
2837 4083 3117 4146 universo,
3145 4090 3199 4136 et
3224 4097 3449 4151 vespere
3471 4090 3524 4136 et
3549 4082 3723 4139 inter-

2116 4165 2227 4219 diu.
2265 4168 2393 4222 Erat
2428 4170 2606 4239 itaque
2637 4171 2689 4225 id
2717 4172 2857 4240 quod
2888 4172 3087 4239 fiebat,
3122 4184 3464 4243 peccatorum
3494 4190 3718 4231 accusa-

2116 4259 2212 4324 tio,
2245 4275 2352 4313 non
2383 4262 2613 4327 solutio;
2648 4266 2920 4321 accusatio
2952 4266 3301 4335 infirmitatis,
3334 4283 3438 4324 non
3477 4270 3719 4326 ostensio

2115 4350 2351 4405 virtutis.
2398 4351 2530 4405 Nam
2579 4354 2834 4423 quoniam
2882 4356 3049 4426 prima
3103 4358 3236 4412 nihil
3286 4359 3567 4426 valuerat,
3613 4361 3719 4416 alia

2116 4458 2329 4515 quoque
2354 4445 2714 4513 offerebatur;
2749 4458 2803 4503 et
2833 4450 3088 4519 quoniam
3119 4450 3233 4520 ipsa
3262 4451 3398 4506 nihil
3425 4452 3724 4520 efficiebat,

2115 4551 2303 4592 rursus
2338 4538 2443 4591 alia
2473 4556 2486 4591 :
2519 4548 2573 4593 et
2615 4540 2735 4595 ideo
2778 4540 2868 4596 illa
2899 4551 3018 4597 erat
3048 4552 3391 4613 peccatorum
3429 4546 3719 4601 convictio.

2116 4632 2291 4702 Atque
2319 4632 2462 4703 quod
2493 4632 2752 4689 offeratur
2782 4636 3033 4706 quidem,
3070 4639 3247 4708 arguit
3283 4648 3536 4709 peccata;
3574 4639 3720 4711 quod

2114 4737 2294 4781 autem
2328 4742 2575 4799 semper,
2605 4731 2780 4799 arguit
2809 4731 3253 4787 imbecillitatem.
3287 4731 3343 4788 ln
3376 4730 3592 4788 Christo
3620 4748 3719 4788 au-

2118 4833 2224 4877 tem
2253 4834 2439 4879 contra
2472 4842 2485 4878 :
2517 4825 2685 4879 semel
2718 4835 2801 4880 est
2828 4826 3062 4893 oblatus,
3095 4835 3151 4882 et
3181 4828 3235 4881 in
3270 4837 3585 4899 perpetuum
3626 4841 3719 4883 sa-

2116 4919 2185 4972 tis
2212 4918 2331 4973 fuit.
2372 4919 2451 4974 Ac
2490 4928 2637 4974 recte
2666 4920 2802 4975 dixit
2846 4921 2936 4975 illa
2977 4921 3304 4991 exemplaria
3339 4938 3352 4974 :
3383 4936 3515 4991 ergo
3541 4922 3719 4979 solum

2118 5011 2317 5066 habent
2341 5022 2544 5083 typum,
2576 5027 2683 5067 non
2711 5012 2965 5067 virtutem
2999 5030 3011 5067 :
3044 5014 3184 5068 sicut
3213 5015 3264 5068 in
3297 5013 3622 5084 imaginibus
3652 5014 3717 5068 fi-

2116 5122 2302 5176 guram
2344 5105 2580 5162 hominis
2629 5106 2793 5161 habet
2830 5108 3026 5177 imago,
3061 5124 3166 5161 non
3204 5107 3479 5162 virtutem.
3512 5107 3630 5176 Quo
3662 5107 3719 5163 fit

2115 5208 2174 5253 ut
2196 5214 2382 5253 verum
2405 5206 2458 5254 ct
2482 5198 2648 5270 figura
2673 5198 2906 5253 habeant
2932 5199 3071 5254 inter
3093 5213 3151 5253 se
3172 5198 3373 5269 aliquid
3395 5213 3717 5256 commune:

2119 5308 2215 5363 par
2258 5302 2342 5347 est
2380 5292 2525 5347 enim
2572 5294 2771 5363 figura,
2806 5292 2976 5346 virtus
3018 5302 3196 5347 autem
3241 5308 3601 5366 nequaquam.
3643 5295 3719 5350 Ita

2117 5388 2277 5442 etiam
2306 5386 2358 5440 in
2381 5387 2516 5441 caelo
2538 5398 2591 5441 et
2616 5388 2668 5441 in
2699 5386 3079 5451 tabernaculo;
3113 5398 3229 5443 erat
3251 5389 3392 5445 enim
3418 5406 3514 5460 par
3537 5400 3716 5463 typus,

2117 5488 2272 5534 erant
2298 5480 2441 5534 enim
2475 5490 2692 5546 sancta;
2740 5481 2909 5534 virtus
2940 5492 3118 5537 autem
3153 5492 3207 5537 et
3236 5482 3341 5537 alia
3371 5498 3477 5538 non
3506 5484 3718 5541 eadem.

2118 5571 2253 5639 Quid
2298 5581 2401 5637 est,
2450 5571 2531 5625 Ad
2575 5572 2957 5628 destitutionem
2994 5575 3185 5641 peccati
3211 5591 3302 5647 per
3328 5576 3546 5630 hostiam
3574 5595 3723 5633 suam

2117 5666 2410 5736 apparuit?
2460 5666 2588 5737 quid
2633 5675 2717 5723 est
2758 5666 3073 5723 destitutio?
3115 5668 3430 5739 Abrogatio,
3474 5680 3721 5727 contem-

2118 5763 2265 5831 ptio;
2316 5772 2595 5831 peccatum
2652 5777 2758 5817 non
2815 5761 2979 5817 habet
3017 5762 3244 5833 amplius
3284 5762 3533 5819 fiduciam
3576 5782 3592 5819 :
3629 5764 3723 5820 de-

2118 5853 2361 5908 stitutum
2415 5855 2560 5910 enim
2606 5864 2691 5913 est
2742 5863 3045 5927 peccatum.
3101 5854 3427 5923 Quomodo?
3486 5855 3725 5911 Debebat
