4172 6454
494 379 588 436 εει(

486 483 698 536 pinnam
729 465 1020 533 suscipere,
1053 478 1156 516 nou
1186 461 1420 528 suscepit
1450 468 1627 510 autetu
1654 473 1665 506 :
1693 454 1795 508 hoc
1824 463 1935 519 est,
1966 452 2071 505 vim

485 568 569 613 est
615 574 829 628 passum
860 576 871 610 :
902 556 1116 626 quando
1144 554 1488 624 exspectabat
1527 550 1644 605 fore
1688 557 1747 602 ut
1788 561 1980 602 «mines
2009 546 2074 600 de

508 648 686 700 medio
718 647 945 705 tolleret.
963 643 1133 711 ipsum
1162 653 1244 694 est
1269 641 1334 693 de
1362 639 1535 692 medio
1563 637 1851 691 sublatum.
1873 635 1973 688 Per
1989 636 2084 688 he-

506 741 655 792 stiam
681 755 823 791 suam
857 736 1132 804 apparuit;
1171 734 1271 786 hoc
1296 742 1397 794 est,
1430 731 1800 784 manifestatus
1825 738 1908 782 est
1941 729 2048 782 Deo
2068 769 2083 788 .

508 831 572 884 ad
611 846 731 883 eum
769 827 1013 882 accessit.
1061 826 1174 879 Non
1215 825 1370 894 igitur
1409 823 1659 891 quoniam
1704 819 1955 873 sacerdos
1987 819 2088 874 hoc

508 935 650 988 sa-pe
677 918 801 972 facit
827 917 878 972 in
902 933 1063 977 anno,
1087 925 1242 986 putes
1273 914 1373 966 hoc
1405 925 1690 978 utcumque
1715 921 1768 965 et
1794 925 1899 962 non
1920 911 1987 962 ob
2012 909 2092 962 iu-

510 1009 813 1062 ﬁrmitatem
844 1005 960 1060 ﬁeri
987 1023 1000 1058 ;
1029 1006 1074 1058 si
1103 1019 1206 1057 nou
1229 1003 1298 1055 ob
1331 1002 1689 1054 inﬁrmitatem
1713 1041 1724 1060 ,
1757 1015 1854 1052 cur
1878 999 2089 1052 tandem

511 1097 748 1152 ﬁebant!
793 1096 1018 1150 sublatis
1059 1093 1366 1147 vulneribus
1391 1133 1406 1156 ,
1447 1108 1550 1145 non
1582 1089 1808 1160 amplius
1841 1105 1975 1158 opus
2010 1098 2092 1142 est

508 1189 935 1244 medicamentis.
961 1187 1248 1256 Propterea
1267 1183 1445 1252 jussit.
1467 1184 1649 1250 inquit.
1679 1196 1894 1250 semper
1912 1181 2089 1235 aﬂ'erri

508 1289 729 1347 propter
757 1278 1119 1332 inﬁrmitatem
1147 1315 1163 1340 ,
1193 1285 1354 1342 utqee
1385 1282 1602 1344 peccata
1630 1281 2008 1325 revocarentur
2037 1270 2090 1323 in

507 1370 848 1426 memoriam.
899 1367 1037 1434 Quid
1079 1367 1240 1421 vero?
1282 1380 1458 1418 annon
1501 1377 1598 1416 nos
1635 1361 1872 1430 quotidie
1910 1360 2090 1414 offeri-

512 1462 668 1516 mus?
695 1460 979 1514 Offerimus
1005 1458 1242 1527 quidem,
1264 1455 1354 1509 sed
1382 1455 1495 1524 ejus
1525 1466 1751 1507 mortem
1781 1468 2092 1506 revocamus

513 1556 566 1608 iu
596 1555 905 1607 memoriam
934 1572 946 1606 :
971 1561 1024 1605 et
1047 1551 1154 1619 ipsa
1188 1567 1288 1602 una
1313 1562 1414 1613 est,
1441 1563 1547 1600 non
1581 1547 1782 1599 multae.
1813 1546 2092 1612 Quomodo

516 1661 616 1698 una
641 1654 742 1708 est,
765 1660 869 1697 non
895 1641 1109 1695 multm?
1135 1640 1394 1706 Quoniam
1423 1637 1590 1692 semel
1621 1637 1714 1689 fuit
1742 1639 1937 1700 oblata,
1958 1638 2096 1690 sicut

516 1735 604 1787 illa
634 1733 732 1786 fuit
763 1735 814 1785 in
846 1743 1026 1784 sancta
1056 1739 1383 1786 sanctorum.
1419 1728 1530 1780 lloc
1561 1737 1644 1780 est
1671 1728 1836 1794 figura
1865 1727 2096 1788 illius,et

515 1827 627 1893 ipsa
671 1824 859 1877 istius:
893 1821 1138 1875 eumdem
1189 1818 1328 1872 enim
1375 1833 1586 1884 semper
1628 1816 1937 1877 offerimus,
1988 1831 2093 1868 non

515 1930 652 1966 nunc
687 1913 866 1971 aliam,
894 1926 1012 1963 cras
1037 1909 1195 1962 aliam
1222 1923 1375 1960 ovem
1397 1948 1412 1970 ,
1453 1905 1546 1960 sed
1583 1921 1796 1973 semper
1825 1904 2091 1958 eamdem.

511 2005 866 2072 Quamobrem
895 2017 1054 2054 unum
1077 2009 1156 2053 est
1178 1999 1494 2052 sacriﬁcium
1523 2007 1740 2068 propter
1768 1998 1902 2050 hanc
1933 1999 2096 2052 ratio-

513 2113 632 2149 nem
665 2113 678 2148 :
709 2093 944 2162 alioquin
985 2091 1083 2145 hac
1126 2091 1331 2144 ratione
1352 2132 1366 2155 ,
1399 2090 1648 2156 quoniam
1679 2089 1859 2142 multis
1884 2089 1935 2142 in
1964 2089 2097 2142 locis

511 2184 750 2248 oﬂ'ertur,
777 2184 1000 2236 multiue
1027 2190 1148 2234 sunt
1178 2179 1417 2234 Christi?
1447 2178 1814 2247 Nequaquam,
1839 2179 1931 2232 sed
1961 2195 2096 2232 unus

511 2279 706 2346 ubique
735 2277 1001 2338 Christus,
1021 2274 1109 2344 qui
1136 2286 1188 2327 et
1219 2273 1304 2326 hic
1334 2282 1410 2325 est
1439 2271 1648 2340 plenus,
1674 2281 1726 2324 et
1756 2271 1860 2325 illic
1885 2271 2092 2339 plenus,

513 2385 674 2423 unum
707 2382 920 2435 corpus.
965 2365 1033 2420 Ut
1076 2380 1202 2433 ergo
1244 2363 1422 2416 multis
1450 2363 1500 2414 iu
1529 2362 1660 2415 locis
1691 2362 1900 2415 oblatus
1930 2378 2095 2417 unum

513 2470 593 2515 est
619 2476 834 2529 corpus,
852 2469 905 2513 et
935 2473 1036 2512 non
1069 2457 1229 2510 multa
1250 2471 1508 2524 corpora:
1537 2456 1607 2508 ita
1635 2456 1797 2508 etiam
1827 2472 1985 2509 unum
2017 2467 2099 2510 est

513 2551 852 2604 sacriﬁcium.
895 2547 1137 2603 Pontifex
1177 2557 1359 2601 noster
1402 2546 1489 2599 ille
1528 2554 1611 2598 est
1647 2547 1734 2613 qui
1774 2545 1964 2600 obtulit
2005 2549 2100 2600 h0-

514 2646 701 2706 stiam,
733 2659 850 2711 qua:
879 2658 975 2694 nos
1007 2638 1246 2692 mundat.
1290 2637 1436 2690 lllatu
1485 2652 1625 2690 nunc
1665 2652 1876 2706 quoque
1914 2638 2098 2691 oﬁ'eri-

517 2752 656 2800 mus,
679 2751 797 2805 qua:
832 2744 955 2787 tunc
985 2733 1080 2784 l'uit
1109 2731 1285 2785 oblata
1308 2771 1320 2790 ,
1351 2746 1466 2797 quae
1499 2744 1603 2782 non
1633 2739 1807 2798 potest
1833 2733 2096 2786 consumi.

519 2831 628 2884 lloc
659 2830 714 2882 ﬁt
750 2829 800 2881 in
844 2827 1266 2882 recordationem
1295 2825 1412 2894 ejus
1436 2825 1575 2894 quod
1601 2839 1726 2880 tunc
1752 2823 1945 2880 factum
1971 2837 2052 2880 est
2081 2844 2094 2879 :

521 2923 634 2976 Hoc
675 2921 818 2976 enim
863 2921 1014 2988 facile
1034 2961 1048 2984 ,
1083 2920 1283 2987 inquit,
1312 2919 1362 2969 in
1389 2934 1548 2970 meam
1577 2918 2098 2972 commemorationem

521 3013 669 3086 (Luc.
699 3011 786 3066 ἓξ.
821 3011 931 3080 19).
965 3011 1078 3064 Non
1105 3009 1261 3062 aliam
1291 3007 1536 3074 hostiam,
1563 3008 1695 3062 sicut
1723 3007 1979 3077 pontifex,
2004 3007 2099 3063 sed

519 3104 761 3158 eamdem
789 3117 1001 3171 seraper
1029 3099 1269 3166 facimus,
1299 3100 1382 3154 vel
1409 3100 1583 3168 potius
1605 3098 1848 3153 sacriﬁcii
1880 3098 2101 3153 facimus

519 3198 1100 3255 commemorationem.

589 3280 642 3332 4.
679 3279 757 3330 Ad
783 3278 1029 3347 mysteria
1053 3279 1156 3331 sive
1184 3275 1562 3330 Eucharistiam
1599 3281 1846 3346 quomodo
1873 3288 2101 3347 oporteat

515 3367 958 3421 accedere.——Scd
988 3367 1238 3435 quoniam
1266 3367 1484 3420 memini
1510 3367 1666 3436 hujus
1689 3369 1958 3432 sacriﬁcii,
1978 3369 2100 3423 Volt)

518 3473 684 3527 pauca
728 3458 878 3510 vobis
900 3457 1099 3523 dicere,
1133 3458 1222 3526 qui
1262 3457 1532 3526 mysteriis
1559 3458 1692 3512 estis
1719 3457 1944 3523 initiati,
1981 3474 2100 3528 qua:

516 3564 770 3603 mensura
798 3547 1008 3617 quidem
1034 3558 1160 3601 sunt
1205 3563 1394 3616 pauca,
1429 3563 1674 3616 magnam
1701 3558 1878 3602 autem
1902 3547 2099 3603 habent

517 3641 622 3691 vim
653 3650 704 3692 et
736 3641 1018 3693 utilitatem
1049 3657 1062 3692 :
1095 3654 1199 3694 non
1228 3639 1370 3692 enim
1413 3649 1538 3693 sunt
1564 3649 1744 3693 nostra
1765 3681 1780 3705 ,
1811 3640 1904 3696 sed
1933 3640 2099 3694 divini

516 3729 744 3799 Spiritus
773 3747 890 3799 qua:
917 3731 1186 3784 dicuntur.
1205 3729 1341 3796 Quid
1367 3741 1446 3784 est
1476 3732 1636 3799 ergo?
1659 3731 1804 3785 Multi
1832 3732 1990 3800 hujus
2014 3749 2097 3786 sa-

515 3823 879 3876 eriﬁciisemel
902 3833 1012 3875 toto
1029 3838 1168 3875 anno
1195 3829 1318 3874 sunt
1347 3823 1656 3891 participes,
1681 3823 1770 3876 alii
1799 3833 1974 3875 autem
1994 3823 2097 3890 bis,

515 3911 602 3965 alii
629 3928 755 3965 vero
793 3927 956 3982 smpe.
1006 3911 1084 3967 Ad
1127 3926 1314 3964 (mines
1357 3927 1484 3978 ergo
1519 3911 1742 3964 habetur
1769 3913 1962 3979 oratio,
1993 3928 2099 3966 non

515 4003 688 4057 solum
718 4003 783 4054 ad
815 4017 906 4055 eos
932 4003 1019 4072 qui
1063 4002 1147 4054 hic
1178 4010 1321 4067 sunt,
1355 4001 1448 4055 sed
1477 4001 1542 4054 ad
1584 4015 1677 4054 eos
1707 4002 1866 4054 etiam
1897 4003 1983 4071 qui
2007 4018 2101 4055 se—

516 4093 644 4147 dent
676 4093 726 4145 in
754 4093 968 4145 deserto
1000 4109 1011 4144 :
1041 4108 1162 4145 nam
1188 4092 1261 4144 illi
1292 4091 1460 4144 semel
1487 4091 1538 4144 in
1571 4107 1712 4144 anno
1735 4103 1857 4145 sunt
1882 4093 2101 4162 partici-

517 4201 633 4254 pes,
662 4200 804 4253 sarpe
829 4186 986 4238 etiam
1018 4193 1136 4252 post
1157 4184 1292 4238 duos
1315 4198 1506 4238 annos.
1539 4183 1676 4249 Quid
1706 4185 1867 4253 ergo?
1887 4188 2101 4254 quinam

516 4285 672 4328 erunt
705 4274 858 4328 nobis
881 4275 1049 4342 magis
1065 4275 1269 4342 accepti
1287 4273 1309 4324 ?
1327 4291 1393 4328 an
1413 4275 1504 4344 qui
1531 4275 1722 4339 semel,
1745 4291 1812 4328 an
1831 4276 1918 4345 qui
1936 4291 2100 4344 srepe,

517 4380 584 4418 an
613 4365 702 4434 qui
733 4365 890 4418 raro?
918 4365 1026 4418 Nec
1057 4364 1130 4427 hi,
1161 4379 1259 4418 nec
1304 4365 1400 4431 illi,
1425 4365 1519 4419 sed
1570 4366 1603 4418 ii
1635 4367 1723 4434 qui
1754 4381 1874 4419 cum
1909 4367 2103 4419 munda

516 4458 864 4519 conscientia,
890 4457 978 4524 qui
1002 4471 1120 4509 cum
1151 4454 1350 4508 mundo
1371 4456 1556 4520 corde,
1583 4455 1673 4524 qui
1703 4471 1825 4509 cum
1852 4455 1958 4509 vita
1987 4472 2106 4526 qua:

518 4551 644 4604 nulli
679 4561 758 4604 est
790 4550 965 4604 affinis
994 4551 1420 4619 reprehensioni.
1471 4550 1573 4618 Qui
1603 4558 1727 4603 sunt
1758 4548 2060 4618 bujusmodi
2088 4592 2102 4617 ,

517 4657 733 4711 semper
758 4641 1012 4695 accedant
1039 4660 1051 4694 :
1083 4641 1172 4711 qui
1203 4657 1308 4693 non
1340 4649 1462 4694 sunt
1490 4640 1816 4709 hujusmodi,
1849 4655 1916 4696 ne
1941 4641 2106 4696 semel

518 4733 754 4804 quidem.
786 4733 1007 4798 Quare?
1049 4731 1314 4798 Quoniam
1355 4731 1457 4784 sibi
1503 4740 1722 4787 sumunt
1761 4731 2022 4803 judicium
2053 4741 2108 4787 et

517 4825 1019 4880 condemnationem
1043 4833 1098 4878 et
1127 4823 1469 4894 supplicium.
1527 4822 1638 4878 Nec
1679 4825 1889 4880 mireris
1922 4842 1936 4878 :
1970 4824 2107 4879 sicut

517 4917 661 4971 enim
687 4915 839 4970 cibus
861 4925 1048 4971 natura
1089 4931 1184 4968 sua
1214 4915 1550 4983 nutritorius,
1588 4917 1632 4968 si
1674 4916 1725 4970 in
1763 4932 1884 4970 eum
1909 4917 2108 4971 incidat

519 5007 608 5078 qui
637 5007 900 5061 stomachi
920 5006 1046 5061 vitio
1071 5005 1296 5070 laborat,
1322 5008 1497 5060 omnia
1519 5009 1696 5080 perdit
1715 5017 1765 5062 et
1788 5010 2102 5078 corrumpit,

517 5109 571 5152 et
603 5099 772 5151 morbi
798 5098 854 5152 ﬁt
875 5097 1088 5152 occasio
1113 5115 1126 5150 :
1149 5098 1217 5150 ita
1239 5102 1397 5152 etiam
1430 5098 1545 5153 haec
1575 5100 1874 5154 veneranda
1904 5111 2106 5171 myste-

518 5192 616 5243 ria.
648 5189 868 5244 Frueris
889 5205 1071 5244 mensa
1093 5189 1376 5259 spirituali,
1406 5206 1586 5245 mensa
1617 5192 1802 5261 regali,
1831 5202 1882 5247 et
1911 5192 2105 5247 iterum

518 5298 581 5336 os
629 5294 775 5336 tuum
826 5283 937 5336 luto
966 5283 1252 5352 iuquinas?
1297 5286 1451 5354 ungis
1481 5296 1770 5353 unguento,
1817 5295 1870 5339 ct
1921 5301 2107 5340 rursus

520 5374 713 5444 imples
745 5373 972 5430 faetore?
1023 5376 1118 5430 Dic
1159 5376 1308 5443 mihi,
1340 5393 1460 5432 cum
1490 5386 1608 5447 post
1629 5393 1826 5432 annum
1855 5395 1911 5434 es
1941 5381 2106 5449 parti-

519 5481 648 5536 ceps
667 5467 1089 5534 communionis,
1122 5468 1467 5524 existimasne
1494 5469 1840 5541 quadraginta
1863 5471 1979 5526 dies
2011 5472 2106 5526 tibi

520 5557 770 5612 sufficere
797 5559 861 5613 ad
884 5561 1313 5617 emendationem
1339 5574 1678 5632 peccatorum
1709 5565 1874 5618 totius
1902 5574 2106 5637 tempo-

525 5649 638 5702 ris?
667 5658 862 5703 etcum
894 5667 1077 5707 rursus
1109 5656 1427 5723 prmterierit
1476 5654 1828 5719 hebdomada,
1873 5667 1922 5709 te
1952 5657 2106 5712 dedis

527 5739 834 5809 prioribus?
870 5743 962 5799 Dic
991 5745 1140 5812 mihi,
1203 5747 1246 5802 si
1302 5763 1422 5804 cum
1465 5747 1815 5818 quadraginta
1859 5748 2046 5804 diebus
2073 5764 2104 5804 a

1237 364 1291 418 S.
1333 354 1608 415 JOANNIS
1644 345 2114 408 CllRYSOSTOMI
2155 343 2470 400 AﬂClllEP.
2513 344 3049 403 CONSTAN’TINOP.

3664 344 3772 404 {89

2195 453 2354 523 longo
2379 456 2567 511 morbo
2595 451 2956 525 convalueris,
2987 472 3172 514 rursus
3199 467 3251 512 te
3291 455 3456 511 dedas
3492 454 3624 510 cibis
3673 456 3779 508 illis

2195 544 2284 611 qui
2325 545 2540 599 morbos
2571 557 2870 614 procreant,
2895 563 3000 600 non
3025 552 3185 602 etiam
3218 553 3443 618 priorem
3478 553 3653 620 perdis
3692 555 3772 608 la-

2196 633 2420 689 borem?
2445 636 2576 690 Nam
2619 639 2661 690 si
2701 648 2972 693 mutantur
2996 657 3112 709 quae
3137 655 3259 695 sunt
3290 646 3570 709 naturalia,
3604 649 3773 702 multo

2197 727 2363 793 magis
2391 742 2510 796 qum
2553 729 2721 782 nostri
2769 740 2891 783 sunt
2940 731 3094 786 liberi
3141 735 3368 787 arbitrii.
3420 736 3490 790 Ut
3539 740 3771 807 exempli

2193 827 2374 878 causa,
2401 825 2588 869 natura
2617 818 2875 883 videmus,
2899 829 2952 873 et
2979 837 3135 874 sanos
3162 823 3416 878 habemus
3435 828 3616 882 oculos
3637 845 3651 892 ;
3675 829 3771 882 sed

2198 916 2340 972 saepe
2361 921 2390 957 a
2421 906 2558 958 mala
2586 907 2897 963 habitudine
2927 910 3136 965 laeditur
3165 924 3344 967 nostra
3374 915 3583 970 videndi
3606 918 3773 972 facul-

2198 1001 2299 1046 tas.
2324 993 2375 1046 Si
2429 1009 2558 1063 ergo
2587 1007 2857 1051 mutantur
2885 1001 3143 1054 naturalia
3166 1042 3180 1065 ,
3211 1017 3385 1057 annon
3411 1006 3576 1059 multo
3603 1010 3773 1076 magis

2191 1097 2309 1150 quae
2341 1085 2505 1138 nostri
2533 1095 2655 1138 sunt
2683 1087 2832 1140 liberi
2860 1088 3106 1142 arbitrii?
3132 1093 3490 1160 Quadraginta
3523 1096 3636 1149 dies
3675 1098 3772 1150 tri-

2193 1171 2308 1225 buis
2339 1175 2548 1227 sanitati
2581 1179 2790 1238 animm,
2816 1177 3058 1232 fortassis
3077 1193 3252 1234 autem
3282 1199 3380 1237 nec
3401 1186 3769 1256 quadraginta,

2192 1271 2246 1314 et
2275 1272 2324 1316 te
2347 1263 2506 1317 Deum
2531 1264 2768 1333 placasse
2795 1271 3109 1336 exSpeetas?
3132 1271 3356 1337 Jocaris,
3377 1289 3411 1329 o
3433 1276 3612 1330 homo.
3642 1278 3772 1334 llaec

2193 1351 2334 1416 dico,
2378 1370 2482 1407 non
2535 1355 2601 1408 ab
2647 1373 2750 1409 uno
2777 1359 3070 1429 eodemque
3115 1378 3290 1415 annuo
3316 1380 3532 1420 accessu
3559 1383 3652 1421 vos
3677 1385 3769 1422 ar-

2191 1459 2341 1507 cens,
2373 1446 2462 1500 sed
2497 1448 2669 1515 potius
2698 1450 2879 1504 volens
2899 1467 2994 1505 vos
3026 1464 3284 1522 perpetuo
3310 1457 3375 1510 ad
3402 1469 3584 1513 sancta
3609 1477 3771 1516 acce-

2193 1536 2344 1590 dere.
2378 1537 2663 1606 Propterea
2700 1543 2959 1595 acclamat
3008 1545 3167 1597 etiam
3207 1547 3458 1601 sacerdos
3487 1559 3612 1605 tunc
3647 1569 3772 1606 san-

2192 1632 2304 1678 οιοε
2343 1641 2557 1688 vocans,
2607 1639 2657 1682 et
2692 1645 2784 1697 per
2821 1631 2954 1686 hanc
2997 1647 3178 1688 vocem
3205 1651 3392 1692 omnes
3413 1653 3675 1707 scrutans,
3710 1655 3772 1700 ut

2193 1729 2350 1769 nemo
2397 1718 2615 1772 accedat
2643 1735 2745 1775 non
2795 1733 3143 1790 praeparatus.
3185 1727 3332 1782 Sicut
3374 1732 3514 1785 enim
3569 1735 3619 1788 in
3658 1753 3770 1792 uno

2193 1821 2374 1875 grege,
2406 1809 2454 1861 in
2485 1825 2588 1878 quo
2631 1812 2808 1865 multa:
2853 1815 3064 1881 quidem
3093 1831 3221 1871 oves
3259 1830 3382 1872 sunt
3430 1836 3592 1885 sanat,
3645 1827 3769 1880 alia:

2191 1907 2366 1950 autem
2388 1897 2558 1966 plena:
2589 1910 2714 1953 sunt
2738 1903 2934 1965 scabie,
2966 1921 3184 1960 necesse
3211 1917 3293 1961 est
3318 1925 3445 1964 oves
3477 1928 3567 1966 eas
3592 1918 3769 1970 arceri

2191 2003 2219 2040 a
2250 1990 2393 2041 sanis
2425 2006 2439 2043 :
2474 1991 2539 2043 ita
2571 1993 2730 2047 etiam
2764 1996 2814 2047 in
2841 1994 3112 2062 Ecclesia;
3139 2001 3385 2068 quoniam
3414 2004 3531 2059 alia:
3551 2007 3768 2076 quidem

2191 2093 2317 2133 oves
2339 2091 2462 2135 sunt
2491 2097 2652 2144 sanas.
2686 2086 2804 2140 alia:
2825 2103 2953 2140 vero
2983 2090 3116 2143 male
3141 2092 3365 2158 affectm,
3400 2111 3492 2162 per
3515 2096 3652 2153 hanc
3670 2115 3770 2154 vo-

2190 2187 2306 2225 cem
2333 2172 2427 2227 has
2452 2187 2596 2230 arcet
2618 2177 2683 2230 ab
2713 2178 2837 2244 illis,
2865 2179 2916 2233 in
2943 2195 3156 2235 omnem
3197 2194 3400 2252 partem
3431 2187 3640 2254 obiens,
3669 2206 3770 2260 per

2192 2261 2328 2316 hanc
2351 2279 2532 2319 vocem
2562 2266 2714 2321 Valde
2742 2268 3032 2324 terribilem
3054 2272 3304 2326 sacerdos
3329 2284 3543 2330 sanctos
3569 2293 3770 2334 vocans

2193 2363 2246 2407 et
2271 2354 2505 2410 trahens.
2540 2357 2669 2412 Nam
2701 2361 2949 2429 quoniam
2997 2363 3112 2418 fieri
3165 2381 3269 2420 non
3299 2378 3474 2436 potest
3523 2381 3577 2424 ut
3604 2372 3768 2428 homo

2192 2445 2332 2497 norit
2359 2461 2476 2514 qua:
2502 2459 2625 2501 sunt
2651 2451 2907 2518 proximi;
2935 2453 3234 2524 Quisenim,
3281 2459 3470 2527 inquit,
3513 2478 3574 2514 ea:
3603 2462 3768 2516 homi-

2195 2537 2340 2589 nibus
2362 2539 2494 2590 novit
2519 2556 2631 2608 qua:
2655 2553 2771 2594 sunt
2797 2542 3033 2605 hominis,
3063 2547 3162 2598 nisi
3188 2549 3398 2614 spiritus
3425 2552 3659 2618 hominis,
3679 2557 3769 2622 qui

2191 2637 2261 2679 est
2296 2629 2348 2680 in
2387 2627 2585 2683 homine
2612 2631 2630 2699 (
2658 2632 2708 2688 1.
2739 2632 2860 2690 Cor.
2890 2634 2945 2690 2.
2982 2635 3040 2689 Η
3067 2637 3121 2705 )?
3163 2639 3356 2693 emittit
3405 2640 3541 2696 hanc
3578 2659 3764 2701 vocem

2191 2730 2466 2789 postquam
2493 2735 2762 2791 peractum
2789 2725 2890 2780 fuit
2915 2729 3258 2796 sacriﬁcium,
3291 2741 3348 2787 ut
3388 2749 3550 2790 nemo
3579 2735 3768 2791 incon-

2191 2810 2420 2864 siderate
2445 2828 2540 2867 nec
2567 2822 2768 2869 temere
2792 2817 2856 2872 ad
2891 2819 3028 2875 hunc
3051 2820 3248 2878 fontem
3272 2825 3488 2880 accedat
3513 2828 3768 2895 spiritua-

2191 2901 2314 2956 lcin.
2369 2903 2496 2956 Nam
2543 2905 2594 2960 in
2629 2923 2786 2978 grege
2814 2911 2984 2979 (nihil
3015 2914 3156 2966 enim
3187 2924 3328 2968 vetat
3353 2919 3636 2986 quominus
3666 2935 3765 2974 eo~

2190 2991 2308 3043 dem
2342 3008 2526 3049 rursus
2549 3004 2758 3052 utamur
2781 3001 3064 3070 exemplo)
3090 3004 3357 3058 morbidas
3383 3007 3593 3076 quidem
3620 3007 3764 3062 intus

2194 3080 2553 3142 includimus.
2607 3093 2661 3138 et
2709 3085 3008 3140 detinemus
3034 3087 3084 3141 in
3135 3089 3402 3154 tenebris,
3441 3101 3494 3146 et
3520 3091 3598 3146 eis
3625 3093 3771 3148 aliud

2194 3171 2381 3225 damus
2421 3173 2835 3240 nutrimentum,
2891 3193 2994 3231 non
3037 3179 3405 3248 permittentes
3463 3192 3519 3237 ut
3571 3200 3767 3252 purum

2195 3262 2443 3316 hauriant
2469 3280 2669 3328 aerem,
2713 3283 2884 3335 neque
2919 3279 2974 3322 ut
3001 3270 3160 3323 herba
3210 3282 3498 3326 vescantur
3523 3275 3731 3330 sincera
3753 3316 3774 3342 ,

2197 3368 2372 3421 neque
2399 3364 2456 3408 ut
2484 3370 2512 3408 a
2544 3353 2688 3410 fonte
2714 3359 2802 3426 qui
2833 3367 2914 3412 est
2943 3358 3069 3414 foris
3113 3360 3315 3418 bibant.
3348 3362 3489 3433 Ergo
3517 3363 3605 3419 hic
3633 3381 3774 3434 quo-

2194 3459 2299 3512 que
2326 3442 2438 3498 hmc
2468 3460 2565 3498 vox
2599 3455 2681 3501 est
2712 3449 2876 3500 instar
2913 3449 3188 3516 cujusdam
3222 3452 3437 3508 vinculi.
3459 3453 3574 3507 Non
3617 3465 3779 3524 potes

2195 3530 2415 3589 dicere:
2444 3533 2776 3600 Nesciebam,
2802 3538 3106 3606 ignorabam
3148 3539 3285 3596 hanc
3326 3558 3438 3596 rem
3477 3545 3628 3613 sequi
3675 3561 3776 3614 pe-

2195 3623 2424 3676 riculum
2451 3643 2464 3678 :
2486 3625 2713 3679 maxime
2731 3625 2829 3680 hoc
2846 3638 3172 3696 protestatus
3185 3643 3261 3685 est
3281 3633 3492 3688 Paulus.
3515 3635 3774 3698 Atdices:

2198 3713 2311 3766 Non
2344 3715 2486 3781 legi?
2529 3716 2640 3769 Hoc
2687 3733 2790 3771 non
2827 3730 2909 3772 est
2957 3725 3264 3786 excusatio,
3313 3725 3406 3779 sed
3453 3730 3774 3784 accusatio:

2196 3804 2433 3872 quotidie
2457 3806 2750 3875 ingrederis
2777 3809 3059 3864 ecclesiam
3080 3853 3095 3874 ,
3128 3824 3178 3866 et
3203 3815 3303 3868 hoc
3325 3815 3497 3871 adhuc
3524 3818 3777 3885 ignoras?

2267 3894 2321 3949 5.
2355 3894 2648 3950 Sacerdotis
2678 3899 2745 3951 ad
2787 3903 3022 3969 mysteria
3063 3905 3284 3960 vocantis
3324 3907 3533 3961 clamor.
3562 3910 3776 3965 —-Ca?-

2198 3992 2369 4037 terum
2401 3996 2457 4038 ut
2502 4003 2568 4039 ne
2605 3987 2707 4040 hoc
2736 3990 2950 4057 quidem
2980 3993 3155 4060 pqssis
3199 3995 3273 4048 uti
3301 4009 3581 4064 praetextu,
3612 4015 3674 4054 ea
3705 4001 3778 4057 de

2198 4087 2354 4127 causa
2379 4091 2564 4144 magna
2590 4092 2738 4142 voce,
2762 4081 2984 4135 terribili
3007 4083 3258 4148 clamore,
3283 4099 3548 4160 tamquam
3574 4107 3773 4158 pra‘co,

2199 4178 2414 4217 manum
2446 4167 2636 4220 tollens
2667 4169 2717 4220 in
2749 4169 2934 4234 altum,
2968 4183 3112 4225 stans
3141 4177 3385 4229 excelsus
3430 4190 3482 4232 et
3525 4181 3776 4235 omnibus

2197 4254 2529 4321 manifestus,
2583 4267 2636 4310 et
2681 4259 2731 4311 in
2755 4261 3032 4314 tremendo
3074 4263 3164 4317 illo
3193 4266 3404 4319 silentio
3427 4269 3777 4340 vehementer

2197 4345 2518 4413 vociferans,
2570 4348 2700 4400 alios
2731 4349 2942 4418 quidem
2971 4363 3161 4420 vocat,
3203 4355 3338 4410 alios
3367 4373 3491 4410 vero
3516 4369 3661 4413 arcet
3689 4377 3778 4414 sa-

2199 4436 2390 4491 cerdos
2421 4455 2432 4488 :
2465 4455 2571 4492 non
2604 4439 2705 4494 hoc
2731 4455 2886 4494 manu
2916 4442 3132 4507 faciens,
3163 4446 3256 4500 sed
3303 4447 3476 4518 lingua
3504 4450 3700 4505 clarius
3721 4464 3779 4506 et

2199 4528 2434 4595 apertius
2463 4544 2619 4598 quam
2658 4547 2836 4584 manu.
2864 4532 2996 4586 Nam
3022 4551 3118 4588 vox
3146 4535 3230 4588 illa
3263 4535 3314 4589 in
3364 4548 3568 4593 nostras
3612 4555 3776 4596 aures

2199 4615 2460 4680 incidens,
2511 4628 2774 4690 tamquam
2811 4638 2998 4679 manus
3050 4626 3185 4680 alios
3225 4627 3437 4696 quidem
3478 4630 3695 4699 expellit
3719 4642 3779 4686 ct

2198 4708 2363 4776 ejicit,
2393 4708 2528 4763 alios
2554 4723 2728 4766 autem
2752 4716 3039 4771 introducit
3061 4718 3291 4772 etsistit.
3327 4720 3417 4774 Dic
3446 4723 3592 4784 mihi,
3618 4739 3771 4793 rogo,

2200 4801 2252 4853 in
2281 4801 2572 4870 Olympicis
2613 4807 2994 4864 certaminibus
3025 4825 3198 4865 nonne
3235 4820 3339 4865 stat
3379 4828 3552 4881 prmco
3581 4831 3771 4885 magna

2199 4901 2253 4946 et
2300 4895 2402 4947 alta
2442 4910 2575 4949 voce
2623 4897 2878 4962 clamans,
2921 4910 2972 4955 et
3027 4902 3254 4956 dicens:
3287 4903 3549 4974 Numquid
3581 4908 3773 4977 aliquis

2200 4983 2340 5038 hunc
2369 4988 2777 5052 accusatysitne
2807 5004 3015 5054 servus,
3045 5000 3136 5044 aut
3176 4991 3279 5056 fur,
3311 5003 3402 5048 aut
3432 4996 3585 5049 malis
3609 5000 3762 5052 mori-

2197 5073 2334 5128 bus?
2359 5091 2675 5143 quamquam
2701 5077 2786 5131 illa
2821 5081 3106 5134 certamina
3156 5097 3262 5136 non
3289 5092 3414 5138 sunt
3456 5086 3640 5149 animi,
3674 5104 3771 5144 nec

2199 5181 2423 5230 morum,
2451 5182 2548 5221 nec
2578 5169 2792 5234 mentis,
2824 5169 2917 5224 sed
2939 5171 3142 5225 roboris
3163 5180 3215 5226 et
3245 5176 3506 5241 corporis.
3535 5175 3590 5231 Si
3619 5193 3768 5248 ergo,

2200 5259 2284 5312 ubi
2313 5269 2395 5313 est
2421 5261 2733 5314 exercitatio
2778 5276 3098 5332 corporum,
3132 5264 3354 5318 instituti
3387 5276 3440 5320 et
3485 5267 3772 5322 voluntatis

2199 5365 2388 5419 magna
2419 5351 2490 5404 sit
2531 5351 2818 5418 inquisitio,
2853 5361 3049 5422 quanto
3089 5353 3255 5422 magis
3285 5353 3390 5418 hic,
3421 5355 3507 5408 ubi
3541 5365 3646 5410 tota
3687 5369 3773 5410 est

2198 5442 2362 5495 animi
2392 5442 2702 5497 decertatio.
2723 5443 2839 5497 Stat
2859 5459 2986 5512 ergo
3013 5459 3152 5499 nunc
3179 5460 3391 5516 quoque
3408 5449 3494 5515 qui
3526 5453 3609 5499 est
3628 5448 3768 5514 apud

2199 5550 2295 5586 nos
2327 5548 2521 5602 praeco,
2553 5550 2658 5588 non
2697 5550 3124 5605 unumquemque
3163 5537 3339 5606 capite
3383 5546 3567 5592 tenens
3593 5545 3645 5592 et
3670 5538 3768 5593 ad-

2188 5643 2426 5703 ducens.
2461 5639 2554 5695 sed
2584 5654 2772 5694 omnes
2822 5638 2978 5692 simul
3026 5637 3237 5691 interno
3284 5636 3457 5706 capite
3484 5635 3734 5691 detinens
3761 5651 3781 5692 :

2191 5751 2296 5790 non
2318 5733 2453 5788 alios
2483 5733 2612 5802 ipsis
2637 5731 2776 5786 sistit
2805 5737 3166 5794 accusatores,
3201 5729 3294 5784 sed
3325 5728 3472 5799 ipsos
3492 5728 3730 5799 sibiipsis
3761 5749 3776 5787 ε
