4172 6456
615 352 720 410 {33

607 468 801 525 τούτου
837 467 997 541 χάριν
1037 468 1248 540 μεγάλῃ
1282 470 1348 539 τῇ
1382 471 1559 540 φωνῇ,
1594 470 1803 540 φρικτῇ
1836 470 1902 540 τῇ
1939 468 2060 540 βοῇ,
2104 485 2205 521 κα-

610 552 793 626 θάπερ
818 570 904 617 τις
925 553 1102 625 κῆρυξ
1132 551 1229 623 τὴν
1250 553 1408 623 χεῖρα
1434 551 1606 623 αἴρων
1632 555 1713 615 εἰς
1733 552 1797 606 τὸ
1823 550 1979 622 ὕψος,
2006 551 2210 622 ὑψηλὸς

611 633 808 701 ἑστὼς,
835 638 971 690 πᾶσι
1006 635 1310 706 κατάδηλος
1336 634 1605 704 γεγονὼς,
1628 637 1726 690 καὶ
1748 636 1896 706 μέγα
1919 636 2007 689 ἐπ’
2025 634 2209 706 ἐκείνῃ

614 718 767 794 [171]
791 723 856 795 τῇ
879 723 1085 793 φρικτῇ
1108 720 1315 792 ἠσυχίᾳ
1341 721 1806 792 ἀνακραυγάζων,
1830 721 1960 784 τοὺς
1986 718 2087 790 μὲν
2110 736 2213 773 κα-

611 804 713 868 λεῖ,
727 806 855 867 τοὺς
872 805 928 858 δέ
945 803 1201 875 ἀπείργει
1221 807 1249 858 6
1272 804 1478 874 ἱερεὺς,
1495 805 1559 857 οὐ
1582 808 1650 877 τῇ
1674 806 1822 878 χειρὶ
1837 805 1997 859 τοῦτο
2015 804 2210 868 ποιῶν,

611 886 749 940 ἀλλά
773 889 838 958 τῇ
865 885 1085 960 γλώττῃ
1104 888 1204 958 τῆς
1230 886 1415 958 χειρὸς
1440 887 1790 959 τρανότερον.
1825 888 1895 941 Ἠ
1921 888 2032 958 γὰρ
2057 888 2210 959 φωνὴ

613 969 797 1042 ἐκείνη
837 971 918 1034 είς
948 970 1050 1039 τὴν
1079 969 1253 1041 ἀκοὴν
1274 970 1629 1042 ἐμπίπτουσα
1653 972 1756 1043 τὴν
1785 972 2090 1045 ἡμετέραν,
2114 989 2214 1027 κα-

614 1054 792 1125 θάπερ
831 1055 954 1126 χεὶρ
998 1054 1128 1118 τοὺς
1181 1050 1283 1125 μὲν
1330 1053 1466 1108 ὠθεῖ
1516 1057 1609 1109 καὶ
1651 1056 1922 1123 ἐκϐάλλει,
1976 1056 2104 1121 τοὺς
2154 1056 2213 1110 δὲ

613 1137 826 1204 εἰσάγει
856 1138 951 1191 καὶ
984 1136 1347 1208 παρίστησιν.
1393 1137 1533 1191 Εἰπὲ
1553 1137 1620 1210 δή
1658 1156 1773 1209 μοι,
1796 1139 2129 1211 παρακαλῶ,
2153 1141 2214 1194 ἐν

613 1223 726 1284 τοῖς
760 1220 1151 1292 Ὀλυμπιακοῖς
1184 1220 1396 1289 ἀγῶσιν
1416 1222 1541 1293 οὐχὶ
1565 1222 1798 1292 ἔστηκεν
1820 1225 1848 1276 6
1867 1220 2044 1295 κήρυξ
2074 1222 2214 1294 βοῶν

618 1305 764 1376 μέγα
791 1306 886 1359 καὶ
913 1305 1139 1375 ὑψηλὸν,
1172 1305 1238 1357 Εἰ
1259 1321 1345 1370 τις
1375 1318 1399 1347 ο
1426 1305 1620 1361 τούτου
1656 1310 1978 1380 κατηγορεῖ,
2013 1307 2212 1379 λέγων,

622 1389 698 1461 μὴ
740 1389 928 1453 δοῦλός
976 1392 1115 1455 ἐστι,
1149 1389 1223 1461 μὴ
1254 1390 1517 1462 κλέπτης,
1547 1392 1620 1462 μὴ
1650 1391 1870 1463 τρόπων
1910 1392 2168 1465 πονηρῶν
2195 1411 2211 1461 ;

621 1472 800 1526 καίτοι
828 1472 898 1527 τὰ
915 1473 1280 1544 ἀγωνίσματα
1304 1474 1491 1528 ἐκεῖνα
1520 1472 1646 1528 οὔτε
1678 1474 1858 1546 ψυχῆς
1887 1477 2059 1541 ἐστιν,
2089 1474 2214 1529 οὕτε

619 1556 824 1626 τρόπου
857 1556 1088 1625 ἀγαθοῦ,
1117 1556 1254 1611 ἀλλά
1280 1555 1476 1629 ρώμης
1502 1558 1598 1613 καὶ
1630 1557 1905 1628 σώματος.
1937 1559 2002 1612 Εἰ
2034 1559 2215 1614 τοίνυν

620 1638 749 1691 ἔνθα
794 1641 1066 1711 σωμάτων
1106 1640 1256 1694 ἐστὶν
1315 1640 1572 1711 ἄσκησις,
1609 1641 1790 1712 ’πολλὴ
1839 1642 2217 1714 προαιρέσεως

619 1722 871 1789 ἐξέτασις
901 1722 1142 1792 γίνεται,
1180 1723 1335 1795 πόσῳ
1362 1725 1565 1795 μᾶλλον
1587 1724 1847 1791 ἐνταῦθα,
1872 1726 2000 1780 ἔνθα
2020 1725 2083 1779 τὸ
2104 1727 2214 1780 πᾶν

618 1806 766 1877 ψυχὴ
798 1808 994 1873 ἀθλετ;
1029 1809 1269 1879 Ἔστηκε
1315 1808 1495 1863 τοίνυν
1540 1810 1636 1864 καί
1679 1808 1775 1863 νῦν
1820 1813 1849 1864 6
1900 1813 2031 1882 παρ’
2079 1812 2216 1881 ἡμῖν

622 1889 821 1962 κήρυξ,
860 1890 921 1943 οὐ
953 1891 1057 1962 τῆς
1084 1890 1327 1962 κεφαλῆς
1348 1891 1582 1946 ἕκαστον
1620 1896 1869 1963 κατέχων
1902 1896 1998 1948 καὶ
2031 1894 2216 1965 παράι

619 1988 756 2041 γων,
789 1973 927 2028 ἀλλά
961 1974 1170 2038 πάντας
1197 1973 1334 2045 ὁμοῦ
1375 1975 1477 2045 τῆς
1512 1975 1758 2046 κεφαλῆς
1784 1980 1885 2049 τῆς
1908 1977 2057 2032 ἔνδον
2084 1996 2217 2032 κατ-

621 2056 759 2126 έχων
775 2073 789 2087 ·
824 2057 927 2110 οὐκ
949 2056 1237 2128 ἐφίστησιν
1264 2057 1460 2122 ἄλλους
1483 2060 1671 2124 αὐτοῖς
1696 2061 2062 2133 κατηγόρους,
2099 2057 2216 2114 ἀλλ’

620 2140 816 2205 αὐτοὺς
845 2141 1062 2205 ἐαυτοῖς
1086 2155 1099 2171 ·
1128 2142 1188 2194 οὐ
1220 2142 1332 2213 γὰρ
1372 2140 1545 2212 λέγει,
1583 2144 1675 2216 Μή
1724 2162 1811 2208 τις
1851 2145 2045 2199 τούτου
2084 2162 2216 2200 κατ-

618 2227 816 2296 ηγορεῖ
837 2241 852 2290 ;
877 2224 1017 2278 ἀλλά
1034 2224 1086 2279 τί
1105 2242 1120 2292 ;
1155 2226 1224 2280 El
1246 2244 1332 2291 τις
1358 2227 1553 2282 ἐαυτοῦ
1574 2233 1892 2299 κατηγορεῖ.
1914 2230 2084 2284 Ὅταν
2108 2231 2217 2302 γάρ

622 2309 774 2381 είπῃ,
814 2308 897 2361 Τά
928 2308 1065 2378 ἅγια
1093 2311 1209 2373 τοῖς
1239 2310 1443 2378 ἁγίοις,
1483 2310 1645 2365 τοῦτο
1687 2312 1865 2381 λέγει⁶
1910 2314 1979 2366 Εἴ
2000 2330 2086 2377 τις
2116 2314 2218 2366 οὐκ

623 2390 773 2445 ἐστιν
796 2389 973 2461 ἆγιος,
1012 2391 1088 2462 μὴ
1120 2394 1386 2463 προσίτω.
1424 2395 1538 2465 Οὐχ
1563 2394 1753 2459 ἁπλῶς
1784 2410 1973 2466 φησιν,
2005 2395 2217 2467 Ἀμαρ-

620 2476 885 2548 τημάτων
918 2476 1180 2549 καθαρὸς,
1208 2475 1347 2543 ἀλλ’,
1368 2478 1559 2546 ’Ἀγιος
1582 2493 1596 2507 ⁸
1627 2479 1720 2532 τὸν
1766 2480 1877 2550 γάρ
1921 2479 2075 2548 ἆγιον
2119 2482 2218 2552 οὐχ

623 2561 656 2628 ἠ
701 2555 811 2611 τῶν
855 2557 1276 2628 ἁμαρτημάτων
1326 2559 1621 2632 ἀπαλλαγὴ
1674 2563 1822 2614 ποιεῖ
1856 2560 2037 2632 μόνον,
2072 2562 2219 2616 Ιἀλλὰ

624 2639 721 2694 καὶ
750 2641 784 2713 ή
817 2641 914 2693 τοῦ
946 2641 1268 2712 Πνεύματος
1294 2642 1587 2715 παρουσία,
1626 2644 1725 2698 καὶ
1775 2636 1805 2698 6
1837 2644 1949 2700 τῶν
1993 2644 2218 2715 ἀγαθῶν

624 2729 805 2801 ἔργων
852 2727 1106 2793 πλοῦτος.
1146 2730 1221 2784 Οὐ
1250 2730 1514 2801 βούλομαι
1545 2730 1730 2803 μόνον,
1767 2733 1922 2804 φησί,
1952 2733 2217 2805 βορϐόρου

623 2813 967 2886 ἀπηλλάχθαι
1019 2813 1188 2885 ὑμᾶς,
1248 2814 1388 2869 ἀλλά
1466 2817 1563 2870 καὶ
1621 2815 1852 2882 λευκοὺς
1912 2814 2053 2873 εἶναι
2123 2819 2219 2873 καὶ

622 2897 885 2969 ὡραίους.
915 2897 980 2950 El
1009 2897 1118 2969 γὰρ
1151 2899 1181 2951 6
1233 2896 1578 2963 Βαϐυλώνιος
1613 2898 1871 2970 βασιλεὺς
1895 2939 1910 2965 ,
1963 2901 2075 2955 ἀπὸ
2118 2903 2220 2973 τῆς

625 2982 1008 3052 αἰχμαλωσίας
1038 2980 1404 3053 ἐκλεγόμενος
1443 2984 1574 3047 τοὺς
1624 2984 1967 3049 νεανίσκους,
2015 2984 2219 3050 καλοὺς

625 3065 705 3137 τῷ
735 3065 867 3119 εῖδει
898 3065 993 3119 καὶ
1018 3062 1260 3136 ὡραίους
1295 3067 1361 3136 τῇ
1387 3064 1509 3135 ὄψει
1530 3065 1815 3134 ἐξελέξατο
1834 3086 1847 3100 ο
1880 3068 2064 3139 πολλῷ
2089 3068 2220 3140 μᾶλ-

626 3149 718 3204 λον
746 3150 895 3221 ἡμᾶς
953 3148 1405 3220 παρισταμένους
1436 3152 1503 3221 τῇ
1542 3151 1796 3224 τραπέζῃ
1837 3154 1901 3223 τῇ
1935 3151 2215 3223 βασιλικῇ,

627 3231 829 3297 καλοὺς
858 3231 937 3304 τῷ
963 3232 1095 3286 εῖδει
1124 3227 1265 3287 εἷναι
1298 3232 1382 3287 δεῖ
1406 3234 1486 3306 τῷ
1529 3235 1630 3306 τῆς
1655 3236 1857 3306 ψυχῆς,
1892 3236 1984 3289 τὸν
2008 3237 2215 3306 κόσμον

627 3319 852 3388 ἔχοντας
904 3314 1162 3387 χρυσοῦν,
1203 3316 1305 3388 τὴν
1326 3316 1521 3388 στολὴν
1566 3318 1842 3389 καθαρὰν,
1895 3318 1965 3372 τά
2015 3319 2218 3391 ὑποδή-

630 3418 776 3471 ματα
809 3399 1085 3472 βασιλικὰ,
1118 3399 1178 3453 τὸ
1211 3399 1508 3471 πρόσωπον
1546 3402 1651 3473 τῆς
1688 3402 1873 3473 ψυχῆς
1905 3401 2211 3474 εὔμορφον,

625 3484 718 3538 τὸν
743 3483 950 3555 κόσμον
976 3483 1115 3554 αὐτῇ
1145 3483 1496 3555 περικεῖσθαι
1512 3484 1605 3538 τὸν
1622 3486 1882 3556 χρυσοῦν,
1907 3486 2006 3557 τὴν
2036 3485 2214 3558 ζώνην

626 3569 726 3639 τῆς
763 3567 1046 3638 ἀληθείας.
1091 3567 1150 3620 '0
1185 3566 1437 3632 τοιοῦτος
1490 3568 1751 3639 προσίτω,
1799 3569 1894 3622 καὶ
1938 3570 2216 3639 ποτηρίων

628 3649 885 3704 ἁπτέσθω
918 3649 1241 3721 βασιλικῶν.
1292 3649 1355 3704 El
1396 3651 1455 3706 δέ
1502 3667 1586 3714 τις
1621 3651 1787 3723 ῥάκια
1812 3653 2213 3723 ἠμφιεσμένος,

628 3734 838 3805 ῥυπῶν,
884 3734 1115 3806 αὐχμῶν
1167 3734 1475 3789 ἐπεισιέναι
1521 3737 1588 3806 τῇ
1651 3734 1907 3808 βασιλικῇ
1973 3734 2218 3807 βούλοιτο

624 3818 896 3890 τραπέζῃ,
925 3819 1030 3889 ὅρα
1058 3819 1160 3871 ὅσα
1190 3817 1464 3884 πείσεται,
1514 3819 1616 3872 οὐκ
1647 3819 1939 3891 ἀρκουσῶν
1962 3819 2074 3874 τῶν
2093 3838 2220 3875 τεσ-

628 3902 940 3974 σαράκοντα
967 3902 1192 3972 ἡμερῶν
1230 3902 1300 3956 τὰ
1322 3905 1381 3957 ἐν
1407 3904 1573 3957 παντὶ
1620 3904 1700 3974 τῷ
1744 3903 1923 3976 χρόνῳ
1957 3906 2218 3978 πεπλημ-

627 3985 911 4058 μελημένα
948 3985 1377 4041 ἀπολούσασθαι.
1405 3987 1470 4041 Εἰ
1495 3988 1605 4060 γὰρ
1631 3989 1876 4061 ήγέεννα
1907 3990 2008 4046 οὐκ
2030 3992 2215 4064 άρκεϊ,

686 4151 703 4176 ¹
727 4153 866 4205 Colb.
895 4154 960 4218 μή
980 4170 1068 4211 τις.
1095 4153 1199 4204 Nec
1230 4155 1379 4206 aliter
1396 4156 1577 4219 Βθκεη
1599 4157 1786 4209 Comm.
1801 4164 1856 4208 et
1878 4172 2033 4223 marg.
2058 4157 2214 4210 Savil.

1302 351 1361 406 S.
1401 347 1696 407 JOANNIS
1728 344 2223 406 CIIRYSOSTOMI
2267 341 2583 402 ARCUIEP.
2626 340 3185 399 CONSTANTINOP.
3779 348 3862 414 I5;

2312 464 2493 518 καίτοι
2526 480 2591 532 γε
2617 462 2841 526 αἰώνιος
2874 458 3010 516 οὖσα
3063 461 3179 533 (διὰ
3215 460 3377 515 τοῦτο
3405 460 3519 533 γὰρ
3546 462 3638 519 καὶ
3677 468 3869 536 αίώνιός

2311 548 2480 618 ἐστι),
2517 547 2702 617 πολλῷ
2736 545 2939 618 μᾶλλον
2958 549 2987 601 6
3017 546 3225 618 βραχὺς
3266 540 3421 609 οὗτος
3450 547 3658 617 χρόνος.
3681 552 3752 607 Οὐ
3777 556 3871 627 γὰρ

2314 633 2605 702 μετάνοιαν
2634 630 2867 701 ίσχυράν
2894 629 3319 701 ἐπεδειξάμεθα,
3348 631 3464 685 ἀλλ’
3511 632 3722 707 ἀσθενῆ.
3753 638 3875 704 Τοὺς

2312 715 2605 786 εὐνούχους
2634 714 2873 786 μάλιστα
2919 714 3002 769 δεῖ
3034 715 3375 784 παρεστάναι
3406 714 3486 786 τῷ
3532 717 3767 788 βασιλεῖ’
3796 723 3872 778 εὐο

2313 796 2541 869 νούχους
2581 797 2750 866 λέγω,
2801 797 2929 862 τοὺς
2983 797 3086 870 τὴν
3116 798 3356 853 διάνοιαν
3406 798 3653 868 λευκοὺς,
3685 805 3872 876 μηδένα

2313 881 2540 953 ἔχοντας
2574 882 2749 954 ῥύπον
2783 882 2926 954 μηδέ
2958 883 3172 949 σπῖλον,
3212 884 3455 955 ὑψηλοὺς
3489 888 3554 957 τῇ
3582 885 3796 959 διανοίᾳ,
3822 889 3876 944 τὸ

2313 964 2465 1039 [ΗΞ]
2496 966 2652 1038 δμμα
2666 967 2878 1039 ἥμερον
2897 970 2996 1038 τῆς
3025 966 3207 1038 ψυχῆς
3236 967 3462 1038 ἔχοντας
3485 968 3578 1021 καὶ
3592 965 3875 1041 ὀξυδερκὲς,

2314 1051 2753 1123 εὐπερίστροφον
2789 1051 2886 1106 καὶ
2925 1050 3151 1123 γοργὸν,
3180 1050 3318 1106 ἀλλά
3375 1053 3452 1122 μὴ
3481 1052 3711 1124 ὑπνηλὸν
3756 1054 3879 1124 μηδὲ

2316 1126 2530 1202 ὕπτιον,
2558 1134 2875 1207 ἐλευθερίας
2895 1134 3069 1205 γέμον
3099 1134 3335 1205 πολλῆς,
3368 1134 3563 1207 πόρρω
3612 1137 3879 1208 ἀναισχυνο

2313 1217 2436 1281 τίας
2463 1234 2528 1287 γε
2547 1218 2656 1290 μὴν
2686 1219 2780 1273 καί⁵
2813 1217 3160 1289 ἰταμότητος,
3203 1218 3531 1288 ἐγρηγορὸς,
3558 1218 3728 1287 ύγιές,
3758 1222 3878 1291 μήτε

2317 1301 2548 1371 στυγνὸν
2582 1302 2791 1371 σφόδρα
2829 1302 2922 1355 καὶ
2941 1300 3205 1370 κατηφὲς,
3237 1301 3377 1371 μήτε
3402 1300 3785 1372 διακεχυμένον
3798 1304 3880 1357 καὶ

2316 1378 2504 1458 ὗγρόν.
2538 1385 2742 1440 Τοῦτον
2777 1387 2939 1457 ἡμεῖς
2959 1384 3140 1456 κύριοι
3159 1383 3565 1455 δημιουργῆσαι
3593 1384 3682 1440 τὸν
3701 1385 3881 1455 όφθαλυ

2319 1470 2440 1541 μὸν,
2468 1469 2561 1524 καὶ
2588 1469 2852 1542 ὀξυδερκῆ
2877 1470 3105 1541 ποιῆσαι
3126 1468 3223 1523 καὶ
3253 1468 3441 1523 καλόν.
3474 1469 3644 1523 Ὅταν
3670 1469 3774 1542 γὰρ
3802 1471 3881 1525 αὐς

2315 1555 2407 1609 τὸν
2433 1553 2509 1626 μὴ
2527 1554 2664 1625 πρὸς
2689 1554 2781 1607 τὸν
2806 1554 3016 1607 καπνὸν
3039 1553 3289 1624 ἄγωμεν,
3313 1553 3451 1625 μηδέ
3473 1554 3610 1625 πρὸς
3628 1555 3723 1626 τὴν
3740 1558 3872 1610 κόνιν

2320 1638 2572 1711 (τοιαῦτα
2604 1639 2716 1708 γάρ
2738 1637 2920 1691 πάντα
2943 1639 3012 1691 τά
3045 1636 3366 1709 ἀνθρώπινα
3392 1638 3736 1710 πράγματα),
3766 1639 3883 1693 ἀλλά

2319 1721 2456 1794 πρὸς
2486 1721 2587 1792 τὴν
2607 1719 2785 1793 αὔραν
2813 1720 2914 1793 τὴν
2936 1719 3163 1791 λεπτὴν,
3203 1722 3342 1792 πρὸς
3373 1721 3468 1775 τὸν
3505 1722 3703 1792 κοῦφον
3737 1723 3881 1793 ἀέρα,

2316 1805 2456 1878 πρὸς
2482 1805 2552 1859 τὰ
2584 1804 2858 1877 μετέωρα,
2896 1804 2992 1858 καὶ
3027 1803 3231 1875 ὑψηλὰ,
3260 1805 3358 1859 καὶ
3392 1806 3630 1877 ἡσυχίας
3657 1805 3876 1876 γέμοντι

2318 1889 2524 1960 πολλῆς
2551 1890 2645 1944 καὶ
2682 1888 3056 1960 καθαρότητος
3111 1890 3209 1943 καί⁹
3254 1890 3462 1962 πολλῆς
3509 1891 3610 1962 τῆς
3636 1890 3878 1961 τέρψεως.

2317 1972 2743 2045 ἀνακτησόμεθα
2791 1972 3003 2044 ταχέως
3058 1973 3244 2038 αὐτὸν,
3277 1974 3373 2029 καὶ
3421 1975 3673 2046 ρώσομεν
3720 1976 3889 2046 ἐντρυ-

2318 2059 2506 2128 φῶντα
2537 2059 2603 2129 τῇ
2635 2055 2862 2128 τοιαύτη
2897 2055 3016 2128 θέᾳ.
3050 2055 3211 2121 Εἶδες
3251 2058 3598 2125 πλεονεξίαν,
3628 2060 3719 2115 καὶ
3746 2058 3891 2113 πλοῦ-

2316 2156 2409 2205 τον
2436 2142 2606 2197 πολὺν
2644 2139 2841 2212 ἔχοντά
2855 2157 2980 2195 τινα
3000 2159 3015 2207 ;
3039 2140 3114 2213 μὴ
3146 2143 3435 2215 ἐπαγάγης
3466 2140 3585 2198 ἐκεῖ
3605 2143 3696 2197 τὸν
3710 2141 3895 2214 όφθαλο

2306 2218 2423 2298 ιμόν
2463 2242 2558 2279 σου
2594 2239 2608 2254 ’
2644 2223 2909 2296 βόρϐορός
2937 2224 3057 2278 ἐστι
3087 2224 3149 2278 τὸ
3180 2227 3443 2297 πρᾶγμα,
3491 2226 3697 2290 καπνός
3740 2228 3888 2288 ἐστιν.

2319 2309 2490 2381 ἀτμὸς
2526 2309 2786 2381 πονηρὸς,
2836 2308 3026 2373 σκότος
3057 2310 3152 2365 καὶ
3201 2310 3543 2382 στενοχωρία
3595 2309 3777 2382 πολλὴ,
3808 2310 3890 2364 καὶ

2319 2394 2624 2467 φροντίδων
2648 2394 2909 2465 πνιγμός.
2933 2388 3089 2457 Εἶδες
3120 2392 3478 2465 δικαιοσύνην
3514 2394 3779 2450 ἀσκοῦντα
3806 2392 3889 2446 ἄνα

2320 2478 2561 2550 θρωπον,
2591 2474 2936 2550 ἀρκούμενον
2975 2480 3089 2541 τοῖς
3126 2477 3318 2545 αὐτοῦ,
3353 2479 3453 2532 καὶ
3484 2477 3688 2550 πολλὴν
3719 2476 3890 2549 ἔχοντα

2318 2564 2419 2634 τὴν
2467 2561 2818 2634 εὐρυχωρίαν
2869 2562 2970 2633 τῆς
3023 2561 3284 2629 ἀνέσεως,
3330 2563 3491 2617 οὐδὲν
3541 2563 3887 2635 μεριμνῶντα,

2319 2647 2473 2700 οὐδὲν
2491 2645 2851 2718 φροντίζοντα
2895 2645 3007 2699 τῶν
3040 2645 3313 2711 ἐνταῦθα;
3348 2647 3552 2719 στῆσον
3583 2647 3742 2701 αὐτὸν
3763 2643 3885 2709 ἐκεῖ,

2320 2730 2417 2784 καὶ
2453 2728 2785 2801 μετεώρισον
2806 2744 2820 2759 ⁸
2855 2730 2951 2784 καὶ
2980 2728 3164 2800 πολλῷ
3194 2729 3459 2786 καλλίονα
3489 2730 3656 2784 αὐτὸν
3695 2727 3885 2800 ἐργάσῃ

2320 2815 2417 2868 καὶ
2442 2814 2850 2885 λαμπρότερον,
2895 2814 2956 2866 οὐ
2991 2816 3108 2877 τοῖς
3137 2813 3239 2885 τῆς
3268 2813 3376 2883 γῆς
3405 2812 3630 2869 ἄνθεσιν
3672 2810 3889 2883 εὐωχῶν,

2321 2898 2460 2954 ἀλλά
2487 2901 2604 2964 τοῖς
2636 2899 2737 2970 τῆς
2786 2901 3009 2971 ἀρετῆς,
3051 2898 3405 2973 σωφροσύνῃ,
3470 2897 3776 2970 ἐπιεικείᾳ,
3812 2895 3893 2951 καὶ

2320 2987 2432 3048 τοῖς
2464 2983 2647 3047 ἄλλοις
2676 2983 2903 3038 ἅπασιν.
2927 2983 3095 3039 Οὐδὲν
3107 2984 3218 3055 γάρ
3246 2982 3392 3038 οὕτω
3418 2984 3687 3057 ταράττει
3715 2980 3893 3052 ὀφθαλ-

2323 3068 2444 3138 μὸν,
2476 3067 2551 3130 ώς
2577 3066 2818 3130 συνειδὸς
2857 3068 3096 3138 πονηρόν
3121 3084 3135 3099 ·
3174 3066 3543 3137 Ἐταράχθη,
3575 3067 3758 3137 φησιν,
3787 3061 3888 3119 ἀπὸ

2319 3149 2512 3220 θυμοῦ
2549 3153 2582 3205 ό
2621 3150 2932 3219 ὀφθαλμός
2968 3167 3088 3220 μου
3109 3167 3123 3182 ·
3156 3151 3311 3205 οὐδὲν
3353 3149 3507 3206 οῦτώ
3535 3152 3735 3206 σκοτοτ.
3767 3145 3891 3202 Ταύ-

2319 3252 2416 3305 της
2439 3234 2601 3288 αὐτὸν
2636 3233 2949 3309 ἀπάλλαξον
2981 3235 3082 3306 τῆς
3109 3234 3397 3307 ἐπηρείας,
3431 3236 3528 3291 καὶ
3575 3233 3793 3307 φαιδρὸν
3816 3232 3894 3302 ἐρ-

2318 3319 2464 3390 γάσῃ
2496 3316 2595 3372 καὶ
2622 3318 2864 3390 ἰσχυρὸν,
2900 3318 2988 3372 ἀεὶ
3018 3318 3353 3390 τρεφόμενον
3404 3319 3632 3375 ἐλπίσιν
3669 3316 3896 3389 ἀγαθαῖς.

2319 3400 2535 3456 Γένοιτο
2560 3400 2618 3455 δέ
2644 3401 2854 3466 πάντας
2876 3405 3049 3473 ἡμᾶς,
3083 3404 3178 3455 καὶ
3195 3402 3503 3458 τοῦτονκαὶ
3527 3404 3628 3468 τὰς
3645 3399 3900 3471 mam;

2318 3485 2498 3557 ψυχῆς
2531 3487 2814 3555 ἐνεργείας
2846 3487 3260 3541 κατασκευάσαι
3286 3488 3580 3552 τοιαύτας,
3603 3488 3721 3551 οῖας
3742 3488 3769 3539 6
3786 3483 3903 3556 Χρι-

2321 3572 2448 3632 στὸς
2484 3568 2769 3640 βούλεται·
2796 3569 2883 3622 ῐνα
2925 3569 3028 3639 τῆς
3069 3569 3442 3642 ἐπικειμένης
3495 3573 3631 3643 ἡμῖν
3680 3567 3902 3638 κεφαλῆς

2320 3653 2462 3719 ἄξιοί
2515 3653 2824 3724 γενόμενοιν
2859 3652 3187 3723 ἀπέλθωμεν
3229 3652 3361 3706 ἔνθα
3416 3654 3589 3708 θέλει.
3623 3650 3896 3724 φησιγάφο

2323 3735 2489 3789 Θέλω
2516 3735 2616 3801 ἵν’,
2652 3737 2808 3790 ὅπου
2839 3735 2953 3805 ἐγώ
2984 3738 3126 3806 ειμι,
3155 3735 3430 3791 κάκεῖνοι
3453 3733 3570 3793 ὦσι
3594 3736 3724 3808 μετ’
3745 3731 3898 3804 ἐμοῦ,

2321 3818 2422 3873 ἵνα
2443 3816 2560 3888 τὴν
2591 3819 2782 3884 δόξαν
2809 3818 2928 3886 τὴν
2947 3818 3104 3888 ἐμὴν
3132 3818 3393 3887 ὁρῶσιν·
3424 3815 3497 3892 ἦς
3550 3822 3759 3888 γένοιτο
3779 3818 3899 3871 ἀποο

2321 3900 2522 3956 λαῦσαι
2568 3904 2780 3967 πάντας
2817 3903 2987 3973 ἡμᾶς,
3024 3905 3086 3955 ἐν
3129 3900 3356 3973 Χριστῷ
3405 3902 3592 3973 Ἰησοῦ
3620 3902 3701 3973 τῷ
3726 3900 3899 3969 Κυρίῳ

2321 3986 2501 4057 ἡμῶν,
2540 3986 2660 4057 μεθ’
2687 3980 2748 4041 οὗ
2773 3985 2852 4055 τῷ
2870 3986 3047 4058 Πατρὶ
3076 3987 3171 4039 κα)⁵
3190 3982 3266 4056 τῷ
3293 3985 3441 4057 ἁγίῳ
3465 3986 3747 4056 Πνεύματι
3767 3981 3899 4047 δόξα.

2321 4068 2547 4140 κράτος,
2574 4069 2729 4139 τιμὴ,
2762 4070 2858 4123 νῦν
2883 4071 2976 4122 καὶ
3005 4070 3113 4135 ἀεὶ,
3154 4070 3248 4122 καὶ
3280 4071 3359 4133 εἰς
3410 4071 3545 4135 τοὺς
3576 4068 3778 4130 αἰῶνας
3806 4064 3904 4118 τῶν

2320 4152 2554 4208 αίώνων.
2586 4152 2645 4205 Ἀ
2654 4154 2785 4222 μήν.

1986 4402 2138 4477 [ιτε]
2196 4404 2441 4459 OMIAIA
2479 4399 2584 4461 lE’.

635 4494 953 4564 Ἀνώτερον
997 4495 1220 4565 λέγων,
1280 4495 1369 4549 ὅτι
1417 4495 1641 4551 θυσίαν
1695 4492 1796 4548 καί
1860 4495 2220 4563 προσφορὰν

694 4566 793 4621 καί
868 4566 1335 4635 ὁλοκαυτώματα
1385 4567 1485 4622 καί
1548 4565 1684 4634 περὶ
1747 4566 2037 4634 ἁμαρτίας
2102 4567 2217 4619 οὐκ

693 4637 1024 4705 ἠθέλησας,
1045 4635 1187 4691 οὐδὲ
1205 4636 1568 4703 εὐδόκησας,
1599 4636 1824 4705 αἵτινες
1850 4635 2002 4688 κατὰ
2030 4635 2220 4705 νόμον

691 4704 1585 4794 προσφέρονταιχτότέρῖρηκεν
1605 4704 1754 4794 Ἰδοὺ
1781 4704 2027 4794 ἥκω]οᾷ
2044 4704 2219 4783 ποιῇ-

693 4775 820 4845 om,
850 4775 882 4832 δ
908 4779 1073 4844 Θεύς,
1109 4778 1178 4831 τὸ
1222 4775 1456 4847 θέλημά
1489 4793 1629 4830 σου.
1673 4775 1929 4847 Ἀναιρεῐ
1956 4775 2022 4828 τὸ
2062 4775 2220 4847 ,πρῶ-

696 4841 820 4911 τον,
847 4850 947 4902 ἵνα
977 4841 1067 4900 τό
1094 4841 1385 4916 δεύτεροῆ
1419 4847 1648 4916 στήσῃ.
1692 4848 1796 4899 Ἐν
1825 4841 1882 4915 ᾧ
1929 4841 2220 4915 θελήματι

696 4918 1050 4994 ἡγιασμένοι
1087 4914 1279 4994 ἐσμὲν
1303 4914 1539 4994 διᾴτῆς
1572 4914 1934 4994 προσφορᾷς
1967 4914 2220 4994 τοῦίσῴε

690 4987 887 5059 ματος
918 4988 1114 5055 Ἰησοῦ
1163 4987 1436 5059 ΧριστοῦΔ
1471 4987 1734 5056 ἐφάπαξ.
1789 4988 1900 5059 Καί
1952 4987 2220 5059 πᾶςλμὲν

694 5056 889 5128 ἱερεὺς
913 5059 1133 5126 ἕστηκε
1172 5056 1303 5111 καθ’
1322 5056 1557 5126 ἡμέραν
1571 5057 1962 5128 λειτουργῶν,
1999 5057 2100 5111 καί
2115 5059 2219 5125 τὰς

692 5133 880 5195 αὑτὰς
906 5129 1208 5192 πολλάκις
1224 5128 1585 5198 προσφέρων
1599 5130 1841 5196 θυσίας,
1866 5129 2094 5198 αἵτινες
2115 5131 2218 5183 οὺ-

691 5194 907 5255 δέποτε
939 5199 1230 5253 δύνανται
1252 5194 1556 5268 ,περιελεῖν
1578 5194 1869 5268 ἁμαρτίας
1896 5215 1909 5229 ·
1940 5194 2122 5265 οὗτος
2150 5198 2219 5253 δὲ

686 5274 838 5342 μίαν
856 5269 1007 5342 ὑπὲρ
1017 5267 1317 5342 ἁμαρτιῶν
1334 5267 1749 5342 προσενέγκας
1777 5271 2027 5342 θυσίαν,
2047 5273 2135 5335 εὶς
2150 5269 2218 5342 τὸ

692 5338 963 5409 διηνεκὲς
984 5338 1270 5409 ἐκάθισεν
1293 5340 1362 5393 ἐν
1380 5339 1548 5408 δεξιᾷ
1576 5338 1684 5394 τοῦ
1706 5341 1882 5405 Θεοῦ,
1902 5341 1967 5394 τὸ
1996 5340 2219 5394 λοιπόν

690 5407 1107 5486 ἐκδεχόμενος,
1133 5407 1246 5486 ἕως
1268 5407 1527 5486 τεθῶσιν
1545 5414 1600 5466 οι
1628 5411 1831 5481 ἐχθροὶ
1854 5410 2044 5466 αὐτοῦ
2065 5413 2218 5465 ὐπο-

692 5480 911 5535 πόδιον
937 5479 1057 5533 τῶν
1087 5479 1292 5534 ποδῶν
1315 5481 1529 5537 αὑτοῦ.

697 5656 769 5705 α’.
806 5651 894 5705 Ἐν
931 5652 1028 5723 μὲν
1056 5657 1171 5718 τοῖς
1202 5653 1514 5727 ἔμπροσθεν
1534 5654 1735 5720 ἔδειξεν
1777 5653 2078 5723 ἀνωφελεῖς
2120 5655 2218 5719 τάς

631 5732 818 5800 θυσίας
834 5735 999 5800 οὔσας
1016 5738 1150 5810 πρὸς
1170 5742 1268 5810 τὴν
1293 5740 1511 5792 τελείαν
1538 5738 1917 5810 καθαρότητα,
1932 5739 2026 5790 καὶ
2043 5756 2069 5791 τ
2081 5737 2216 5792 ύπον

625 5818 811 5887 οὔσας,
844 5823 937 5875 καὶ⁸
971 5822 1104 5877 πολὺ
1147 5824 1503 5895 λειπομένας.
1541 5822 1697 5877 Ἐπεὶ
1732 5820 1826 5876 οῦν
1879 5823 2212 5877 ἀντέπιπτεν

2325 4495 2476 4566 αὐτῷ
2500 4496 2689 4560 τοῦτο,
2723 4496 2771 4549 εί
2803 4494 2964 4549 τύποι
2995 4495 3127 4562 είσὶ,
3152 4495 3272 4561 πῶς
3295 4495 3396 4565 τῆς
3419 4496 3691 4569 ἀληθείας
3736 4492 3912 4548 ἐλθού-

2322 4594 2445 4648 σης,
2479 4577 2583 4631 οὐκ
2635 4577 2948 4632 ἐπαύσαντο
2976 4579 3097 4632 οὐδέ
3126 4578 3526 4652 ὑπεχώρησαν,
3584 4580 3705 4634 ἀλλ’
3738 4580 3909 4632 ἐπιτε-

2321 4661 2578 4729 λοῦνται;
2610 4661 2751 4714 Αὐτὸ
2782 4661 2840 4714 δέ
2879 4660 3039 4716 τοῦτο
3080 4662 3318 4717 ἐνταῦθα
3346 4663 3679 4735 ἐργάζεται,
3708 4659 3913 4720 δεικνὺς

2321 4747 2403 4799 ὅτι
2434 4745 2618 4800 οὐκέτι
2646 4745 2956 4799 τελοῦνταιο
2992 4747 3115 4801 οὐδὲ
3160 4745 3236 4812 ὡς
3283 4746 3483 4812 τύπος,
3512 4747 3577 4802 οὐ
3606 4747 3715 4818 γάρ
3750 4741 3912 4805 αὐτὰς

2320 4834 2609 4904 προσίεται
2638 4834 2666 4885 6
2695 4832 2848 4896 Θεός.
2885 4833 2999 4886 Καὶ
3054 4833 3215 4888 τοῦτο
3253 4834 3355 4887 οὐκ
3385 4834 3501 4889 ἀπὸ
3548 4836 3652 4904 τῆς
3708 4828 3909 4897 Καινῆς

2322 4916 2506 4983 πάλιν,
2537 4916 2654 4970 ἀλλ’
2704 4916 2814 4970 ἀπὸ
2863 4916 2974 4970 τῶν
3024 4917 3324 4991 προφητῶν
3370 4917 3675 4981 δείκνυσιν,
3714 4913 3914 4970 ἄνωθεν

2321 5002 2421 5073 τὴν
2447 5000 2811 5075 ἰσχυροτάτην
2838 5002 3108 5073 παράγων
3140 5004 3479 5076 μαρτυρίαν,
3517 5004 3604 5058 ὅτι
3643 5002 3805 5073 λήγει
3831 4999 3919 5052 καὶ

2321 5085 2582 5153 παύεται,
2622 5085 2716 5139 καλ⁸
2744 5084 2869 5155 είκῆ
2902 5085 3084 5141 πάντα
3123 5087 3489 5159 πράττουσιν,
3521 5088 3616 5141 ἀεὶ
3641 5086 3723 5157 τῷ
3755 5080 3918 5139 Πνεύ·

2325 5170 2557 5243 ματιτῷ
2587 5170 2729 5242 ἁγίῳ
2769 5170 3210 5237 ἀντιπίπτοντες.
3254 5172 3365 5226 Καὶ
3420 5171 3708 5226 δείκνυσιν
3731 5169 3795 5222 ἐκ
3827 5181 3917 5219 πε-

2324 5256 2571 5327 ριουσίας
2595 5255 2655 5308 οὐ
2709 5254 2805 5308 νῦν
2847 5254 3020 5319 αὐτὰς
3054 5256 3438 5328 πεπαυμένας,
3488 5255 3633 5311 ἀλλά
3671 5254 3765 5308 καὶ
3796 5248 3917 5319 παρ’

2320 5339 2493 5410 αὐτὴν
2525 5338 2619 5393 τοῦ
2649 5339 2891 5410 Χριστοῦ
2946 5338 3048 5411 τὴν
3094 5340 3432 5413 παρουσίαν,
3468 5340 3678 5412 μᾶλλον
3713 5337 3789 5403 δέ,
3831 5333 3918 5387 xz".

2321 5423 2430 5495 πρὸ
2458 5423 2559 5494 τῆς
2583 5423 2751 5476 αὐτοῦ
2805 5422 3136 5494 παρουσίας,
3165 5434 3185 5454 ⁸
3220 5424 3317 5478 καὶ
3352 5423 3480 5489 πῶς
3505 5426 3571 5479 οὐ
3614 5420 3917 5478 τελευταῖον

2321 5507 2513 5560 ἔλυσεν
2555 5506 2728 5570 αὐτὰς
2755 5508 2785 5561 6
2835 5505 3094 5577 Χριστὸς,
3145 5507 3281 5562 ἀλλά
3315 5506 3596 5580 πρότερον
3626 5505 3914 5575 ἐλύθησαν.

2321 5589 2416 5644 καὶ
2444 5590 2567 5644 τότε
2593 5586 2727 5662 ἦλθε
2751 5607 2764 5619 ’
2798 5592 3068 5665 πρότερον
3095 5592 3450 5664 ἐπαύθησαν,
3485 5595 3587 5649 καὶ
3610 5590 3735 5646 τότε
3763 5587 3918 5647 αὐτὸς

2324 5673 2687 5745 παρεγένετο.
2732 5676 2852 5730 Ἵνα
2879 5676 2988 5751 γάρ
3027 5676 3105 5750 μὴ
3136 5676 3364 5747 λέγωσι,
3397 5678 3500 5732 καὶ
3524 5679 3702 5753 χωρὶς
3724 5672 3919 5738 ταύτης

2383 5768 2401 5843 ξ
2434 5769 2489 5843 II}
2519 5769 2657 5843 (ἴση).
2678 5769 2883 5843 pomilja
2908 5771 3514 5843 decimqocla-vajpcipil
3533 5776 3596 5827 ab
3622 5772 3702 5825 his
3744 5764 3920 5824 verbis»

2321 5833 2401 5881 καὶ
2420 5835 2523 5889 πῶς
2542 5833 2598 5881 οὐ
2628 5834 2915 5897 τελευταῖον,
2943 5833 3143 5887 omissis
3172 5833 3453 5898 prioribus:
