4172 6456
353 333 460 389 153

344 462 460 501 non
484 444 637 501 enim
662 442 797 501 dicit
827 442 1006 500 :Nnm
1036 444 1157 515 quis
1196 458 1319 500 eum
1359 445 1621 501 accusat?
1674 444 1771 501 sed
1808 446 1973 517 quid?

344 540 487 595 Num
512 539 641 609 quis
665 538 907 608 seipsum
934 538 1195 594 accusat?
1215 537 1347 593 Nam
1364 540 1581 609 quando
1603 539 1754 607 dicit,
1775 539 1971 595 Sancta

344 631 579 696 sanctis,
612 629 720 685 hoc
743 629 877 685 dicit
909 648 922 685 :
964 629 1024 686 Si
1054 631 1173 701 quis
1202 645 1308 686 non
1337 640 1423 687 est
1446 639 1690 699 sanctus,
1722 648 1830 688 non
1874 648 1969 689 ac-

342 722 524 778 cedat.
552 722 677 777 Non
710 722 889 776 solum
917 721 1116 791 inquit,
1136 722 1178 776 A
1199 722 1434 792 peccatis
1451 737 1641 793 purus,
1662 723 1758 779 sed
1779 724 1965 793 etiam,

347 817 585 869 Sanctus
613 832 628 868 :
655 822 907 868 sanctum
957 814 1103 868 enim
1144 828 1251 868 non
1302 813 1433 868 facit
1457 813 1632 869 solum
1662 813 1910 869 liberatio
1936 831 1967 871 a

350 907 617 977 peccatis,
650 905 748 959 sed
779 904 943 959 etiam
978 906 1265 974 przesentia
1296 905 1531 975 Spiritus
1552 948 1565 970 ,
1599 915 1651 961 et
1700 907 1967 963 bonorum

347 1013 571 1069 operum
623 996 822 1067 copiae.
856 995 972 1049 Non
1003 996 1201 1063 solum,
1235 996 1429 1067 inquit,
1472 997 1599 1052 volo
1623 1012 1721 1052 vos
1750 1013 1780 1052 a
1808 1014 1967 1054 caeno

344 1107 466 1147 esse
490 1090 776 1155 liberatos,
807 1088 905 1143 sed
941 1088 1095 1143 albos
1122 1102 1243 1144 esse
1282 1098 1337 1144 et
1388 1089 1686 1159 speciosos.
1728 1088 1861 1144 Nam
1917 1089 1967 1145 si

342 1200 441 1238 res
472 1180 809 1252 Babylonius
833 1179 1064 1250 juvenes
1093 1180 1301 1251 eligens
1326 1196 1392 1235 ex
1431 1182 1742 1252 captivitate
1762 1223 1778 1248 ,
1802 1181 1965 1251 elegit

340 1273 603 1344 pulchros
630 1272 820 1341 Specie
846 1281 901 1326 et
922 1271 1071 1325 vultu
1097 1271 1326 1327 decoros
1352 1272 1371 1341 (
1397 1271 1537 1328 Dan.
1563 1274 1615 1327 l.
1645 1273 1717 1344 4)
1748 1290 1761 1325 :
1795 1273 1964 1328 multo

337 1368 511 1438 magis
545 1381 652 1421 nos
692 1365 790 1436 qui
836 1365 1057 1420 adstant
1088 1380 1291 1421 mensae
1338 1366 1503 1436 regiae
1552 1365 1805 1436 pulchros
1837 1381 1962 1423 esse

331 1468 554 1533 oportet
598 1460 787 1529 specie
830 1460 1062 1524 animae,
1092 1458 1354 1514 mundum
1402 1459 1665 1529 habentes
1694 1475 1917 1515 aureum
1940 1501 1956 1529 ,

330 1552 600 1609 mundum
646 1551 1064 1617 vestimentum,
1122 1552 1333 1622 regales
1375 1552 1613 1616 calceos,
1660 1552 1957 1607 formosum

330 1648 525 1701 animae
567 1644 813 1710 vultum,
848 1652 1102 1699 ornatum
1137 1659 1359 1699 aureum
1381 1686 1398 1711 ,
1445 1645 1722 1715 cingulum
1759 1645 1958 1700 verita-

330 1740 415 1792 tis.
446 1736 550 1804 Qui
589 1734 718 1790 talis
762 1742 873 1801 est,
903 1734 1149 1801 accedat,
1178 1743 1234 1790 et
1264 1734 1456 1805 pocula
1488 1743 1672 1807 tangat
1698 1736 1865 1806 regia.
1896 1734 1955 1791 Si

323 1830 447 1900 quis
473 1836 666 1882 autem
696 1826 897 1897 pannis
922 1826 1152 1891 obsitus,
1192 1826 1445 1882 sordidus
1492 1836 1548 1881 ct
1586 1826 1863 1897 squalidus
1887 1827 1957 1883 ad

319 1938 574 1978 mensam
605 1921 818 1991 regiam
842 1920 973 1975 velit
1017 1920 1245 1990 ingredi,
1301 1920 1423 1976 vide
1462 1929 1663 1992 quanta
1697 1920 1951 1991 patietur,

320 2029 446 2068 cum
468 2030 580 2067 non
604 2010 890 2066 sufﬁciant
909 2010 1264 2082 quadraginta
1294 2011 1410 2067 dies
1437 2010 1503 2066 ad
1531 2011 1801 2067 abluenda
1830 2027 1954 2084 quae

320 2109 473 2161 omni
505 2115 756 2174 tempore
781 2112 912 2158 sunt
945 2104 1183 2159 admissa
1217 2104 1436 2161 delicta.
1463 2104 1599 2161 Nam
1627 2106 1672 2161 si
1702 2120 1807 2161 non
1836 2105 1951 2163 suf-

330 2198 447 2253 ﬁcit
498 2202 792 2268 gehenna,
850 2196 980 2251 licet
1018 2197 1091 2252 sit
1141 2207 1341 2252 aeterna
1367 2239 1384 2265 ,
1427 2197 1630 2253 idcirco
1679 2199 1825 2254 enim
1868 2209 1952 2256 est

341 2298 549 2341 aeterna
579 2306 595 2342 :
629 2288 793 2343 multo
833 2288 1020 2343 minus
1054 2286 1157 2342 hoc
1202 2288 1364 2343 breve
1398 2298 1629 2360 tempus.
1662 2288 1781 2345 Non
1808 2291 1952 2346 enim

345 2380 605 2443 validam,
650 2380 741 2435 sed
788 2380 1118 2435 imbecillam
1162 2380 1506 2438 exhibuimus
1552 2384 1946 2454 paenitentiam.

339 2473 635 2527 Eunuchos
677 2473 910 2527 maxime
962 2481 1176 2544 oportet
1219 2474 1331 2545 regi
1381 2474 1596 2532 adstare
1627 2495 1641 2529 :
1672 2476 1951 2535 eunuchos

334 2563 474 2627 dico,
511 2564 601 2633 qui
625 2573 806 2619 mente
823 2574 952 2619 sunt
977 2564 1227 2630 candida,
1252 2567 1342 2636 qui
1375 2566 1578 2621 nullam
1607 2567 1808 2624 habent
1834 2584 1952 2625 sor-

330 2656 454 2709 dem
501 2672 605 2709 nec
637 2656 935 2721 maculam,
978 2661 1071 2726 qui
1119 2667 1301 2711 mente
1329 2667 1458 2713 sunt
1487 2660 1732 2727 excelsa,
1780 2662 1949 2718 animi

326 2748 485 2801 oculo
518 2746 736 2816 placido
765 2757 821 2801 et
870 2757 1175 2813 mansueto,
1219 2750 1331 2803 acri
1376 2751 1633 2822 agilique,
1668 2768 1861 2811 severo
1887 2771 1952 2812 ac

324 2839 573 2903 rnlubili,
602 2855 712 2893 non
746 2849 929 2893 autem
958 2840 1304 2895 somnolento
1332 2850 1387 2896 et
1427 2843 1651 2914 supino,
1681 2845 1848 2901 multa
1880 2846 1948 2902 li-

320 2938 533 2993 bertate
567 2936 749 3005 pleno,
788 2945 1004 2990 remoto
1027 2943 1211 2990 autem
1239 2935 1310 2991 ab
1340 2937 1489 2992 omni
1514 2937 1845 3009 impudentia
1889 2944 1951 2998 et

318 3028 678 3091 conﬁdentia,
709 3027 978 3097 vigilanti,
1016 3041 1171 3093 sano,
1202 3041 1304 3083 nec
1331 3026 1623 3084 admodum
1657 3042 1854 3088 moesto
1880 3048 1946 3090 ac

320 3122 484 3186 tristi,
517 3136 620 3176 nec
652 3121 831 3174 minus
859 3118 1057 3173 diﬁ‘nso
1086 3129 1141 3175 et
1178 3118 1358 3175 hilari.
1390 3120 1544 3178 Hunc
1571 3124 1785 3179 oculum
1812 3141 1941 3198 pos-

316 3228 511 3270 sumus
561 3212 725 3266 nobis
754 3210 1101 3266 architectari
1122 3253 1139 3278 ,
1184 3212 1412 3282 visuque
1436 3227 1617 3270 acrem
1645 3214 1861 3273 efﬁcere
1891 3227 1947 3273 et

1180 352 1244 409 IN
1283 352 1501 411 EPIST.
1546 349 1636 407 AD
1676 343 2042 403 HEBRAEOS.
2085 344 2241 402 CAP.
2284 346 2354 402 Χ.
2398 347 2631 407 HOMIL.
2678 349 2870 409 XVIII.

3561 338 3663 395 151

2068 440 2373 512 pulchrum.
2414 438 2639 507 Quando
2682 441 2827 494 enim
2861 455 2967 494 non
3010 442 3075 496 ad
3106 440 3333 510 fumum,
3385 459 3561 517 neque
3601 449 3667 502 ad

2066 534 2304 590 cinerem
2331 529 2650 588 deduximus
2675 534 2691 601 (
2712 532 2846 587 talcs
2873 533 3072 604 quippe
3099 544 3225 589 sunt
3245 550 3434 593 omnes
3455 553 3542 594 res
3566 539 3667 594 hn-

2066 640 2240 682 tnanae
2261 626 2303 696 ),
2329 625 2425 679 scd
2455 624 2522 679 ad
2546 638 2731 678 auram
2766 625 3019 680 subtilem
3051 635 3105 681 et
3125 642 3307 683 aerem
3333 638 3572 697 tenuem,
3601 633 3670 688 ad

2065 734 2127 776 ea
2166 733 2288 789 qua:
2339 724 2468 776 sunt
2504 717 2715 773 excelsa
2763 726 2817 772 et
2858 718 3107 772 sublimia
3135 761 3151 787 ,
3206 730 3260 775 et
3289 722 3458 776 multa
3488 725 3671 795 quiete

2065 812 2222 885 plena
2249 819 2305 867 et
2324 813 2556 882 puritate
2578 820 2632 865 et
2652 810 3028 876 delectatione,
3055 813 3227 882 ipsum
3251 818 3434 870 statim
3457 832 3671 873 recrea-

2064 906 2243 960 bimus
2263 914 2316 960 et
2331 904 2772 959 conﬁrmabimus
2796 907 2924 958 tanti
2945 906 3235 975 spectaculi
3254 909 3525 978 voluptate
3542 926 3666 980 pcr-

2003 976 2263 1052 ‘rusum.
2322 996 2506 1051 Vidisti
2546 995 2687 1051 male
2738 1004 2922 1066 partas
2972 1006 3029 1052 ct
3083 1000 3279 1055 multas
3322 976 3569 1059 divitias?
3599 1022 3669 1060 ne

2064 1098 2213 1145 tuum
2241 1089 2458 1146 oculum
2484 1104 2551 1144 eo
2586 1089 2837 1144 sustollas
2863 1106 2877 1143 :
2906 1105 2967 1144 ea
3017 1106 3104 1147 res
3124 1103 3208 1147 est
3234 1109 3449 1151 caenum
3500 1108 3553 1153 et
3582 1100 3669 1153 lu-

2061 1199 2183 1239 mus
2212 1193 2267 1239 et
2296 1182 2470 1238 malus
2499 1198 2686 1252 vapor,
2721 1182 2979 1247 tenebrae,
3018 1193 3073 1239 et
3120 1186 3285 1241 multa
3318 1191 3584 1259 angustia,
3610 1202 3669 1247 et

2060 1292 2313 1333 curarum
2355 1275 2658 1331 suﬁ‘ocatio.
2693 1274 2884 1330 Vidisti
2914 1278 3187 1332 hominem
3214 1292 3557 1337 exercentem
3576 1284 3668 1354 ju-

2060 1369 2287 1435 stitiam,
2342 1368 2457 1424 suis
2485 1376 2822 1435 contentum,
2852 1377 2907 1422 et
2959 1369 3044 1423 cui
3086 1378 3170 1424 est
3219 1386 3408 1440 magna
3442 1375 3668 1432 latitudo

2061 1460 2418 1527 remissionis,
2449 1461 2539 1531 qui
2571 1460 2637 1515 de
2662 1460 2727 1514 iis
2753 1476 2873 1530 quae
2906 1460 2992 1515 hic
3025 1471 3150 1517 sunt
3175 1464 3374 1518 nullam
3404 1468 3541 1536 gerit
3569 1484 3668 1523 cu-

2060 1568 2176 1608 ram
2222 1566 2325 1608 nec
2372 1561 2456 1608 cst
2500 1551 2808 1607 sollicitus?
2838 1552 2947 1607 illic
2975 1569 3096 1607 eum
3132 1555 3234 1624 ﬁge
3262 1565 3316 1610 et
3342 1558 3563 1627 extollc,
3612 1571 3671 1617 et

2059 1644 2264 1700 efﬁcies
2290 1659 2414 1700 eum
2439 1644 2608 1699 multo
2632 1644 2993 1716 pulchriorem
3017 1657 3071 1701 ct
3091 1648 3535 1720 splendidiorem,
3560 1670 3670 1710 non

2062 1744 2219 1791 terra:
2249 1734 2472 1791 ﬁoribus
2502 1752 2623 1792 eum
2654 1751 2903 1807 pascens,
2924 1738 3018 1793 sed
3043 1740 3261 1808 virtute,
3288 1747 3667 1814 temperantia,

2059 1827 2434 1884 moderatione
2466 1836 2523 1883 et
2549 1828 2827 1899 mquitate,
2869 1839 2924 1884 et
2969 1833 3178 1887 caeteris
3222 1836 3493 1891 omnibus.
3523 1837 3671 1894 Nihil

2060 1919 2207 1974 enim
2246 1933 2403 1990 mque
2449 1918 2629 1975 turbat
2658 1919 2900 1987 oculum,
2930 1929 3090 1991 atque
3118 1923 3258 1979 mala
3280 1928 3608 1984 conscientia
3642 1948 3657 1985 :

2060 2008 2317 2065 Turbatus
2342 2019 2435 2079 est,
2460 2010 2654 2081 inquit,
2678 2011 2742 2065 ab
2767 2012 2845 2066 ira
2872 2013 3053 2067 oculus
3082 2031 3224 2071 meus
3253 2016 3272 2089 (
3294 2016 3440 2073 Psal.
3468 2021 3522 2076 6.
3554 2022 3624 2093 8)
3651 2039 3663 2073 :

2060 2101 2195 2156 nihil
2234 2117 2385 2173 aeque
2424 2101 2654 2158 oﬁ‘undit
2707 2102 2981 2159 tenebras.
3034 2105 3170 2161 Eum
3230 2108 3399 2165 libera
3443 2113 3514 2168 ab
3566 2114 3670 2172 hac

2060 2195 2380 2263 oﬁ'ensione,
2414 2202 2469 2251 et
2508 2195 2708 2252 reddes
2738 2196 2941 2265 latum,
2976 2199 3211 2255 alacrem
3241 2212 3296 2257 et
3343 2203 3561 2274 fortem,
3615 2220 3669 2264 et

2060 2288 2149 2358 qui
2201 2288 2339 2343 bona
2389 2303 2486 2358 spe
2536 2304 2754 2360 semper
2780 2291 3064 2347 nutrietur.
3100 2292 3267 2349 Detur
3303 2306 3481 2353 autem
3515 2301 3669 2357 nobis

2060 2381 2331 2448 omnibus,
2362 2390 2497 2436 utet
2523 2396 2668 2451 eum,
2693 2392 2747 2438 et
2791 2382 2924 2439 alias
2953 2386 3219 2455 ejusmodi
3255 2391 3449 2447 animae
3473 2408 3667 2464 opera-

2063 2476 2239 2529 tiones
2264 2488 2666 2543 comparemus,
2696 2475 2998 2545 cujusmodi
3022 2478 3135 2532 vult
3162 2479 3433 2550 Christus,
3463 2495 3521 2540 ut
3567 2502 3668 2541 no-

2060 2565 2146 2620 bis
2175 2565 2429 2635 impusito
2449 2567 2625 2637 capite
2649 2566 2794 2637 digni
2815 2567 3013 2638 cﬁ‘ecti,
3035 2585 3101 2626 eo
3122 2587 3234 2641 quo.
3250 2575 3363 2629 vult
3383 2578 3668 2635 abeamus.

2064 2658 2202 2713 Dicit
2223 2659 2391 2727 enim,
2429 2658 2559 2714 Volo
2593 2669 2669 2727 ut,
2701 2661 2786 2714 ubi
2814 2678 2915 2733 ego
2941 2680 3074 2731 sum,
3102 2665 3183 2719 illi
3207 2684 3404 2737 quoque
3427 2671 3526 2725 sint
3562 2690 3671 2728 me-

2050 2772 2189 2827 cum,
2218 2767 2272 2812 ut
2295 2775 2460 2813 meum
2487 2758 2706 2830 gloriam
2743 2760 2949 2814 videant
2990 2759 3171 2831 (Joan
3208 2762 3295 2816 17.
3324 2761 3429 2826 21»)
3460 2780 3475 2817 :
3505 2779 3665 2834 quam

2051 2848 2211 2906 detur
2240 2851 2396 2906 nobis
2420 2852 2673 2907 omnibus
2690 2854 2949 2924 consequi
2970 2852 3024 2907 in
3048 2853 3267 2909 Christo
3284 2855 3410 2910 Jcsu
3438 2857 3666 2913 Domino

2054 2953 2260 3010 nostro,
2290 2958 2413 2998 cum
2436 2960 2542 3014 quo
2573 2954 2659 3001 est
2686 2944 2831 2999 Patri
2872 2954 2927 2999 ct
2963 2944 3185 3016 Spiritui
3228 2958 3416 3001 sancto
3455 2949 3660 3019 gloria,

2062 3051 2346 3121 imperium
2367 3092 2380 3114 ,
2421 3048 2626 3115 honor,
2660 3061 2803 3101 nunc
2825 3054 2878 3101 et
2903 3058 3139 3116 semper,
3171 3052 3225 3099 et
3252 3045 3303 3098 in
3336 3050 3533 3100 secuta
3561 3059 3664 3100 sa:-

2058 3147 2322 3202 culorutn.
2353 3142 2547 3197 Amen.

330 3325 3662 3351 W

1750 3380 2099 3444 HOMILIA
2139 3380 2374 3443 XVIII.

318 3513 459 3570 Car.
491 3512 586 3570 10.
618 3528 676 3567 v.
710 3512 766 3568 8.
802 3510 1059 3583 Superius
1093 3510 1268 3566 dicens
1295 3526 1317 3564 :
1347 3508 1562 3565 Hostias
1592 3516 1640 3563 et
1670 3506 1956 3563 oblationes

395 3618 451 3663 et
499 3606 817 3662 holocausta
848 3620 945 3671 pro
986 3611 1196 3675 peccato
1225 3603 1458 3670 noluisti,
1501 3618 1592 3656 nec
1619 3602 1808 3672 placita
1833 3608 1951 3654 sunt

390 3700 492 3753 tibi
518 3713 644 3768 qua:
682 3695 969 3751 secundant
1000 3696 1163 3768 legem
1192 3694 1482 3762 o/feruntur
1510 3710 1529 3749 :
1557 3694 1611 3750 9.
1643 3702 1763 3748 tunc
1793 3693 1903 3746 dixi
1931 3708 1949 3747 :

388 3790 540 3845 Ecce
568 3788 718 3843 venio
739 3797 795 3843 ut
823 3787 1038 3859 faciam,
1061 3786 1225 3853 Deus,
1247 3786 1560 3842 voluntatem
1585 3794 1744 3840 tuam.
1773 3787 1951 3857 Aufert

390 3883 655 3953 primum,
698 3890 755 3934 ut
799 3894 1016 3952 sequens
1058 3886 1273 3933 statuat.
1319 3878 1411 3935 10.
1452 3877 1522 3932 1η
1561 3894 1665 3944 qua
1693 3877 1953 3932 uoluntate

390 3973 721 4045 sanctiﬁcati
790 3989 967 4028 sumus
1037 3989 1128 4045 per
1185 3972 1494 4028 oblationem
1540 3972 1770 4043 corporis
1821 3969 1950 4026 Jesu

388 4070 594 4126 Christi
627 4066 804 4124 semel.
844 4067 938 4122 11.
968 4064 1038 4121 Et
1068 4067 1234 4122 omnis
1260 4067 1465 4139 quidem
1492 4066 1731 4122 sacerdos
1759 4076 1947 4138 praesto

387 4173 465 4219 est
512 4160 749 4234 quotidie
774 4159 1096 4225 ministram,
1126 4168 1173 4214 et
1200 4159 1402 4215 easdem
1430 4175 1568 4229 saepe
1606 4157 1825 4226 o/fcrens
1856 4159 1949 4212 ho-

386 4256 542 4319 stias,
568 4269 690 4325 quae
713 4268 816 4307 non
837 4261 1053 4321 possunt
1075 4251 1282 4321 auferre
1308 4261 1545 4322 peccata:
1563 4251 1649 4306 12.
1675 4251 1757 4306 hic
1776 4262 1948 4306 autem

382 4365 555 4402 unam
584 4363 683 4417 pro
711 4348 931 4416 peccatis
961 4344 1186 4412 offerens
1211 4346 1430 4401 hostiam
1450 4387 1466 4413 ,
1495 4347 1551 4401 in
1581 4348 1947 4419 sempiternum

381 4442 534 4493 sedet
592 4439 650 4492 in
700 4438 912 4491 dextera
963 4437 1099 4501 Dei,
1153 4438 1243 4494 15.
1275 4437 1340 4492 de
1378 4448 1561 4493 caetero
1610 4449 1942 4510 exspectans,

380 4532 557 4587 donec
590 4540 859 4601 ponantur
885 4528 1084 4583 inimici
1124 4530 1238 4599 ejus
1265 4529 1547 4585 scabellum
1585 4531 1773 4602 pedum
1802 4534 1939 4602 ejus.

380 4627 439 4681 1.
488 4625 550 4679 In
580 4625 652 4679 iis
672 4638 799 4694 qua:
827 4621 1148 4692 praecedunt
1182 4622 1423 4679 ostendit
1456 4623 1666 4679 inutilia
1702 4639 1823 4681 esse
1850 4639 1943 4682 sa-

298 4717 522 4775 crificia
548 4715 619 4771 ad
651 4716 947 4785 perfectam
976 4714 1290 4786 puritatem,
1316 4724 1373 4771 et
1399 4730 1522 4771 esse
1548 4725 1705 4787 typos
1725 4731 1788 4772 ac
1810 4717 1944 4789 ﬁgu-

296 4827 417 4873 ras,
452 4817 516 4864 et
545 4807 781 4862 multum
810 4805 1068 4862 deﬁcere.
1098 4806 1363 4875 Quoniam
1392 4823 1524 4879 ergo
1551 4807 1656 4864 hoc
1680 4809 1731 4865 ei
1753 4823 1944 4865 occur-

295 4904 464 4957 rebat
492 4918 508 4953 :
536 4898 597 4954 Si
622 4906 751 4952 sunt
777 4896 888 4970 typi
917 4911 981 4953 ac
1008 4897 1214 4969 ﬁgurae,
1238 4898 1511 4968 quomodo
1529 4914 1638 4955 non
1659 4909 1942 4956 cessarunt

300 5008 432 5047 cum
468 4988 774 5045 advenerit
815 4989 1039 5055 veritas,
1074 5004 1178 5045 nec
1206 4998 1509 5057 cesserunt,
1542 4990 1639 5047 sed
1672 5006 1940 5063 peragun-

300 5086 431 5140 tur?
496 5086 555 5139 in
613 5083 725 5137 hoc
772 5097 906 5153 ergo
959 5097 1105 5138 nunc
1160 5082 1249 5138 hic
1282 5084 1394 5154 agit
1442 5084 1742 5141 ostendens
1794 5086 1937 5158 quod

302 5195 415 5234 non
450 5177 697 5247 amplius
727 5185 1083 5247 peraguntur,
1129 5192 1232 5232 nec
1276 5186 1337 5232 ut
1376 5178 1543 5249 ﬁgura
1572 5180 1791 5250 quidem
1826 5199 1840 5235 :
1873 5197 1933 5236 ca

296 5275 447 5328 enim
488 5270 646 5324 Deus
688 5283 796 5322 non
838 5266 1096 5323 admittit.
1134 5268 1300 5339 quue
1327 5284 1519 5325 rursus
1551 5286 1658 5326 non
1690 5287 1755 5327 cx
1784 5272 1936 5328 Novo

297 5361 549 5418 ostendit
578 5360 678 5414 sed
712 5375 779 5414 ex
813 5360 1116 5429 prephetis,
1149 5359 1522 5417 ﬁrmissimum
1554 5363 1623 5417 ab
1652 5364 1761 5419 alto
1793 5364 1935 5435 peti-

296 5464 411 5508 tum
460 5452 754 5507 adducens
799 5451 1209 5517 testimonium,
1251 5452 1396 5523 quod
1440 5465 1660 5511 cessent
1696 5464 1752 5512 et
1785 5458 1933 5513 desi-

304 5562 454 5615 nant,
491 5558 549 5604 et
581 5559 791 5603 temere
820 5548 1004 5601 omnia
1034 5557 1220 5617 agant,
1250 5564 1467 5620 semper
1495 5564 1684 5609 sancto
1713 5553 1933 5625 Spiritui

302 5642 662 5698 resistentes.
698 5636 1055 5707 Ostenditque
1092 5654 1156 5693 ex
1198 5640 1492 5696 abundanti
1530 5658 1593 5699 ea
1631 5659 1741 5701 non
1790 5662 1935 5703 nunc

298 5750 578 5799 cessasse,
606 5731 703 5787 sed
730 5732 913 5785 statim
944 5730 997 5784 in
1026 5730 1147 5800 ipso
1168 5732 1369 5787 Christi
1394 5734 1649 5800 adventu,
1677 5739 1784 5794 imo
1805 5751 1933 5809 ante

299 5830 420 5898 ejus
468 5827 807 5889 adventum;
902 5832 959 5877 et
997 5824 1141 5894 quod
1182 5839 1244 5877 ea
1294 5841 1403 5881 non
1449 5827 1668 5887 solverit
1713 5829 1929 5888 domum

627 5934 911 5995 PATLCL.
966 5935 1084 5996 (in.
1138 5934 1363 5998 LXIII.

2071 3502 2343 3575 Christus,
2376 3514 2474 3567 sed
2504 3514 2654 3583 prius
2686 3516 2885 3573 fuerint
2910 3520 3107 3592 soluta,
3135 3533 3191 3580 et
3222 3535 3348 3584 tunc
3379 3530 3495 3600 ipse
3515 3533 3684 3591 adve-

2069 3599 2233 3655 nerit.
2273 3600 2408 3657 Nam
2448 3618 2518 3659 ne
2550 3605 2756 3675 dicant,
2802 3610 2978 3668 Etiam
3021 3615 3225 3687 absque
3266 3619 3370 3676 hoc
3404 3599 3676 3684 sacriﬁcio

2067 3692 2344 3788 potuimus
2373 3696 2588 3766 placere
2611 3699 2745 3770 Deo,
2775 3708 3111 3775 exspectavit
3142 3720 3199 3765 ut
3227 3713 3390 3770 etiam
3424 3734 3520 3788 per
3549 3720 3668 3777 illos

2065 3783 2184 3887 ipsa
2228 3787 2710 3863 redarguercntur,
2741 3806 2796 3851 et
2832 3806 2960 3854 tunc
3000 3801 3115 3872 ipse
3157 3805 3377 3863 advenit
3406 3783 3657 3885 {Sacri/i-

2061 3880 2196 3931 cium
2241 3880 2409 3948 enim,
2466 3884 2675 3956 inquit,
2733 3897 2783 3943 et
2827 3890 3137 3949 oblationem
3190 3900 3422 3957 noluisti.
3473 3880 3664 3963 Omnia

2058 3980 2159 4037 per
2201 3968 2318 4028 haec
2365 3977 2582 4032 sustulit
2613 3996 2627 4033 :
2657 3988 2714 4034 ut
2754 3981 2846 4051 qui
2891 3981 2944 4038 in
2989 4000 3190 4056 genere
3237 3990 3438 4049 dixerit
3493 4010 3550 4052 ct
3603 4000 3661 4057 in

2056 4063 2239 4157 specie
2272 4082 2285 4118 :
2318 4064 2639 4126 Holocausta
2673 4089 2767 4142 pro
2795 4088 3001 4145 peccato
3048 4097 3149 4136 non
3197 4084 3287 4138 tibi
3335 4076 3660 4157 placuerunt.

2054 4151 2266 4211 Oblatio
2292 4168 2471 4215 autem
2516 4173 2634 4218 erat
2662 4166 2920 4238 quidquid
2963 4181 3114 4228 extra
3159 4151 3489 4237 sacriﬁcium
3519 4151 3658 4242 olle;

2052 4245 2293 4301 rebatur.
2330 4248 2471 4305 Tunc
2500 4253 2652 4320 dixit,
2688 4255 2821 4311 Ecce
2845 4261 3008 4315 uenio.
3045 4263 3122 4320 De
3148 4282 3382 4336 quonam
3434 4272 3538 4330 hoc
3578 4277 3661 4332 di-

2052 4346 2198 4394 ctum
2220 4342 2342 4396 est?
2374 4343 2449 4399 De
2480 4346 2627 4402 nullo
2646 4349 2752 4405 alio
2782 4368 2940 4421 quam
2971 4355 3037 4412 dc
3062 4358 3298 4416 Christo.
3328 4363 3426 4419 llic
3455 4369 3653 4426 nullam

2050 4429 2266 4490 confert
2308 4436 2523 4507 culpam
2563 4439 2618 4494 in
2662 4457 2759 4499 eos
2794 4446 2885 4515 qui
2914 4446 3238 4523 offerebant,
3272 4458 3571 4517 ostendens
3598 4479 3658 4520 se

2179 4537 2401 4623 propter
2424 4546 2615 4588 eorum
2638 4536 2765 4591 vitia
2788 4554 2897 4596 non
2923 4540 3125 4601 habere
3148 4562 3209 4602 ea
3237 4563 3484 4623 accepta,
3514 4556 3656 4614 sicut

2045 4616 2179 4719 dicit
2197 4620 2347 4689 alibi,
2378 4624 2473 4680 sed
2492 4628 2633 4696 quod
2655 4629 2722 4686 de
2743 4642 2942 4691 caetero
2963 4637 3034 4692 sit
3056 4616 3444 4712 probatuin,'ct
3460 4616 3653 4719 depre-

2045 4708 2272 4767 hensum
2296 4730 2414 4770 eam
2443 4733 2555 4773 rem
2584 4721 2715 4776 nihil
2744 4723 2946 4783 habere
2972 4729 3166 4786 virium
3191 4776 3206 4799 ,
3238 4708 3413 4807 neque
3436 4708 3651 4813 tempus

2040 4807 2393 4907 cquveniens.
2429 4811 2567 4880 Quid
2615 4815 2720 4872 hoc
2758 4828 2937 4875 autem
2986 4823 3052 4880 ad
3093 4825 3257 4894 illud,
3301 4832 3445 4902 quod
3497 4807 3646 4907 saepe

2039 4896 2368 4956 oﬁ‘errentur
2412 4907 2712 4963 sacriﬁcia?
2760 4911 2875 4967 Non
2920 4931 2983 4971 ex
3020 4933 3086 4973 eo
3122 4922 3295 4977 solum
3318 4896 3467 4996 quod
3501 4896 3645 4999 sa‘pc

2037 4990 2361 5050 oﬁ‘errentur
2382 5039 2396 5062 ,
2428 4997 2562 5054 dicit
2599 5017 2719 5058 esse
2751 5008 3094 5078 perspicuum
3147 5016 3291 5084 quod
3325 4990 3505 5075 essent
3535 4990 3640 5077 iiii-

2043 5088 2322 5184 hecillaiet
2352 5094 2482 5153 nihil
2518 5100 2862 5170 prodessent,
2901 5106 2995 5163 sed
3032 5110 3195 5166 etiam
3226 5114 3368 5184 quod
3403 5115 3547 5172 Deus
3575 5132 3639 5172 ca

2046 5197 2153 5237 non
2201 5183 2533 5256 admitteret,
2585 5201 2857 5264 tamquam
2913 5198 3117 5256 inutilia
3174 5183 3633 5263 etiinl‘ructuosa.

2045 5273 2278 5343 ldipsum
2326 5279 2455 5335 dicit
2490 5285 2653 5340 etiam
2698 5287 2825 5344 alibi
2860 5308 2871 5344 :
2902 5290 2965 5345 Si
3000 5294 3242 5350 voluisses
3285 5298 3595 5367 sacriﬁcium
3619 5343 3634 5366 ,

2042 5368 2288 5461 dedissem
2319 5370 2490 5443 (Psal.
2517 5377 2602 5431 ἑο.
2639 5379 2751 5450 18).
2776 5382 2879 5436 Per
2906 5383 3009 5440 hoc
3035 5402 3163 5457 ergo
3184 5388 3343 5443 etiam
3375 5390 3640 5461 signiIiCat

2042 5471 2098 5513 se
2140 5459 2306 5514 nolle.
2351 5462 2467 5518 Non
2513 5479 2641 5524 sunt
2692 5485 2824 5542 ergo
2880 5476 3143 5533 sacriﬁcia
3204 5459 3454 5539 voluntas
3510 5484 3638 5549 Dei,

2042 5550 2134 5605 sed
2180 5553 2569 5612 sacriﬁciorum
2614 5560 2835 5620 abolitio
2877 5583 2892 5621 :
2934 5568 3095 5639 igitur
3142 5583 3340 5642 printer
3392 5576 3639 5631 volunta-

2043 5654 2147 5696 tem
2203 5646 2528 5705 sacriﬁcant.
2599 5651 2738 5721 Quid
2789 5667 2909 5727 cst,
2970 5660 3039 5716 Ut
3085 5664 3276 5733 faciam
3328 5667 3640 5722 voluntatem

2041 5738 2219 5792 tinuit?
2260 5738 2330 5795 Ut
2366 5743 2653 5814 meipsnm,
2712 5748 2921 5821 inquit,
2971 5756 3359 5815 tradamzhaec
3412 5770 3495 5817 est
3544 5764 3639 5818 Dei

2040 5828 2305 5887 Voluntas.
2336 5833 2399 5889 In
2427 5854 2526 5907 qua
2558 5841 2818 5900 voluntate
2846 5847 3153 5919 sancti/irati
3177 5867 3374 5905 sumus.
3410 5854 3509 5909 Per
3537 5854 3638 5912 hoc

3272 5958 3308 6018 9
