4172 6466
605 359 707 412 13Ξὶ

591 469 804 524 quoque
843 456 948 512 alio
987 461 1150 514 modo
1179 458 1463 529 signiﬁcat,
1493 475 1598 516 non
1628 461 1915 533 sacriﬁcia,
1943 463 2038 520 sed
2079 465 2171 522 Dei

593 547 918 604 Voluntatem
943 549 1187 606 homines
1203 565 1448 623 purgare.
1469 553 1613 625 Ergo
1635 556 1896 612 sacriﬁcia
1915 573 2173 631 peragere

590 654 698 694 non
727 655 790 695 ex
823 642 912 696 Dei
944 644 1217 699 voluntate
1241 653 1343 700 est.
1384 646 1448 701 Et
1482 648 1610 718 quid
1637 650 1872 718 miraris,
1900 653 1944 706 si
1971 667 2079 708 non
2106 655 2176 709 sit

592 747 734 786 nunc
785 733 875 786 Dei
918 734 1197 802 voluntas,
1234 751 1354 791 cum
1389 754 1489 794 nec
1518 741 1633 810 ejus
1661 751 1806 797 esset
1834 743 2080 802 voluntas
2106 746 2175 802 ab

590 822 778 877 initio?
807 825 931 890 Quis
961 827 1092 880 enim
1133 828 1240 881 lucc
1261 870 1275 894 ,
1311 830 1510 899 inquit,
1539 833 1795 902 requisivit
1833 851 1898 888 ea:
1939 837 2174 891 manibus

589 913 763 967 vestris
791 913 943 984 (Isai.
965 916 1017 970 1.
1050 917 1182 988 12)?
1211 917 1492 986 Quomodo
1510 937 1638 992 ergo
1649 923 1980 996 jussitipse?
2009 926 2079 982 Se
2109 927 2175 982 ad

588 1019 772 1058 eorum
802 1016 1016 1076 captum
1049 1007 1338 1066 demittens
1372 1029 1385 1064 :
1416 1014 1554 1067 sicut
1603 1014 1735 1069 dicit
1764 1016 1962 1072 Paulus
1995 1040 2008 1073 ;
2047 1016 2176 1072 Volo

587 1111 759 1150 omnes
791 1097 1036 1154 homines
1083 1101 1212 1154 sicut
1238 1103 1486 1172 meipsum
1523 1121 1630 1159 esse
1658 1105 1734 1178 (1.
1768 1107 1887 1162 Cor.
1921 1108 1973 1163 7.
2012 1108 2067 1178 7)
2121 1109 2175 1164 in

588 1189 953 1256 continentia;
983 1201 1038 1247 et
1086 1208 1275 1248 rursus
1319 1195 1445 1250 alibi
1495 1196 1740 1264 hortans,
1781 1197 1930 1266 Volo,
1963 1200 2173 1270 inquit,

589 1284 816 1346 iuniores
843 1283 1047 1350 nubere,
1076 1286 1211 1349 ﬁlios
1243 1303 1510 1356 procreare
1538 1290 1612 1358 (1.
1641 1289 1775 1344 Tim.
1806 1292 1858 1346 5.
1893 1292 2004 1363 H).
2036 1293 2177 1347 Duas

590 1375 741 1443 ponit
771 1375 1113 1443 voluntates,
1147 1377 1241 1431 sed
1281 1394 1386 1434 non
1424 1381 1595 1434 amba:
1625 1391 1751 1435 sunt
1785 1381 1922 1452 ejus,
1965 1383 2176 1438 etiamsi

588 1463 811 1533 jubeat;
839 1465 934 1520 sed
963 1465 1077 1520 haec
1108 1467 1324 1538 quidem
1351 1478 1432 1524 est
1472 1470 1658 1540 ipsius,
1687 1482 1740 1526 et
1770 1472 1890 1527 ideo
1927 1488 2046 1529 eam
2075 1489 2176 1545 po-

591 1554 672 1608 nit
721 1572 826 1611 non
871 1557 1029 1611 allata
1080 1573 1276 1623 causa;
1338 1561 1425 1615 illa
1472 1571 1649 1616 autem
1696 1578 1801 1618 nou
1854 1573 1939 1620 est
1984 1564 2175 1635 ipsius,

591 1646 804 1702 etiamsi
849 1649 993 1714 velit,
1037 1659 1091 1706 et
1140 1650 1260 1705 ideo
1306 1651 1510 1722 adjecta
1557 1663 1639 1708 est
1663 1669 1784 1709 cum
1825 1671 2004 1712 causa.
2042 1657 2176 1713 Nam

593 1751 715 1791 cum
745 1738 891 1808 prius
920 1754 1012 1794 eas
1041 1750 1367 1809 accusasset,
1401 1742 1543 1812 quod
1573 1753 1761 1800 contra
1790 1744 2063 1802 Christum
2094 1763 2181 1804 es-

593 1838 715 1883 sent
737 1829 1035 1897 luxuriatm,
1063 1842 1188 1888 tunc
1209 1832 1341 1887 dixit
1368 1851 1380 1886 :
1416 1833 1539 1888 Volo
1557 1837 1790 1907 juniores
1815 1838 2020 1906 nubere,
2045 1840 2180 1908 ﬁlios

593 1937 882 1988 procreare.
917 1923 991 1976 lta
1016 1923 1103 1977 hic
1123 1939 1336 1994 quoque
1361 1939 1478 1980 sesc
1502 1928 1919 1984 accommodans
1944 1944 2059 1984 rem
2081 1931 2184 1986 dis-

599 2023 786 2081 pensat
814 2033 827 2065 :
856 2030 961 2068 non
1011 2025 1133 2070 erat
1177 2017 1296 2086 ejus
1327 2018 1579 2087 princeps
1624 2020 1876 2076 voluntas
1905 2031 1964 2077 ut
1992 2022 2185 2081 ﬁerent

595 2103 878 2159 sacriﬁcia.
925 2105 1003 2160 Ita
1052 2107 1214 2162 etiam
1265 2124 1387 2162 cum
1432 2109 1638 2167 diceret
1678 2127 1738 2168 se
1779 2115 1924 2170 nolle
1954 2125 2183 2172 mortem

601 2198 921 2266 peccatoris,
953 2199 1046 2254 sed
1089 2209 1148 2255 ut
1192 2201 1306 2271 ipse
1331 2211 1678 2259 convertatur
1715 2215 1770 2260 et
1794 2207 1939 2261 vivat
1966 2207 2180 2278 (Ezech.

595 2290 684 2345 18.
718 2288 852 2359 25):
893 2290 1022 2345 dicit
1067 2300 1244 2347 autem
1271 2294 1394 2348 alibi
1434 2309 1540 2349 non
1581 2295 1753 2352 solum
1791 2297 2044 2368 voluisse,
2089 2301 2184 2357 sed

596 2382 756 2435 etiam
811 2381 1149 2440 desiderasse
1180 2402 1194 2440 :
1225 2385 1328 2440 etsi
1383 2385 1500 2442 haec
1553 2396 1679 2442 sunt
1733 2392 2036 2458 contraria;
2089 2391 2187 2449 de-

596 2473 850 2528 siderium
884 2475 1029 2529 enim
1068 2484 1154 2531 est
1191 2476 1396 2532 intensa
1437 2477 1705 2533 voluntas.
1736 2479 2016 2545 Quomodo
2053 2498 2184 2557 ergo

597 2579 703 2618 non
736 2565 940 2631 volens,
973 2566 1098 2622 alibi
1126 2567 1422 2633 desideras,
1455 2570 1598 2641 quod
1626 2571 1842 2641 quidem
1868 2573 2077 2646 signum
2100 2589 2186 2635 est

596 2656 737 2725 quod
789 2656 944 2711 valde
1000 2657 1174 2712 velis?
1225 2659 1301 2714 lta
1335 2659 1420 2716 hic
1461 2675 1692 2733 quoque.
1737 2662 1804 2718 In
1857 2681 1958 2737 qua
1998 2667 2181 2723 uolun—

598 2763 698 2807 tate
750 2754 1054 2823 sancti/ictui
1103 2771 1317 2822 sumus,
1370 2755 1561 2826 inquit.
1614 2759 1898 2828 Quomodo
1940 2761 2181 2816 sanctiﬁ-

593 2846 717 2909 cati,
751 2845 863 2915 ipse
906 2847 1133 2914 explicat
1177 2846 1547 2917 subjungens:
1584 2850 1685 2905 Per
1725 2852 2026 2906 oblationem
2058 2851 2182 2906 Cor-

591 2936 732 3006 poris
774 2934 899 2989 Jesu
937 2935 1129 2990 Christi
1154 2936 1329 2993 semel.
1387 2939 1456 2992 Et
1495 2942 1658 2994 omnis
1701 2942 1901 3006 quidem
1946 2944 2183 2999 sacerdos

597 3037 783 3096 praesto
805 3036 876 3083 est
901 3029 1127 3100 quotidie
1148 3030 1442 3086 ministrans
1461 3073 1476 3098 ,
1506 3043 1552 3086 et
1580 3034 1780 3088 easdem
1808 3052 1941 3105 saepe
1965 3035 2180 3104 offerens

597 3119 808 3174 hostias.
851 3117 1007 3175 Stare
1047 3135 1176 3190 ergo
1217 3122 1426 3192 signum
1459 3133 1540 3177 est
1581 3124 1953 3192 ministrandi;
1995 3127 2184 3181 sedere

597 3226 728 3266 vero
759 3212 970 3281 signum
999 3222 1081 3266 est
1116 3213 1260 3283 quod
1309 3215 1660 3270 ministretur.
1709 3215 1809 3269 llic
1835 3227 2000 3271 autem
2031 3235 2185 3272 unam

600 3319 695 3372 pro
737 3305 954 3374 peccatis
999 3303 1216 3372 offerens
1255 3306 1494 3374 hostiam,
1542 3308 1597 3362 in
1638 3297 2003 3379 sempiternum
2049 3312 2189 3367 sale!

599 3396 652 3450 in
702 3397 908 3451 dextera
941 3395 1057 3461 Dei,
1095 3397 1158 3451 de
1209 3408 1389 3453 cratera
1424 3409 1723 3469 exspectans
1765 3403 1925 3456 donec
1987 3419 2188 3472 ponan-

601 3499 684 3543 tur
717 3489 911 3542 inimici
945 3490 1056 3556 eius
1078 3490 1354 3545 scabellum
1384 3492 1570 3562 pedum
1600 3481 1853 3563 ejus..ii.
1901 3493 2018 3549 Una
2056 3496 2190 3550 enim

603 3581 857 3636 oblatione
893 3584 1258 3637 consummavit
1304 3584 1355 3637 in
1397 3595 1643 3638 a'ternum
1688 3586 2050 3654 sancti/iratos.
2099 3587 2187 3644 15.

603 3671 930 3728 Conlestatur
969 3686 1137 3728 autem
1182 3691 1272 3728 nos
1303 3684 1349 3728 et
1379 3675 1605 3744 Spiritus
1634 3685 1858 3730 sanctus.
1905 3676 2046 3731 Dixit
2073 3676 2192 3732 illas

606 3779 714 3818 non
761 3763 963 3827 oﬁ‘erri,
995 3774 1049 3818 et
1085 3765 1305 3834 collegit
1333 3780 1399 3820 ex
1444 3767 1660 3836 scriptis
1687 3775 1745 3822 et
1790 3782 1898 3822 non
1922 3767 2142 3839 scriptis
2173 3785 2189 3822 :

607 3867 864 3928 prieterea
917 3866 1097 3911 autem
1143 3858 1347 3913 dictum
1396 3873 1608 3930 quoque
1653 3847 1879 3914 adduxit
1914 3859 2193 3931 prapheti-

605 3965 728 4004 cum
754 3950 940 4005 dicens
973 3967 986 4004 :
1015 3949 1340 4018 Sacriﬁcium
1367 3959 1412 4005 et
1434 3952 1740 4006 oblationem
1771 3953 1998 4008 noluisti.
2031 3953 2193 4021 Dixit,

606 4044 748 4112 quod
791 4052 1006 4112 peccata
1038 4043 1326 4098 remiserit.
1366 4043 1579 4100 Rursus
1609 4045 1712 4100 hoc
1759 4059 1974 4117 quoque
2003 4047 2198 4117 probat

608 4150 675 4189 ex
716 4135 919 4204 scripto
965 4135 1314 4191 testimonio:
1345 4134 1670 4191 Contestatur
1711 4146 1882 4192 autem
1928 4154 2058 4206 nos,
2097 4138 2196 4193 .in-

609 4229 762 4297 quit,
795 4239 840 4282 et
871 4229 1096 4300 Spiritus
1125 4239 1346 4284 sanctus.
1393 4229 1681 4301 Postquam
1730 4230 1873 4286 cnim
1901 4231 2035 4286 dixit
2061 4251 2074 4288 :
2105 4231 2196 4287 16.

614 4317 730 4373 Hoc
773 4329 942 4372 autem
987 4328 1339 4374 testamentum
1388 4321 1524 4390 quod
1563 4321 1783 4375 testabor
1811 4322 1879 4374 ad
1925 4321 2042 4376 illos
2088 4330 2203 4393 post

608 4413 723 4466 dies
751 4410 889 4480 illos,
930 4413 1054 4465 dicit
1092 4411 1350 4467 Dominus
1371 4453 1384 4477 ,
1417 4413 1586 4466 dando
1615 4413 1752 4483 leges
1777 4431 1915 4468 meas
1943 4415 1998 4469 in
2035 4415 2204 4469 cordi-

616 4507 709 4559 bus
736 4522 931 4572 eorum,
957 4515 1004 4559 et
1025 4505 1078 4559 in
1105 4507 1355 4559 mentibus
1380 4521 1556 4558 eorum
1583 4507 1952 4576 superscribam
1977 4523 2081 4571 eas,
2112 4507 2200 4562 17.

616 4607 665 4650 et
695 4607 1016 4664 peccatorum
1050 4607 1096 4650 et
1125 4597 1453 4668 iniquitatum
1493 4611 1666 4649 eorum
1683 4597 1799 4666 jam
1828 4613 1928 4650 non
1968 4599 2214 4652 recordaq

620 4691 712 4744 bor
737 4689 978 4758 amplius.
1025 4689 1112 4743 18.
1150 4689 1249 4743 Ubi
1276 4696 1446 4740 autem
1474 4687 1655 4740 horum
1683 4687 1934 4755 remissio,
1962 4689 2076 4759 jam
2104 4705 2208 4744 non

621 4788 693 4832 est
720 4778 908 4832 oblatio
934 4794 1027 4848 pro
1056 4785 1284 4846 peccato.
1316 4774 1542 4829 Remisit
1572 4770 1700 4846 ergo
1726 4787 1965 4845 peccata,
1993 4780 2208 4848 quando

621 4869 770 4923 dedit
797 4877 1177 4924 testamentum
1201 4884 1215 4920 :
1244 4875 1620 4921 testamentum
1640 4875 1818 4922 autem
1835 4867 1982 4924 dedit
2002 4883 2096 4940 per
2121 4885 2211 4927 sa—

623 4961 908 5016 criﬁcium.
939 4961 997 5017 Si
1026 4974 1155 5030 ergo
1180 4958 1386 5012 remisit
1413 4967 1632 5028 peccata
1681 4974 1777 5029 per
1809 4975 1969 5016 unum
2001 4964 2208 5019 sacriﬁ-

624 5055 787 5117 cium,
813 5068 918 5107 non
943 5062 1027 5106 est
1051 5049 1280 5119 amplius
1300 5063 1437 5120 opus
1466 5041 1722 5105 secundo.
1748 5051 1896 5107 Sedit
1926 5053 1977 5107 in
2002 5054 2212 5110 dextera

629 5142 746 5210 Dei,
766 5143 828 5196 de
849 5151 1029 5196 caetero
1047 5149 1360 5209 exspectans.
1377 5139 1618 5207 Quanam
1637 5141 1704 5196 de
1721 5156 1878 5196 causa
1898 5154 1979 5197 est
2000 5143 2212 5199 dilatio?

631 5236 703 5292 Ut
725 5243 992 5305 ponantur
1019 5233 1221 5288 inimici
1247 5233 1362 5302 ejus
1386 5235 1487 5289 sub
1514 5233 1739 5303 pedibus
1763 5235 1902 5304 ejus.
1938 5235 2054 5290 Una
2080 5239 2212 5292 enim

629 5325 903 5387 oblatione.
939 5324 1134 5393 inquit,
1164 5326 1529 5379 consummavit
1555 5326 1611 5380 in
1633 5329 1994 5396 sempiternum
2021 5330 2212 5382 sancti—

634 5419 830 5486 ﬁcatos.
864 5415 970 5471 Sed
999 5415 1195 5470 dixerit
1222 5414 1453 5472 fortasse
1481 5417 1748 5488 quispiam
1777 5435 1789 5472 :
1820 5417 1930 5474 Cur
1959 5434 2064 5475 non
2101 5431 2214 5473 sta-

637 5509 728 5561 tim
757 5507 970 5576 posuit?
1000 5507 1228 5577 Propter
1255 5507 1442 5564 ﬁdeles
1463 5510 1553 5580 qui
1583 5520 1738 5564 erant
1767 5512 2020 5567 nascituri
2047 5521 2098 5568 et
2119 5529 2208 5584 ge-

636 5599 877 5655 nerandi.
925 5599 1197 5655 Undenam
1234 5609 1412 5657 autem
1451 5601 1719 5658 constabit
1745 5601 1888 5672 quod
1918 5606 2216 5671 ponentur?

635 5693 737 5746 Per
767 5694 865 5748 hoc
893 5693 1032 5765 quod
1061 5693 1194 5749 dixit
1223 5709 1345 5750 eum
1372 5695 1599 5751 sedisse.
1632 5693 1840 5750 Rursus
1869 5699 2138 5751 revocavit
2164 5699 2216 5752 in

641 5790 947 5841 memoriam
980 5787 1341 5843 testimonium
1372 5785 1497 5842 illud
1535 5786 1676 5857 quod
1714 5786 1842 5844 dicit
1873 5805 1884 5840 :
1923 5787 2090 5844 Donec
2129 5807 2219 5860 po-

1307 359 1360 413 S.
1401 356 1676 414 JOANNIS
1711 353 2182 412 CIIRYSOSTOMI
2222 353 2536 414 ARCIHEP.
2577 356 3110 415 CONSTANTINOP.
3727 329 3814 392 1⁵6

2288 469 2376 516 nat
2405 458 2638 514 inimicos
2661 457 2753 513 sub
2775 456 2984 525 pedibus
3011 457 3141 528 ejus.
3169 454 3376 510 Inimici
3401 464 3572 512 autem
3598 457 3706 529 ejus
3727 471 3836 517 sunt

2290 551 2480 610 Judaei.
2527 550 2731 608 Deinde
2759 550 3014 619 quoniam
3055 546 3206 611 dicit.
3247 546 3422 602 Donec
3465 558 3709 618 ponantur
3746 553 3836 606 ini-

2292 643 2410 697 mici
2435 641 2524 696 sub
2552 640 2760 712 pedibus
2798 639 2932 709 ejus,
2963 637 3118 693 valde
3158 646 3338 691 autem
3379 638 3629 706 urgebant
3658 657 3672 694 :
3701 655 3757 694 ea
3780 641 3841 696 de

2289 749 2449 790 causa
2479 737 2629 802 ponit
2657 732 2836 786 omnia
2865 746 2986 800 quae
3016 737 3332 800 sequuntur,
3366 743 3703 800 quascumque
3729 732 3842 787 dicit

2293 825 2361 880 de
2398 823 2522 880 ﬁde.
2552 823 2784 891 Quinam
2833 830 3010 877 autem
3053 830 3180 876 sunt
3220 821 3438 887 inimici,
3483 820 3582 876 nisi
3622 822 3842 878 infideles

2290 931 2500 979 omnes,
2527 915 2821 980 daemones,
2851 928 2951 967 nec
2989 913 3160 968 solum
3189 911 3398 966 Judazi?
3427 912 3658 982 Magnam
3684 923 3841 969 autem

2291 1005 2683 1076 subjectionem
2714 1005 2871 1059 tacite
2899 1003 3228 1073 significans,
3259 1017 3363 1056 non
3387 1002 3544 1069 dixit,
3570 1002 3846 1073 Subjician-

2293 1111 2396 1165 tur,
2430 1099 2545 1164 sed,
2583 1097 2851 1151 Ponuntur
2895 1096 2986 1150 sub
3014 1095 3225 1166 pedibus
3250 1096 3381 1166 ejus.
3424 1094 3503 1151 Ne
3543 1097 3701 1150 simus
3734 1111 3845 1166 ergo

2290 1209 2355 1247 ex
2389 1191 2615 1246 inimicis
2647 1207 2661 1244 :
2693 1205 2800 1245 non
2847 1189 3019 1244 solum
3050 1188 3195 1243 enim
3235 1187 3438 1242 inimici
3468 1197 3591 1242 sunt
3628 1188 3699 1242 illi
3738 1189 3846 1242 inﬁ-

2291 1282 2441 1337 deles
2485 1291 2540 1336 et
2580 1280 2774 1346 Judaei,
2824 1279 2919 1334 sed
2966 1278 3129 1334 etiam
3169 1277 3259 1349 qui
3290 1277 3562 1332 immunda
3598 1278 3697 1331 vita
3737 1287 3849 1334 sunt

2292 1373 2436 1444 pleni
2462 1391 2474 1426 :
2500 1371 2784 1426 Prudentia
2804 1372 2936 1425 enim
2961 1371 3128 1424 carnis
3154 1379 3229 1425 est
3245 1369 3358 1423 Deo
3378 1370 3582 1423 inimica
3608 1383 3627 1424 :
3655 1371 3744 1440 legi
3767 1369 3848 1424 Da’

2293 1483 2395 1520 non
2424 1475 2496 1520 est
2515 1466 2739 1535 subjecta
2757 1505 2772 1530 ,
2799 1479 2956 1533 neque
2977 1471 3136 1534 potest
3163 1462 3340 1534 (Rom.
3371 1462 3426 1518 8.
3457 1460 3531 1534 7).
3564 1462 3694 1530 Quid
3714 1477 3846 1533 ergo,

2295 1559 2502 1629 inquit?
2531 1574 2635 1612 non
2661 1566 2745 1613 est
2789 1557 2892 1612 hoc
2930 1558 3167 1612 crimen?
3192 1557 3262 1612 Et
3305 1557 3536 1612 maxime
3558 1557 3760 1627 quidem
3780 1565 3851 1611 est

2294 1653 2498 1706 crimen
2533 1671 2546 1704 :
2579 1649 2752 1704 malus
2777 1648 2920 1705 enim
2946 1648 3200 1718 quamdiu
3228 1657 3313 1704 est
3340 1648 3534 1713 malus,
3567 1663 3671 1702 non
3697 1657 3852 1718 potest

2295 1739 2518 1809 subjici;
2550 1740 2748 1794 mutari
2777 1749 2955 1794 autem
2984 1747 3162 1810 potest
3189 1747 3244 1794 et
3271 1739 3444 1793 bonus
3471 1737 3607 1794 ﬁeri.

2365 1830 2422 1884 2.
2465 1830 2752 1899 Paupertas
2785 1829 3058 1895 laudatur;
3091 1830 3468 1900 redarguuntur
3492 1829 3692 1883 diuitiae.
3724 1828 3851 1882 Pau-

2297 1923 2505 1992 pertatis
2547 1923 2676 1977 bona
2699 1963 2714 1990 ,
2756 1922 3044 1976 divitiarum
3088 1922 3243 1975 mala.
3283 1950 3354 1962 -—
3391 1919 3677 1991 Ejiciamus
3717 1921 3854 1989 igitur

2294 2014 2642 2082 cogitationes
2667 2022 2720 2068 et
2746 2027 2934 2068 sensus
2958 2012 3223 2067 carnales.
3253 2010 3384 2079 Quae
3410 2021 3535 2066 sunt
3561 2020 3729 2067 autem
3753 2026 3856 2066 car-

2297 2105 2475 2160 nalia?
2520 2118 2867 2174 quaecumque
2895 2102 3096 2157 faciunt
3137 2111 3195 2157 ut
3223 2116 3421 2171 corpus
3450 2102 3635 2156 ﬂoreat
3661 2111 3712 2157 et
3736 2101 3857 2154 bene

2295 2199 2362 2250 sit
2389 2194 2659 2262 affectum,
2687 2195 2920 2248 animam
2945 2205 3124 2248 autem
3151 2193 3290 2248 male
3317 2192 3556 2248 afﬁciunt
3581 2211 3594 2248 :
3621 2201 3675 2247 ut
3697 2206 3859 2247 exem-

2299 2287 2370 2356 pli
2400 2301 2558 2342 causa
2583 2326 2598 2353 ,
2629 2285 2826 2341 divitiae
2849 2327 2865 2353 ,
2894 2284 3100 2340 delicia:
3125 2326 3140 2353 ,
3167 2284 3333 2355 gloria
3370 2304 3384 2340 :
3414 2285 3528 2340 lucc
3556 2285 3723 2339 omnia
3751 2290 3858 2336 sunt

2285 2379 2476 2434 carnis
2499 2395 2511 2430 :
2535 2393 2685 2433 amor
2705 2392 3012 2447 corporum.
3038 2375 3114 2431 Ne
3135 2391 3264 2446 ergo
3285 2391 3529 2432 amemus
3550 2376 3736 2430 habere
3755 2374 3857 2444 plus

2297 2487 2455 2543 quam
2493 2471 2582 2526 alii
2609 2512 2623 2536 ,
2664 2472 2758 2526 sed
2799 2477 3163 2540 paupertatem
3197 2484 3420 2538 semper
3457 2480 3853 2540 prosequamur:

2298 2563 2411 2634 ipsa
2441 2560 2585 2618 enim
2614 2570 2698 2617 est
2725 2577 2973 2632 magnum
3004 2561 3224 2616 bonum.
3258 2563 3326 2614 At
3356 2559 3647 2623 humilem,
3677 2557 3854 2626 inquit,

2299 2655 2562 2723 vilemque
2589 2652 2712 2708 facit
2733 2661 2788 2707 et
2812 2653 3101 2722 abjectum.
3131 2651 3243 2706 Hoc
3267 2651 3415 2706 enim
3441 2650 3594 2706 nobis
3614 2657 3693 2704 est
3712 2661 3858 2718 opus;

2300 2745 2454 2800 nobis
2482 2743 2624 2799 enim
2651 2743 2876 2798 multum
2901 2741 3128 2798 confert.
3164 2741 3472 2812 Paupertas,
3503 2741 3698 2812 inquit,
3721 2738 3860 2791 homi-

2299 2852 2413 2890 nem
2434 2836 2600 2890 reddit
2628 2834 2866 2888 humilem
2891 2833 3073 2904 (Prov.
3101 2832 3188 2888 10.
3212 2833 3265 2888 4.
3290 2835 3343 2887 in
3373 2832 3599 2905 Graeco);
3629 2841 3679 2887 et
3703 2845 3860 2884 rursus

2301 2927 2565 2991 Christus,
2589 2925 2734 2980 Beati
2750 2941 2994 2996 pauperes
3022 2925 3208 2995 spiritu
3231 2924 3449 2997 (Matth.
3470 2927 3523 2980 5.
3549 2924 3625 2992 5).
3642 2923 3862 2992 Pr0pter-

2303 3032 2365 3073 ea
2386 3033 2512 3088 ergo
2534 3018 2683 3072 doles
2703 3017 2846 3087 quod
2868 3018 3007 3072 viam
3028 3016 3195 3074 habes
3215 3033 3332 3087 quae
3353 3018 3506 3073 ducit
3524 3017 3589 3072 ad
3611 3012 3862 3071 virtutem?

2302 3111 2479 3166 nescis
2506 3110 2646 3179 quod
2669 3124 2732 3165 ea
2758 3109 2910 3164 nobis
2936 3109 3158 3164 multam
3178 3109 3269 3162 dat
3295 3108 3584 3164 ﬁduciam?
3609 3109 3670 3162 At
3691 3106 3866 3176 sapien-

2303 3204 2402 3268 tia,
2435 3202 2637 3273 inquit,
2665 3202 2902 3274 pauperis
2927 3201 3057 3256 nihil
3081 3202 3319 3272 penditur
3347 3202 3576 3271 (Eccles.
3603 3203 3657 3259 9.
3687 3201 3800 3272 i6);
3823 3207 3866 3253 et

2303 3310 2492 3350 rursus
2520 3295 2657 3349 alius
2685 3295 2814 3349 dicit
2837 3335 2853 3360 ,
2884 3293 3246 3364 Paupertatem
3285 3306 3331 3350 et
3359 3299 3571 3352 divitias
3608 3313 3668 3352 ne
3695 3293 3868 3349 dederis

2309 3386 2434 3438 mihi
2460 3383 2750 3455 (Prov.'50.
2768 3384 2848 3455 8);
2866 3392 2940 3450 et,
2966 3385 3010 3437 A
3034 3387 3242 3456 fornace
3271 3389 3592 3457 paupertatis
3613 3387 3768 3442 libera
3787 3399 3867 3436 me.

2305 3475 2588 3543 Quomodo
2613 3484 2788 3529 autem
2819 3491 3006 3530 rursus
3026 3517 3040 3541 ,
3069 3477 3114 3532 si
3141 3476 3340 3532 divitia:
3369 3487 3437 3534 et
3465 3489 3744 3549 paupertas
3769 3483 3874 3530 sunt

2308 3581 2340 3621 a
2369 3566 2612 3634 Domino,
2637 3567 2834 3623 malum
2858 3576 2942 3624 est
2965 3577 3250 3639 paupertas
3271 3577 3362 3624 aut
3397 3569 3637 3626 divitiae?
3661 3569 3874 3637 Quanam

2310 3671 2439 3727 ergo
2476 3657 2545 3713 de
2584 3673 2745 3714 causa
2790 3657 2908 3714 haec
2945 3657 3088 3715 dicta
3125 3657 3284 3715 sunt?
3323 3658 3465 3718 Haec
3501 3659 3803 3717 dicebantur
3837 3657 3880 3710 in

2313 3746 2532 3817 Veteri,
2563 3748 2655 3805 ubi
2695 3748 2998 3808 divitiarum
3041 3764 3232 3820 magna
3274 3749 3583 3808 habebatur
3608 3751 3774 3816 ratio,
3803 3745 3877 3798 ubi

2311 3843 2640 3912 paupertatis
2663 3857 2853 3915 magna
2877 3853 2992 3900 erat
3015 3843 3388 3914 despicientia,
3423 3844 3513 3900 ubi
3545 3844 3660 3899 huic
3681 3839 3875 3916 quidem

2307 3939 2426 3986 erat
2464 3933 2762 3988 exsecratio
2793 3947 2858 3989 ac
2891 3917 3197 3989 maledictio
3224 3974 3239 4000 ,
3270 3933 3381 3990 illae
3415 3949 3548 3990 vero
3576 3930 3875 3989 benedictio.

2312 4021 2420 4078 Sed
2457 4025 2609 4081 visne
2645 4025 2832 4081 audire
2868 4024 3054 4081 laudes
3092 4026 3467 4096 paupertatis?
3510 4040 3630 4081 eam
3668 4017 3880 4090 suscepit

2310 4115 2586 4184 Christus,
2613 4126 2668 4173 et
2689 4117 2818 4173 dicit
2847 4137 2861 4174 :
2885 4117 3054 4174 Filius
3076 4129 3246 4174 autem
3272 4119 3497 4176 hominis
3521 4137 3624 4175 non
3649 4119 3785 4172 habet
3806 4113 3881 4168 ubi

2301 4217 2463 4276 caput
2502 4209 2729 4263 reclinet.
2775 4209 2843 4264 Et
2873 4225 3068 4265 rursus
3107 4209 3320 4265 dicebat
3369 4210 3652 4281 discipulis
3684 4226 3696 4264 :
3728 4203 3881 4261 Nolite

2307 4302 2569 4372 possidere
2595 4319 2805 4366 aurum,
2837 4320 2997 4375 neque
3022 4313 3284 4375 argentum
3307 4345 3322 4372 ,
3360 4322 3526 4377 neque
3552 4307 3679 4360 duas
3706 4300 3884 4355 tunicas

2313 4393 2333 4461 (
2359 4393 2543 4448 Matth.
2571 4395 2624 4451 8.
2652 4394 2742 4451 20.
2771 4406 2817 4451 et
2845 4396 2932 4453 10.
2959 4396 3040 4466 9).
3063 4397 3132 4452 Et
3159 4398 3356 4454 Paulus
3383 4399 3628 4455 scribens
3655 4394 3880 4458 dicebat,

2308 4483 2594 4553 Tamquam
2618 4487 2748 4541 nihil
2769 4488 3027 4554 habentes,
3054 4497 3104 4542 et
3133 4490 3301 4543 omnia
3329 4490 3653 4560 possidentes
3676 4486 3750 4558 (2.
3779 4483 3886 4538 Cor.

2315 4573 2368 4628 6.
2399 4573 2513 4643 10).
2545 4575 2613 4630 Ει
2649 4576 2838 4633 Petrus
2865 4578 3075 4634 dicebat
3100 4579 3152 4635 ei
3179 4579 3270 4649 qui
3301 4589 3426 4636 erat
3454 4579 3680 4637 claudus
3707 4584 3886 4634 natus:

2314 4665 2592 4732 Argentum
2614 4675 2664 4720 et
2694 4683 2878 4722 aurum
2905 4685 3006 4724 non
3033 4680 3107 4725 est
3136 4671 3262 4725 mihi
3290 4671 3309 4741 (
3336 4672 3455 4728 Act.
3489 4675 3546 4729 3.
3578 4672 3672 4741 6).
3702 4669 3762 4726 lu
3788 4670 3894 4738 ipso

2313 4770 2526 4826 quoque
2545 4757 2743 4826 Veteri,
2768 4760 2856 4816 ubi
2877 4759 2930 4814 in
2953 4759 3306 4817 admiratione
3325 4761 3670 4819 habebantur
3686 4758 3891 4820 divitiae,

2313 4850 2530 4920 quinam
2547 4892 2564 4917 ,
2591 4865 2800 4921 quaeso,
2825 4862 2980 4908 erant
3003 4853 3384 4909 admirabiles?
3409 4870 3593 4910 annon
3619 4854 3791 4919 Elias,
3812 4847 3895 4921 qui

2315 4941 2447 4996 nihil
2473 4941 2703 4998 habebat
2727 4953 2924 5012 praeter
2947 4944 3146 5014 pellem
3165 4945 3421 5000 ovillam?
3447 4960 3631 5000 annon
3660 4945 3894 5003 Elissam,

2314 5048 2495 5089 annon
2533 5034 2804 5092 Joannes?
2840 5036 3010 5094 Nemo
3046 5052 3174 5109 ergo
3211 5039 3278 5093 sit
3320 5039 3545 5096 humilis
3584 5048 3638 5094 et
3674 5036 3898 5107 abjectus

2316 5139 2536 5196 propter
2583 5137 2947 5199 paupertatem
2979 5149 2994 5186 :
3027 5147 3132 5186 non
3175 5141 3257 5187 est
3293 5141 3593 5202 paupertas
3630 5145 3749 5201 quae
3785 5125 3898 5180 facit

2317 5219 2568 5276 humilem
2594 5261 2610 5288 ,
2649 5221 2744 5276 sed
2777 5221 2974 5278 divitiae
3007 5238 3125 5292 quae
3159 5231 3361 5292 cogunt
3399 5238 3566 5294 egere
3605 5221 3812 5284 multis,
3849 5223 3897 5270 ei

2315 5311 2650 5380 compellunt
2689 5319 2748 5366 ut
2792 5314 2975 5367 multis
3022 5313 3318 5368 habeantur
3357 5315 3573 5384 gratiae.
3619 5311 3754 5380 Quid
3796 5312 3902 5363 erat

2315 5399 2516 5456 Jacobo
2545 5403 2861 5472 pauperius,
2893 5403 2980 5459 dic
3004 5403 3155 5471 mihi,
3180 5405 3268 5474 qui
3295 5403 3546 5471 dicebat,
3579 5404 3640 5460 Si
3671 5400 3900 5456 Dominus

2319 5492 2442 5546 mihi
2470 5492 2665 5548 dederit
2703 5511 2886 5563 partem
2919 5495 2988 5548 ad
3015 5495 3414 5562 comedendum,
3449 5507 3496 5550 et
3526 5505 3708 5550 uestem
3735 5491 3798 5543 ad
3822 5489 3898 5541 in-

2319 5584 2572 5639 duendum
2590 5583 2742 5657 (Gen.
2768 5585 2858 5641 28.
2886 5585 3005 5658 20)?
3027 5586 3163 5641 Num
3191 5602 3316 5658 ergo
3344 5586 3559 5644 ﬁducia:
3586 5597 3643 5642 et
3667 5577 3902 5654 loquendi

2321 5675 2578 5730 libertatis
2606 5687 2853 5747 expertes
2882 5687 3034 5733 erant
3062 5679 3212 5733 Elias'
3232 5687 3286 5734 et
3309 5676 3594 5734 Joannes?
3621 5690 3793 5731 annon
3818 5669 3904 5726 ille

2321 5765 2535 5834 quidem
2558 5769 2727 5838 arguit
2753 5768 2950 5836 Achab,
2977 5768 3062 5825 hic
3084 5784 3212 5828 vero
3235 5769 3546 5826 llcrodem?
3568 5769 3665 5828 llic
3684 5762 3899 5829 dicebat,
