4172 6444
348 376 459 433 157

331 498 462 553 Non
493 499 614 554 licet
644 500 735 553 tibi
760 501 948 557 habere
975 518 1183 559 uxorem
1206 506 1443 582 Philippi
1470 514 1643 583 fratris
1668 517 1737 568 tui
1760 516 1951 589 (Πάνυ.

327 596 387 647 6.
426 594 517 661 18)
553 612 566 645 :
602 594 749 648 Elias
775 603 955 650 autem
991 596 1158 655 libere
1186 608 1241 655 et
1266 603 1598 659 confidenter
1621 606 1757 661 dixit
1780 610 1957 666 Acha-

328 687 404 739 lm
425 726 443 753 ,
473 686 601 741 Non
633 706 725 760 ego
755 692 1200 760 pervcrlonraei,
1224 696 1313 749 sed
1338 709 1393 751 tu
1422 708 1468 752 et
1496 700 1674 755 domus
1700 705 1860 773 patris
1883 706 1958 760 tui

333 780 416 849 ('5.
445 778 580 851 Reg.
612 781 702 835 18‘.
735 782 848 854 18).
875 783 1038 839 Vides
1058 787 1201 857 quod
1227 787 1329 843 hoc
1351 790 1519 860 magis
1544 791 1707 848 efficit
1736 796 1949 865 loquen-

338 872 397 928 di
435 873 748 928 libertatem
773 917 788 942 ,
822 891 1018 945 nempe
1046 881 1373 949 paupertas?
1405 881 1537 936 Nam
1564 883 1712 940 dives
1739 887 1956 957 quidem

340 976 428 1022 est
460 982 659 1021 servus
684 1008 699 1034 ,
736 975 797 1022 ut
836 970 927 1039 qui
965 970 1162 1026 damno
1202 974 1269 1028 sit
1310 974 1581 1031 obnoxius
1606 1018 1622 1043 ,
1655 987 1710 1033 et
1737 980 1958 1035 cuilibet

341 1060 548 1115 Valenti
591 1061 836 1130 przebeat
866 1071 924 1117 ut
964 1063 1064 1134 ipsi
1094 1067 1233 1121 male
1264 1067 1465 1123 faciat:
1493 1072 1579 1141 qui
1611 1081 1788 1132 autem
1823 1073 1956 1129 nihil

341 1154 547 1219 habet,
598 1171 711 1209 non
763 1156 918 1211 timet
962 1158 1241 1214 bonorum.
1273 1161 1730 1232 publicationem,
1782 1183 1956 1239 neque

337 1246 879 1304 condemnationem.
912 1250 1179 1323 Siitaque
1202 1265 1487 1326 paupertas
1516 1258 1753 1316 efficeret
1782 1260 1959 1317 homi-

330 1354 435 1395 nes
463 1350 525 1395 ut
551 1353 813 1398 carerent
836 1345 1092 1416 loquendi
1118 1351 1388 1418 libertate,
1417 1370 1523 1408 non
1549 1355 1784 1412 misisset
1805 1356 1966 1414 Chri-

326 1439 448 1485 stus
469 1432 778 1504 discipulos
799 1450 924 1492 cum
951 1449 1264 1512 paupertate
1287 1443 1354 1498 ad
1381 1459 1496 1501 rem
1517 1462 1636 1517 qua:
1654 1447 1818 1503 multa
1838 1464 1965 1520 ege-

328 1530 417 1577 ret
441 1522 707 1581 libertate
732 1526 987 1597 loquendi
1010 1540 1065 1585 et
1084 1532 1298 1588 fiducia.
1315 1534 1526 1607 Pauper
1543 1538 1685 1593 enim
1708 1548 1791 1594 est
1808 1540 1961 1597 valde

329 1610 509 1677 fortis,
534 1624 593 1670 ct
625 1630 740 1671 non
786 1617 952 1675 habet
982 1622 1124 1679 unde
1162 1624 1425 1684 afficiatur
1456 1628 1677 1698 injuria,
1702 1640 1794 1686 aut
1832 1632 1959 1688 mali

328 1703 532 1773 aliquid
567 1707 831 1775 patiatur.
863 1708 1024 1766 Dives
1049 1722 1226 1770 autem
1252 1724 1337 1771 est
1358 1717 1506 1774 omni
1529 1734 1591 1774 ex
1620 1730 1773 1789 parte
1798 1731 1958 1793 captu

323 1794 501 1851 facilis
528 1813 545 1864 ;
581 1812 639 1853 et
672 1800 905 1869 perinde
935 1813 1038 1869 est,
1072 1813 1131 1860 ut
1156 1808 1201 1861 si
1232 1809 1351 1878 quis
1377 1824 1523 1877 eum,
1556 1813 1645 1882 qui
1677 1814 1876 1870 multos
1904 1824 1959 1871 et

319 1886 521 1958 longos
545 1890 721 1944 trahit
741 1890 918 1959 funes,
939 1891 1097 1952 facile
1124 1899 1568 1968 ceperit,nudum
1596 1914 1774 1960 autem
1800 1905 1958 1963 facile

320 1994 434 2034 non
457 1982 641 2050 possit
664 1983 1081 2052 apprehendere
1109 2003 1172 2045 ac
1194 1989 1460 2047 detinere.
1483 1993 1556 2048 Ita
1589 1996 1749 2050 etiam
1778 2000 1958 2054 evenit

318 2068 380 2124 in
406 2071 585 2128 divite
612 2091 627 2127 :
654 2073 949 2144 mancipia,
970 2092 1184 2147 aurum,
1204 2081 1425 2152 prmdia,
1458 2087 1669 2156 negotia
1702 2087 1952 2146 innume-

320 2163 551 2227 rabilia,
588 2165 1018 2225 innumerabiles
1047 2171 1462 2243 sollicitudines,
1489 2192 1767 2247 :erumnm,
1796 2196 1955 2239 casus

334 2262 395 2307 et
446 2256 796 2314 necessitates
824 2298 861 2324 ,η
892 2259 1143 2320 efﬁciunt
1188 2273 1248 2319 ut
1296 2265 1452 2324 facile
1499 2269 1617 2341 capi
1669 2274 1839 2343 possit
1885 2275 1954 2331 ab

340 2348 634 2404 omnibus.

319 2446 331 2497 t
412 2441 470 2506 5,
511 2443 679 2501 Nemo
702 2462 827 2519 ergo
849 2448 963 2519 jam
986 2451 1263 2510 existimet
1288 2467 1658 2527 paupertatem
1680 2477 1802 2521 esse
1825 2479 1953 2523 cau-

330 2546 450 2587 sam
480 2535 715 2593 infamim
734 2548 789 2595 et
809 2540 1120 2599 dedecoris.
1141 2544 1273 2600 Nam
1302 2548 1346 2601 si
1364 2549 1518 2606 adsit
1540 2553 1733 2623 virtus,
1762 2572 1951 2615 omnes

327 2626 480 2683 orbis
507 2638 774 2687 terrarum
802 2633 1008 2691 divitia:
1031 2652 1100 2693 ne
1121 2647 1247 2694 sunt
1274 2641 1490 2710 quidem
1521 2644 1845 2715 lutum,.ncc
1869 2649 1950 2709 fe-

321 2726 498 2785 stuca,
520 2720 567 2774 si
592 2736 715 2776 cum
744 2739 806 2779 ea
837 2725 1204 2784 conferantur.
1229 2729 1360 2786 Eam
1392 2734 1551 2803 igitur
1581 2747 1871 2809 sectemur,
1900 2744 1948 2800 si

319 2810 559 2867 velimus
586 2813 798 2886 ingredi
822 2834 1053 2890 regnum
1081 2821 1357 2881 canorum.
1380 2824 1549 2882 Vende
1571 2830 1734 2897 enim,
1751 2832 1943 2905 inquit,

315 2903 496 2957 omnia
512 2922 636 2973 qua:
658 2908 837 2977 habes,
856 2921 905 2966 et
926 2913 995 2966 da
1015 2915 1345 2985 pauperibus,
1366 2928 1412 2973 et
1429 2919 1634 2977 habebis
1652 2903 1947 2984 thesaurum

313 2991 370 3046 in
396 2995 528 3049 calo
544 3014 566 3063 ;
583 3007 641 3052 et
667 3015 890 3057 rursus:
907 3002 1130 3075 Diﬁicile
1150 3018 1222 3062 est
1240 3009 1443 3065 divitem
1462 3013 1651 3070 intrare
1666 3018 1717 3072 in
1734 3036 1946 3092 regnum

314 3087 566 3143 caelorum
594 3090 814 3161 (Matth.
848 3094 935 3151 19.
965 3098 1056 3152 21.
1085 3097 1198 3172 25).
1234 3101 1393 3158 Vides
1420 3106 1564 3175 quod
1592 3087 1808 3168 etiamsi
1837 3130 1942 3171 non

313 3176 500 3247 adsit,
545 3197 669 3239 eam
718 3196 939 3258 oportet
982 3190 1292 3250 attrahere?
1337 3195 1567 3254 Tantum
1612 3200 1813 3261 bonum
1862 3216 1946 3264 est

310 3286 611 3381 paupertas
654 3292 784 3381 aest
821 3286 966 3341 enim
997 3293 1241 3360 quzedam
1272 3296 1523 3356 deductio
1550 3304 1619 3359 ad
1647 3306 1786 3363 viam
1816 3324 1937 3381 qua:

307 3366 460 3466 ducit
491 3369 562 3424 ad
596 3372 792 3429 caelum
814 3419 829 3444 ,
859 3381 1043 3435 unctio
1070 3383 1323 3443 athletica
1343 3430 1359 3456 ,
1387 3406 1581 3464 magna
1611 3366 1854 3466 quaedam
1885 3366 1940 3457 et

303 3457 656 3552 admirabilis
687 3469 1028 3540 exercitatio,
1058 3486 1248 3544 portus
1280 3457 1760 3552 tranquillus-Sed
1792 3490 1935 3547 mul-

302 3551 399 3650 tis,
442 3552 647 3650 inquit,
692 3572 829 3627 opus
874 3561 1069 3633 habeo,
1104 3583 1207 3624 nec
1246 3572 1371 3628 volo
1401 3551 1601 3632 donum
1640 3583 1935 3650 gratuitum

296 3642 374 3695 ab
414 3643 609 3714 aliquo
628 3650 913 3742 accipere.
944 3654 1050 3711 Sed
1094 3657 1147 3712 in
1185 3659 1289 3717 hoc
1318 3678 1533 3736 quoque
1572 3642 1731 3742 longe
1755 3673 1935 3732 minus

296 3749 467 3832 quam
522 3744 604 3832 tu_
628 3737 795 3832 habet
835 3743 1007 3813 dives,
1039 3747 1173 3805 Nam
1220 3761 1276 3808 tu
1320 3758 1538 3826 quidem
1578 3737 1844 3832 fortasse,
1876 3777 1935 3826 ut

297 3824 464 3881 alaris
488 3869 524 3927 ,_
543 3827 644 3883 tibi
674 3831 874 3903 aliquid
908 3835 1096 3894 donari
1124 3844 1299 3911 petis:
1329 3824 1420 3904 ille
1445 3860 1624 3908 autem
1655 3824 1934 3927 impudens

410 3920 689 4019 petit‘pro
720 3925 882 3982 rebus
912 3928 1425 4007 innumerabilibus,
1455 3950 1510 3997 et
1538 3952 1595 3998 ut
1621 3920 1745 4016 plus
1767 3964 1929 4019 quam

302 4008 393 4112 alii
418 4012 738 4112 possideat.
764 4016 1125 4112 Quamobrem
1153 4026 1346 4085 divites
1368 4047 1512 4103 smpe
1535 4008 1716 4093 multis
1747 4008 1929 4112 egent.

304 4101 434 4165 Quid
464 4102 598 4201 dico
627 4106 852 4162 multis?
878 4124 1024 4182 saepe
1050 4114 1114 4170 iis
1137 4132 1256 4187 quae
1280 4120 1412 4191 ipsis
1438 4101 1561 4182 sunt
1588 4101 1808 4201 indigna
1832 4151 1845 4188 :
1871 4145 1930 4191 ut

305 4194 539 4290 exempli
584 4210 753 4252 causa
777 4240 793 4265 ,
825 4214 971 4272 saepe
1010 4205 1249 4278 indigent
1288 4213 1546 4273 militibus
1583 4222 1675 4290 qui
1701 4194 1838 4279 sunt
1873 4226 1927 4282 in

302 4284 553 4341 ordinem
604 4288 806 4357 relati,
838 4302 894 4348 et
929 4295 1029 4366 qui
1061 4308 1187 4354 sunt
1220 4304 1384 4360 servi.
1414 4284 1624 4380 Pauper
1649 4323 1829 4373 autem
1858 4333 1928 4374 ne

296 4375 413 4445 ipso
438 4379 670 4448 quidem
697 4392 817 4453 eget
842 4400 997 4456 rege;
1041 4398 1095 4443 et
1119 4391 1164 4446 si
1191 4404 1375 4463 egeat,
1402 4375 1735 4467 admirabilis
1761 4406 1927 4465 habe-

292 4476 380 4521 tur
409 4470 564 4539 quod
591 4485 652 4525 se
680 4486 747 4527 eo
774 4475 1072 4548 redegerit,
1096 4496 1218 4537 cum
1246 4485 1296 4541 ei
1322 4487 1481 4545 liceat
1505 4493 1789 4553 ditescere.
1818 4497 1919 4557 Ne-

288 4575 383 4614 mo
412 4576 556 4633 ergo
583 4575 807 4621 accuset
836 4581 1205 4641 paupertatem
1236 4587 1294 4633 ut
1318 4594 1439 4651 quae
1461 4598 1622 4641 causa
1651 4589 1724 4643 sit
1750 4592 1922 4647 malo-

288 4668 414 4708 rum
446 4656 972 4757 innumerabilium,
1004 4681 1179 4738 neque
1205 4675 1539 4733 contradicat
1564 4680 1802 4752 Christo,
1832 4687 1922 4757 qui

284 4757 414 4798 eam
462 4745 601 4801 dicit
636 4749 853 4807 virtutis
892 4769 1016 4811 esse
1060 4759 1445 4827 perfectionem
1466 4808 1481 4835 ,
1510 4769 1733 4829 dicens:
1765 4745 1827 4831 Si
1848 4745 1922 4833 bis

288 4930 577 4997 ostendit,
612 4943 667 4989 et
696 4933 882 4993 docuit
910 4955 1008 5011 per
1036 4942 1351 5018 discipulos.
1381 4930 1761 5025 Paupertatem
1787 4979 1918 5036 ergo

288 5030 685 5081 consectemur
712 5044 723 5082 :
754 5042 815 5084 ea
846 5031 993 5087 enim
1023 5044 1106 5090 est
1135 5053 1384 5111 magnum
1414 5045 1612 5103 bonum
1641 5052 1836 5110 sobriis
1854 5030 1917 5113 et

289 5114 352 5171 iis
392 5118 491 5188 qui
539 5121 780 5191 Sapiunt.
826 5123 1085 5184 Fortasse
1128 5131 1289 5204 aliqui
1321 5151 1390 5192 ex
1426 5139 1493 5196 iis
1529 5143 1619 5213 qui
1649 5146 1911 5223 audiunt,

290 5227 635 5282 ominantur.
696 5228 878 5287 Facile
928 5232 1098 5290 credo
1126 5254 1139 5291 :
1168 5253 1395 5309 magnus
1435 5254 1519 5299 est
1566 5245 1656 5304 hic
1703 5252 1922 5311 morbus

288 5316 432 5385 apud
480 5318 749 5392 plurimos
781 5323 1037 5383 homines
1059 5366 1074 5395 ,
1102 5337 1157 5386 et
1196 5340 1339 5389 tanta
1368 5344 1453 5392 est
1483 5340 1725 5409 tyrannis
1751 5359 1917 5413 pecu-

1150 394 1222 455 IN
1264 400 1477 461 EPIST.
1521 406 1613 460 AD
1654 406 2016 465 llEBlUEOS.
2059 408 2214 465 CAP.
2257 409 2323 465 χ.
2371 387 2602 471 nouit.
2649 415 2835 477 xvnt.

3572 412 3670 468 138

2075 509 2178 565 nim
2201 552 2216 576 ,
2250 520 2307 565 ut
2346 528 2444 567 nec
2484 513 2659 568 verbis
2699 522 2852 568 tenus
2881 516 2998 584 ejus
3032 518 3205 570 terant
3243 520 3677 586 recusationem,

2072 600 2181 656 scd‘
2199 602 2336 657 hanc
2357 603 2519 657 etiam
2548 602 2825 659 horreant.
2853 604 3047 660 Procul
3071 605 3185 661 haec
3204 608 3311 661 sint
3332 624 3360 660 a
3384 608 3677 663 Christiani

2070 692 2295 750 anima:
2323 693 2457 749 nihil
2488 696 2633 750 enim
2662 707 2744 751 est
2774 696 2938 752 ditius
2969 713 3034 752 eo
3060 699 3150 768 qni
3185 711 3552 770 paupertatem
3581 718 3678 757 sua

2068 795 2261 855 sponte
2276 787 2425 858 eligit
2442 796 2494 843 et
2511 803 2632 844 cum
2657 803 2846 860 magna
2868 789 3033 845 animi
3055 790 3348 847 alacritate.
3372 793 3672 860 Quomodo,

2068 877 2245 934 dicam
2272 896 2285 932 :
2318 888 2373 935 et
2397 921 2412 947 ,
2439 880 2488 935 si
2510 881 2669 937 vultis
2690 923 2706 950 ,
2735 897 2859 937 eum
2889 884 2980 954 qui
3023 899 3118 940 sua
3157 896 3350 956 sponte
3386 899 3676 958 pauperta-

2066 981 2174 1028 tem
2202 972 2385 1045 eligit,
2416 974 2534 1045 ipso
2560 990 2689 1047 rege
2715 975 2965 1032 ditiorem
2994 992 3116 1033 esse
3141 979 3393 1035 ostendo.
3423 980 3554 1035 Nam
3587 983 3675 1038 ille

2066 1065 2284 1136 quidem
2315 1077 2438 1138 eget
2472 1067 2655 1123 multis
2678 1111 2693 1136 ,
2726 1078 2781 1125 et
2807 1080 2888 1126 est
2925 1071 3190 1127 sollicitus
3215 1114 3229 1138 ,
3258 1088 3322 1129 ac
3352 1074 3503 1129 timet
3532 1091 3599 1131 ne
3625 1078 3677 1131 ei

2064 1158 2281 1215 deficiat
2304 1161 2556 1218 militaris
2581 1173 2917 1220 commeatus
2941 1182 2955 1219 :
2981 1164 3071 1221 hic
3093 1176 3277 1221 autem
3301 1169 3482 1223 omnia
3512 1170 3676 1226 habet

2064 1252 2286 1320 affatim,
2312 1266 2367 1312 et
2392 1255 2463 1312 de
2489 1256 2639 1313 nullo
2666 1259 2838 1327 timet,
2862 1258 3057 1316 nedum
3080 1260 3148 1316 de
3178 1270 3284 1316 tam
3314 1263 3516 1319 multis.
3541 1264 3673 1332 Quis

2063 1362 2214 1418 ergo,
2242 1347 2561 1420 dic,quaeso,
2591 1359 2675 1407 est
2701 1350 2852 1408 dives
2871 1392 2885 1417 ,
2915 1352 3030 1409 isne
3058 1352 3150 1424 qui
3179 1353 3417 1425 quotidie
3442 1366 3527 1410 est
3556 1357 3670 1412 sol-

2063 1440 2265 1509 licitus,
2299 1448 2355 1497 et
2378 1443 2580 1514 cogitat
2606 1452 2662 1498 et
2694 1444 2929 1500 studium
2962 1447 3113 1516 ponit
3140 1456 3196 1501 ut
3224 1446 3392 1502 multa
3420 1448 3669 1519 colligat,

2061 1548 2125 1588 ac
2167 1534 2319 1590 timet
2346 1550 2413 1591 ne
2438 1535 2731 1607 aliquando
2756 1537 3010 1595 deficiant
3041 1557 3055 1595 :
3084 1555 3154 1595 an
3183 1540 3231 1597 is
3258 1541 3348 1611 qni
3385 1541 3519 1597 nihil
3554 1543 3669 1598 col-

2060 1621 2192 1695 ligit,
2219 1634 2273 1679 et
2296 1626 2382 1681 cui
2405 1626 2617 1684 abunde
2637 1629 2818 1684 omnia
2840 1638 3155 1700 suppetunt,
3180 1639 3235 1687 et
3257 1632 3406 1687 nullo
3428 1632 3669 1704 indiget?

2058 1717 2226 1773 virtus
2252 1720 2395 1774 enim
2423 1728 2477 1775 et
2504 1720 2602 1776 Dei
2630 1731 2805 1779 metus
2831 1723 2923 1778 dat
2950 1723 3223 1793 fiduciam,
3248 1740 3354 1781 non
3381 1725 3622 1796 pecunia!
3649 1745 3664 1783 :

2058 1810 2162 1864 illa:
2187 1810 2331 1866 enim
2360 1814 2522 1867 etiam
2550 1814 2947 1873 inservitutcm
2976 1817 3246 1890 redigunt.
3277 1818 3451 1874 Xenia
3480 1821 3624 1875 enim
3648 1862 3662 1886 ,

2056 1902 2269 1973 inquit,
2314 1914 2362 1961 et
2401 1906 2853 1963 donaexca'cant
2876 1911 3053 1965 oculos
3089 1911 3414 1980 sapientum,
3448 1921 3495 1966 et
3521 1915 3667 1979 quasi

2054 1994 2255 2061 {renum
2293 1995 2345 2049 in
2373 2012 2459 2051 ore
2481 2037 2497 2064 ,
2528 2008 2759 2053 avertunt
2786 2000 3181 2071 correptiones(
3207 2000 3369 2057 Eccli.
3400 2002 3491 2058 9.0.
3524 2004 3589 2057 51
3621 2006 3660 2075 ).

2052 2083 2344 2141 Considera
2370 2089 2641 2159 quomodo
2663 2105 2870 2163 pauper
2890 2091 2981 2147 ille
3002 2092 3194 2148 Petrus
3216 2094 3482 2147 Ananiam
3510 2092 3661 2149 illum

2051 2175 2270 2233 divitem
2298 2181 2470 2249 puniit
2490 2197 2504 2233 :
2524 2195 2703 2236 annon
2732 2180 2821 2236 hic
2847 2182 3067 2253 quidem
3089 2182 3398 2252 cratdives,
3423 2183 3512 2239 ille
3531 2200 3663 2240 vero

2050 2270 2289 2337 panper?
2314 2268 2408 2325 sed
2429 2270 2551 2326 vide
2577 2272 2728 2326 illum
2750 2272 2969 2343 quidem
2992 2273 3300 2344 loquentem
3323 2289 3447 2330 cum
3470 2286 3661 2331 aucto-

2049 2360 2227 2426 ritate,
2256 2370 2311 2417 et
2334 2362 2604 2419 dicentem
2635 2382 2649 2418 :
2673 2364 2754 2419 An
2780 2381 2967 2436 agrum
2990 2367 3127 2421 tanti
3152 2366 3487 2422 vendidistis?
3515 2367 3661 2423 hunc

2047 2466 2175 2506 vero
2192 2451 2460 2509 dicentem
2483 2469 2605 2509 cum
2626 2455 3006 2525 submissione,
3027 2456 3171 2513 Certe
3190 2459 3316 2513 tanti
3338 2458 3474 2528 (Act.
3500 2459 3552 2514 5.
3572 2459 3654 2529 8).

2045 2543 2112 2598 Et
2136 2545 2277 2614 quis,
2296 2545 2507 2616 inquit,
2534 2546 2665 2602 mihi
2692 2546 2841 2603 dabit
2868 2557 2927 2603 ut
2954 2548 3059 2603 sim
3083 2550 3224 2605 sicut
3248 2549 3480 2606 Petrus?
3507 2550 3659 2607 Licet

2046 2635 2140 2691 tibi
2178 2650 2300 2692 esse
2338 2638 2479 2693 sicut
2516 2638 2707 2694 Petrus
2730 2681 2747 2707 ,
2775 2640 2819 2694 si
2848 2640 2983 2696 velis
3011 2656 3132 2712 qua:
3174 2641 3342 2698 habes
3370 2642 3607 2712 abjiccre
3637 2661 3651 2697 :

2042 2727 2289 2799 disperge
2311 2771 2326 2796 ,
2355 2730 2421 2786 da
2453 2732 2779 2803 pauperibus
2804 2775 2819 2801 ,
2853 2732 3125 2789 Christum
3160 2749 3387 2806 sequere
3412 2776 3428 2803 ,
3460 2743 3516 2791 et
3544 2734 3654 2789 eris

2043 2823 2186 2878 talis.
2214 2822 2535 2891 Quomodo?
2563 2824 2653 2881 ille
2672 2866 2686 2890 ,
2717 2825 2924 2897 inquit,
2955 2824 3081 2883 fecit
3107 2827 3281 2900 signa.
3313 2828 3498 2883 llocne
3524 2834 3610 2881 est
3634 2869 3649 2892 ,

2049 2921 2138 2979 dic
2166 2935 2372 2994 quaeso,
2394 2922 2539 2996 quod
2563 2923 2783 2981 Petrum
2806 2923 2937 2981 fecit
2954 2925 3349 2994 admirabilem,
3373 2942 3440 2982 an
3464 2926 3655 2984 fiducia

2050 3029 2212 3085 quam
2236 3023 2321 3070 est
2343 3025 2708 3087 consequutus
2729 3031 2797 3073 ex
2816 3016 2942 3073 vita:
2966 3016 3342 3073 institutione?
3370 3034 3476 3073 non
3502 3018 3657 3075 audis

2051 3104 2321 3163 Christum
2344 3107 2610 3166 dicentem
2629 3128 2643 3164 :
2661 3109 2839 3165 Nolite
2855 3108 3077 3181 gaudere
3092 3109 3228 3182 quod
3248 3108 3502 3165 dwmonia
3520 3111 3658 3166 vobis

2049 3201 2327 3256 obedient?
2357 3202 2421 3258 Si
2459 3202 2533 3258 vis
2573 3220 2680 3259 esse
2715 3203 3000 3275 perfectus,
3041 3204 3200 3260 vende
3233 3221 3346 3276 qua:
3384 3206 3569 3273 habes,
3609 3217 3659 3261 et

2049 3294 2117 3348 da
2143 3295 2453 3367 pauperibus
2476 3337 2491 3363 ,
2522 3305 2571 3351 et
2612 3296 2818 3353 habebis
2850 3297 3145 3353 thesaurum
3181 3298 3236 3353 in
3270 3299 3409 3353 ctelis
3437 3298 3653 3369 (Matth.

2049 3387 2139 3443 19.
2168 3387 2298 3461 21).
2332 3388 2469 3444 Audi
2493 3389 2622 3461 quid
2648 3390 2793 3446 dicat
2821 3390 3015 3447 Petrus
3045 3409 3059 3447 :
3090 3391 3284 3447 Aurum
3313 3401 3360 3447 et
3388 3403 3658 3463 argentum

2046 3495 2150 3534 non
2174 3487 2248 3534 est
2273 3479 2399 3533 mihi
2422 3495 2441 3534 :
2460 3481 2598 3552 quod
2620 3492 2786 3535 autem
2814 3483 2993 3549 habeo,
3019 3482 3113 3537 hoc
3135 3483 3223 3537 tibi
3244 3484 3309 3537 do
3327 3482 3464 3555 (Act.
3492 3487 3544 3542 5.
3571 3486 3652 3554 6).

2045 3570 2101 3629 Si
2126 3572 2245 3643 quis
2271 3572 2432 3629 habet
2450 3589 2640 3628 aurum
2662 3583 2714 3628 et
2736 3584 3039 3645 argentum,
3066 3575 3153 3629 illa
3178 3590 3287 3630 non
3309 3575 3489 3632 habet.
3515 3578 3653 3644 Quid

2046 3679 2178 3720 vero
2202 3706 2219 3733 ,
2247 3664 2458 3737 inquit,
2498 3666 2641 3737 quod
2682 3666 2837 3722 multi
2876 3681 2979 3723 nec
3012 3668 3105 3723 illa
3144 3667 3349 3724 habent
3375 3684 3477 3725 nec
3506 3668 3656 3727 ista?

2044 3755 2179 3825 Quia
2225 3773 2334 3812 non
2377 3766 2573 3828 sponte
2612 3767 2740 3815 sunt
2782 3774 3047 3830 pauperes
3086 3778 3099 3815 :
3139 3761 3463 3832 quicumque
3508 3764 3651 3819 enim

2044 3858 2239 3920 sponte
2266 3858 2392 3905 sunt
2419 3864 2685 3921 pauperes
2706 3892 2722 3919 ,
2756 3850 2958 3907 habent
2982 3853 3162 3908 omnia
3192 3854 3355 3909 bona.
3386 3853 3521 3909 Nam
3551 3856 3652 3910 etsi

2044 3957 2146 3999 nec
2183 3952 2426 4000 mortuos
2462 3958 2564 4001 nec
2600 3943 2818 4001 claudos
2857 3946 3136 4013 excitant,
3169 3947 3275 4003 sed.
3296 3955 3475 4003 tamen
3505 3949 3649 4019 quod

2043 4042 2128 4089 est
2155 4034 2328 4103 majus
2354 4034 2438 4091 his
2467 4036 2742 4104 omnibus,
2766 4036 2973 4093 habent
2996 4038 3134 4107 apud
3164 4038 3335 4095 Deum
3360 4039 3609 4096 fiduciam
3634 4061 3646 4094 :

2043 4126 2267 4182 audient
2286 4128 2378 4184 illo
2402 4128 2490 4184 die
2518 4129 2731 4185 beatam
2758 4129 2904 4185 illam
2932 4144 3144 4199 vocem,
3177 4129 3370 4197 Venite,
3398 4133 3646 4187 benedicti

2048 4218 2219 4274 Patris
2256 4221 2372 4274 mei.
2405 4220 2545 4289 Quid
2584 4230 2667 4277 est
2704 4221 2809 4276 isto
2847 4220 3085 4278 melius?
3117 4221 3384 4278 Possidete
3412 4236 3650 4295 paratum

2037 4312 2178 4366 nobis
2218 4328 2431 4382 regnum
2466 4328 2499 4366 a
2532 4312 2892 4368 constitutione
2927 4314 3127 4370 ntundi.
3159 4314 3365 4371 Esurivi
3396 4318 3531 4371 enim
3555 4359 3569 4383 ,
3603 4330 3650 4373 et

2038 4402 2252 4459 dedistis
2287 4403 2414 4458 mihi
2451 4404 2589 4476 quod
2617 4404 2930 4460 comederem
2953 4420 2974 4461 :
2998 4406 3133 4461 sitivi
3151 4447 3168 4474 ,
3209 4416 3255 4462 et
3286 4407 3494 4463 dedistis
3524 4410 3648 4462 mihi

2037 4496 2173 4567 quod
2210 4496 2474 4552 biberemi:
2504 4498 2686 4571 hospes
2714 4514 2856 4552 eram
2880 4543 2894 4565 ,
2928 4509 2977 4554 et
3018 4516 3097 4554 me
3135 4500 3412 4571 collegistis
3437 4516 3456 4555 :
3483 4502 3648 4557 nudus

2038 4607 2177 4646 eram
2196 4630 2212 4657 ,
2242 4600 2290 4646 et
2319 4608 2399 4646 me
2421 4591 2662 4646 induistis
2683 4607 2702 4646 :
2721 4591 2959 4662 inﬁmus
2989 4608 3129 4646 eram
3156 4601 3203 4647 et
3231 4593 3285 4646 in
3322 4609 3524 4649 carcere
3548 4637 3565 4662 ,
3601 4605 3649 4649 et

2037 4699 2117 4737 me
2149 4682 2408 4738 cisitastis.
2440 4681 2709 4738 Possidete
2732 4692 2973 4754 paratum
2998 4683 3136 4738 vobis
3162 4700 3378 4754 regnum
3404 4701 3435 4739 a
3461 4688 3648 4740 consti-

2036 4775 2230 4831 tutione
2273 4775 2454 4830 mundi
2493 4774 2732 4847 (Matth.
2773 4775 2864 4832 25.
2897 4774 3134 4848 54-36).
3184 4776 3473 4847 Fugiamus
3517 4794 3646 4848 ergo

2035 4868 2315 4924 avaritiam
2344 4876 2396 4925 et
2436 4867 2590 4939 plura
2620 4868 2853 4925 habendi
2882 4869 3230 4939 cupiditatem
3254 4911 3267 4936 ,
3302 4879 3360 4924 ut
3388 4885 3645 4942 assequa-

2034 4978 2158 5019 mur
2185 4978 2407 5034 regnum
2435 4963 2693 5020 caelorum
2719 4981 2732 5017 :
2757 4965 3057 5020 nutriamus
3082 4979 3347 5035 pauperes
3364 5007 3379 5031 ,
3409 4975 3465 5020 ut
3491 4964 3645 5020 Chri-

2034 5066 2177 5114 stum
2207 5058 2527 5125 nutriamus,
2558 5067 2618 5114 ut
2642 5058 2762 5130 ejus
2786 5059 2954 5114 simus
2980 5058 3278 5115 coheredes
3299 5101 3313 5123 ,
3345 5059 3396 5113 in
3426 5058 3646 5114 Christo

2032 5150 2164 5210 Iesu
2198 5152 2424 5209 Domino
2450 5160 2640 5209 nostro
2661 5193 2677 5218 ,
2706 5167 2829 5209 cum
2857 5167 2963 5223 quo
2984 5152 3129 5233 Patri
3157 5150 3428 5222 simulque
3454 5162 3643 5206 sancto

2035 5245 2259 5318 Spiritui
2288 5247 2489 5317 gloria,
2521 5254 2781 5317 potestas,
2811 5243 2986 5303 honor
3007 5287 3022 5316 ,
3054 5259 3198 5303 nunc
3225 5252 3279 5302 et
3308 5258 3524 5317 semper
3544 5286 3557 5313 ,
3580 5255 3645 5303 ,ct

2031 5341 2086 5396 in
2118 5341 2311 5397 smcula
2343 5340 2684 5397 smculorum.
2717 5339 2912 5397 Amen.
