  <div class='ocr_page' id='page_1' title='image "/cluster/home/n/w/nwhite01/storage/ocr_20150623/63:no.12/coo.31924054869635/145.png"; bbox 0 0 4172 6446; ppageno 0'>
   <div class='ocr_carea' id='block_1_1' title="bbox 590 347 691 428">
    <p class='ocr_par' dir='ltr' id='par_1_1' title="bbox 590 347 691 428">
     <span class='ocr_line' id='line_1_1' title="bbox 590 347 691 428; baseline -0.02 -26"><span class='ocrx_word' id='word_1_1' title='bbox 590 347 691 428; x_wconf 67' lang='lat'><strong><em>159</em></strong></span> 
     </span>
    </p>
   </div>
   <div class='ocr_carea' id='block_1_2' title="bbox 1982 556 2548 630">
    <p class='ocr_par' dir='ltr' id='par_1_2' title="bbox 1982 556 2548 630">
     <span class='ocr_line' id='line_1_2' title="bbox 1982 556 2548 630; baseline 0.023 -13"><span class='ocrx_word' id='word_1_2' title='bbox 1982 556 2323 622; x_wconf 83' lang='lat' dir='ltr'><strong><em>HOMILIA</em></strong></span> <span class='ocrx_word' id='word_1_3' title='bbox 2365 563 2520 628; x_wconf 79' lang='lat' dir='ltr'><strong><em>XIX</em></strong></span> <span class='ocrx_word' id='word_1_4' title='bbox 2534 611 2548 630; x_wconf 94' lang='lat'><strong><em>.</em></strong></span> 
     </span>
    </p>
   </div>
   <div class='ocr_carea' id='block_1_3' title="bbox 592 692 2177 764">
    <p class='ocr_par' dir='ltr' id='par_1_3' title="bbox 592 692 2177 764">
     <span class='ocr_line' id='line_1_3' title="bbox 592 692 2177 764; baseline 0.001 -14"><span class='ocrx_word' id='word_1_5' title='bbox 592 695 722 751; x_wconf 68' lang='lat' dir='ltr'><strong><em>Car.</em></strong></span> <span class='ocrx_word' id='word_1_6' title='bbox 751 697 840 754; x_wconf 78' lang='grc'><strong><em>10.</em></strong></span> <span class='ocrx_word' id='word_1_7' title='bbox 869 711 921 749; x_wconf 80' lang='grc' dir='ltr'>ν.</span> <span class='ocrx_word' id='word_1_8' title='bbox 957 693 1042 751; x_wconf 79' lang='grc'><strong><em>19.</em></strong></span> <span class='ocrx_word' id='word_1_9' title='bbox 1079 692 1336 748; x_wconf 72' lang='lat' dir='ltr'><strong><em>Habentes</em></strong></span> <span class='ocrx_word' id='word_1_10' title='bbox 1375 693 1566 762; x_wconf 86' lang='lat' dir='ltr'><strong><em>itaque,</em></strong></span> <span class='ocrx_word' id='word_1_11' title='bbox 1601 694 1806 762; x_wconf 76' lang='lat' dir='ltr'><strong><em>fratres,</em></strong></span> <span class='ocrx_word' id='word_1_12' title='bbox 1839 695 2084 764; x_wconf 73' lang='lat' dir='ltr'><strong><em>ﬁduciam</em></strong></span> <span class='ocrx_word' id='word_1_13' title='bbox 2122 698 2177 753; x_wconf 89' lang='lat' dir='ltr'><strong><em>in</em></strong></span> 
     </span>
    </p>
   </div>
   <div class='ocr_carea' id='block_1_4' title="bbox 662 785 2182 858">
    <p class='ocr_par' dir='ltr' id='par_1_4' title="bbox 662 785 2182 858">
     <span class='ocr_line' id='line_1_4' title="bbox 662 785 2182 858; baseline 0.002 -17"><span class='ocrx_word' id='word_1_14' title='bbox 662 789 869 842; x_wconf 88' lang='lat' dir='ltr'><strong><em>introitu</em></strong></span> <span class='ocrx_word' id='word_1_15' title='bbox 890 795 1180 842; x_wconf 87' lang='lat' dir='ltr'><strong><em>sanctorum</em></strong></span> <span class='ocrx_word' id='word_1_16' title='bbox 1205 786 1258 839; x_wconf 92' lang='lat' dir='ltr'><strong><em>in</em></strong></span> <span class='ocrx_word' id='word_1_17' title='bbox 1279 785 1528 856; x_wconf 79' lang='lat' dir='ltr'><strong><em>sanguine</em></strong></span> <span class='ocrx_word' id='word_1_18' title='bbox 1551 785 1699 852; x_wconf 74' lang='lat' dir='ltr'><strong><em>Iesu,</em></strong></span> <span class='ocrx_word' id='word_1_19' title='bbox 1720 785 1811 842; x_wconf 70' lang='lat'><strong><em>20.</em></strong></span> <span class='ocrx_word' id='word_1_20' title='bbox 1834 803 1989 858; x_wconf 89' lang='lat' dir='ltr'><strong><em>quam</em></strong></span> <span class='ocrx_word' id='word_1_21' title='bbox 2015 789 2182 845; x_wconf 79' lang='lat' dir='ltr'><strong><em>initia-</em></strong></span> 
     </span>
    </p>
   </div>
   <div class='ocr_carea' id='block_1_5' title="bbox 662 879 2178 949">
    <p class='ocr_par' dir='ltr' id='par_1_5' title="bbox 662 879 2178 949">
     <span class='ocr_line' id='line_1_5' title="bbox 662 879 2178 949; baseline 0.002 -16"><span class='ocrx_word' id='word_1_22' title='bbox 662 882 731 934; x_wconf 86' lang='lat' dir='ltr'><strong><em>vit</em></strong></span> <span class='ocrx_word' id='word_1_23' title='bbox 775 880 919 936; x_wconf 86' lang='lat' dir='ltr'><strong><em>nobis</em></strong></span> <span class='ocrx_word' id='word_1_24' title='bbox 960 880 1094 933; x_wconf 84' lang='lat' dir='ltr'><strong><em>viam</em></strong></span> <span class='ocrx_word' id='word_1_25' title='bbox 1137 895 1319 934; x_wconf 82' lang='lat' dir='ltr'><strong><em>novam</em></strong></span> <span class='ocrx_word' id='word_1_26' title='bbox 1348 888 1395 932; x_wconf 92' lang='lat' dir='ltr'><strong><em>et</em></strong></span> <span class='ocrx_word' id='word_1_27' title='bbox 1437 879 1679 932; x_wconf 79' lang='lat' dir='ltr'><strong><em>viventem</em></strong></span> <span class='ocrx_word' id='word_1_28' title='bbox 1708 896 1798 948; x_wconf 85' lang='lat' dir='ltr'><strong><em>per</em></strong></span> <span class='ocrx_word' id='word_1_29' title='bbox 1824 881 2051 936; x_wconf 86' lang='lat' dir='ltr'><strong><em>velamen</em></strong></span> <span class='ocrx_word' id='word_1_30' title='bbox 2076 924 2092 949; x_wconf 95' lang='lat'><strong><em>,</em></strong></span> <span class='ocrx_word' id='word_1_31' title='bbox 2123 883 2178 936; x_wconf 86' lang='lat' dir='ltr'><strong><em>id</em></strong></span> 
     </span>
    </p>
   </div>
   <div class='ocr_carea' id='block_1_6' title="bbox 665 969 2180 1043">
    <p class='ocr_par' dir='ltr' id='par_1_6' title="bbox 665 969 2180 1043">
     <span class='ocr_line' id='line_1_6' title="bbox 665 969 2180 1043; baseline 0.002 -18"><span class='ocrx_word' id='word_1_32' title='bbox 665 980 759 1038; x_wconf 87' lang='lat' dir='ltr'><strong><em>est,</em></strong></span> <span class='ocrx_word' id='word_1_33' title='bbox 786 986 988 1025; x_wconf 83' lang='lat' dir='ltr'><strong><em>carnem</em></strong></span> <span class='ocrx_word' id='word_1_34' title='bbox 1015 987 1182 1038; x_wconf 86' lang='lat' dir='ltr'><strong><em>suam,</em></strong></span> <span class='ocrx_word' id='word_1_35' title='bbox 1211 969 1302 1025; x_wconf 71' lang='lat' dir='ltr'><strong><em>2i.</em></strong></span> <span class='ocrx_word' id='word_1_36' title='bbox 1336 981 1382 1024; x_wconf 88' lang='lat' dir='ltr'><strong><em>et</em></strong></span> <span class='ocrx_word' id='word_1_37' title='bbox 1409 970 1719 1025; x_wconf 74' lang='lat' dir='ltr'><strong><em>sacerdotem</em></strong></span> <span class='ocrx_word' id='word_1_38' title='bbox 1750 988 1991 1041; x_wconf 86' lang='lat' dir='ltr'><strong><em>magnum</em></strong></span> <span class='ocrx_word' id='word_1_39' title='bbox 2025 989 2180 1043; x_wconf 89' lang='lat' dir='ltr'><strong><em>super</em></strong></span> 
     </span>
    </p>
   </div>
   <div class='ocr_carea' id='block_1_7' title="bbox 658 1060 2176 1135">
    <p class='ocr_par' dir='ltr' id='par_1_7' title="bbox 658 1060 2176 1135">
     <span class='ocr_line' id='line_1_7' title="bbox 658 1060 2176 1135; baseline 0.002 -20"><span class='ocrx_word' id='word_1_40' title='bbox 658 1062 870 1116; x_wconf 82' lang='lat' dir='ltr'><strong><em>domum</em></strong></span> <span class='ocrx_word' id='word_1_41' title='bbox 909 1060 1009 1116; x_wconf 80' lang='lat' dir='ltr'><strong><em>Dei</em></strong></span> <span class='ocrx_word' id='word_1_42' title='bbox 1035 1081 1053 1116; x_wconf 92' lang='lat'><strong><em>:</em></strong></span> <span class='ocrx_word' id='word_1_43' title='bbox 1080 1062 1171 1116; x_wconf 65' lang='lat'><strong><em>2‘3.</em></strong></span> <span class='ocrx_word' id='word_1_44' title='bbox 1200 1061 1500 1116; x_wconf 82' lang='lat' dir='ltr'><strong><em>accedamus</em></strong></span> <span class='ocrx_word' id='word_1_45' title='bbox 1529 1077 1642 1116; x_wconf 84' lang='lat' dir='ltr'><strong><em>eum</em></strong></span> <span class='ocrx_word' id='word_1_46' title='bbox 1667 1078 1782 1116; x_wconf 85' lang='lat' dir='ltr'><strong><em>vero</em></strong></span> <span class='ocrx_word' id='word_1_47' title='bbox 1809 1065 1958 1118; x_wconf 86' lang='lat' dir='ltr'><strong><em>corde</em></strong></span> <span class='ocrx_word' id='word_1_48' title='bbox 1983 1065 2036 1118; x_wconf 86' lang='lat' dir='ltr'><strong><em>in</em></strong></span> <span class='ocrx_word' id='word_1_49' title='bbox 2063 1064 2176 1135; x_wconf 80' lang='lat' dir='ltr'><strong><em>ple-</em></strong></span> 
     </span>
    </p>
   </div>
   <div class='ocr_carea' id='block_1_8' title="bbox 658 1154 2174 1223">
    <p class='ocr_par' dir='ltr' id='par_1_8' title="bbox 658 1154 2174 1223">
     <span class='ocr_line' id='line_1_8' title="bbox 658 1154 2174 1223; baseline 0.001 -16"><span class='ocrx_word' id='word_1_50' title='bbox 658 1154 942 1208; x_wconf 82' lang='lat' dir='ltr'><strong><em>nitudinem</em></strong></span> <span class='ocrx_word' id='word_1_51' title='bbox 986 1154 1107 1223; x_wconf 82' lang='lat' dir='ltr'><strong><em>ﬁdei</em></strong></span> <span class='ocrx_word' id='word_1_52' title='bbox 1131 1195 1146 1220; x_wconf 94' lang='lat'><strong><em>,</em></strong></span> <span class='ocrx_word' id='word_1_53' title='bbox 1193 1155 1388 1223; x_wconf 85' lang='lat' dir='ltr'><strong><em>aspersi</em></strong></span> <span class='ocrx_word' id='word_1_54' title='bbox 1416 1154 1572 1207; x_wconf 87' lang='lat' dir='ltr'><strong><em>corda</em></strong></span> <span class='ocrx_word' id='word_1_55' title='bbox 1599 1171 1629 1208; x_wconf 91' lang='lat' dir='ltr'><strong><em>a</em></strong></span> <span class='ocrx_word' id='word_1_56' title='bbox 1658 1156 1961 1210; x_wconf 79' lang='lat' dir='ltr'><strong><em>conscientia</em></strong></span> <span class='ocrx_word' id='word_1_57' title='bbox 1992 1156 2128 1210; x_wconf 89' lang='lat' dir='ltr'><strong><em>mala</em></strong></span> <span class='ocrx_word' id='word_1_58' title='bbox 2153 1174 2174 1222; x_wconf 90' lang='lat'><strong><em>;</em></strong></span> 
     </span>
    </p>
   </div>
   <div class='ocr_carea' id='block_1_9' title="bbox 657 1243 2178 1316">
    <p class='ocr_par' dir='ltr' id='par_1_9' title="bbox 657 1243 2178 1316">
     <span class='ocr_line' id='line_1_9' title="bbox 657 1243 2178 1316; baseline 0.001 -18"><span class='ocrx_word' id='word_1_59' title='bbox 657 1253 704 1298; x_wconf 89' lang='lat' dir='ltr'><strong><em>et</em></strong></span> <span class='ocrx_word' id='word_1_60' title='bbox 721 1243 881 1298; x_wconf 83' lang='lat' dir='ltr'><strong><em>abluti</em></strong></span> <span class='ocrx_word' id='word_1_61' title='bbox 899 1259 1084 1314; x_wconf 88' lang='lat' dir='ltr'><strong><em>corpus</em></strong></span> <span class='ocrx_word' id='word_1_62' title='bbox 1103 1259 1236 1312; x_wconf 90' lang='lat' dir='ltr'><strong><em>aqua</em></strong></span> <span class='ocrx_word' id='word_1_63' title='bbox 1256 1245 1466 1310; x_wconf 88' lang='lat' dir='ltr'><strong><em>munda,</em></strong></span> <span class='ocrx_word' id='word_1_64' title='bbox 1485 1243 1576 1299; x_wconf 74' lang='lat'><strong><em>‘23.</em></strong></span> <span class='ocrx_word' id='word_1_65' title='bbox 1596 1253 1851 1298; x_wconf 85' lang='lat' dir='ltr'><strong><em>teneamus</em></strong></span> <span class='ocrx_word' id='word_1_66' title='bbox 1866 1246 1972 1316; x_wconf 77' lang='lat' dir='ltr'><strong><em>spei</em></strong></span> <span class='ocrx_word' id='word_1_67' title='bbox 1991 1255 2178 1301; x_wconf 70' lang='lat' dir='ltr'><strong><em>nostra</em></strong></span> 
     </span>
    </p>
   </div>
   <div class='ocr_carea' id='block_1_10' title="bbox 656 1336 1486 1410">
    <p class='ocr_par' dir='ltr' id='par_1_10' title="bbox 656 1336 1486 1410">
     <span class='ocr_line' id='line_1_10' title="bbox 656 1336 1486 1410; baseline 0 -18"><span class='ocrx_word' id='word_1_68' title='bbox 656 1338 1026 1410; x_wconf 79' lang='lat' dir='ltr'><strong><em>confessionem</em></strong></span> <span class='ocrx_word' id='word_1_69' title='bbox 1056 1336 1486 1392; x_wconf 75' lang='lat' dir='ltr'><strong><em>indeclinabilem.</em></strong></span> 
     </span>
    </p>
   </div>
   <div class='ocr_carea' id='block_1_11' title="bbox 657 1427 2175 1501">
    <p class='ocr_par' dir='ltr' id='par_1_11' title="bbox 657 1427 2175 1501">
     <span class='ocr_line' id='line_1_11' title="bbox 657 1427 2175 1501; baseline 0.002 -18"><span class='ocrx_word' id='word_1_70' title='bbox 657 1430 712 1484; x_wconf 78' lang='lat' dir='ltr'><strong><em>i.</em></strong></span> <span class='ocrx_word' id='word_1_71' title='bbox 746 1427 824 1501; x_wconf 89' lang='lat' dir='ltr'><strong><em>(a)</em></strong></span> <span class='ocrx_word' id='word_1_72' title='bbox 850 1427 984 1483; x_wconf 86' lang='lat' dir='ltr'><strong><em>Cum</em></strong></span> <span class='ocrx_word' id='word_1_73' title='bbox 1005 1427 1329 1484; x_wconf 77' lang='lat' dir='ltr'><strong><em>ostendisset</em></strong></span> <span class='ocrx_word' id='word_1_74' title='bbox 1354 1437 1609 1498; x_wconf 89' lang='lat' dir='ltr'><strong><em>quantum</em></strong></span> <span class='ocrx_word' id='word_1_75' title='bbox 1641 1427 1852 1484; x_wconf 75' lang='lat' dir='ltr'><strong><em>intersit</em></strong></span> <span class='ocrx_word' id='word_1_76' title='bbox 1871 1430 2012 1485; x_wconf 87' lang='lat' dir='ltr'><strong><em>inter</em></strong></span> <span class='ocrx_word' id='word_1_77' title='bbox 2039 1445 2175 1501; x_wconf 90' lang='lat' dir='ltr'><strong><em>pon-</em></strong></span> 
     </span>
    </p>
   </div>
   <div class='ocr_carea' id='block_1_12' title="bbox 587 1520 2174 1588">
    <p class='ocr_par' dir='ltr' id='par_1_12' title="bbox 587 1520 2174 1588">
     <span class='ocr_line' id='line_1_12' title="bbox 587 1520 2174 1588; baseline 0.001 -12"><span class='ocrx_word' id='word_1_78' title='bbox 587 1521 809 1587; x_wconf 85' lang='lat' dir='ltr'><strong><em>tiﬁcem,</em></strong></span> <span class='ocrx_word' id='word_1_79' title='bbox 842 1530 897 1576; x_wconf 88' lang='lat' dir='ltr'><strong><em>et</em></strong></span> <span class='ocrx_word' id='word_1_80' title='bbox 921 1521 1209 1586; x_wconf 81' lang='lat' dir='ltr'><strong><em>sacriﬁcia,</em></strong></span> <span class='ocrx_word' id='word_1_81' title='bbox 1243 1529 1298 1575; x_wconf 86' lang='lat' dir='ltr'><strong><em>et</em></strong></span> <span class='ocrx_word' id='word_1_82' title='bbox 1330 1520 1758 1588; x_wconf 91' lang='lat' dir='ltr'><strong><em>tabernaculum,</em></strong></span> <span class='ocrx_word' id='word_1_83' title='bbox 1799 1531 1854 1577; x_wconf 87' lang='lat' dir='ltr'><strong><em>et</em></strong></span> <span class='ocrx_word' id='word_1_84' title='bbox 1885 1532 2174 1578; x_wconf 85' lang='lat' dir='ltr'><strong><em>testamen-</em></strong></span> 
     </span>
    </p>
   </div>
   <div class='ocr_carea' id='block_1_13' title="bbox 586 1614 2173 1687">
    <p class='ocr_par' dir='ltr' id='par_1_13' title="bbox 586 1614 2173 1687">
     <span class='ocr_line' id='line_1_13' title="bbox 586 1614 2173 1687; baseline 0.003 -19"><span class='ocrx_word' id='word_1_85' title='bbox 586 1624 722 1682; x_wconf 90' lang='lat' dir='ltr'><strong><em>tum,</em></strong></span> <span class='ocrx_word' id='word_1_86' title='bbox 741 1624 794 1670; x_wconf 89' lang='lat' dir='ltr'><strong><em>et</em></strong></span> <span class='ocrx_word' id='word_1_87' title='bbox 811 1614 1248 1684; x_wconf 81' lang='lat' dir='ltr'><strong><em>promissionem,</em></strong></span> <span class='ocrx_word' id='word_1_88' title='bbox 1271 1621 1326 1668; x_wconf 87' lang='lat' dir='ltr'><strong><em>et</em></strong></span> <span class='ocrx_word' id='word_1_89' title='bbox 1341 1614 1566 1668; x_wconf 87' lang='lat' dir='ltr'><strong><em>multum</em></strong></span> <span class='ocrx_word' id='word_1_90' title='bbox 1587 1615 1849 1670; x_wconf 83' lang='lat' dir='ltr'><strong><em>interesse</em></strong></span> <span class='ocrx_word' id='word_1_91' title='bbox 1869 1634 1883 1669; x_wconf 87' lang='lat'><strong>:</strong></span> <span class='ocrx_word' id='word_1_92' title='bbox 1907 1617 2173 1687; x_wconf 88' lang='lat' dir='ltr'><strong><em>siquidem</em></strong></span> 
     </span>
    </p>
   </div>
   <div class='ocr_carea' id='block_1_14' title="bbox 585 1707 2173 1780">
    <p class='ocr_par' dir='ltr' id='par_1_14' title="bbox 585 1707 2173 1780">
     <span class='ocr_line' id='line_1_14' title="bbox 585 1707 2173 1780; baseline 0.002 -16"><span class='ocrx_word' id='word_1_93' title='bbox 585 1709 673 1764; x_wconf 88' lang='lat' dir='ltr'><strong><em>illa</em></strong></span> <span class='ocrx_word' id='word_1_94' title='bbox 704 1709 924 1780; x_wconf 82' lang='lat' dir='ltr'><strong><em>quidem</em></strong></span> <span class='ocrx_word' id='word_1_95' title='bbox 952 1717 1080 1764; x_wconf 87' lang='lat' dir='ltr'><strong><em>sunt</em></strong></span> <span class='ocrx_word' id='word_1_96' title='bbox 1104 1708 1421 1778; x_wconf 83' lang='lat' dir='ltr'><strong><em>temporalia</em></strong></span> <span class='ocrx_word' id='word_1_97' title='bbox 1441 1748 1457 1774; x_wconf 93' lang='lat'><strong><em>,</em></strong></span> <span class='ocrx_word' id='word_1_98' title='bbox 1499 1707 1616 1764; x_wconf 61' lang='lat' dir='ltr'><strong><em>hinc</em></strong></span> <span class='ocrx_word' id='word_1_99' title='bbox 1645 1725 1775 1765; x_wconf 90' lang='lat' dir='ltr'><strong><em>vero</em></strong></span> <span class='ocrx_word' id='word_1_100' title='bbox 1813 1719 2048 1778; x_wconf 81' lang='lat' dir='ltr'><strong><em>aeterna;</em></strong></span> <span class='ocrx_word' id='word_1_101' title='bbox 2083 1711 2173 1768; x_wconf 89' lang='lat' dir='ltr'><strong><em>illa</em></strong></span> 
     </span>
    </p>
   </div>
   <div class='ocr_carea' id='block_1_15' title="bbox 582 1799 2170 1871">
    <p class='ocr_par' dir='ltr' id='par_1_15' title="bbox 582 1799 2170 1871">
     <span class='ocr_line' id='line_1_15' title="bbox 582 1799 2170 1871; baseline 0.002 -17"><span class='ocrx_word' id='word_1_102' title='bbox 582 1801 799 1870; x_wconf 85' lang='lat' dir='ltr'><strong><em>quidem</em></strong></span> <span class='ocrx_word' id='word_1_103' title='bbox 840 1816 1008 1871; x_wconf 86' lang='lat' dir='ltr'><strong><em>prope</em></strong></span> <span class='ocrx_word' id='word_1_104' title='bbox 1054 1800 1328 1855; x_wconf 87' lang='lat' dir='ltr'><strong><em>interitum</em></strong></span> <span class='ocrx_word' id='word_1_105' title='bbox 1351 1840 1366 1866; x_wconf 93' lang='lat'><strong><em>,</em></strong></span> <span class='ocrx_word' id='word_1_106' title='bbox 1408 1799 1526 1855; x_wconf 66' lang='lat' dir='ltr'><strong><em>haec</em></strong></span> <span class='ocrx_word' id='word_1_107' title='bbox 1561 1815 1690 1854; x_wconf 91' lang='lat' dir='ltr'><strong><em>vero</em></strong></span> <span class='ocrx_word' id='word_1_108' title='bbox 1723 1803 1991 1856; x_wconf 86' lang='lat' dir='ltr'><strong><em>manentia</em></strong></span> <span class='ocrx_word' id='word_1_109' title='bbox 2023 1819 2037 1868; x_wconf 92' lang='lat'><strong>;</strong></span> <span class='ocrx_word' id='word_1_110' title='bbox 2083 1803 2170 1859; x_wconf 89' lang='lat' dir='ltr'><strong><em>illa</em></strong></span> 
     </span>
    </p>
   </div>
   <div class='ocr_carea' id='block_1_16' title="bbox 583 1890 2173 1962">
    <p class='ocr_par' dir='ltr' id='par_1_16' title="bbox 583 1890 2173 1962">
     <span class='ocr_line' id='line_1_16' title="bbox 583 1890 2173 1962; baseline 0.003 -18"><span class='ocrx_word' id='word_1_111' title='bbox 583 1890 852 1946; x_wconf 89' lang='lat' dir='ltr'><strong><em>imbecilla</em></strong></span> <span class='ocrx_word' id='word_1_112' title='bbox 874 1933 890 1959; x_wconf 91' lang='lat'><strong><em>,</em></strong></span> <span class='ocrx_word' id='word_1_113' title='bbox 934 1892 1049 1946; x_wconf 77' lang='lat' dir='ltr'><strong><em>haec</em></strong></span> <span class='ocrx_word' id='word_1_114' title='bbox 1077 1890 1352 1961; x_wconf 81' lang='lat' dir='ltr'><strong><em>perfecta;</em></strong></span> <span class='ocrx_word' id='word_1_115' title='bbox 1397 1891 1487 1945; x_wconf 88' lang='lat' dir='ltr'><strong><em>illa</em></strong></span> <span class='ocrx_word' id='word_1_116' title='bbox 1527 1899 1684 1961; x_wconf 88' lang='lat' dir='ltr'><strong><em>typus</em></strong></span> <span class='ocrx_word' id='word_1_117' title='bbox 1722 1906 1785 1946; x_wconf 92' lang='lat' dir='ltr'><strong><em>ac</em></strong></span> <span class='ocrx_word' id='word_1_118' title='bbox 1816 1891 1980 1962; x_wconf 85' lang='lat' dir='ltr'><strong><em>ﬁgura</em></strong></span> <span class='ocrx_word' id='word_1_119' title='bbox 2007 1936 2021 1960; x_wconf 94' lang='lat'><strong><em>,</em></strong></span> <span class='ocrx_word' id='word_1_120' title='bbox 2055 1892 2173 1950; x_wconf 74' lang='lat' dir='ltr'><strong><em>hmc</em></strong></span> 
     </span>
    </p>
   </div>
   <div class='ocr_carea' id='block_1_17' title="bbox 579 1985 2168 2060">
    <p class='ocr_par' dir='ltr' id='par_1_17' title="bbox 579 1985 2168 2060">
     <span class='ocr_line' id='line_1_17' title="bbox 579 1985 2168 2060; baseline 0.003 -20"><span class='ocrx_word' id='word_1_121' title='bbox 579 1987 778 2041; x_wconf 86' lang='lat' dir='ltr'><strong><em>veritas</em></strong></span> <span class='ocrx_word' id='word_1_122' title='bbox 811 2002 826 2044; x_wconf 92' lang='lat'><strong>:</strong></span> <span class='ocrx_word' id='word_1_123' title='bbox 861 1985 984 2040; x_wconf 87' lang='lat' dir='ltr'><strong><em>Non</em></strong></span> <span class='ocrx_word' id='word_1_124' title='bbox 1015 1987 1158 2041; x_wconf 90' lang='lat' dir='ltr'><strong><em>enim</em></strong></span> <span class='ocrx_word' id='word_1_125' title='bbox 1180 1985 1457 2040; x_wconf 84' lang='lat' dir='ltr'><strong><em>secundum</em></strong></span> <span class='ocrx_word' id='word_1_126' title='bbox 1482 1987 1641 2057; x_wconf 87' lang='lat' dir='ltr'><strong><em>legem</em></strong></span> <span class='ocrx_word' id='word_1_127' title='bbox 1663 1989 1926 2055; x_wconf 89' lang='lat' dir='ltr'><strong><em>mandati,</em></strong></span> <span class='ocrx_word' id='word_1_128' title='bbox 1962 1990 2168 2060; x_wconf 86' lang='lat' dir='ltr'><strong><em>inquit,</em></strong></span> 
     </span>
    </p>
   </div>
   <div class='ocr_carea' id='block_1_18' title="bbox 576 2079 2172 2147">
    <p class='ocr_par' dir='ltr' id='par_1_18' title="bbox 576 2079 2172 2147">
     <span class='ocr_line' id='line_1_18' title="bbox 576 2079 2172 2147; baseline 0.004 -14"><span class='ocrx_word' id='word_1_129' title='bbox 576 2080 819 2147; x_wconf 79' lang='lat' dir='ltr'><strong><em>carnalis,</em></strong></span> <span class='ocrx_word' id='word_1_130' title='bbox 865 2080 955 2134; x_wconf 88' lang='lat' dir='ltr'><strong><em>sed</em></strong></span> <span class='ocrx_word' id='word_1_131' title='bbox 997 2079 1273 2134; x_wconf 84' lang='lat' dir='ltr'><strong><em>secundum</em></strong></span> <span class='ocrx_word' id='word_1_132' title='bbox 1319 2080 1552 2134; x_wconf 84' lang='lat' dir='ltr'><strong><em>virtutem</em></strong></span> <span class='ocrx_word' id='word_1_133' title='bbox 1594 2081 1710 2134; x_wconf 67' lang='lat' dir='ltr'><strong><em>vita</em></strong></span> <span class='ocrx_word' id='word_1_134' title='bbox 1746 2081 2080 2147; x_wconf 83' lang='lat' dir='ltr'><strong><em>insolubilis;</em></strong></span> <span class='ocrx_word' id='word_1_135' title='bbox 2117 2092 2172 2139; x_wconf 90' lang='lat' dir='ltr'><strong><em>et</em></strong></span> 
     </span>
    </p>
   </div>
   <div class='ocr_carea' id='block_1_19' title="bbox 572 2169 2170 2244">
    <p class='ocr_par' dir='ltr' id='par_1_19' title="bbox 572 2169 2170 2244">
     <span class='ocr_line' id='line_1_19' title="bbox 572 2169 2170 2244; baseline 0.001 -18"><span class='ocrx_word' id='word_1_136' title='bbox 572 2186 762 2226; x_wconf 79' lang='lat' dir='ltr'><strong><em>rursus</em></strong></span> <span class='ocrx_word' id='word_1_137' title='bbox 785 2213 802 2240; x_wconf 96' lang='lat'><strong><em>,</em></strong></span> <span class='ocrx_word' id='word_1_138' title='bbox 842 2169 925 2224; x_wconf 84' lang='lat' dir='ltr'><strong><em>Tu</em></strong></span> <span class='ocrx_word' id='word_1_139' title='bbox 959 2187 1012 2224; x_wconf 88' lang='lat' dir='ltr'><strong><em>es</em></strong></span> <span class='ocrx_word' id='word_1_140' title='bbox 1040 2171 1280 2226; x_wconf 86' lang='lat' dir='ltr'><strong><em>sacerdos</em></strong></span> <span class='ocrx_word' id='word_1_141' title='bbox 1316 2171 1369 2226; x_wconf 89' lang='lat' dir='ltr'><strong><em>in</em></strong></span> <span class='ocrx_word' id='word_1_142' title='bbox 1402 2179 1644 2225; x_wconf 71' lang='lat' dir='ltr'><strong><em>atternum</em></strong></span> <span class='ocrx_word' id='word_1_143' title='bbox 1684 2170 1703 2244; x_wconf 94' lang='lat'>(</span> <span class='ocrx_word' id='word_1_144' title='bbox 1729 2170 1889 2225; x_wconf 82' lang='lat' dir='ltr'><strong><em>Hebr.</em></strong></span> <span class='ocrx_word' id='word_1_145' title='bbox 1919 2175 1972 2226; x_wconf 82' lang='grc'>7.</span> <span class='ocrx_word' id='word_1_146' title='bbox 2005 2175 2091 2228; x_wconf 75' lang='grc'><strong><em>16.</em></strong></span> <span class='ocrx_word' id='word_1_147' title='bbox 2125 2184 2170 2228; x_wconf 90' lang='lat' dir='ltr'><strong><em>et</em></strong></span> 
     </span>
    </p>
   </div>
   <div class='ocr_carea' id='block_1_20' title="bbox 571 2262 2171 2334">
    <p class='ocr_par' dir='ltr' id='par_1_20' title="bbox 571 2262 2171 2334">
     <span class='ocr_line' id='line_1_20' title="bbox 571 2262 2171 2334; baseline 0 -14"><span class='ocrx_word' id='word_1_148' title='bbox 571 2263 627 2320; x_wconf 75' lang='lat'><strong><em>5.</em></strong></span> <span class='ocrx_word' id='word_1_149' title='bbox 658 2263 728 2334; x_wconf 89' lang='lat'><strong><em>6)</em></strong></span> <span class='ocrx_word' id='word_1_150' title='bbox 763 2263 931 2334; x_wconf 87' lang='lat' dir='ltr'><strong><em>(ecce</em></strong></span> <span class='ocrx_word' id='word_1_151' title='bbox 960 2262 1260 2318; x_wconf 81' lang='lat' dir='ltr'><strong><em>sacerdotis</em></strong></span> <span class='ocrx_word' id='word_1_152' title='bbox 1290 2262 1734 2332; x_wconf 85' lang='lat' dir='ltr'><strong><em>perpetuitatem)</em></strong></span> <span class='ocrx_word' id='word_1_153' title='bbox 1761 2282 1774 2318; x_wconf 91' lang='lat'><strong>:</strong></span> <span class='ocrx_word' id='word_1_154' title='bbox 1803 2273 1857 2318; x_wconf 86' lang='lat' dir='ltr'><strong><em>et</em></strong></span> <span class='ocrx_word' id='word_1_155' title='bbox 1886 2263 1954 2318; x_wconf 89' lang='lat' dir='ltr'><strong><em>de</em></strong></span> <span class='ocrx_word' id='word_1_156' title='bbox 1984 2264 2171 2320; x_wconf 86' lang='lat' dir='ltr'><strong><em>Testa-</em></strong></span> 
     </span>
    </p>
   </div>
   <div class='ocr_carea' id='block_1_21' title="bbox 570 2354 2170 2426">
    <p class='ocr_par' dir='ltr' id='par_1_21' title="bbox 570 2354 2170 2426">
     <span class='ocr_line' id='line_1_21' title="bbox 570 2354 2170 2426; baseline 0.001 -16"><span class='ocrx_word' id='word_1_157' title='bbox 570 2363 778 2423; x_wconf 89' lang='lat' dir='ltr'><strong><em>mento,</em></strong></span> <span class='ocrx_word' id='word_1_158' title='bbox 806 2355 962 2422; x_wconf 90' lang='lat' dir='ltr'><strong><em>Illud,</em></strong></span> <span class='ocrx_word' id='word_1_159' title='bbox 986 2355 1177 2425; x_wconf 86' lang='lat' dir='ltr'><strong><em>inquit,</em></strong></span> <span class='ocrx_word' id='word_1_160' title='bbox 1201 2363 1284 2410; x_wconf 88' lang='lat' dir='ltr'><strong><em>est</em></strong></span> <span class='ocrx_word' id='word_1_161' title='bbox 1304 2362 1458 2409; x_wconf 84' lang='lat' dir='ltr'><strong><em>vetus</em></strong></span> <span class='ocrx_word' id='word_1_162' title='bbox 1483 2371 1498 2408; x_wconf 90' lang='lat'><strong>:</strong></span> <span class='ocrx_word' id='word_1_163' title='bbox 1531 2354 1679 2419; x_wconf 85' lang='lat' dir='ltr'><strong><em>Quod</em></strong></span> <span class='ocrx_word' id='word_1_164' title='bbox 1707 2355 1850 2409; x_wconf 87' lang='lat' dir='ltr'><strong><em>enim</em></strong></span> <span class='ocrx_word' id='word_1_165' title='bbox 1877 2357 2170 2426; x_wconf 84' lang='lat' dir='ltr'><strong><em>antiquatur</em></strong></span> 
     </span>
    </p>
   </div>
   <div class='ocr_carea' id='block_1_22' title="bbox 569 2445 2166 2518">
    <p class='ocr_par' dir='ltr' id='par_1_22' title="bbox 569 2445 2166 2518">
     <span class='ocr_line' id='line_1_22' title="bbox 569 2445 2166 2518; baseline 0.001 -16"><span class='ocrx_word' id='word_1_166' title='bbox 569 2456 619 2502; x_wconf 87' lang='lat' dir='ltr'><strong><em>et</em></strong></span> <span class='ocrx_word' id='word_1_167' title='bbox 637 2447 868 2514; x_wconf 87' lang='lat' dir='ltr'><strong><em>senescit,</em></strong></span> <span class='ocrx_word' id='word_1_168' title='bbox 895 2463 1055 2518; x_wconf 82' lang='lat' dir='ltr'><strong><em>prope</em></strong></span> <span class='ocrx_word' id='word_1_169' title='bbox 1080 2447 1338 2500; x_wconf 84' lang='lat' dir='ltr'><strong><em>interitum</em></strong></span> <span class='ocrx_word' id='word_1_170' title='bbox 1365 2455 1439 2500; x_wconf 87' lang='lat' dir='ltr'><strong><em>est</em></strong></span> <span class='ocrx_word' id='word_1_171' title='bbox 1479 2445 1742 2518; x_wconf 83' lang='lat' dir='ltr'><strong><em>(Hebr.8.</em></strong></span> <span class='ocrx_word' id='word_1_172' title='bbox 1773 2449 1862 2517; x_wconf 75' lang='grc'><strong><em>15)</em></strong></span> <span class='ocrx_word' id='word_1_173' title='bbox 1895 2465 1906 2500; x_wconf 89' lang='lat'><strong>:</strong></span> <span class='ocrx_word' id='word_1_174' title='bbox 1932 2449 2034 2503; x_wconf 90' lang='lat' dir='ltr'><strong><em>hoc</em></strong></span> <span class='ocrx_word' id='word_1_175' title='bbox 2065 2463 2166 2504; x_wconf 86' lang='lat' dir='ltr'><strong><em>au-</em></strong></span> 
     </span>
    </p>
   </div>
   <div class='ocr_carea' id='block_1_23' title="bbox 568 2539 2165 2609">
    <p class='ocr_par' dir='ltr' id='par_1_23' title="bbox 568 2539 2165 2609">
     <span class='ocr_line' id='line_1_23' title="bbox 568 2539 2165 2609; baseline 0.002 -13"><span class='ocrx_word' id='word_1_176' title='bbox 568 2548 682 2596; x_wconf 88' lang='lat' dir='ltr'><strong><em>tem</em></strong></span> <span class='ocrx_word' id='word_1_177' title='bbox 707 2555 907 2596; x_wconf 90' lang='lat' dir='ltr'><strong><em>novum</em></strong></span> <span class='ocrx_word' id='word_1_178' title='bbox 928 2549 983 2597; x_wconf 89' lang='lat' dir='ltr'><strong><em>et</em></strong></span> <span class='ocrx_word' id='word_1_179' title='bbox 1009 2539 1214 2596; x_wconf 79' lang='lat' dir='ltr'><strong><em>habens</em></strong></span> <span class='ocrx_word' id='word_1_180' title='bbox 1231 2539 1602 2596; x_wconf 88' lang='lat' dir='ltr'><strong><em>remissionem</em></strong></span> <span class='ocrx_word' id='word_1_181' title='bbox 1627 2549 1969 2609; x_wconf 85' lang='lat' dir='ltr'><strong><em>peccatorum</em></strong></span> <span class='ocrx_word' id='word_1_182' title='bbox 1995 2561 2008 2607; x_wconf 90' lang='lat'>;</span> <span class='ocrx_word' id='word_1_183' title='bbox 2033 2543 2165 2599; x_wconf 89' lang='lat' dir='ltr'><strong><em>illud</em></strong></span> 
     </span>
    </p>
   </div>
   <div class='ocr_carea' id='block_1_24' title="bbox 567 2631 2164 2705">
    <p class='ocr_par' dir='ltr' id='par_1_24' title="bbox 567 2631 2164 2705">
     <span class='ocr_line' id='line_1_24' title="bbox 567 2631 2164 2705; baseline -0.001 -15"><span class='ocrx_word' id='word_1_184' title='bbox 567 2647 700 2690; x_wconf 82' lang='lat' dir='ltr'><strong><em>vero</em></strong></span> <span class='ocrx_word' id='word_1_185' title='bbox 729 2633 865 2690; x_wconf 82' lang='lat' dir='ltr'><strong><em>nihil</em></strong></span> <span class='ocrx_word' id='word_1_186' title='bbox 898 2634 1002 2688; x_wconf 84' lang='lat' dir='ltr'><strong><em>tale</em></strong></span> <span class='ocrx_word' id='word_1_187' title='bbox 1031 2649 1046 2689; x_wconf 92' lang='lat'><strong>:</strong></span> <span class='ocrx_word' id='word_1_188' title='bbox 1078 2631 1232 2687; x_wconf 75' lang='lat' dir='ltr'><strong><em>Nihil</em></strong></span> <span class='ocrx_word' id='word_1_189' title='bbox 1273 2633 1406 2687; x_wconf 89' lang='lat' dir='ltr'><strong><em>enim</em></strong></span> <span class='ocrx_word' id='word_1_190' title='bbox 1447 2632 1529 2685; x_wconf 77' lang='lat' dir='ltr'><strong><em>lea:</em></strong></span> <span class='ocrx_word' id='word_1_191' title='bbox 1555 2632 1770 2686; x_wconf 78' lang='lat' dir='ltr'><strong><em>adduxit</em></strong></span> <span class='ocrx_word' id='word_1_192' title='bbox 1795 2635 1864 2686; x_wconf 86' lang='lat' dir='ltr'><strong><em>ad</em></strong></span> <span class='ocrx_word' id='word_1_193' title='bbox 1889 2639 2164 2705; x_wconf 79' lang='lat' dir='ltr'><strong><em>perfectum</em></strong></span> 
     </span>
    </p>
   </div>
   <div class='ocr_carea' id='block_1_25' title="bbox 567 2724 2160 2797">
    <p class='ocr_par' dir='ltr' id='par_1_25' title="bbox 567 2724 2160 2797">
     <span class='ocr_line' id='line_1_25' title="bbox 567 2724 2160 2797; baseline 0 -16"><span class='ocrx_word' id='word_1_194' title='bbox 567 2726 756 2797; x_wconf 79' lang='lat' dir='ltr'><strong><em>(Hebr.</em></strong></span> <span class='ocrx_word' id='word_1_195' title='bbox 783 2728 839 2780; x_wconf 86' lang='lat'><strong><em>7.</em></strong></span> <span class='ocrx_word' id='word_1_196' title='bbox 873 2726 988 2796; x_wconf 79' lang='lat' dir='ltr'><strong><em>i9),</em></strong></span> <span class='ocrx_word' id='word_1_197' title='bbox 1018 2725 1191 2796; x_wconf 87' lang='lat' dir='ltr'><strong><em>inquit</em></strong></span> <span class='ocrx_word' id='word_1_198' title='bbox 1219 2743 1234 2790; x_wconf 90' lang='lat'><strong>;</strong></span> <span class='ocrx_word' id='word_1_199' title='bbox 1267 2734 1321 2781; x_wconf 88' lang='lat' dir='ltr'><strong><em>et</em></strong></span> <span class='ocrx_word' id='word_1_200' title='bbox 1345 2739 1554 2790; x_wconf 86' lang='lat' dir='ltr'><strong><em>rursus,</em></strong></span> <span class='ocrx_word' id='word_1_201' title='bbox 1583 2724 1909 2792; x_wconf 79' lang='lat' dir='ltr'><strong><em>Sacri/icium</em></strong></span> <span class='ocrx_word' id='word_1_202' title='bbox 1941 2737 1986 2780; x_wconf 90' lang='lat' dir='ltr'><strong><em>et</em></strong></span> <span class='ocrx_word' id='word_1_203' title='bbox 2016 2728 2160 2781; x_wconf 88' lang='lat' dir='ltr'><strong><em>obla-</em></strong></span> 
     </span>
    </p>
   </div>
   <div class='ocr_carea' id='block_1_26' title="bbox 578 2815 2164 2888">
    <p class='ocr_par' dir='ltr' id='par_1_26' title="bbox 578 2815 2164 2888">
     <span class='ocr_line' id='line_1_26' title="bbox 578 2815 2164 2888; baseline 0.001 -18"><span class='ocrx_word' id='word_1_204' title='bbox 578 2819 764 2872; x_wconf 85' lang='lat' dir='ltr'><strong><em>tionem</em></strong></span> <span class='ocrx_word' id='word_1_205' title='bbox 792 2817 1043 2872; x_wconf 83' lang='lat' dir='ltr'><strong><em>noluisti:</em></strong></span> <span class='ocrx_word' id='word_1_206' title='bbox 1065 2817 1194 2872; x_wconf 91' lang='lat' dir='ltr'><strong><em>illud</em></strong></span> <span class='ocrx_word' id='word_1_207' title='bbox 1219 2817 1436 2888; x_wconf 89' lang='lat' dir='ltr'><strong><em>quidem</em></strong></span> <span class='ocrx_word' id='word_1_208' title='bbox 1459 2815 1839 2883; x_wconf 67' lang='lat' dir='ltr'><strong><em>manufestum,</em></strong></span> <span class='ocrx_word' id='word_1_209' title='bbox 1861 2817 1962 2871; x_wconf 90' lang='lat' dir='ltr'><strong><em>hoc</em></strong></span> <span class='ocrx_word' id='word_1_210' title='bbox 1986 2825 2164 2872; x_wconf 89' lang='lat' dir='ltr'><strong><em>autem</em></strong></span> 
     </span>
    </p>
   </div>
   <div class='ocr_carea' id='block_1_27' title="bbox 576 2908 2162 2980">
    <p class='ocr_par' dir='ltr' id='par_1_27' title="bbox 576 2908 2162 2980">
     <span class='ocr_line' id='line_1_27' title="bbox 576 2908 2162 2980; baseline -0.001 -15"><span class='ocrx_word' id='word_1_211' title='bbox 576 2925 687 2966; x_wconf 89' lang='lat' dir='ltr'><strong><em>non</em></strong></span> <span class='ocrx_word' id='word_1_212' title='bbox 717 2911 1118 2978; x_wconf 84' lang='lat' dir='ltr'><strong><em>manufactum;</em></strong></span> <span class='ocrx_word' id='word_1_213' title='bbox 1146 2910 1278 2965; x_wconf 87' lang='lat' dir='ltr'><strong><em>illud</em></strong></span> <span class='ocrx_word' id='word_1_214' title='bbox 1297 2910 1502 2966; x_wconf 84' lang='lat' dir='ltr'><strong><em>habens</em></strong></span> <span class='ocrx_word' id='word_1_215' title='bbox 1527 2910 1840 2980; x_wconf 87' lang='lat' dir='ltr'><strong><em>sanguinem</em></strong></span> <span class='ocrx_word' id='word_1_216' title='bbox 1864 2908 2162 2976; x_wconf 81' lang='lat' dir='ltr'><strong><em>hircorum,</em></strong></span> 
     </span>
    </p>
   </div>
   <div class='ocr_carea' id='block_1_28' title="bbox 569 2996 2165 3064">
    <p class='ocr_par' dir='ltr' id='par_1_28' title="bbox 569 2996 2165 3064">
     <span class='ocr_line' id='line_1_28' title="bbox 569 2996 2165 3064; baseline 0 -12"><span class='ocrx_word' id='word_1_217' title='bbox 569 2999 674 3053; x_wconf 90' lang='lat' dir='ltr'><strong><em>hoc</em></strong></span> <span class='ocrx_word' id='word_1_218' title='bbox 698 3015 828 3054; x_wconf 90' lang='lat' dir='ltr'><strong><em>vero</em></strong></span> <span class='ocrx_word' id='word_1_219' title='bbox 859 2999 1099 3064; x_wconf 84' lang='lat' dir='ltr'><strong><em>Domini;</em></strong></span> <span class='ocrx_word' id='word_1_220' title='bbox 1128 2999 1258 3052; x_wconf 88' lang='lat' dir='ltr'><strong><em>illud</em></strong></span> <span class='ocrx_word' id='word_1_221' title='bbox 1289 3004 1525 3052; x_wconf 81' lang='lat' dir='ltr'><strong><em>stantem</em></strong></span> <span class='ocrx_word' id='word_1_222' title='bbox 1550 2996 1910 3059; x_wconf 87' lang='lat' dir='ltr'><strong><em>sacerdotem,</em></strong></span> <span class='ocrx_word' id='word_1_223' title='bbox 1946 2996 2049 3051; x_wconf 92' lang='lat' dir='ltr'><strong><em>hoc</em></strong></span> <span class='ocrx_word' id='word_1_224' title='bbox 2075 3010 2165 3052; x_wconf 84' lang='lat' dir='ltr'><strong><em>se-</em></strong></span> 
     </span>
    </p>
   </div>
   <div class='ocr_carea' id='block_1_29' title="bbox 571 3085 2165 3158">
    <p class='ocr_par' dir='ltr' id='par_1_29' title="bbox 571 3085 2165 3158">
     <span class='ocr_line' id='line_1_29' title="bbox 571 3085 2165 3158; baseline -0.001 -14"><span class='ocrx_word' id='word_1_225' title='bbox 571 3093 809 3146; x_wconf 82' lang='lat' dir='ltr'><strong><em>dentem.</em></strong></span> <span class='ocrx_word' id='word_1_226' title='bbox 829 3089 1098 3156; x_wconf 83' lang='lat' dir='ltr'><strong><em>Quoniam</em></strong></span> <span class='ocrx_word' id='word_1_227' title='bbox 1119 3103 1252 3158; x_wconf 82' lang='lat' dir='ltr'><strong><em>ergo</em></strong></span> <span class='ocrx_word' id='word_1_228' title='bbox 1273 3089 1457 3142; x_wconf 87' lang='lat' dir='ltr'><strong><em>omnia</em></strong></span> <span class='ocrx_word' id='word_1_229' title='bbox 1476 3086 1566 3140; x_wconf 88' lang='lat' dir='ltr'><strong><em>illa</em></strong></span> <span class='ocrx_word' id='word_1_230' title='bbox 1589 3085 1825 3146; x_wconf 84' lang='lat' dir='ltr'><strong><em>minora.</em></strong></span> <span class='ocrx_word' id='word_1_231' title='bbox 1851 3085 1966 3142; x_wconf 67' lang='lat' dir='ltr'><strong><em>haec</em></strong></span> <span class='ocrx_word' id='word_1_232' title='bbox 1985 3099 2165 3143; x_wconf 86' lang='lat' dir='ltr'><strong><em>autem</em></strong></span> 
     </span>
    </p>
   </div>
   <div class='ocr_carea' id='block_1_30' title="bbox 572 3179 2163 3254">
    <p class='ocr_par' dir='ltr' id='par_1_30' title="bbox 572 3179 2163 3254">
     <span class='ocr_line' id='line_1_30' title="bbox 572 3179 2163 3254; baseline -0.003 -16"><span class='ocrx_word' id='word_1_233' title='bbox 572 3183 804 3254; x_wconf 87' lang='lat' dir='ltr'><strong><em>majora,</em></strong></span> <span class='ocrx_word' id='word_1_234' title='bbox 820 3189 1103 3252; x_wconf 88' lang='lat' dir='ltr'><strong><em>propterea</em></strong></span> <span class='ocrx_word' id='word_1_235' title='bbox 1120 3180 1274 3246; x_wconf 88' lang='lat' dir='ltr'><strong><em>dicit,</em></strong></span> <span class='ocrx_word' id='word_1_236' title='bbox 1297 3179 1562 3234; x_wconf 84' lang='lat' dir='ltr'><strong><em>Habentes</em></strong></span> <span class='ocrx_word' id='word_1_237' title='bbox 1582 3180 1776 3248; x_wconf 88' lang='lat' dir='ltr'><strong><em>itaque,</em></strong></span> <span class='ocrx_word' id='word_1_238' title='bbox 1792 3180 2006 3248; x_wconf 76' lang='lat' dir='ltr'><strong><em>fratres,</em></strong></span> <span class='ocrx_word' id='word_1_239' title='bbox 2026 3183 2163 3250; x_wconf 82' lang='lat' dir='ltr'><strong><em>[idu-</em></strong></span> 
     </span>
    </p>
   </div>
   <div class='ocr_carea' id='block_1_31' title="bbox 571 3268 2168 3341">
    <p class='ocr_par' dir='ltr' id='par_1_31' title="bbox 571 3268 2168 3341">
     <span class='ocr_line' id='line_1_31' title="bbox 571 3268 2168 3341; baseline 0 -15"><span class='ocrx_word' id='word_1_240' title='bbox 571 3273 733 3327; x_wconf 87' lang='lat' dir='ltr'><strong><em>ciam.</em></strong></span> <span class='ocrx_word' id='word_1_241' title='bbox 767 3269 1047 3326; x_wconf 87' lang='lat' dir='ltr'><strong><em>Fiduciam</em></strong></span> <span class='ocrx_word' id='word_1_242' title='bbox 1074 3269 1389 3325; x_wconf 89' lang='lat' dir='ltr'><strong><em>undenam?</em></strong></span> <span class='ocrx_word' id='word_1_243' title='bbox 1416 3269 1462 3322; x_wconf 81' lang='lat' dir='ltr'><strong>A</strong></span> <span class='ocrx_word' id='word_1_244' title='bbox 1485 3269 1830 3326; x_wconf 85' lang='lat' dir='ltr'><strong><em>remissione.</em></strong></span> <span class='ocrx_word' id='word_1_245' title='bbox 1861 3268 2015 3325; x_wconf 87' lang='lat' dir='ltr'><strong><em>Sicut</em></strong></span> <span class='ocrx_word' id='word_1_246' title='bbox 2033 3286 2168 3341; x_wconf 80' lang='lat' dir='ltr'><strong><em>pec-</em></strong></span> 
     </span>
    </p>
   </div>
   <div class='ocr_carea' id='block_1_32' title="bbox 571 3363 2166 3435">
    <p class='ocr_par' dir='ltr' id='par_1_32' title="bbox 571 3363 2166 3435">
     <span class='ocr_line' id='line_1_32' title="bbox 571 3363 2166 3435; baseline -0.003 -13"><span class='ocrx_word' id='word_1_247' title='bbox 571 3373 716 3431; x_wconf 89' lang='lat' dir='ltr'><strong><em>cata,</em></strong></span> <span class='ocrx_word' id='word_1_248' title='bbox 733 3365 928 3435; x_wconf 86' lang='lat' dir='ltr'><strong><em>inquit,</em></strong></span> <span class='ocrx_word' id='word_1_249' title='bbox 945 3363 1183 3420; x_wconf 74' lang='lat' dir='ltr'><strong><em>cilicium</em></strong></span> <span class='ocrx_word' id='word_1_250' title='bbox 1203 3373 1255 3419; x_wconf 91' lang='lat' dir='ltr'><strong><em>et</em></strong></span> <span class='ocrx_word' id='word_1_251' title='bbox 1270 3363 1506 3419; x_wconf 77' lang='lat' dir='ltr'><strong><em>alierum</em></strong></span> <span class='ocrx_word' id='word_1_252' title='bbox 1519 3363 1802 3434; x_wconf 88' lang='lat' dir='ltr'><strong><em>pudorem,</em></strong></span> <span class='ocrx_word' id='word_1_253' title='bbox 1822 3363 1893 3416; x_wconf 88' lang='lat' dir='ltr'><strong><em>ita</em></strong></span> <span class='ocrx_word' id='word_1_254' title='bbox 1914 3363 2166 3418; x_wconf 80' lang='lat' dir='ltr'><strong><em>ﬁduciam</em></strong></span> 
     </span>
    </p>
   </div>
   <div class='ocr_carea' id='block_1_33' title="bbox 574 3457 2170 3529">
    <p class='ocr_par' dir='ltr' id='par_1_33' title="bbox 574 3457 2170 3529">
     <span class='ocr_line' id='line_1_33' title="bbox 574 3457 2170 3529; baseline -0.003 -13"><span class='ocrx_word' id='word_1_255' title='bbox 574 3460 734 3517; x_wconf 70' lang='lat' dir='ltr'><strong><em>affert</em></strong></span> <span class='ocrx_word' id='word_1_256' title='bbox 751 3469 804 3516; x_wconf 91' lang='lat' dir='ltr'><strong><em>et</em></strong></span> <span class='ocrx_word' id='word_1_257' title='bbox 820 3459 1144 3529; x_wconf 85' lang='lat' dir='ltr'><strong><em>eﬁicitquod</em></strong></span> <span class='ocrx_word' id='word_1_258' title='bbox 1165 3460 1347 3514; x_wconf 88' lang='lat' dir='ltr'><strong><em>omnia</em></strong></span> <span class='ocrx_word' id='word_1_259' title='bbox 1377 3459 1488 3514; x_wconf 91' lang='lat' dir='ltr'><strong><em>sint</em></strong></span> <span class='ocrx_word' id='word_1_260' title='bbox 1517 3459 1676 3514; x_wconf 90' lang='lat' dir='ltr'><strong><em>nobis</em></strong></span> <span class='ocrx_word' id='word_1_261' title='bbox 1704 3457 1937 3513; x_wconf 88' lang='lat' dir='ltr'><strong><em>remissa</em></strong></span> <span class='ocrx_word' id='word_1_262' title='bbox 1958 3477 1972 3511; x_wconf 87' lang='lat'><strong>:</strong></span> <span class='ocrx_word' id='word_1_263' title='bbox 1992 3472 2170 3528; x_wconf 89' lang='lat' dir='ltr'><strong><em>neque</em></strong></span> 
     </span>
    </p>
   </div>
   <div class='ocr_carea' id='block_1_34' title="bbox 574 3549 2168 3622">
    <p class='ocr_par' dir='ltr' id='par_1_34' title="bbox 574 3549 2168 3622">
     <span class='ocr_line' id='line_1_34' title="bbox 574 3549 2168 3622; baseline -0.004 -14"><span class='ocrx_word' id='word_1_264' title='bbox 574 3553 680 3608; x_wconf 90' lang='lat' dir='ltr'><strong><em>hoc</em></strong></span> <span class='ocrx_word' id='word_1_265' title='bbox 697 3560 932 3618; x_wconf 90' lang='lat' dir='ltr'><strong><em>tantum,</em></strong></span> <span class='ocrx_word' id='word_1_266' title='bbox 947 3552 1038 3608; x_wconf 89' lang='lat' dir='ltr'><strong><em>sed</em></strong></span> <span class='ocrx_word' id='word_1_267' title='bbox 1054 3551 1198 3622; x_wconf 91' lang='lat' dir='ltr'><strong><em>quod</em></strong></span> <span class='ocrx_word' id='word_1_268' title='bbox 1212 3551 1339 3607; x_wconf 81' lang='lat' dir='ltr'><strong><em>facti</em></strong></span> <span class='ocrx_word' id='word_1_269' title='bbox 1354 3552 1532 3606; x_wconf 90' lang='lat' dir='ltr'><strong><em>simus</em></strong></span> <span class='ocrx_word' id='word_1_270' title='bbox 1549 3549 1942 3615; x_wconf 84' lang='lat' dir='ltr'><strong><em>cohaercdes,et</em></strong></span> <span class='ocrx_word' id='word_1_271' title='bbox 1956 3557 2168 3603; x_wconf 82' lang='lat' dir='ltr'><strong><em>tantum</em></strong></span> 
     </span>
    </p>
   </div>
   <div class='ocr_carea' id='block_1_35' title="bbox 582 3636 2169 3703">
    <p class='ocr_par' dir='ltr' id='par_1_35' title="bbox 582 3636 2169 3703">
     <span class='ocr_line' id='line_1_35' title="bbox 582 3636 2169 3703; baseline -0.004 -5"><span class='ocrx_word' id='word_1_272' title='bbox 582 3643 756 3699; x_wconf 88' lang='lat' dir='ltr'><strong><em>simus</em></strong></span> <span class='ocrx_word' id='word_1_273' title='bbox 773 3645 1012 3699; x_wconf 83' lang='lat' dir='ltr'><strong><em>assecuti</em></strong></span> <span class='ocrx_word' id='word_1_274' title='bbox 1030 3640 1445 3698; x_wconf 82' lang='lat' dir='ltr'><strong><em>charitatemJn</em></strong></span> <span class='ocrx_word' id='word_1_275' title='bbox 1460 3640 1684 3694; x_wconf 83' lang='lat' dir='ltr'><strong><em>introitu</em></strong></span> <span class='ocrx_word' id='word_1_276' title='bbox 1695 3636 2169 3703; x_wconf 86' lang='lat' dir='ltr'><strong><em>sanctorum.Quid</em></strong></span> 
     </span>
    </p>
   </div>
   <div class='ocr_carea' id='block_1_36' title="bbox 585 3723 2172 3794">
    <p class='ocr_par' dir='ltr' id='par_1_36' title="bbox 585 3723 2172 3794">
     <span class='ocr_line' id='line_1_36' title="bbox 585 3723 2172 3794; baseline -0.003 -12"><span class='ocrx_word' id='word_1_277' title='bbox 585 3729 675 3785; x_wconf 91' lang='lat' dir='ltr'><strong><em>hic</em></strong></span> <span class='ocrx_word' id='word_1_278' title='bbox 698 3728 830 3784; x_wconf 89' lang='lat' dir='ltr'><strong><em>dicit</em></strong></span> <span class='ocrx_word' id='word_1_279' title='bbox 854 3728 1174 3784; x_wconf 84' lang='lat' dir='ltr'><strong><em>introitum?</em></strong></span> <span class='ocrx_word' id='word_1_280' title='bbox 1201 3727 1404 3783; x_wconf 63' lang='lat' dir='ltr'><strong><em>Caelum</em></strong></span> <span class='ocrx_word' id='word_1_281' title='bbox 1432 3736 1488 3783; x_wconf 86' lang='lat' dir='ltr'><strong><em>et</em></strong></span> <span class='ocrx_word' id='word_1_282' title='bbox 1515 3725 1883 3782; x_wconf 77' lang='lat' dir='ltr'><strong><em>accessionem</em></strong></span> <span class='ocrx_word' id='word_1_283' title='bbox 1912 3723 1980 3779; x_wconf 89' lang='lat' dir='ltr'><strong><em>ad</em></strong></span> <span class='ocrx_word' id='word_1_284' title='bbox 2011 3723 2172 3794; x_wconf 89' lang='lat' dir='ltr'><strong><em>spiri-</em></strong></span> 
     </span>
    </p>
   </div>
   <div class='ocr_carea' id='block_1_37' title="bbox 585 3817 2176 3889">
    <p class='ocr_par' dir='ltr' id='par_1_37' title="bbox 585 3817 2176 3889">
     <span class='ocr_line' id='line_1_37' title="bbox 585 3817 2176 3889; baseline -0.005 -12"><span class='ocrx_word' id='word_1_285' title='bbox 585 3821 770 3877; x_wconf 85' lang='lat' dir='ltr'><strong><em>tualia.</em></strong></span> <span class='ocrx_word' id='word_1_286' title='bbox 803 3821 973 3888; x_wconf 85' lang='lat' dir='ltr'><strong><em>Quam</em></strong></span> <span class='ocrx_word' id='word_1_287' title='bbox 991 3822 1227 3877; x_wconf 84' lang='lat' dir='ltr'><strong><em>initiavit.</em></strong></span> <span class='ocrx_word' id='word_1_288' title='bbox 1261 3821 1375 3876; x_wconf 87' lang='lat' dir='ltr'><strong><em>Hoc</em></strong></span> <span class='ocrx_word' id='word_1_289' title='bbox 1400 3827 1504 3884; x_wconf 88' lang='lat' dir='ltr'><strong><em>est,</em></strong></span> <span class='ocrx_word' id='word_1_290' title='bbox 1529 3833 1688 3889; x_wconf 89' lang='lat' dir='ltr'><strong><em>quam</em></strong></span> <span class='ocrx_word' id='word_1_291' title='bbox 1715 3817 2036 3882; x_wconf 82' lang='lat' dir='ltr'><strong><em>construxit,</em></strong></span> <span class='ocrx_word' id='word_1_292' title='bbox 2065 3824 2119 3870; x_wconf 87' lang='lat' dir='ltr'><strong><em>et</em></strong></span> <span class='ocrx_word' id='word_1_293' title='bbox 2143 3830 2176 3869; x_wconf 89' lang='lat' dir='ltr'><strong><em>a</em></strong></span> 
     </span>
    </p>
   </div>
   <div class='ocr_carea' id='block_1_38' title="bbox 585 3909 2172 3986">
    <p class='ocr_par' dir='ltr' id='par_1_38' title="bbox 585 3909 2172 3986">
     <span class='ocr_line' id='line_1_38' title="bbox 585 3909 2172 3986; baseline -0.004 -16"><span class='ocrx_word' id='word_1_294' title='bbox 585 3931 693 3986; x_wconf 87' lang='lat' dir='ltr'><strong><em>qua</em></strong></span> <span class='ocrx_word' id='word_1_295' title='bbox 739 3915 942 3986; x_wconf 89' lang='lat' dir='ltr'><strong><em>incepit</em></strong></span> <span class='ocrx_word' id='word_1_296' title='bbox 986 3933 1000 3970; x_wconf 88' lang='lat'><strong><em>:</em></strong></span> <span class='ocrx_word' id='word_1_297' title='bbox 1047 3913 1278 3970; x_wconf 89' lang='lat' dir='ltr'><strong><em>initiatio</em></strong></span> <span class='ocrx_word' id='word_1_298' title='bbox 1317 3914 1459 3968; x_wconf 90' lang='lat' dir='ltr'><strong><em>enim</em></strong></span> <span class='ocrx_word' id='word_1_299' title='bbox 1499 3921 1584 3967; x_wconf 88' lang='lat' dir='ltr'><strong><em>est</em></strong></span> <span class='ocrx_word' id='word_1_300' title='bbox 1627 3911 1738 3979; x_wconf 86' lang='lat' dir='ltr'><strong><em>jam</em></strong></span> <span class='ocrx_word' id='word_1_301' title='bbox 1786 3909 1994 3964; x_wconf 87' lang='lat' dir='ltr'><strong><em>initium</em></strong></span> <span class='ocrx_word' id='word_1_302' title='bbox 2024 3923 2172 3963; x_wconf 91' lang='lat' dir='ltr'><strong><em>usus.</em></strong></span> 
     </span>
    </p>
   </div>
   <div class='ocr_carea' id='block_1_39' title="bbox 585 4000 2178 4079">
    <p class='ocr_par' dir='ltr' id='par_1_39' title="bbox 585 4000 2178 4079">
     <span class='ocr_line' id='line_1_39' title="bbox 585 4000 2178 4079; baseline -0.008 -14"><span class='ocrx_word' id='word_1_303' title='bbox 585 4011 758 4079; x_wconf 88' lang='lat' dir='ltr'><strong><em>Quam</em></strong></span> <span class='ocrx_word' id='word_1_304' title='bbox 784 4006 1108 4072; x_wconf 80' lang='lat' dir='ltr'><strong><em>construxit,</em></strong></span> <span class='ocrx_word' id='word_1_305' title='bbox 1133 4005 1326 4074; x_wconf 84' lang='lat' dir='ltr'><strong><em>inquit,</em></strong></span> <span class='ocrx_word' id='word_1_306' title='bbox 1344 4012 1399 4058; x_wconf 91' lang='lat' dir='ltr'><strong><em>et</em></strong></span> <span class='ocrx_word' id='word_1_307' title='bbox 1423 4018 1518 4073; x_wconf 85' lang='lat' dir='ltr'><strong><em>per</em></strong></span> <span class='ocrx_word' id='word_1_308' title='bbox 1537 4017 1695 4073; x_wconf 90' lang='lat' dir='ltr'><strong><em>quam</em></strong></span> <span class='ocrx_word' id='word_1_309' title='bbox 1719 4001 1834 4071; x_wconf 90' lang='lat' dir='ltr'><strong><em>ipse</em></strong></span> <span class='ocrx_word' id='word_1_310' title='bbox 1862 4011 1945 4055; x_wconf 88' lang='lat' dir='ltr'><strong><em>est</em></strong></span> <span class='ocrx_word' id='word_1_311' title='bbox 1975 4000 2178 4071; x_wconf 85' lang='lat' dir='ltr'><strong><em>ingres-</em></strong></span> 
     </span>
    </p>
   </div>
   <div class='ocr_carea' id='block_1_40' title="bbox 587 4094 2170 4164">
    <p class='ocr_par' dir='ltr' id='par_1_40' title="bbox 587 4094 2170 4164">
     <span class='ocr_line' id='line_1_40' title="bbox 587 4094 2170 4164; baseline -0.006 -6"><span class='ocrx_word' id='word_1_312' title='bbox 587 4119 700 4159; x_wconf 88' lang='lat' dir='ltr'><strong><em>sus.</em></strong></span> <span class='ocrx_word' id='word_1_313' title='bbox 745 4101 892 4157; x_wconf 84' lang='lat' dir='ltr'><strong><em>Viam</em></strong></span> <span class='ocrx_word' id='word_1_314' title='bbox 930 4117 1112 4156; x_wconf 86' lang='lat' dir='ltr'><strong><em>novam</em></strong></span> <span class='ocrx_word' id='word_1_315' title='bbox 1141 4108 1191 4154; x_wconf 89' lang='lat' dir='ltr'><strong><em>et</em></strong></span> <span class='ocrx_word' id='word_1_316' title='bbox 1219 4099 1481 4152; x_wconf 89' lang='lat' dir='ltr'><strong><em>viventem.</em></strong></span> <span class='ocrx_word' id='word_1_317' title='bbox 1514 4096 1613 4152; x_wconf 82' lang='lat' dir='ltr'><strong><em>llic</em></strong></span> <span class='ocrx_word' id='word_1_318' title='bbox 1640 4095 1876 4151; x_wconf 88' lang='lat' dir='ltr'><strong><em>ostendit</em></strong></span> <span class='ocrx_word' id='word_1_319' title='bbox 1916 4094 2030 4164; x_wconf 86' lang='lat' dir='ltr'><strong><em>spei</em></strong></span> <span class='ocrx_word' id='word_1_320' title='bbox 2062 4094 2170 4163; x_wconf 81' lang='lat' dir='ltr'><strong><em>ple-</em></strong></span> 
     </span>
    </p>
   </div>
   <div class='ocr_carea' id='block_1_41' title="bbox 586 4185 2178 4259">
    <p class='ocr_par' dir='ltr' id='par_1_41' title="bbox 586 4185 2178 4259">
     <span class='ocr_line' id='line_1_41' title="bbox 586 4185 2178 4259; baseline -0.007 -10"><span class='ocrx_word' id='word_1_321' title='bbox 586 4193 909 4251; x_wconf 88' lang='lat' dir='ltr'><strong><em>nitudinem.</em></strong></span> <span class='ocrx_word' id='word_1_322' title='bbox 945 4191 1168 4255; x_wconf 83' lang='lat' dir='ltr'><strong><em>Novam,</em></strong></span> <span class='ocrx_word' id='word_1_323' title='bbox 1202 4188 1397 4259; x_wconf 89' lang='lat' dir='ltr'><strong><em>inquit.</em></strong></span> <span class='ocrx_word' id='word_1_324' title='bbox 1429 4186 1722 4241; x_wconf 89' lang='lat' dir='ltr'><strong><em>Contendit</em></strong></span> <span class='ocrx_word' id='word_1_325' title='bbox 1750 4185 2036 4242; x_wconf 86' lang='lat' dir='ltr'><strong><em>ostendere</em></strong></span> <span class='ocrx_word' id='word_1_326' title='bbox 2079 4197 2178 4239; x_wconf 86' lang='lat' dir='ltr'><strong><em>nos</em></strong></span> 
     </span>
    </p>
   </div>
   <div class='ocr_carea' id='block_1_42' title="bbox 588 4278 2181 4350">
    <p class='ocr_par' dir='ltr' id='par_1_42' title="bbox 588 4278 2181 4350">
     <span class='ocr_line' id='line_1_42' title="bbox 588 4278 2181 4350; baseline -0.007 -10"><span class='ocrx_word' id='word_1_327' title='bbox 588 4285 771 4340; x_wconf 86' lang='lat' dir='ltr'><strong><em>omnia</em></strong></span> <span class='ocrx_word' id='word_1_328' title='bbox 809 4283 1062 4337; x_wconf 84' lang='lat' dir='ltr'><strong><em>habuisse</em></strong></span> <span class='ocrx_word' id='word_1_329' title='bbox 1094 4280 1295 4350; x_wconf 87' lang='lat' dir='ltr'><strong><em>majora</em></strong></span> <span class='ocrx_word' id='word_1_330' title='bbox 1319 4321 1335 4346; x_wconf 88' lang='lat'><strong><em>,</em></strong></span> <span class='ocrx_word' id='word_1_331' title='bbox 1367 4278 1631 4349; x_wconf 89' lang='lat' dir='ltr'><strong><em>siquidem</em></strong></span> <span class='ocrx_word' id='word_1_332' title='bbox 1663 4292 1804 4332; x_wconf 90' lang='lat' dir='ltr'><strong><em>nunc</em></strong></span> <span class='ocrx_word' id='word_1_333' title='bbox 1833 4286 2032 4347; x_wconf 67' lang='lat' dir='ltr'><strong><em>aperta:</em></strong></span> <span class='ocrx_word' id='word_1_334' title='bbox 2057 4282 2181 4330; x_wconf 90' lang='lat' dir='ltr'><strong><em>sunt</em></strong></span> 
     </span>
    </p>
   </div>
   <div class='ocr_carea' id='block_1_43' title="bbox 589 4368 2178 4448">
    <p class='ocr_par' dir='ltr' id='par_1_43' title="bbox 589 4368 2178 4448">
     <span class='ocr_line' id='line_1_43' title="bbox 589 4368 2178 4448; baseline -0.005 -18"><span class='ocrx_word' id='word_1_335' title='bbox 589 4385 757 4448; x_wconf 84' lang='lat' dir='ltr'><strong><em>portae</em></strong></span> <span class='ocrx_word' id='word_1_336' title='bbox 774 4375 1054 4439; x_wconf 83' lang='lat' dir='ltr'><strong><em>caelorum,</em></strong></span> <span class='ocrx_word' id='word_1_337' title='bbox 1080 4371 1222 4442; x_wconf 88' lang='lat' dir='ltr'><strong><em>quod</em></strong></span> <span class='ocrx_word' id='word_1_338' title='bbox 1246 4385 1344 4425; x_wconf 90' lang='lat' dir='ltr'><strong><em>nec</em></strong></span> <span class='ocrx_word' id='word_1_339' title='bbox 1371 4369 1664 4425; x_wconf 85' lang='lat' dir='ltr'><strong><em>Abrahami</em></strong></span> <span class='ocrx_word' id='word_1_340' title='bbox 1687 4368 1904 4438; x_wconf 87' lang='lat' dir='ltr'><strong><em>quidem</em></strong></span> <span class='ocrx_word' id='word_1_341' title='bbox 1937 4376 2178 4438; x_wconf 86' lang='lat' dir='ltr'><strong><em>tempore</em></strong></span> 
     </span>
    </p>
   </div>
   <div class='ocr_carea' id='block_1_44' title="bbox 589 4461 2179 4537">
    <p class='ocr_par' dir='ltr' id='par_1_44' title="bbox 589 4461 2179 4537">
     <span class='ocr_line' id='line_1_44' title="bbox 589 4461 2179 4537; baseline -0.006 -15"><span class='ocrx_word' id='word_1_342' title='bbox 589 4467 833 4537; x_wconf 81' lang='lat' dir='ltr'><strong><em>contigit.</em></strong></span> <span class='ocrx_word' id='word_1_343' title='bbox 861 4465 926 4520; x_wconf 84' lang='lat' dir='ltr'><strong><em>Et</em></strong></span> <span class='ocrx_word' id='word_1_344' title='bbox 949 4476 1092 4520; x_wconf 80' lang='lat' dir='ltr'><strong><em>recte</em></strong></span> <span class='ocrx_word' id='word_1_345' title='bbox 1118 4465 1267 4530; x_wconf 90' lang='lat' dir='ltr'><strong><em>dicit,</em></strong></span> <span class='ocrx_word' id='word_1_346' title='bbox 1307 4461 1450 4516; x_wconf 85' lang='lat' dir='ltr'><strong><em>Viam</em></strong></span> <span class='ocrx_word' id='word_1_347' title='bbox 1470 4477 1652 4516; x_wconf 88' lang='lat' dir='ltr'><strong><em>novam</em></strong></span> <span class='ocrx_word' id='word_1_348' title='bbox 1673 4470 1719 4513; x_wconf 88' lang='lat' dir='ltr'><strong><em>et</em></strong></span> <span class='ocrx_word' id='word_1_349' title='bbox 1743 4461 1985 4514; x_wconf 88' lang='lat' dir='ltr'><strong><em>viventem</em></strong></span> <span class='ocrx_word' id='word_1_350' title='bbox 2012 4475 2030 4513; x_wconf 90' lang='lat'><strong><em>:</em></strong></span> <span class='ocrx_word' id='word_1_351' title='bbox 2057 4473 2179 4520; x_wconf 87' lang='lat' dir='ltr'><strong><em>nam</em></strong></span> 
     </span>
    </p>
   </div>
   <div class='ocr_carea' id='block_1_45' title="bbox 591 4551 2181 4631">
    <p class='ocr_par' dir='ltr' id='par_1_45' title="bbox 591 4551 2181 4631">
     <span class='ocr_line' id='line_1_45' title="bbox 591 4551 2181 4631; baseline -0.007 -16"><span class='ocrx_word' id='word_1_352' title='bbox 591 4561 763 4631; x_wconf 84' lang='lat' dir='ltr'><strong><em>prima</em></strong></span> <span class='ocrx_word' id='word_1_353' title='bbox 792 4560 874 4613; x_wconf 87' lang='lat' dir='ltr'><strong><em>via</em></strong></span> <span class='ocrx_word' id='word_1_354' title='bbox 898 4567 1015 4613; x_wconf 90' lang='lat' dir='ltr'><strong><em>erat</em></strong></span> <span class='ocrx_word' id='word_1_355' title='bbox 1043 4557 1256 4620; x_wconf 86' lang='lat' dir='ltr'><strong><em>mortis,</em></strong></span> <span class='ocrx_word' id='word_1_356' title='bbox 1275 4555 1480 4610; x_wconf 86' lang='lat' dir='ltr'><strong><em>ducens</em></strong></span> <span class='ocrx_word' id='word_1_357' title='bbox 1505 4553 1574 4608; x_wconf 90' lang='lat' dir='ltr'><strong><em>ad</em></strong></span> <span class='ocrx_word' id='word_1_358' title='bbox 1607 4551 1828 4616; x_wconf 83' lang='lat' dir='ltr'><strong><em>inferos,</em></strong></span> <span class='ocrx_word' id='word_1_359' title='bbox 1862 4551 1976 4604; x_wconf 61' lang='lat' dir='ltr'><strong><em>haec</em></strong></span> <span class='ocrx_word' id='word_1_360' title='bbox 2001 4558 2181 4605; x_wconf 89' lang='lat' dir='ltr'><strong><em>autem</em></strong></span> 
     </span>
    </p>
   </div>
   <div class='ocr_carea' id='block_1_46' title="bbox 589 4641 2182 4715">
    <p class='ocr_par' dir='ltr' id='par_1_46' title="bbox 589 4641 2182 4715">
     <span class='ocr_line' id='line_1_46' title="bbox 589 4641 2182 4715; baseline -0.009 -7"><span class='ocrx_word' id='word_1_361' title='bbox 589 4656 736 4710; x_wconf 64' lang='lat' dir='ltr'><strong><em>vitae.</em></strong></span> <span class='ocrx_word' id='word_1_362' title='bbox 777 4653 846 4707; x_wconf 86' lang='lat' dir='ltr'><strong><em>Et</em></strong></span> <span class='ocrx_word' id='word_1_363' title='bbox 875 4667 981 4706; x_wconf 91' lang='lat' dir='ltr'><strong><em>non</em></strong></span> <span class='ocrx_word' id='word_1_364' title='bbox 1013 4651 1146 4705; x_wconf 84' lang='lat' dir='ltr'><strong><em>dixit</em></strong></span> <span class='ocrx_word' id='word_1_365' title='bbox 1172 4689 1186 4715; x_wconf 90' lang='lat'><strong><em>,</em></strong></span> <span class='ocrx_word' id='word_1_366' title='bbox 1209 4648 1349 4703; x_wconf 72' lang='lat' dir='ltr'><strong><em>Vita:</em></strong></span> <span class='ocrx_word' id='word_1_367' title='bbox 1368 4687 1384 4714; x_wconf 92' lang='lat'><strong><em>,</em></strong></span> <span class='ocrx_word' id='word_1_368' title='bbox 1410 4647 1506 4700; x_wconf 88' lang='lat' dir='ltr'><strong><em>sed</em></strong></span> <span class='ocrx_word' id='word_1_369' title='bbox 1535 4659 1653 4698; x_wconf 88' lang='lat' dir='ltr'><strong><em>eam</em></strong></span> <span class='ocrx_word' id='word_1_370' title='bbox 1682 4641 1968 4712; x_wconf 84' lang='lat' dir='ltr'><strong><em>appellavit</em></strong></span> <span class='ocrx_word' id='word_1_371' title='bbox 1994 4641 2182 4696; x_wconf 85' lang='lat' dir='ltr'><strong><em>viven-</em></strong></span> 
     </span>
    </p>
   </div>
   <div class='ocr_carea' id='block_1_47' title="bbox 590 4734 2182 4814">
    <p class='ocr_par' dir='ltr' id='par_1_47' title="bbox 590 4734 2182 4814">
     <span class='ocr_line' id='line_1_47' title="bbox 590 4734 2182 4814; baseline -0.01 -12"><span class='ocrx_word' id='word_1_372' title='bbox 590 4757 700 4802; x_wconf 86' lang='lat' dir='ltr'><strong><em>tem</em></strong></span> <span class='ocrx_word' id='word_1_373' title='bbox 730 4787 745 4814; x_wconf 90' lang='lat'><strong><em>,</em></strong></span> <span class='ocrx_word' id='word_1_374' title='bbox 778 4745 882 4799; x_wconf 88' lang='lat' dir='ltr'><strong><em>hoc</em></strong></span> <span class='ocrx_word' id='word_1_375' title='bbox 910 4753 992 4798; x_wconf 89' lang='lat' dir='ltr'><strong><em>est</em></strong></span> <span class='ocrx_word' id='word_1_376' title='bbox 1022 4749 1353 4796; x_wconf 89' lang='lat' dir='ltr'><strong><em>manentem.</em></strong></span> <span class='ocrx_word' id='word_1_377' title='bbox 1402 4737 1507 4791; x_wconf 87' lang='lat' dir='ltr'><strong><em>Per</em></strong></span> <span class='ocrx_word' id='word_1_378' title='bbox 1544 4737 1805 4802; x_wconf 88' lang='lat' dir='ltr'><strong><em>velamen,</em></strong></span> <span class='ocrx_word' id='word_1_379' title='bbox 1849 4734 2051 4803; x_wconf 87' lang='lat' dir='ltr'><strong><em>inquit,</em></strong></span> <span class='ocrx_word' id='word_1_380' title='bbox 2093 4749 2182 4804; x_wconf 88' lang='lat' dir='ltr'><strong><em>per</em></strong></span> 
     </span>
    </p>
   </div>
   <div class='ocr_carea' id='block_1_48' title="bbox 593 4826 2181 4903">
    <p class='ocr_par' dir='ltr' id='par_1_48' title="bbox 593 4826 2181 4903">
     <span class='ocr_line' id='line_1_48' title="bbox 593 4826 2181 4903; baseline -0.008 -10"><span class='ocrx_word' id='word_1_381' title='bbox 593 4853 797 4893; x_wconf 82' lang='lat' dir='ltr'><strong><em>carnem</em></strong></span> <span class='ocrx_word' id='word_1_382' title='bbox 821 4851 987 4890; x_wconf 89' lang='lat' dir='ltr'><strong><em>suam.</em></strong></span> <span class='ocrx_word' id='word_1_383' title='bbox 1022 4833 1142 4903; x_wconf 88' lang='lat' dir='ltr'><strong><em>lpsa</em></strong></span> <span class='ocrx_word' id='word_1_384' title='bbox 1174 4830 1318 4885; x_wconf 87' lang='lat' dir='ltr'><strong><em>enim</em></strong></span> <span class='ocrx_word' id='word_1_385' title='bbox 1346 4843 1473 4882; x_wconf 89' lang='lat' dir='ltr'><strong><em>caro</em></strong></span> <span class='ocrx_word' id='word_1_386' title='bbox 1501 4827 1549 4882; x_wconf 91' lang='lat' dir='ltr'><strong><em>ei</em></strong></span> <span class='ocrx_word' id='word_1_387' title='bbox 1573 4827 1742 4897; x_wconf 89' lang='lat' dir='ltr'><strong><em>prima</em></strong></span> <span class='ocrx_word' id='word_1_388' title='bbox 1765 4826 1910 4880; x_wconf 88' lang='lat' dir='ltr'><strong><em>illam</em></strong></span> <span class='ocrx_word' id='word_1_389' title='bbox 1932 4826 2069 4880; x_wconf 88' lang='lat' dir='ltr'><strong><em>viam</em></strong></span> <span class='ocrx_word' id='word_1_390' title='bbox 2098 4839 2181 4887; x_wconf 83' lang='lat' dir='ltr'><strong><em>se-</em></strong></span> 
     </span>
    </p>
   </div>
   <div class='ocr_carea' id='block_1_49' title="bbox 595 4917 2179 4998">
    <p class='ocr_par' dir='ltr' id='par_1_49' title="bbox 595 4917 2179 4998">
     <span class='ocr_line' id='line_1_49' title="bbox 595 4917 2179 4998; baseline -0.009 -12"><span class='ocrx_word' id='word_1_391' title='bbox 595 4930 724 4995; x_wconf 89' lang='lat' dir='ltr'><strong><em>cuit,</em></strong></span> <span class='ocrx_word' id='word_1_392' title='bbox 755 4942 912 4998; x_wconf 88' lang='lat' dir='ltr'><strong><em>quam</em></strong></span> <span class='ocrx_word' id='word_1_393' title='bbox 951 4926 1112 4980; x_wconf 87' lang='lat' dir='ltr'><strong><em>etiam</em></strong></span> <span class='ocrx_word' id='word_1_394' title='bbox 1143 4921 1382 4976; x_wconf 86' lang='lat' dir='ltr'><strong><em>initiasse</em></strong></span> <span class='ocrx_word' id='word_1_395' title='bbox 1408 4919 1574 4983; x_wconf 90' lang='lat' dir='ltr'><strong><em>dicit,</em></strong></span> <span class='ocrx_word' id='word_1_396' title='bbox 1602 4917 1745 4989; x_wconf 88' lang='lat' dir='ltr'><strong><em>quod</em></strong></span> <span class='ocrx_word' id='word_1_397' title='bbox 1769 4929 1822 4974; x_wconf 91' lang='lat' dir='ltr'><strong><em>et</em></strong></span> <span class='ocrx_word' id='word_1_398' title='bbox 1854 4919 1967 4988; x_wconf 83' lang='lat' dir='ltr'><strong><em>ipse</em></strong></span> <span class='ocrx_word' id='word_1_399' title='bbox 1989 4917 2179 4988; x_wconf 82' lang='lat' dir='ltr'><strong><em>digna-</em></strong></span> 
     </span>
    </p>
   </div>
   <div class='ocr_carea' id='block_1_50' title="bbox 594 5011 2179 5090">
    <p class='ocr_par' dir='ltr' id='par_1_50' title="bbox 594 5011 2179 5090">
     <span class='ocr_line' id='line_1_50' title="bbox 594 5011 2179 5090; baseline -0.008 -13"><span class='ocrx_word' id='word_1_400' title='bbox 594 5031 746 5077; x_wconf 86' lang='lat' dir='ltr'><strong><em>retur</em></strong></span> <span class='ocrx_word' id='word_1_401' title='bbox 778 5035 872 5090; x_wconf 86' lang='lat' dir='ltr'><strong><em>per</em></strong></span> <span class='ocrx_word' id='word_1_402' title='bbox 901 5017 1046 5073; x_wconf 89' lang='lat' dir='ltr'><strong><em>illam</em></strong></span> <span class='ocrx_word' id='word_1_403' title='bbox 1076 5011 1302 5084; x_wconf 81' lang='lat' dir='ltr'><strong><em>ingredi.</em></strong></span> <span class='ocrx_word' id='word_1_404' title='bbox 1347 5011 1602 5066; x_wconf 84' lang='lat' dir='ltr'><strong><em>Velamen</em></strong></span> <span class='ocrx_word' id='word_1_405' title='bbox 1633 5019 1809 5067; x_wconf 89' lang='lat' dir='ltr'><strong><em>autem</em></strong></span> <span class='ocrx_word' id='word_1_406' title='bbox 1843 5011 2033 5066; x_wconf 87' lang='lat' dir='ltr'><strong><em>merito</em></strong></span> <span class='ocrx_word' id='word_1_407' title='bbox 2057 5025 2179 5066; x_wconf 85' lang='lat' dir='ltr'><strong><em>car-</em></strong></span> 
     </span>
    </p>
   </div>
   <div class='ocr_carea' id='block_1_51' title="bbox 606 5107 2174 5182">
    <p class='ocr_par' dir='ltr' id='par_1_51' title="bbox 606 5107 2174 5182">
     <span class='ocr_line' id='line_1_51' title="bbox 606 5107 2174 5182; baseline -0.004 -15"><span class='ocrx_word' id='word_1_408' title='bbox 606 5127 711 5170; x_wconf 75' lang='lat' dir='ltr'><strong><em>iem</em></strong></span> <span class='ocrx_word' id='word_1_409' title='bbox 749 5112 966 5168; x_wconf 84' lang='lat' dir='ltr'><strong><em>vocavit</em></strong></span> <span class='ocrx_word' id='word_1_410' title='bbox 997 5128 1012 5165; x_wconf 89' lang='lat'><strong>:</strong></span> <span class='ocrx_word' id='word_1_411' title='bbox 1049 5109 1266 5182; x_wconf 88' lang='lat' dir='ltr'><strong><em>quando</em></strong></span> <span class='ocrx_word' id='word_1_412' title='bbox 1306 5108 1450 5165; x_wconf 90' lang='lat' dir='ltr'><strong><em>enim</em></strong></span> <span class='ocrx_word' id='word_1_413' title='bbox 1493 5107 1736 5163; x_wconf 86' lang='lat' dir='ltr'><strong><em>sublatus</em></strong></span> <span class='ocrx_word' id='word_1_414' title='bbox 1766 5108 1863 5162; x_wconf 78' lang='lat' dir='ltr'><strong><em>fuit</em></strong></span> <span class='ocrx_word' id='word_1_415' title='bbox 1891 5109 1942 5162; x_wconf 88' lang='lat' dir='ltr'><strong><em>in</em></strong></span> <span class='ocrx_word' id='word_1_416' title='bbox 1973 5107 2137 5162; x_wconf 87' lang='lat' dir='ltr'><strong><em>altum</em></strong></span> <span class='ocrx_word' id='word_1_417' title='bbox 2159 5147 2174 5173; x_wconf 92' lang='lat'><strong><em>,</em></strong></span> 
     </span>
    </p>
   </div>
   <div class='ocr_carea' id='block_1_52' title="bbox 611 5200 2175 5274">
    <p class='ocr_par' dir='ltr' id='par_1_52' title="bbox 611 5200 2175 5274">
     <span class='ocr_line' id='line_1_52' title="bbox 611 5200 2175 5274; baseline -0.002 -17"><span class='ocrx_word' id='word_1_418' title='bbox 611 5217 720 5258; x_wconf 91' lang='lat' dir='ltr'><strong><em>unc</em></strong></span> <span class='ocrx_word' id='word_1_419' title='bbox 742 5210 1111 5274; x_wconf 88' lang='lat' dir='ltr'><strong><em>apparuerunt</em></strong></span> <span class='ocrx_word' id='word_1_420' title='bbox 1146 5217 1211 5258; x_wconf 90' lang='lat' dir='ltr'><strong><em>ea</em></strong></span> <span class='ocrx_word' id='word_1_421' title='bbox 1238 5216 1357 5273; x_wconf 66' lang='lat' dir='ltr'><strong><em>qua:</em></strong></span> <span class='ocrx_word' id='word_1_422' title='bbox 1392 5209 1518 5256; x_wconf 85' lang='lat' dir='ltr'><strong><em>sunt</em></strong></span> <span class='ocrx_word' id='word_1_423' title='bbox 1547 5201 1598 5255; x_wconf 91' lang='lat' dir='ltr'><strong><em>in</em></strong></span> <span class='ocrx_word' id='word_1_424' title='bbox 1627 5200 1794 5255; x_wconf 74' lang='grc' dir='ltr'>εωιίε.</span> <span class='ocrx_word' id='word_1_425' title='bbox 1843 5201 2175 5266; x_wconf 78' lang='lat' dir='ltr'><strong><em>.iccedamus,</em></strong></span> 
     </span>
    </p>
   </div>
   <div class='ocr_carea' id='block_1_53' title="bbox 615 5293 2180 5367">
    <p class='ocr_par' dir='ltr' id='par_1_53' title="bbox 615 5293 2180 5367">
     <span class='ocr_line' id='line_1_53' title="bbox 615 5293 2180 5367; baseline -0.004 -15"><span class='ocrx_word' id='word_1_426' title='bbox 615 5296 785 5367; x_wconf 86' lang='lat' dir='ltr'><strong><em>uquit,</em></strong></span> <span class='ocrx_word' id='word_1_427' title='bbox 815 5311 932 5349; x_wconf 90' lang='lat' dir='ltr'><strong><em>cum</em></strong></span> <span class='ocrx_word' id='word_1_428' title='bbox 958 5311 1076 5351; x_wconf 86' lang='lat' dir='ltr'><strong><em>vero</em></strong></span> <span class='ocrx_word' id='word_1_429' title='bbox 1103 5293 1275 5352; x_wconf 89' lang='lat' dir='ltr'><strong><em>corde.</em></strong></span> <span class='ocrx_word' id='word_1_430' title='bbox 1304 5294 1530 5361; x_wconf 84' lang='lat' dir='ltr'><strong><em>Quinam</em></strong></span> <span class='ocrx_word' id='word_1_431' title='bbox 1560 5294 1881 5348; x_wconf 87' lang='lat' dir='ltr'><strong><em>accedamus</em></strong></span> <span class='ocrx_word' id='word_1_432' title='bbox 1914 5293 1938 5348; x_wconf 87' lang='lat'><strong>?</strong></span> <span class='ocrx_word' id='word_1_433' title='bbox 1977 5293 2030 5349; x_wconf 90' lang='lat' dir='ltr'><strong><em>Si</em></strong></span> <span class='ocrx_word' id='word_1_434' title='bbox 2058 5293 2180 5362; x_wconf 89' lang='lat' dir='ltr'><strong><em>quis</em></strong></span> 
     </span>
    </p>
   </div>
   <div class='ocr_carea' id='block_1_54' title="bbox 611 5385 2175 5460">
    <p class='ocr_par' dir='ltr' id='par_1_54' title="bbox 611 5385 2175 5460">
     <span class='ocr_line' id='line_1_54' title="bbox 611 5385 2175 5460; baseline -0.002 -17"><span class='ocrx_word' id='word_1_435' title='bbox 611 5395 809 5443; x_wconf 76' lang='lat' dir='ltr'><strong><em>auctus</em></strong></span> <span class='ocrx_word' id='word_1_436' title='bbox 833 5385 940 5443; x_wconf 81' lang='lat' dir='ltr'><strong><em>ﬁde</em></strong></span> <span class='ocrx_word' id='word_1_437' title='bbox 963 5398 1018 5444; x_wconf 87' lang='lat' dir='ltr'><strong><em>et</em></strong></span> <span class='ocrx_word' id='word_1_438' title='bbox 1047 5389 1308 5460; x_wconf 82' lang='lat' dir='ltr'><strong><em>Spirituali</em></strong></span> <span class='ocrx_word' id='word_1_439' title='bbox 1338 5387 1673 5442; x_wconf 86' lang='lat' dir='ltr'><strong><em>adoratione.</em></strong></span> <span class='ocrx_word' id='word_1_440' title='bbox 1707 5386 1833 5442; x_wconf 88' lang='lat' dir='ltr'><strong><em>Cum</em></strong></span> <span class='ocrx_word' id='word_1_441' title='bbox 1859 5403 1973 5441; x_wconf 85' lang='lat' dir='ltr'><strong><em>vero</em></strong></span> <span class='ocrx_word' id='word_1_442' title='bbox 2003 5387 2175 5453; x_wconf 83' lang='lat' dir='ltr'><strong><em>corde,</em></strong></span> 
     </span>
    </p>
   </div>
   <div class='ocr_carea' id='block_1_55' title="bbox 617 5477 2180 5550">
    <p class='ocr_par' dir='ltr' id='par_1_55' title="bbox 617 5477 2180 5550">
     <span class='ocr_line' id='line_1_55' title="bbox 617 5477 2180 5550; baseline -0.001 -18"><span class='ocrx_word' id='word_1_443' title='bbox 617 5496 648 5532; x_wconf 87' lang='grc' dir='ltr'><em>η</em></span> <span class='ocrx_word' id='word_1_444' title='bbox 675 5479 993 5547; x_wconf 82' lang='lat' dir='ltr'><strong><em>plenitudine</em></strong></span> <span class='ocrx_word' id='word_1_445' title='bbox 1021 5479 1143 5549; x_wconf 82' lang='lat' dir='ltr'><strong><em>ﬁdei</em></strong></span> <span class='ocrx_word' id='word_1_446' title='bbox 1164 5495 1185 5546; x_wconf 81' lang='lat'><strong><em>,&#39;</em></strong></span> <span class='ocrx_word' id='word_1_447' title='bbox 1214 5479 1265 5534; x_wconf 88' lang='lat' dir='ltr'><strong><em>id</em></strong></span> <span class='ocrx_word' id='word_1_448' title='bbox 1293 5489 1394 5547; x_wconf 86' lang='lat' dir='ltr'><strong><em>est,</em></strong></span> <span class='ocrx_word' id='word_1_449' title='bbox 1428 5478 1684 5550; x_wconf 85' lang='lat' dir='ltr'><strong><em>quoniam</em></strong></span> <span class='ocrx_word' id='word_1_450' title='bbox 1712 5478 1845 5533; x_wconf 88' lang='lat' dir='ltr'><strong><em>nihil</em></strong></span> <span class='ocrx_word' id='word_1_451' title='bbox 1870 5487 1955 5533; x_wconf 89' lang='lat' dir='ltr'><strong><em>est</em></strong></span> <span class='ocrx_word' id='word_1_452' title='bbox 1985 5477 2180 5546; x_wconf 82' lang='lat' dir='ltr'><strong><em>adspe-</em></strong></span> 
     </span>
    </p>
   </div>
   <div class='ocr_carea' id='block_1_56' title="bbox 629 5569 2180 5642">
    <p class='ocr_par' dir='ltr' id='par_1_56' title="bbox 629 5569 2180 5642">
     <span class='ocr_line' id='line_1_56' title="bbox 629 5569 2180 5642; baseline -0.001 -17"><span class='ocrx_word' id='word_1_453' title='bbox 629 5569 789 5626; x_wconf 89' lang='lat' dir='ltr'><strong><em>tabile</em></strong></span> <span class='ocrx_word' id='word_1_454' title='bbox 809 5610 826 5638; x_wconf 93' lang='lat'><strong><em>,</em></strong></span> <span class='ocrx_word' id='word_1_455' title='bbox 857 5586 1030 5642; x_wconf 90' lang='lat' dir='ltr'><strong><em>nequc</em></strong></span> <span class='ocrx_word' id='word_1_456' title='bbox 1072 5573 1324 5629; x_wconf 82' lang='lat' dir='ltr'><strong><em>sacerdos</em></strong></span> <span class='ocrx_word' id='word_1_457' title='bbox 1347 5612 1364 5640; x_wconf 93' lang='lat'><strong><em>,</em></strong></span> <span class='ocrx_word' id='word_1_458' title='bbox 1404 5586 1579 5642; x_wconf 89' lang='lat' dir='ltr'><strong><em>neque</em></strong></span> <span class='ocrx_word' id='word_1_459' title='bbox 1617 5569 1935 5626; x_wconf 88' lang='lat' dir='ltr'><strong><em>sacriﬁcium</em></strong></span> <span class='ocrx_word' id='word_1_460' title='bbox 1958 5609 1974 5636; x_wconf 90' lang='lat'><strong><em>,</em></strong></span> <span class='ocrx_word' id='word_1_461' title='bbox 2003 5583 2180 5638; x_wconf 88' lang='lat' dir='ltr'><strong><em>neque</em></strong></span> 
     </span>
    </p>
   </div>
   <div class='ocr_carea' id='block_1_57' title="bbox 656 5722 2178 5788">
    <p class='ocr_par' dir='ltr' id='par_1_57' title="bbox 656 5722 2178 5788">
     <span class='ocr_line' id='line_1_57' title="bbox 656 5722 2178 5788; baseline 0.003 -15"><span class='ocrx_word' id='word_1_462' title='bbox 656 5725 731 5788; x_wconf 87' lang='lat' dir='ltr'><strong><em>(a)</em></strong></span> <span class='ocrx_word' id='word_1_463' title='bbox 757 5724 930 5777; x_wconf 90' lang='lat' dir='ltr'><strong><em>Totum</em></strong></span> <span class='ocrx_word' id='word_1_464' title='bbox 954 5724 1144 5788; x_wconf 77' lang='lat' dir='ltr'><strong><em>initium</em></strong></span> <span class='ocrx_word' id='word_1_465' title='bbox 1167 5736 1491 5788; x_wconf 78' lang='lat' dir='ltr'><strong><em>magnamque</em></strong></span> <span class='ocrx_word' id='word_1_466' title='bbox 1516 5727 1706 5788; x_wconf 86' lang='lat' dir='ltr'><strong><em>partem</em></strong></span> <span class='ocrx_word' id='word_1_467' title='bbox 1737 5722 1946 5776; x_wconf 73' lang='lat' dir='ltr'><strong><em>bomilia:</em></strong></span> <span class='ocrx_word' id='word_1_468' title='bbox 1969 5724 2178 5777; x_wconf 76' lang='lat' dir='ltr'><strong><em>decimas</em></strong></span> 
     </span>
    </p>
   </div>
   <div class='ocr_carea' id='block_1_58' title="bbox 588 5785 1234 5851">
    <p class='ocr_par' dir='ltr' id='par_1_58' title="bbox 588 5785 1234 5851">
     <span class='ocr_line' id='line_1_58' title="bbox 588 5785 1234 5851; baseline -0.003 -12"><span class='ocrx_word' id='word_1_469' title='bbox 588 5802 592 5816; x_wconf 39' lang='grc' dir='ltr'>γ</span> <span class='ocrx_word' id='word_1_470' title='bbox 630 5785 727 5839; x_wconf 60' lang='lat' dir='ltr'><strong><em>me</em></strong></span> <span class='ocrx_word' id='word_1_471' title='bbox 752 5789 1076 5851; x_wconf 61' lang='lat' dir='ltr'><strong><em>printermittit</em></strong></span> <span class='ocrx_word' id='word_1_472' title='bbox 1098 5785 1234 5838; x_wconf 89' lang='lat' dir='ltr'><strong><em>Colb.</em></strong></span> 
     </span>
    </p>
   </div>
   <div class='ocr_carea' id='block_1_59' title="bbox 1322 358 3132 433">
    <p class='ocr_par' dir='ltr' id='par_1_59' title="bbox 1322 358 3132 433">
     <span class='ocr_line' id='line_1_59' title="bbox 1322 358 3132 433; baseline 0.013 -22"><span class='ocrx_word' id='word_1_473' title='bbox 1322 358 1378 412; x_wconf 85' lang='lat' dir='ltr'><strong><em>S.</em></strong></span> <span class='ocrx_word' id='word_1_474' title='bbox 1419 360 1695 420; x_wconf 73' lang='lat' dir='ltr'><strong><em>JOANNIS</em></strong></span> <span class='ocrx_word' id='word_1_475' title='bbox 1732 362 2207 420; x_wconf 77' lang='lat' dir='ltr'><strong><em>CHRYSOSTOMI</em></strong></span> <span class='ocrx_word' id='word_1_476' title='bbox 2243 365 2560 424; x_wconf 75' lang='lat' dir='ltr'><strong><em>ARCIIIEP.</em></strong></span> <span class='ocrx_word' id='word_1_477' title='bbox 2601 371 3132 433; x_wconf 78' lang='lat' dir='ltr'><strong><em>CONSTANTINOP.</em></strong></span> 
     </span>
    </p>
   </div>
   <div class='ocr_carea' id='block_1_60' title="bbox 3732 398 3832 458">
    <p class='ocr_par' dir='ltr' id='par_1_60' title="bbox 3732 398 3832 458">
     <span class='ocr_line' id='line_1_60' title="bbox 3732 398 3832 458; baseline 0.06 -6"><span class='ocrx_word' id='word_1_478' title='bbox 3732 398 3832 458; x_wconf 75' lang='lat' dir='ltr'><strong><em>HO</em></strong></span> 
     </span>
    </p>
   </div>
   <div class='ocr_carea' id='block_1_61' title="bbox 2567 503 3825 540">
    <p class='ocr_par' dir='ltr' id='par_1_61' title="bbox 2567 503 3825 540">
     <span class='ocr_line' id='line_1_61' title="bbox 2567 503 3825 540; baseline -0.002 -29"><span class='ocrx_word' id='word_1_479' title='bbox 2567 503 3825 540; x_wconf 47' lang='grc' dir='ltr'>Ἢ</span> 
     </span>
    </p>
   </div>
   <div class='ocr_carea' id='block_1_62' title="bbox 2278 711 3870 790">
    <p class='ocr_par' dir='ltr' id='par_1_62' title="bbox 2278 711 3870 790">
     <span class='ocr_line' id='line_1_62' title="bbox 2278 711 3870 790; baseline 0.008 -24"><span class='ocrx_word' id='word_1_480' title='bbox 2278 711 2467 770; x_wconf 86' lang='lat' dir='ltr'><strong><em>altare.</em></strong></span> <span class='ocrx_word' id='word_1_481' title='bbox 2499 715 2832 788; x_wconf 86' lang='lat' dir='ltr'><strong><em>Quamquam</em></strong></span> <span class='ocrx_word' id='word_1_482' title='bbox 2861 733 2961 775; x_wconf 88' lang='lat' dir='ltr'><strong><em>nec</em></strong></span> <span class='ocrx_word' id='word_1_483' title='bbox 2989 717 3078 776; x_wconf 91' lang='lat' dir='ltr'><strong><em>ille</em></strong></span> <span class='ocrx_word' id='word_1_484' title='bbox 3104 719 3320 790; x_wconf 89' lang='lat' dir='ltr'><strong><em>quidem</em></strong></span> <span class='ocrx_word' id='word_1_485' title='bbox 3348 723 3601 777; x_wconf 88' lang='lat' dir='ltr'><strong><em>sacerdos</em></strong></span> <span class='ocrx_word' id='word_1_486' title='bbox 3623 734 3736 778; x_wconf 87' lang='lat' dir='ltr'><strong><em>erat</em></strong></span> <span class='ocrx_word' id='word_1_487' title='bbox 3765 729 3870 778; x_wconf 82' lang='lat' dir='ltr'><strong><em>ad-</em></strong></span> 
     </span>
    </p>
   </div>
   <div class='ocr_carea' id='block_1_63' title="bbox 2276 807 3870 881">
    <p class='ocr_par' dir='ltr' id='par_1_63' title="bbox 2276 807 3870 881">
     <span class='ocr_line' id='line_1_63' title="bbox 2276 807 3870 881; baseline 0.006 -21"><span class='ocrx_word' id='word_1_488' title='bbox 2276 807 2616 875; x_wconf 81' lang='lat' dir='ltr'><strong><em>spectabitis,</em></strong></span> <span class='ocrx_word' id='word_1_489' title='bbox 2655 808 2750 864; x_wconf 90' lang='lat' dir='ltr'><strong><em>sed</em></strong></span> <span class='ocrx_word' id='word_1_490' title='bbox 2789 809 2905 881; x_wconf 86' lang='lat' dir='ltr'><strong><em>ipse</em></strong></span> <span class='ocrx_word' id='word_1_491' title='bbox 2933 810 3112 866; x_wconf 87' lang='lat' dir='ltr'><strong><em>stabat</em></strong></span> <span class='ocrx_word' id='word_1_492' title='bbox 3157 812 3337 878; x_wconf 92' lang='lat' dir='ltr'><strong><em>intus,</em></strong></span> <span class='ocrx_word' id='word_1_493' title='bbox 3379 813 3455 866; x_wconf 90' lang='lat' dir='ltr'><strong><em>illi</em></strong></span> <span class='ocrx_word' id='word_1_494' title='bbox 3503 823 3684 869; x_wconf 90' lang='lat' dir='ltr'><strong><em>autem</em></strong></span> <span class='ocrx_word' id='word_1_495' title='bbox 3712 825 3870 870; x_wconf 77' lang='lat' dir='ltr'><strong><em>extra</em></strong></span> 
     </span>
    </p>
   </div>
   <div class='ocr_carea' id='block_1_64' title="bbox 2275 903 3865 971">
    <p class='ocr_par' dir='ltr' id='par_1_64' title="bbox 2275 903 3865 971">
     <span class='ocr_line' id='line_1_64' title="bbox 2275 903 3865 971; baseline 0.007 -22"><span class='ocrx_word' id='word_1_496' title='bbox 2275 910 2496 965; x_wconf 89' lang='lat' dir='ltr'><strong><em>omnes,</em></strong></span> <span class='ocrx_word' id='word_1_497' title='bbox 2532 913 2724 970; x_wconf 89' lang='lat' dir='ltr'><strong><em>nempe</em></strong></span> <span class='ocrx_word' id='word_1_498' title='bbox 2757 910 2898 956; x_wconf 91' lang='lat' dir='ltr'><strong><em>totus</em></strong></span> <span class='ocrx_word' id='word_1_499' title='bbox 2927 903 3173 971; x_wconf 91' lang='lat' dir='ltr'><strong><em>populus.</em></strong></span> <span class='ocrx_word' id='word_1_500' title='bbox 3207 903 3304 958; x_wconf 83' lang='lat' dir='ltr'><strong><em>Hic</em></strong></span> <span class='ocrx_word' id='word_1_501' title='bbox 3341 912 3521 958; x_wconf 89' lang='lat' dir='ltr'><strong><em>autem</em></strong></span> <span class='ocrx_word' id='word_1_502' title='bbox 3551 920 3656 959; x_wconf 90' lang='lat' dir='ltr'><strong><em>non</em></strong></span> <span class='ocrx_word' id='word_1_503' title='bbox 3685 906 3865 961; x_wconf 89' lang='lat' dir='ltr'><strong><em>solum</em></strong></span> 
     </span>
    </p>
   </div>
   <div class='ocr_carea' id='block_1_65' title="bbox 2275 989 3872 1064">
    <p class='ocr_par' dir='ltr' id='par_1_65' title="bbox 2275 989 3872 1064">
     <span class='ocr_line' id='line_1_65' title="bbox 2275 989 3872 1064; baseline 0.006 -20"><span class='ocrx_word' id='word_1_504' title='bbox 2275 989 2380 1046; x_wconf 89' lang='lat' dir='ltr'><strong><em>hoc</em></strong></span> <span class='ocrx_word' id='word_1_505' title='bbox 2405 995 2658 1058; x_wconf 88' lang='lat' dir='ltr'><strong><em>ostendit,</em></strong></span> <span class='ocrx_word' id='word_1_506' title='bbox 2687 995 2828 1064; x_wconf 88' lang='lat' dir='ltr'><strong><em>quod</em></strong></span> <span class='ocrx_word' id='word_1_507' title='bbox 2855 995 3108 1050; x_wconf 90' lang='lat' dir='ltr'><strong><em>sacerdos</em></strong></span> <span class='ocrx_word' id='word_1_508' title='bbox 3130 996 3411 1052; x_wconf 84' lang='lat' dir='ltr'><strong><em>intraverit</em></strong></span> <span class='ocrx_word' id='word_1_509' title='bbox 3434 999 3484 1052; x_wconf 90' lang='lat' dir='ltr'><strong><em>in</em></strong></span> <span class='ocrx_word' id='word_1_510' title='bbox 3509 1009 3691 1052; x_wconf 87' lang='lat' dir='ltr'><strong><em>sancta</em></strong></span> <span class='ocrx_word' id='word_1_511' title='bbox 3718 1015 3733 1064; x_wconf 91' lang='lat'><strong>;</strong></span> <span class='ocrx_word' id='word_1_512' title='bbox 3761 999 3872 1055; x_wconf 84' lang='lat' dir='ltr'><strong><em>hoc</em></strong></span> 
     </span>
    </p>
   </div>
   <div class='ocr_carea' id='block_1_66' title="bbox 2275 1081 3871 1159">
    <p class='ocr_par' dir='ltr' id='par_1_66' title="bbox 2275 1081 3871 1159">
     <span class='ocr_line' id='line_1_66' title="bbox 2275 1081 3871 1159; baseline 0.004 -23"><span class='ocrx_word' id='word_1_513' title='bbox 2275 1081 2421 1136; x_wconf 85' lang='lat' dir='ltr'><strong><em>enim</em></strong></span> <span class='ocrx_word' id='word_1_514' title='bbox 2461 1082 2700 1138; x_wconf 78' lang='lat' dir='ltr'><strong><em>declarat</em></strong></span> <span class='ocrx_word' id='word_1_515' title='bbox 2737 1085 2956 1152; x_wconf 85' lang='lat' dir='ltr'><strong><em>dicens,</em></strong></span> <span class='ocrx_word' id='word_1_516' title='bbox 3002 1083 3072 1138; x_wconf 89' lang='lat' dir='ltr'><strong><em>Et</em></strong></span> <span class='ocrx_word' id='word_1_517' title='bbox 3107 1087 3417 1141; x_wconf 83' lang='lat' dir='ltr'><strong><em>sacerdotem</em></strong></span> <span class='ocrx_word' id='word_1_518' title='bbox 3444 1105 3682 1157; x_wconf 84' lang='lat' dir='ltr'><strong><em>magnum</em></strong></span> <span class='ocrx_word' id='word_1_519' title='bbox 3709 1107 3871 1159; x_wconf 85' lang='lat' dir='ltr'><strong><em>super</em></strong></span> 
     </span>
    </p>
   </div>
   <div class='ocr_carea' id='block_1_67' title="bbox 2275 1173 3973 1267">
    <p class='ocr_par' dir='ltr' id='par_1_67' title="bbox 2275 1173 3973 1267">
     <span class='ocr_line' id='line_1_67' title="bbox 2275 1173 3973 1267; baseline 0.004 -38"><span class='ocrx_word' id='word_1_520' title='bbox 2275 1173 2482 1230; x_wconf 88' lang='lat' dir='ltr'><strong><em>domum</em></strong></span> <span class='ocrx_word' id='word_1_521' title='bbox 2507 1176 2600 1230; x_wconf 86' lang='lat' dir='ltr'><strong><em>Dei</em></strong></span> <span class='ocrx_word' id='word_1_522' title='bbox 2622 1192 2641 1241; x_wconf 89' lang='lat'><em>;</em></span> <span class='ocrx_word' id='word_1_523' title='bbox 2675 1177 2769 1232; x_wconf 89' lang='lat' dir='ltr'><strong><em>sed</em></strong></span> <span class='ocrx_word' id='word_1_524' title='bbox 2793 1180 3042 1248; x_wconf 88' lang='lat' dir='ltr'><strong><em>quoniam</em></strong></span> <span class='ocrx_word' id='word_1_525' title='bbox 3067 1193 3165 1232; x_wconf 90' lang='lat' dir='ltr'><strong><em>nos</em></strong></span> <span class='ocrx_word' id='word_1_526' title='bbox 3187 1195 3400 1250; x_wconf 87' lang='lat' dir='ltr'><strong><em>quoque</em></strong></span> <span class='ocrx_word' id='word_1_527' title='bbox 3430 1180 3709 1267; x_wconf 48' lang='lat' dir='ltr'><strong><em>intramlus.</em></strong></span> <span class='ocrx_word' id='word_1_528' title='bbox 3734 1181 3871 1236; x_wconf 83' lang='lat' dir='ltr'><strong><em>Pro-</em></strong></span> <span class='ocrx_word' id='word_1_529' title='bbox 3969 1225 3973 1229; x_wconf 93' lang='lat'><strong><em>.</em></strong></span> 
     </span>
    </p>
   </div>
   <div class='ocr_carea' id='block_1_68' title="bbox 2277 1268 3869 1342">
    <p class='ocr_par' dir='ltr' id='par_1_68' title="bbox 2277 1268 3869 1342">
     <span class='ocr_line' id='line_1_68' title="bbox 2277 1268 3869 1342; baseline 0.006 -20"><span class='ocrx_word' id='word_1_530' title='bbox 2277 1275 2482 1336; x_wconf 87' lang='lat' dir='ltr'><strong><em>pterea,</em></strong></span> <span class='ocrx_word' id='word_1_531' title='bbox 2516 1269 2706 1339; x_wconf 88' lang='lat' dir='ltr'><strong><em>inquit,</em></strong></span> <span class='ocrx_word' id='word_1_532' title='bbox 2737 1268 2802 1323; x_wconf 86' lang='lat' dir='ltr'><strong><em>In</em></strong></span> <span class='ocrx_word' id='word_1_533' title='bbox 2826 1271 3141 1338; x_wconf 83' lang='lat' dir='ltr'><strong><em>plenitudine</em></strong></span> <span class='ocrx_word' id='word_1_534' title='bbox 3162 1271 3302 1339; x_wconf 78' lang='lat' dir='ltr'><strong><em>ﬁdei.</em></strong></span> <span class='ocrx_word' id='word_1_535' title='bbox 3328 1271 3472 1326; x_wconf 86' lang='lat' dir='ltr'><strong><em>Fieri</em></strong></span> <span class='ocrx_word' id='word_1_536' title='bbox 3507 1274 3648 1326; x_wconf 87' lang='lat' dir='ltr'><strong><em>enim</em></strong></span> <span class='ocrx_word' id='word_1_537' title='bbox 3688 1283 3869 1342; x_wconf 80' lang='lat' dir='ltr'><strong><em>potest</em></strong></span> 
     </span>
    </p>
   </div>
   <div class='ocr_carea' id='block_1_69' title="bbox 2271 1361 3864 1436">
    <p class='ocr_par' dir='ltr' id='par_1_69' title="bbox 2271 1361 3864 1436">
     <span class='ocr_line' id='line_1_69' title="bbox 2271 1361 3864 1436; baseline 0.003 -22"><span class='ocrx_word' id='word_1_538' title='bbox 2271 1367 2334 1415; x_wconf 91' lang='lat' dir='ltr'><strong><em>ut</em></strong></span> <span class='ocrx_word' id='word_1_539' title='bbox 2371 1362 2532 1416; x_wconf 90' lang='lat' dir='ltr'><strong><em>etiam</em></strong></span> <span class='ocrx_word' id='word_1_540' title='bbox 2577 1362 2761 1417; x_wconf 84' lang='lat' dir='ltr'><strong><em>credat</em></strong></span> <span class='ocrx_word' id='word_1_541' title='bbox 2789 1362 2981 1432; x_wconf 89' lang='lat' dir='ltr'><strong><em>aliquis</em></strong></span> <span class='ocrx_word' id='word_1_542' title='bbox 3019 1361 3316 1417; x_wconf 88' lang='lat' dir='ltr'><strong><em>dubitans:</em></strong></span> <span class='ocrx_word' id='word_1_543' title='bbox 3355 1372 3412 1417; x_wconf 90' lang='lat' dir='ltr'><strong><em>ut</em></strong></span> <span class='ocrx_word' id='word_1_544' title='bbox 3441 1363 3591 1417; x_wconf 73' lang='lat' dir='ltr'><strong><em>multi</em></strong></span> <span class='ocrx_word' id='word_1_545' title='bbox 3624 1367 3864 1436; x_wconf 87' lang='lat' dir='ltr'><strong><em>suntqui</em></strong></span> 
     </span>
    </p>
   </div>
   <div class='ocr_carea' id='block_1_70' title="bbox 2273 1442 3861 1524">
    <p class='ocr_par' dir='ltr' id='par_1_70' title="bbox 2273 1442 3861 1524">
     <span class='ocr_line' id='line_1_70' title="bbox 2273 1442 3861 1524; baseline 0.003 -16"><span class='ocrx_word' id='word_1_546' title='bbox 2273 1453 2432 1508; x_wconf 77' lang='lat' dir='ltr'><strong><em>etiam</em></strong></span> <span class='ocrx_word' id='word_1_547' title='bbox 2453 1469 2593 1509; x_wconf 89' lang='lat' dir='ltr'><strong><em>nunc</em></strong></span> <span class='ocrx_word' id='word_1_548' title='bbox 2609 1453 2812 1518; x_wconf 88' lang='lat' dir='ltr'><strong><em>dicunt,</em></strong></span> <span class='ocrx_word' id='word_1_549' title='bbox 2833 1442 3216 1509; x_wconf 74' lang='lat' dir='ltr'><strong><em>nonnullorum</em></strong></span> <span class='ocrx_word' id='word_1_550' title='bbox 3243 1469 3364 1521; x_wconf 85' lang='lat' dir='ltr'><strong><em>esse</em></strong></span> <span class='ocrx_word' id='word_1_551' title='bbox 3388 1457 3861 1524; x_wconf 88' lang='lat' dir='ltr'><strong><em>resurrectionem,</em></strong></span> 
     </span>
    </p>
   </div>
   <div class='ocr_carea' id='block_1_71' title="bbox 2272 1546 3860 1622">
    <p class='ocr_par' dir='ltr' id='par_1_71' title="bbox 2272 1546 3860 1622">
     <span class='ocr_line' id='line_1_71' title="bbox 2272 1546 3860 1622; baseline 0.004 -22"><span class='ocrx_word' id='word_1_552' title='bbox 2272 1546 2650 1602; x_wconf 80' lang='lat' dir='ltr'><strong><em>nonnullorum</em></strong></span> <span class='ocrx_word' id='word_1_553' title='bbox 2681 1558 2860 1602; x_wconf 89' lang='lat' dir='ltr'><strong><em>autem</em></strong></span> <span class='ocrx_word' id='word_1_554' title='bbox 2889 1561 2994 1602; x_wconf 89' lang='lat' dir='ltr'><strong><em>non</em></strong></span> <span class='ocrx_word' id='word_1_555' title='bbox 3027 1562 3165 1602; x_wconf 90' lang='lat' dir='ltr'><strong><em>esse.</em></strong></span> <span class='ocrx_word' id='word_1_556' title='bbox 3198 1547 3307 1601; x_wconf 82' lang='lat' dir='ltr'><strong><em>Hoc</em></strong></span> <span class='ocrx_word' id='word_1_557' title='bbox 3336 1563 3438 1602; x_wconf 90' lang='lat' dir='ltr'><strong><em>non</em></strong></span> <span class='ocrx_word' id='word_1_558' title='bbox 3468 1558 3549 1602; x_wconf 85' lang='lat' dir='ltr'><strong><em>est</em></strong></span> <span class='ocrx_word' id='word_1_559' title='bbox 3581 1549 3702 1604; x_wconf 86' lang='lat' dir='ltr'><strong><em>ﬁdei</em></strong></span> <span class='ocrx_word' id='word_1_560' title='bbox 3744 1553 3860 1622; x_wconf 84' lang='lat' dir='ltr'><strong><em>plc-</em></strong></span> 
     </span>
    </p>
   </div>
   <div class='ocr_carea' id='block_1_72' title="bbox 2272 1636 3864 1711">
    <p class='ocr_par' dir='ltr' id='par_1_72' title="bbox 2272 1636 3864 1711">
     <span class='ocr_line' id='line_1_72' title="bbox 2272 1636 3864 1711; baseline 0.005 -20"><span class='ocrx_word' id='word_1_561' title='bbox 2272 1636 2457 1692; x_wconf 89' lang='lat' dir='ltr'><strong><em>nitudo</em></strong></span> <span class='ocrx_word' id='word_1_562' title='bbox 2482 1655 2494 1690; x_wconf 88' lang='lat'><strong>:</strong></span> <span class='ocrx_word' id='word_1_563' title='bbox 2519 1637 2588 1692; x_wconf 91' lang='lat' dir='ltr'><strong><em>ita</em></strong></span> <span class='ocrx_word' id='word_1_564' title='bbox 2615 1637 2758 1692; x_wconf 87' lang='lat' dir='ltr'><strong><em>enim</em></strong></span> <span class='ocrx_word' id='word_1_565' title='bbox 2782 1648 2992 1709; x_wconf 85' lang='lat' dir='ltr'><strong><em>oportet</em></strong></span> <span class='ocrx_word' id='word_1_566' title='bbox 3013 1639 3258 1706; x_wconf 85' lang='lat' dir='ltr'><strong><em>credere,</em></strong></span> <span class='ocrx_word' id='word_1_567' title='bbox 3291 1649 3346 1695; x_wconf 90' lang='lat' dir='ltr'><strong><em>ut</em></strong></span> <span class='ocrx_word' id='word_1_568' title='bbox 3369 1640 3436 1695; x_wconf 91' lang='lat' dir='ltr'><strong><em>de</em></strong></span> <span class='ocrx_word' id='word_1_569' title='bbox 3464 1641 3783 1711; x_wconf 78' lang='lat' dir='ltr'><strong><em>visibilihus,</em></strong></span> <span class='ocrx_word' id='word_1_570' title='bbox 3807 1655 3864 1699; x_wconf 83' lang='lat' dir='ltr'><strong><em>et</em></strong></span> 
     </span>
    </p>
   </div>
   <div class='ocr_carea' id='block_1_73' title="bbox 2273 1729 3864 1801">
    <p class='ocr_par' dir='ltr' id='par_1_73' title="bbox 2273 1729 3864 1801">
     <span class='ocr_line' id='line_1_73' title="bbox 2273 1729 3864 1801; baseline 0.006 -20"><span class='ocrx_word' id='word_1_571' title='bbox 2273 1729 2444 1783; x_wconf 90' lang='lat' dir='ltr'><strong><em>multo</em></strong></span> <span class='ocrx_word' id='word_1_572' title='bbox 2479 1730 2730 1798; x_wconf 89' lang='lat' dir='ltr'><strong><em>amplius.</em></strong></span> <span class='ocrx_word' id='word_1_573' title='bbox 2758 1729 2892 1784; x_wconf 88' lang='lat' dir='ltr'><strong><em>Nam</em></strong></span> <span class='ocrx_word' id='word_1_574' title='bbox 2930 1730 3017 1784; x_wconf 91' lang='lat' dir='ltr'><strong><em>hic</em></strong></span> <span class='ocrx_word' id='word_1_575' title='bbox 3044 1730 3264 1800; x_wconf 89' lang='lat' dir='ltr'><strong><em>quidem</em></strong></span> <span class='ocrx_word' id='word_1_576' title='bbox 3305 1731 3472 1786; x_wconf 89' lang='lat' dir='ltr'><strong><em>errari</em></strong></span> <span class='ocrx_word' id='word_1_577' title='bbox 3508 1741 3683 1801; x_wconf 82' lang='lat' dir='ltr'><strong><em>potest</em></strong></span> <span class='ocrx_word' id='word_1_578' title='bbox 3711 1736 3760 1788; x_wconf 88' lang='lat' dir='ltr'><strong><em>in</em></strong></span> <span class='ocrx_word' id='word_1_579' title='bbox 3797 1737 3864 1792; x_wconf 86' lang='lat' dir='ltr'><strong><em>iis</em></strong></span> 
     </span>
    </p>
   </div>
   <div class='ocr_carea' id='block_1_74' title="bbox 2269 1821 3860 1897">
    <p class='ocr_par' dir='ltr' id='par_1_74' title="bbox 2269 1821 3860 1897">
     <span class='ocr_line' id='line_1_74' title="bbox 2269 1821 3860 1897; baseline 0.005 -22"><span class='ocrx_word' id='word_1_580' title='bbox 2269 1836 2389 1893; x_wconf 73' lang='lat' dir='ltr'><strong><em>qua:</em></strong></span> <span class='ocrx_word' id='word_1_581' title='bbox 2435 1821 2702 1888; x_wconf 89' lang='lat' dir='ltr'><strong><em>videntur,</em></strong></span> <span class='ocrx_word' id='word_1_582' title='bbox 2748 1822 2859 1878; x_wconf 90' lang='lat' dir='ltr'><strong><em>illic</em></strong></span> <span class='ocrx_word' id='word_1_583' title='bbox 2897 1833 3073 1878; x_wconf 84' lang='lat' dir='ltr'><strong><em>autem</em></strong></span> <span class='ocrx_word' id='word_1_584' title='bbox 3115 1838 3452 1892; x_wconf 87' lang='lat' dir='ltr'><strong><em>nequaquam</em></strong></span> <span class='ocrx_word' id='word_1_585' title='bbox 3485 1842 3498 1879; x_wconf 91' lang='lat'><strong>:</strong></span> <span class='ocrx_word' id='word_1_586' title='bbox 3531 1825 3613 1880; x_wconf 87' lang='lat' dir='ltr'><strong><em>hic</em></strong></span> <span class='ocrx_word' id='word_1_587' title='bbox 3643 1828 3860 1897; x_wconf 85' lang='lat' dir='ltr'><strong><em>quidem</em></strong></span> 
     </span>
    </p>
   </div>
   <div class='ocr_carea' id='block_1_75' title="bbox 2269 1915 3863 1985">
    <p class='ocr_par' dir='ltr' id='par_1_75' title="bbox 2269 1915 3863 1985">
     <span class='ocr_line' id='line_1_75' title="bbox 2269 1915 3863 1985; baseline 0.004 -17"><span class='ocrx_word' id='word_1_588' title='bbox 2269 1915 2452 1969; x_wconf 90' lang='lat' dir='ltr'><strong><em>sensui</em></strong></span> <span class='ocrx_word' id='word_1_589' title='bbox 2484 1916 2870 1984; x_wconf 85' lang='lat' dir='ltr'><strong><em>permittimus,</em></strong></span> <span class='ocrx_word' id='word_1_590' title='bbox 2905 1915 3013 1970; x_wconf 92' lang='lat' dir='ltr'><strong><em>illic</em></strong></span> <span class='ocrx_word' id='word_1_591' title='bbox 3042 1931 3173 1970; x_wconf 88' lang='lat' dir='ltr'><strong><em>vero</em></strong></span> <span class='ocrx_word' id='word_1_592' title='bbox 3200 1915 3434 1984; x_wconf 90' lang='lat' dir='ltr'><strong><em>spiritui.</em></strong></span> <span class='ocrx_word' id='word_1_593' title='bbox 3467 1917 3672 1985; x_wconf 78' lang='lat' dir='ltr'><strong><em>Aspersi</em></strong></span> <span class='ocrx_word' id='word_1_594' title='bbox 3701 1922 3863 1975; x_wconf 86' lang='lat' dir='ltr'><strong><em>corda</em></strong></span> 
     </span>
    </p>
   </div>
   <div class='ocr_carea' id='block_1_76' title="bbox 2267 2005 3861 2078">
    <p class='ocr_par' dir='ltr' id='par_1_76' title="bbox 2267 2005 3861 2078">
     <span class='ocr_line' id='line_1_76' title="bbox 2267 2005 3861 2078; baseline 0.004 -19"><span class='ocrx_word' id='word_1_595' title='bbox 2267 2021 2299 2059; x_wconf 93' lang='lat' dir='ltr'><strong><em>a</em></strong></span> <span class='ocrx_word' id='word_1_596' title='bbox 2334 2006 2639 2060; x_wconf 88' lang='lat' dir='ltr'><strong><em>conscientia</em></strong></span> <span class='ocrx_word' id='word_1_597' title='bbox 2680 2006 2837 2062; x_wconf 89' lang='lat' dir='ltr'><strong><em>mala.</em></strong></span> <span class='ocrx_word' id='word_1_598' title='bbox 2867 2005 3113 2062; x_wconf 86' lang='lat' dir='ltr'><strong><em>Ostendit</em></strong></span> <span class='ocrx_word' id='word_1_599' title='bbox 3143 2005 3252 2071; x_wconf 90' lang='lat' dir='ltr'><strong><em>hic,</em></strong></span> <span class='ocrx_word' id='word_1_600' title='bbox 3285 2007 3426 2078; x_wconf 86' lang='lat' dir='ltr'><strong><em>quod</em></strong></span> <span class='ocrx_word' id='word_1_601' title='bbox 3455 2023 3560 2061; x_wconf 88' lang='lat' dir='ltr'><strong><em>non</em></strong></span> <span class='ocrx_word' id='word_1_602' title='bbox 3592 2010 3766 2064; x_wconf 87' lang='lat' dir='ltr'><strong><em>solum</em></strong></span> <span class='ocrx_word' id='word_1_603' title='bbox 3798 2013 3861 2065; x_wconf 82' lang='lat' dir='ltr'><strong><em>ii-</em></strong></span> 
     </span>
    </p>
   </div>
   <div class='ocr_carea' id='block_1_77' title="bbox 2267 2095 3863 2170">
    <p class='ocr_par' dir='ltr' id='par_1_77' title="bbox 2267 2095 3863 2170">
     <span class='ocr_line' id='line_1_77' title="bbox 2267 2095 3863 2170; baseline 0.003 -18"><span class='ocrx_word' id='word_1_604' title='bbox 2267 2095 2381 2163; x_wconf 86' lang='lat' dir='ltr'><strong><em>des,</em></strong></span> <span class='ocrx_word' id='word_1_605' title='bbox 2418 2097 2515 2153; x_wconf 90' lang='lat' dir='ltr'><strong><em>sed</em></strong></span> <span class='ocrx_word' id='word_1_606' title='bbox 2561 2097 2666 2153; x_wconf 89' lang='lat' dir='ltr'><strong><em>vita</em></strong></span> <span class='ocrx_word' id='word_1_607' title='bbox 2704 2114 2919 2169; x_wconf 89' lang='lat' dir='ltr'><strong><em>quoque</em></strong></span> <span class='ocrx_word' id='word_1_608' title='bbox 2947 2111 3068 2152; x_wconf 92' lang='lat' dir='ltr'><strong><em>cum</em></strong></span> <span class='ocrx_word' id='word_1_609' title='bbox 3112 2099 3311 2154; x_wconf 90' lang='lat' dir='ltr'><strong><em>virtute</em></strong></span> <span class='ocrx_word' id='word_1_610' title='bbox 3353 2101 3629 2170; x_wconf 63' lang='lat' dir='ltr'><strong><em>quaeritur,</em></strong></span> <span class='ocrx_word' id='word_1_611' title='bbox 3672 2111 3726 2156; x_wconf 89' lang='lat' dir='ltr'><strong><em>et</em></strong></span> <span class='ocrx_word' id='word_1_612' title='bbox 3755 2103 3863 2158; x_wconf 86' lang='lat' dir='ltr'><strong><em>sibi</em></strong></span> 
     </span>
    </p>
   </div>
   <div class='ocr_carea' id='block_1_78' title="bbox 2268 2189 3863 2250">
    <p class='ocr_par' dir='ltr' id='par_1_78' title="bbox 2268 2189 3863 2250">
     <span class='ocr_line' id='line_1_78' title="bbox 2268 2189 3863 2250; baseline 0.004 -7"><span class='ocrx_word' id='word_1_613' title='bbox 2268 2189 2469 2244; x_wconf 75' lang='lat' dir='ltr'><strong><em>nullius</em></strong></span> <span class='ocrx_word' id='word_1_614' title='bbox 2511 2189 2589 2246; x_wconf 89' lang='lat' dir='ltr'><strong><em>rei</em></strong></span> <span class='ocrx_word' id='word_1_615' title='bbox 2637 2190 2793 2246; x_wconf 70' lang='lat' dir='ltr'><strong><em>mala:</em></strong></span> <span class='ocrx_word' id='word_1_616' title='bbox 2827 2205 2950 2247; x_wconf 88' lang='lat' dir='ltr'><strong><em>esse</em></strong></span> <span class='ocrx_word' id='word_1_617' title='bbox 2991 2191 3287 2246; x_wconf 88' lang='lat' dir='ltr'><strong><em>conscium.</em></strong></span> <span class='ocrx_word' id='word_1_618' title='bbox 3333 2190 3450 2247; x_wconf 88' lang='lat' dir='ltr'><strong><em>Non</em></strong></span> <span class='ocrx_word' id='word_1_619' title='bbox 3490 2192 3632 2248; x_wconf 91' lang='lat' dir='ltr'><strong><em>enim</em></strong></span> <span class='ocrx_word' id='word_1_620' title='bbox 3672 2203 3863 2250; x_wconf 88' lang='lat' dir='ltr'><strong><em>sancta</em></strong></span> 
     </span>
    </p>
   </div>
   <div class='ocr_carea' id='block_1_79' title="bbox 2265 2281 3860 2355">
    <p class='ocr_par' dir='ltr' id='par_1_79' title="bbox 2265 2281 3860 2355">
     <span class='ocr_line' id='line_1_79' title="bbox 2265 2281 3860 2355; baseline 0.003 -19"><span class='ocrx_word' id='word_1_621' title='bbox 2265 2283 2562 2352; x_wconf 90' lang='lat' dir='ltr'><strong><em>suscipiunt</em></strong></span> <span class='ocrx_word' id='word_1_622' title='bbox 2597 2297 2691 2338; x_wconf 91' lang='lat' dir='ltr'><strong><em>eos</em></strong></span> <span class='ocrx_word' id='word_1_623' title='bbox 2720 2281 2810 2353; x_wconf 88' lang='lat' dir='ltr'><strong><em>qui</em></strong></span> <span class='ocrx_word' id='word_1_624' title='bbox 2848 2297 2956 2337; x_wconf 89' lang='lat' dir='ltr'><strong><em>non</em></strong></span> <span class='ocrx_word' id='word_1_625' title='bbox 2987 2291 3111 2337; x_wconf 90' lang='lat' dir='ltr'><strong><em>sunt</em></strong></span> <span class='ocrx_word' id='word_1_626' title='bbox 3149 2282 3226 2337; x_wconf 91' lang='lat' dir='ltr'><strong><em>sic</em></strong></span> <span class='ocrx_word' id='word_1_627' title='bbox 3252 2281 3426 2338; x_wconf 80' lang='lat' dir='ltr'><strong><em>all‘ecti</em></strong></span> <span class='ocrx_word' id='word_1_628' title='bbox 3457 2299 3578 2338; x_wconf 91' lang='lat' dir='ltr'><strong><em>cum</em></strong></span> <span class='ocrx_word' id='word_1_629' title='bbox 3620 2284 3860 2355; x_wconf 86' lang='lat' dir='ltr'><strong><em>plenitu-</em></strong></span> 
     </span>
    </p>
   </div>
   <div class='ocr_carea' id='block_1_80' title="bbox 2265 2373 3863 2434">
    <p class='ocr_par' dir='ltr' id='par_1_80' title="bbox 2265 2373 3863 2434">
     <span class='ocr_line' id='line_1_80' title="bbox 2265 2373 3863 2434; baseline 0.003 -5"><span class='ocrx_word' id='word_1_630' title='bbox 2265 2373 2432 2430; x_wconf 90' lang='lat' dir='ltr'><strong><em>dine:</em></strong></span> <span class='ocrx_word' id='word_1_631' title='bbox 2475 2384 2599 2429; x_wconf 92' lang='lat' dir='ltr'><strong><em>sunt</em></strong></span> <span class='ocrx_word' id='word_1_632' title='bbox 2633 2375 2779 2429; x_wconf 85' lang='lat' dir='ltr'><strong><em>enim</em></strong></span> <span class='ocrx_word' id='word_1_633' title='bbox 2827 2383 3012 2429; x_wconf 89' lang='lat' dir='ltr'><strong><em>sancta</em></strong></span> <span class='ocrx_word' id='word_1_634' title='bbox 3055 2382 3109 2429; x_wconf 89' lang='lat' dir='ltr'><strong><em>et</em></strong></span> <span class='ocrx_word' id='word_1_635' title='bbox 3153 2384 3338 2429; x_wconf 88' lang='lat' dir='ltr'><strong><em>sancta</em></strong></span> <span class='ocrx_word' id='word_1_636' title='bbox 3382 2383 3713 2430; x_wconf 90' lang='lat' dir='ltr'><strong><em>sanctorum.</em></strong></span> <span class='ocrx_word' id='word_1_637' title='bbox 3755 2377 3863 2434; x_wconf 82' lang='lat' dir='ltr'><strong><em>llic</em></strong></span> 
     </span>
    </p>
   </div>
   <div class='ocr_carea' id='block_1_81' title="bbox 2267 2463 3862 2537">
    <p class='ocr_par' dir='ltr' id='par_1_81' title="bbox 2267 2463 3862 2537">
     <span class='ocr_line' id='line_1_81' title="bbox 2267 2463 3862 2537; baseline 0.001 -15"><span class='ocrx_word' id='word_1_638' title='bbox 2267 2481 2397 2537; x_wconf 85' lang='lat' dir='ltr'><strong><em>ergo</em></strong></span> <span class='ocrx_word' id='word_1_639' title='bbox 2443 2465 2604 2520; x_wconf 91' lang='lat' dir='ltr'><strong><em>homo</em></strong></span> <span class='ocrx_word' id='word_1_640' title='bbox 2651 2465 2828 2520; x_wconf 90' lang='lat' dir='ltr'><strong><em>nullus</em></strong></span> <span class='ocrx_word' id='word_1_641' title='bbox 2874 2465 3039 2519; x_wconf 87' lang='lat' dir='ltr'><strong><em>intrat</em></strong></span> <span class='ocrx_word' id='word_1_642' title='bbox 3081 2463 3357 2534; x_wconf 82' lang='lat' dir='ltr'><strong><em>profanus.</em></strong></span> <span class='ocrx_word' id='word_1_643' title='bbox 3403 2464 3485 2518; x_wconf 88' lang='lat' dir='ltr'><strong><em>illi</em></strong></span> <span class='ocrx_word' id='word_1_644' title='bbox 3526 2466 3579 2519; x_wconf 92' lang='lat' dir='ltr'><strong><em>in</em></strong></span> <span class='ocrx_word' id='word_1_645' title='bbox 3629 2481 3862 2537; x_wconf 87' lang='lat' dir='ltr'><strong><em>corpore</em></strong></span> 
     </span>
    </p>
   </div>
   <div class='ocr_carea' id='block_1_82' title="bbox 2263 2556 3858 2628">
    <p class='ocr_par' dir='ltr' id='par_1_82' title="bbox 2263 2556 3858 2628">
     <span class='ocr_line' id='line_1_82' title="bbox 2263 2556 3858 2628; baseline 0.001 -15"><span class='ocrx_word' id='word_1_646' title='bbox 2263 2558 2708 2628; x_wconf 74' lang='lat' dir='ltr'><strong><em>aspergebantur,</em></strong></span> <span class='ocrx_word' id='word_1_647' title='bbox 2740 2571 2841 2612; x_wconf 90' lang='lat' dir='ltr'><strong><em>nos</em></strong></span> <span class='ocrx_word' id='word_1_648' title='bbox 2867 2557 2920 2612; x_wconf 91' lang='lat' dir='ltr'><strong><em>in</em></strong></span> <span class='ocrx_word' id='word_1_649' title='bbox 2949 2556 3063 2627; x_wconf 90' lang='lat' dir='ltr'><strong><em>ipsa</em></strong></span> <span class='ocrx_word' id='word_1_650' title='bbox 3089 2556 3419 2612; x_wconf 89' lang='lat' dir='ltr'><strong><em>conscientia</em></strong></span> <span class='ocrx_word' id='word_1_651' title='bbox 3456 2575 3468 2610; x_wconf 94' lang='lat'>:</span> <span class='ocrx_word' id='word_1_652' title='bbox 3502 2559 3858 2628; x_wconf 86' lang='lat' dir='ltr'><strong><em>quamobrem</em></strong></span> 
     </span>
    </p>
   </div>
   <div class='ocr_carea' id='block_1_83' title="bbox 2265 2647 3860 2719">
    <p class='ocr_par' dir='ltr' id='par_1_83' title="bbox 2265 2647 3860 2719">
     <span class='ocr_line' id='line_1_83' title="bbox 2265 2647 3860 2719; baseline 0 -15"><span class='ocrx_word' id='word_1_653' title='bbox 2265 2663 2409 2705; x_wconf 89' lang='lat' dir='ltr'><strong><em>nunc</em></strong></span> <span class='ocrx_word' id='word_1_654' title='bbox 2457 2663 2671 2719; x_wconf 89' lang='lat' dir='ltr'><strong><em>quoque</em></strong></span> <span class='ocrx_word' id='word_1_655' title='bbox 2720 2647 2845 2703; x_wconf 87' lang='lat' dir='ltr'><strong><em>licet</em></strong></span> <span class='ocrx_word' id='word_1_656' title='bbox 2896 2647 3010 2718; x_wconf 89' lang='lat' dir='ltr'><strong><em>ipsa</em></strong></span> <span class='ocrx_word' id='word_1_657' title='bbox 3067 2647 3281 2718; x_wconf 81' lang='lat' dir='ltr'><strong><em>aspergi</em></strong></span> <span class='ocrx_word' id='word_1_658' title='bbox 3339 2648 3556 2703; x_wconf 89' lang='lat' dir='ltr'><strong><em>virtute.</em></strong></span> <span class='ocrx_word' id='word_1_659' title='bbox 3589 2648 3656 2702; x_wconf 84' lang='lat' dir='ltr'><strong><em>Et</em></strong></span> <span class='ocrx_word' id='word_1_660' title='bbox 3693 2649 3860 2704; x_wconf 85' lang='lat' dir='ltr'><strong><em>ablati</em></strong></span> 
     </span>
    </p>
   </div>
   <div class='ocr_carea' id='block_1_84' title="bbox 2263 2738 3862 2812">
    <p class='ocr_par' dir='ltr' id='par_1_84' title="bbox 2263 2738 3862 2812">
     <span class='ocr_line' id='line_1_84' title="bbox 2263 2738 3862 2812; baseline 0 -15"><span class='ocrx_word' id='word_1_661' title='bbox 2263 2757 2448 2811; x_wconf 85' lang='lat' dir='ltr'><strong><em>corpus</em></strong></span> <span class='ocrx_word' id='word_1_662' title='bbox 2474 2757 2606 2812; x_wconf 90' lang='lat' dir='ltr'><strong><em>aqua</em></strong></span> <span class='ocrx_word' id='word_1_663' title='bbox 2627 2741 2836 2795; x_wconf 88' lang='lat' dir='ltr'><strong><em>munda.</em></strong></span> <span class='ocrx_word' id='word_1_664' title='bbox 2858 2738 3154 2794; x_wconf 85' lang='lat' dir='ltr'><strong><em>Lavacrum</em></strong></span> <span class='ocrx_word' id='word_1_665' title='bbox 3177 2740 3304 2794; x_wconf 89' lang='lat' dir='ltr'><strong><em>dicit</em></strong></span> <span class='ocrx_word' id='word_1_666' title='bbox 3326 2755 3431 2794; x_wconf 90' lang='lat' dir='ltr'><strong><em>non</em></strong></span> <span class='ocrx_word' id='word_1_667' title='bbox 3463 2740 3605 2810; x_wconf 90' lang='lat' dir='ltr'><strong><em>quod</em></strong></span> <span class='ocrx_word' id='word_1_668' title='bbox 3634 2741 3862 2799; x_wconf 85' lang='lat' dir='ltr'><strong><em>mundat</em></strong></span> 
     </span>
    </p>
   </div>
   <div class='ocr_carea' id='block_1_85' title="bbox 2263 2828 3856 2903">
    <p class='ocr_par' dir='ltr' id='par_1_85' title="bbox 2263 2828 3856 2903">
     <span class='ocr_line' id='line_1_85' title="bbox 2263 2828 3856 2903; baseline 0 -16"><span class='ocrx_word' id='word_1_669' title='bbox 2263 2846 2512 2903; x_wconf 90' lang='lat' dir='ltr'><strong><em>corpora,</em></strong></span> <span class='ocrx_word' id='word_1_670' title='bbox 2549 2830 2642 2886; x_wconf 91' lang='lat' dir='ltr'><strong><em>sed</em></strong></span> <span class='ocrx_word' id='word_1_671' title='bbox 2687 2831 2941 2885; x_wconf 91' lang='lat' dir='ltr'><strong><em>animam.</em></strong></span> <span class='ocrx_word' id='word_1_672' title='bbox 2971 2828 3169 2884; x_wconf 84' lang='lat' dir='ltr'><strong><em>Fidelis</em></strong></span> <span class='ocrx_word' id='word_1_673' title='bbox 3206 2831 3338 2885; x_wconf 86' lang='lat' dir='ltr'><strong><em>enim</em></strong></span> <span class='ocrx_word' id='word_1_674' title='bbox 3370 2839 3444 2884; x_wconf 89' lang='lat' dir='ltr'><strong><em>est</em></strong></span> <span class='ocrx_word' id='word_1_675' title='bbox 3478 2831 3564 2901; x_wconf 89' lang='lat' dir='ltr'><strong><em>qui</em></strong></span> <span class='ocrx_word' id='word_1_676' title='bbox 3601 2832 3856 2902; x_wconf 83' lang='lat' dir='ltr'><strong><em>promisit.</em></strong></span> 
     </span>
    </p>
   </div>
   <div class='ocr_carea' id='block_1_86' title="bbox 2265 2920 3861 2993">
    <p class='ocr_par' dir='ltr' id='par_1_86' title="bbox 2265 2920 3861 2993">
     <span class='ocr_line' id='line_1_86' title="bbox 2265 2920 3861 2993; baseline -0.001 -13"><span class='ocrx_word' id='word_1_677' title='bbox 2265 2925 2530 2993; x_wconf 88' lang='lat' dir='ltr'><strong><em>Quidnam</em></strong></span> <span class='ocrx_word' id='word_1_678' title='bbox 2581 2938 2712 2978; x_wconf 89' lang='lat' dir='ltr'><strong><em>vero</em></strong></span> <span class='ocrx_word' id='word_1_679' title='bbox 2765 2920 3091 2992; x_wconf 89' lang='lat' dir='ltr'><strong><em>promittens</em></strong></span> <span class='ocrx_word' id='word_1_680' title='bbox 3138 2929 3223 2976; x_wconf 92' lang='lat' dir='ltr'><strong><em>est</em></strong></span> <span class='ocrx_word' id='word_1_681' title='bbox 3267 2921 3494 2977; x_wconf 87' lang='lat' dir='ltr'><strong><em>ﬁdelis?</em></strong></span> <span class='ocrx_word' id='word_1_682' title='bbox 3541 2921 3695 2990; x_wconf 90' lang='lat' dir='ltr'><strong><em>Quod</em></strong></span> <span class='ocrx_word' id='word_1_683' title='bbox 3741 2922 3861 2978; x_wconf 91' lang='lat' dir='ltr'><strong><em>illic</em></strong></span> 
     </span>
    </p>
   </div>
   <div class='ocr_carea' id='block_1_87' title="bbox 2261 3016 3864 3090">
    <p class='ocr_par' dir='ltr' id='par_1_87' title="bbox 2261 3016 3864 3090">
     <span class='ocr_line' id='line_1_87' title="bbox 2261 3016 3864 3090; baseline 0.001 -18"><span class='ocrx_word' id='word_1_684' title='bbox 2261 3027 2474 3089; x_wconf 85' lang='lat' dir='ltr'><strong><em>oportet</em></strong></span> <span class='ocrx_word' id='word_1_685' title='bbox 2492 3017 2774 3085; x_wconf 87' lang='lat' dir='ltr'><strong><em>decedere,</em></strong></span> <span class='ocrx_word' id='word_1_686' title='bbox 2793 3027 2850 3074; x_wconf 86' lang='lat' dir='ltr'><strong><em>et</em></strong></span> <span class='ocrx_word' id='word_1_687' title='bbox 2864 3033 3087 3090; x_wconf 82' lang='lat' dir='ltr'><strong><em>regnum</em></strong></span> <span class='ocrx_word' id='word_1_688' title='bbox 3103 3017 3324 3074; x_wconf 86' lang='lat' dir='ltr'><strong><em>intrare.</em></strong></span> <span class='ocrx_word' id='word_1_689' title='bbox 3342 3016 3484 3072; x_wconf 87' lang='lat' dir='ltr'><strong><em>Nihil</em></strong></span> <span class='ocrx_word' id='word_1_690' title='bbox 3505 3031 3632 3088; x_wconf 84' lang='lat' dir='ltr'><strong><em>ergo</em></strong></span> <span class='ocrx_word' id='word_1_691' title='bbox 3645 3017 3864 3073; x_wconf 87' lang='lat' dir='ltr'><strong><em>curiose</em></strong></span> 
     </span>
    </p>
   </div>
   <div class='ocr_carea' id='block_1_88' title="bbox 2267 3107 3861 3180">
    <p class='ocr_par' dir='ltr' id='par_1_88' title="bbox 2267 3107 3861 3180">
     <span class='ocr_line' id='line_1_88' title="bbox 2267 3107 3861 3180; baseline -0.003 -14"><span class='ocrx_word' id='word_1_692' title='bbox 2267 3120 2530 3176; x_wconf 86' lang='lat' dir='ltr'><strong><em>scrutare,</em></strong></span> <span class='ocrx_word' id='word_1_693' title='bbox 2551 3125 2726 3180; x_wconf 85' lang='lat' dir='ltr'><strong><em>neque</em></strong></span> <span class='ocrx_word' id='word_1_694' title='bbox 2746 3111 2982 3166; x_wconf 88' lang='lat' dir='ltr'><strong><em>rationes</em></strong></span> <span class='ocrx_word' id='word_1_695' title='bbox 3003 3110 3156 3180; x_wconf 80' lang='lat' dir='ltr'><strong><em>exige</em></strong></span> <span class='ocrx_word' id='word_1_696' title='bbox 3180 3126 3195 3164; x_wconf 90' lang='lat'>:</span> <span class='ocrx_word' id='word_1_697' title='bbox 3225 3125 3310 3164; x_wconf 88' lang='lat' dir='ltr'><strong><em>res</em></strong></span> <span class='ocrx_word' id='word_1_698' title='bbox 3338 3117 3534 3163; x_wconf 76' lang='lat' dir='ltr'><strong><em>nostra:</em></strong></span> <span class='ocrx_word' id='word_1_699' title='bbox 3556 3119 3712 3176; x_wconf 85' lang='lat' dir='ltr'><strong><em>egent</em></strong></span> <span class='ocrx_word' id='word_1_700' title='bbox 3732 3107 3861 3162; x_wconf 88' lang='lat' dir='ltr'><strong><em>ﬁde.</em></strong></span> 
     </span>
    </p>
   </div>
   <div class='ocr_carea' id='block_1_89' title="bbox 2266 3200 3864 3272">
    <p class='ocr_par' dir='ltr' id='par_1_89' title="bbox 2266 3200 3864 3272">
     <span class='ocr_line' id='line_1_89' title="bbox 2266 3200 3864 3272; baseline -0.002 -16"><span class='ocrx_word' id='word_1_701' title='bbox 2266 3201 2356 3257; x_wconf 66' lang='grc'>24.</span> <span class='ocrx_word' id='word_1_702' title='bbox 2387 3201 2452 3256; x_wconf 87' lang='lat' dir='ltr'><strong><em>Et</em></strong></span> <span class='ocrx_word' id='word_1_703' title='bbox 2479 3202 2872 3269; x_wconf 83' lang='lat' dir='ltr'><strong><em>consideremus,</em></strong></span> <span class='ocrx_word' id='word_1_704' title='bbox 2905 3201 3096 3272; x_wconf 90' lang='lat' dir='ltr'><strong><em>inquit,</em></strong></span> <span class='ocrx_word' id='word_1_705' title='bbox 3128 3201 3341 3254; x_wconf 85' lang='lat' dir='ltr'><strong><em>invicem</em></strong></span> <span class='ocrx_word' id='word_1_706' title='bbox 3370 3201 3424 3254; x_wconf 88' lang='lat' dir='ltr'><strong><em>in</em></strong></span> <span class='ocrx_word' id='word_1_707' title='bbox 3450 3200 3864 3271; x_wconf 70' lang='lat' dir='ltr'><strong><em>provocationem</em></strong></span> 
     </span>
    </p>
   </div>
   <div class='ocr_carea' id='block_1_90' title="bbox 2268 3289 3866 3362">
    <p class='ocr_par' dir='ltr' id='par_1_90' title="bbox 2268 3289 3866 3362">
     <span class='ocr_line' id='line_1_90' title="bbox 2268 3289 3866 3362; baseline -0.001 -17"><span class='ocrx_word' id='word_1_708' title='bbox 2268 3293 2498 3346; x_wconf 86' lang='lat' dir='ltr'><strong><em>caritatis</em></strong></span> <span class='ocrx_word' id='word_1_709' title='bbox 2524 3303 2574 3348; x_wconf 90' lang='lat' dir='ltr'><strong><em>et</em></strong></span> <span class='ocrx_word' id='word_1_710' title='bbox 2601 3293 2845 3347; x_wconf 90' lang='lat' dir='ltr'><strong><em>bonorum</em></strong></span> <span class='ocrx_word' id='word_1_711' title='bbox 2872 3308 3081 3362; x_wconf 89' lang='lat' dir='ltr'><strong><em>operum</em></strong></span> <span class='ocrx_word' id='word_1_712' title='bbox 3101 3333 3116 3360; x_wconf 88' lang='lat'><strong><em>,</em></strong></span> <span class='ocrx_word' id='word_1_713' title='bbox 3143 3290 3236 3346; x_wconf 58' lang='lat' dir='ltr'><strong><em>Q5.</em></strong></span> <span class='ocrx_word' id='word_1_714' title='bbox 3270 3307 3370 3345; x_wconf 89' lang='lat' dir='ltr'><strong><em>non</em></strong></span> <span class='ocrx_word' id='word_1_715' title='bbox 3399 3291 3680 3345; x_wconf 84' lang='lat' dir='ltr'><strong><em>deserentes</em></strong></span> <span class='ocrx_word' id='word_1_716' title='bbox 3707 3289 3866 3354; x_wconf 76' lang='lat' dir='ltr'><strong><em>colle-</em></strong></span> 
     </span>
    </p>
   </div>
   <div class='ocr_carea' id='block_1_91' title="bbox 2268 3380 3861 3450">
    <p class='ocr_par' dir='ltr' id='par_1_91' title="bbox 2268 3380 3861 3450">
     <span class='ocr_line' id='line_1_91' title="bbox 2268 3380 3861 3450; baseline -0.001 -14"><span class='ocrx_word' id='word_1_717' title='bbox 2268 3384 2482 3436; x_wconf 91' lang='lat' dir='ltr'><strong><em>ctionem</em></strong></span> <span class='ocrx_word' id='word_1_718' title='bbox 2521 3393 2781 3448; x_wconf 88' lang='lat' dir='ltr'><strong><em>nostram,</em></strong></span> <span class='ocrx_word' id='word_1_719' title='bbox 2824 3383 2953 3437; x_wconf 89' lang='lat' dir='ltr'><strong><em>sicut</em></strong></span> <span class='ocrx_word' id='word_1_720' title='bbox 2993 3381 3374 3436; x_wconf 83' lang='lat' dir='ltr'><strong><em>consuetudinis</em></strong></span> <span class='ocrx_word' id='word_1_721' title='bbox 3419 3389 3490 3436; x_wconf 85' lang='lat' dir='ltr'><strong><em>est</em></strong></span> <span class='ocrx_word' id='word_1_722' title='bbox 3532 3380 3861 3450; x_wconf 85' lang='lat' dir='ltr'><strong><em>quibusdam,</em></strong></span> 
     </span>
    </p>
   </div>
   <div class='ocr_carea' id='block_1_92' title="bbox 2269 3471 3866 3544">
    <p class='ocr_par' dir='ltr' id='par_1_92' title="bbox 2269 3471 3866 3544">
     <span class='ocr_line' id='line_1_92' title="bbox 2269 3471 3866 3544; baseline -0.003 -15"><span class='ocrx_word' id='word_1_723' title='bbox 2269 3475 2358 3530; x_wconf 89' lang='lat' dir='ltr'><strong><em>sed</em></strong></span> <span class='ocrx_word' id='word_1_724' title='bbox 2386 3477 2722 3541; x_wconf 88' lang='lat' dir='ltr'><strong><em>consolantes,</em></strong></span> <span class='ocrx_word' id='word_1_725' title='bbox 2756 3483 2803 3529; x_wconf 88' lang='lat' dir='ltr'><strong><em>et</em></strong></span> <span class='ocrx_word' id='word_1_726' title='bbox 2828 3483 2968 3528; x_wconf 90' lang='lat' dir='ltr'><strong><em>tanto</em></strong></span> <span class='ocrx_word' id='word_1_727' title='bbox 2999 3473 3181 3544; x_wconf 84' lang='lat' dir='ltr'><strong><em>magis,</em></strong></span> <span class='ocrx_word' id='word_1_728' title='bbox 3209 3482 3396 3544; x_wconf 88' lang='lat' dir='ltr'><strong><em>quanto</em></strong></span> <span class='ocrx_word' id='word_1_729' title='bbox 3419 3471 3642 3526; x_wconf 84' lang='lat' dir='ltr'><strong><em>videritis</em></strong></span> <span class='ocrx_word' id='word_1_730' title='bbox 3672 3487 3866 3541; x_wconf 87' lang='lat' dir='ltr'><strong><em>appro-</em></strong></span> 
     </span>
    </p>
   </div>
   <div class='ocr_carea' id='block_1_93' title="bbox 2271 3560 3865 3635">
    <p class='ocr_par' dir='ltr' id='par_1_93' title="bbox 2271 3560 3865 3635">
     <span class='ocr_line' id='line_1_93' title="bbox 2271 3560 3865 3635; baseline 0 -19"><span class='ocrx_word' id='word_1_731' title='bbox 2271 3567 2600 3635; x_wconf 85' lang='lat' dir='ltr'><strong><em>pinquantem</em></strong></span> <span class='ocrx_word' id='word_1_732' title='bbox 2641 3565 2794 3618; x_wconf 83' lang='lat' dir='ltr'><strong><em>diem.</em></strong></span> <span class='ocrx_word' id='word_1_733' title='bbox 2847 3563 2916 3618; x_wconf 87' lang='lat' dir='ltr'><strong><em>Et</em></strong></span> <span class='ocrx_word' id='word_1_734' title='bbox 2962 3577 3149 3618; x_wconf 88' lang='lat' dir='ltr'><strong><em>rursus</em></strong></span> <span class='ocrx_word' id='word_1_735' title='bbox 3194 3562 3322 3617; x_wconf 89' lang='lat' dir='ltr'><strong><em>alibi</em></strong></span> <span class='ocrx_word' id='word_1_736' title='bbox 3373 3562 3501 3617; x_wconf 90' lang='lat' dir='ltr'><strong><em>dicit</em></strong></span> <span class='ocrx_word' id='word_1_737' title='bbox 3545 3579 3561 3616; x_wconf 88' lang='lat'><strong>:</strong></span> <span class='ocrx_word' id='word_1_738' title='bbox 3607 3560 3865 3616; x_wconf 84' lang='lat' dir='ltr'><strong><em>Dominus</em></strong></span> 
     </span>
    </p>
   </div>
   <div class='ocr_carea' id='block_1_94' title="bbox 2273 3649 3867 3727">
    <p class='ocr_par' dir='ltr' id='par_1_94' title="bbox 2273 3649 3867 3727">
     <span class='ocr_line' id='line_1_94' title="bbox 2273 3649 3867 3727; baseline -0.003 -18"><span class='ocrx_word' id='word_1_739' title='bbox 2273 3672 2430 3727; x_wconf 82' lang='lat' dir='ltr'><strong><em>prope</em></strong></span> <span class='ocrx_word' id='word_1_740' title='bbox 2449 3666 2558 3711; x_wconf 85' lang='lat' dir='ltr'><strong><em>est:</em></strong></span> <span class='ocrx_word' id='word_1_741' title='bbox 2581 3656 2711 3710; x_wconf 84' lang='lat' dir='ltr'><strong><em>nihil</em></strong></span> <span class='ocrx_word' id='word_1_742' title='bbox 2739 3654 2944 3710; x_wconf 84' lang='lat' dir='ltr'><strong><em>solliciti</em></strong></span> <span class='ocrx_word' id='word_1_743' title='bbox 2972 3654 3083 3708; x_wconf 88' lang='lat' dir='ltr'><strong><em>sitis</em></strong></span> <span class='ocrx_word' id='word_1_744' title='bbox 3113 3651 3382 3725; x_wconf 78' lang='lat' dir='ltr'><strong><em>(Philipp.</em></strong></span> <span class='ocrx_word' id='word_1_745' title='bbox 3415 3653 3470 3706; x_wconf 77' lang='grc'>4.</span> <span class='ocrx_word' id='word_1_746' title='bbox 3504 3652 3558 3708; x_wconf 84' lang='grc'><strong><em>5.</em></strong></span> <span class='ocrx_word' id='word_1_747' title='bbox 3587 3651 3674 3722; x_wconf 81' lang='grc' dir='ltr'><strong><em>ϐ).</em></strong></span> <span class='ocrx_word' id='word_1_748' title='bbox 3709 3649 3867 3705; x_wconf 85' lang='lat' dir='ltr'><strong><em>Nunc</em></strong></span> 
     </span>
    </p>
   </div>
   <div class='ocr_carea' id='block_1_95' title="bbox 2271 3741 3870 3817">
    <p class='ocr_par' dir='ltr' id='par_1_95' title="bbox 2271 3741 3870 3817">
     <span class='ocr_line' id='line_1_95' title="bbox 2271 3741 3870 3817; baseline -0.001 -17"><span class='ocrx_word' id='word_1_749' title='bbox 2271 3747 2402 3800; x_wconf 88' lang='lat' dir='ltr'><strong><em>enim</em></strong></span> <span class='ocrx_word' id='word_1_750' title='bbox 2443 3747 2774 3817; x_wconf 85' lang='lat' dir='ltr'><strong><em>propinquior</em></strong></span> <span class='ocrx_word' id='word_1_751' title='bbox 2807 3754 2883 3799; x_wconf 88' lang='lat' dir='ltr'><strong><em>est</em></strong></span> <span class='ocrx_word' id='word_1_752' title='bbox 2921 3753 3094 3799; x_wconf 83' lang='lat' dir='ltr'><strong><em>nostra</em></strong></span> <span class='ocrx_word' id='word_1_753' title='bbox 3117 3745 3296 3810; x_wconf 88' lang='lat' dir='ltr'><strong><em>salus;</em></strong></span> <span class='ocrx_word' id='word_1_754' title='bbox 3323 3752 3377 3798; x_wconf 90' lang='lat' dir='ltr'><strong><em>et</em></strong></span> <span class='ocrx_word' id='word_1_755' title='bbox 3400 3757 3608 3810; x_wconf 91' lang='lat' dir='ltr'><strong><em>rursus,</em></strong></span> <span class='ocrx_word' id='word_1_756' title='bbox 3638 3741 3870 3813; x_wconf 86' lang='lat' dir='ltr'><strong><em>Tempus</em></strong></span> 
     </span>
    </p>
   </div>
   <div class='ocr_carea' id='block_1_96' title="bbox 2272 3833 3871 3908">
    <p class='ocr_par' dir='ltr' id='par_1_96' title="bbox 2272 3833 3871 3908">
     <span class='ocr_line' id='line_1_96' title="bbox 2272 3833 3871 3908; baseline -0.001 -18"><span class='ocrx_word' id='word_1_757' title='bbox 2272 3836 2415 3891; x_wconf 81' lang='lat' dir='ltr'><strong><em>breve</em></strong></span> <span class='ocrx_word' id='word_1_758' title='bbox 2443 3847 2514 3891; x_wconf 85' lang='lat' dir='ltr'><strong><em>est</em></strong></span> <span class='ocrx_word' id='word_1_759' title='bbox 2539 3837 2613 3908; x_wconf 81' lang='lat' dir='ltr'><strong><em>(i.</em></strong></span> <span class='ocrx_word' id='word_1_760' title='bbox 2639 3836 2761 3891; x_wconf 85' lang='lat' dir='ltr'><strong><em>Cor.</em></strong></span> <span class='ocrx_word' id='word_1_761' title='bbox 2787 3836 2839 3891; x_wconf 87' lang='lat'><strong><em>7.</em></strong></span> <span class='ocrx_word' id='word_1_762' title='bbox 2863 3835 2978 3905; x_wconf 72' lang='lat'><strong><em>29).</em></strong></span> <span class='ocrx_word' id='word_1_763' title='bbox 3011 3833 3150 3901; x_wconf 88' lang='lat' dir='ltr'><strong><em>Quid</em></strong></span> <span class='ocrx_word' id='word_1_764' title='bbox 3171 3844 3277 3898; x_wconf 88' lang='lat' dir='ltr'><strong><em>est,</em></strong></span> <span class='ocrx_word' id='word_1_765' title='bbox 3300 3833 3422 3888; x_wconf 83' lang='lat' dir='ltr'><strong><em>Non</em></strong></span> <span class='ocrx_word' id='word_1_766' title='bbox 3443 3834 3721 3889; x_wconf 86' lang='lat' dir='ltr'><strong><em>deserentes</em></strong></span> <span class='ocrx_word' id='word_1_767' title='bbox 3744 3851 3871 3888; x_wconf 88' lang='lat' dir='ltr'><strong><em>con-</em></strong></span> 
     </span>
    </p>
   </div>
   <div class='ocr_carea' id='block_1_97' title="bbox 2272 3925 3870 3999">
    <p class='ocr_par' dir='ltr' id='par_1_97' title="bbox 2272 3925 3870 3999">
     <span class='ocr_line' id='line_1_97' title="bbox 2272 3925 3870 3999; baseline -0.002 -17"><span class='ocrx_word' id='word_1_768' title='bbox 2272 3929 2615 3999; x_wconf 87' lang='lat' dir='ltr'><strong><em>gregationem</em></strong></span> <span class='ocrx_word' id='word_1_769' title='bbox 2649 3937 2876 3982; x_wconf 87' lang='lat' dir='ltr'><strong><em>nostram</em></strong></span> <span class='ocrx_word' id='word_1_770' title='bbox 2899 3926 2925 3980; x_wconf 85' lang='lat'><strong><em>?</em></strong></span> <span class='ocrx_word' id='word_1_771' title='bbox 2961 3925 3120 3982; x_wconf 84' lang='lat' dir='ltr'><strong><em>Novit</em></strong></span> <span class='ocrx_word' id='word_1_772' title='bbox 3145 3941 3210 3980; x_wconf 86' lang='lat' dir='ltr'><strong><em>ex</em></strong></span> <span class='ocrx_word' id='word_1_773' title='bbox 3242 3935 3518 3980; x_wconf 87' lang='lat' dir='ltr'><strong><em>conventu</em></strong></span> <span class='ocrx_word' id='word_1_774' title='bbox 3547 3935 3600 3981; x_wconf 89' lang='lat' dir='ltr'><strong><em>et</em></strong></span> <span class='ocrx_word' id='word_1_775' title='bbox 3631 3941 3697 3980; x_wconf 82' lang='lat' dir='ltr'><strong><em>ex</em></strong></span> <span class='ocrx_word' id='word_1_776' title='bbox 3727 3940 3870 3980; x_wconf 84' lang='lat' dir='ltr'><strong><em>con-</em></strong></span> 
     </span>
    </p>
   </div>
   <div class='ocr_carea' id='block_1_98' title="bbox 2273 4014 3868 4091">
    <p class='ocr_par' dir='ltr' id='par_1_98' title="bbox 2273 4014 3868 4091">
     <span class='ocr_line' id='line_1_98' title="bbox 2273 4014 3868 4091; baseline -0.004 -17"><span class='ocrx_word' id='word_1_777' title='bbox 2273 4019 2586 4091; x_wconf 83' lang='lat' dir='ltr'><strong><em>grcgatinne</em></strong></span> <span class='ocrx_word' id='word_1_778' title='bbox 2614 4017 2837 4073; x_wconf 90' lang='lat' dir='ltr'><strong><em>multam</em></strong></span> <span class='ocrx_word' id='word_1_779' title='bbox 2867 4030 2988 4072; x_wconf 87' lang='lat' dir='ltr'><strong><em>esse</em></strong></span> <span class='ocrx_word' id='word_1_780' title='bbox 3013 4016 3144 4070; x_wconf 92' lang='lat' dir='ltr'><strong><em>vim.</em></strong></span> <span class='ocrx_word' id='word_1_781' title='bbox 3181 4014 3278 4070; x_wconf 85' lang='lat' dir='ltr'><strong><em>Ubi</em></strong></span> <span class='ocrx_word' id='word_1_782' title='bbox 3308 4015 3443 4069; x_wconf 91' lang='lat' dir='ltr'><strong><em>enim</em></strong></span> <span class='ocrx_word' id='word_1_783' title='bbox 3465 4025 3618 4082; x_wconf 87' lang='lat' dir='ltr'><strong><em>sunt,</em></strong></span> <span class='ocrx_word' id='word_1_784' title='bbox 3649 4015 3826 4085; x_wconf 89' lang='lat' dir='ltr'><strong><em>inquit</em></strong></span> <span class='ocrx_word' id='word_1_785' title='bbox 3851 4058 3868 4083; x_wconf 84' lang='lat'><strong><em>,</em></strong></span> 
     </span>
    </p>
   </div>
   <div class='ocr_carea' id='block_1_99' title="bbox 2273 4107 3874 4179">
    <p class='ocr_par' dir='ltr' id='par_1_99' title="bbox 2273 4107 3874 4179">
     <span class='ocr_line' id='line_1_99' title="bbox 2273 4107 3874 4179; baseline -0.004 -14"><span class='ocrx_word' id='word_1_786' title='bbox 2273 4112 2375 4165; x_wconf 90' lang='lat' dir='ltr'><strong><em>duo</em></strong></span> <span class='ocrx_word' id='word_1_787' title='bbox 2406 4120 2494 4164; x_wconf 90' lang='lat' dir='ltr'><strong><em>aut</em></strong></span> <span class='ocrx_word' id='word_1_788' title='bbox 2546 4119 2646 4164; x_wconf 90' lang='lat' dir='ltr'><strong><em>tres</em></strong></span> <span class='ocrx_word' id='word_1_789' title='bbox 2683 4109 2972 4179; x_wconf 85' lang='lat' dir='ltr'><strong><em>congregati</em></strong></span> <span class='ocrx_word' id='word_1_790' title='bbox 3015 4107 3070 4161; x_wconf 89' lang='lat' dir='ltr'><strong><em>in</em></strong></span> <span class='ocrx_word' id='word_1_791' title='bbox 3099 4107 3304 4160; x_wconf 88' lang='lat' dir='ltr'><strong><em>nomine</em></strong></span> <span class='ocrx_word' id='word_1_792' title='bbox 3343 4122 3488 4170; x_wconf 89' lang='lat' dir='ltr'><strong><em>meo,</em></strong></span> <span class='ocrx_word' id='word_1_793' title='bbox 3529 4107 3634 4160; x_wconf 89' lang='lat' dir='ltr'><strong><em>illic</em></strong></span> <span class='ocrx_word' id='word_1_794' title='bbox 3671 4122 3786 4160; x_wconf 88' lang='lat' dir='ltr'><strong><em>sum</em></strong></span> <span class='ocrx_word' id='word_1_795' title='bbox 3816 4107 3874 4159; x_wconf 86' lang='lat' dir='ltr'><strong><em>in</em></strong></span> 
     </span>
    </p>
   </div>
   <div class='ocr_carea' id='block_1_100' title="bbox 2274 4196 3868 4274">
    <p class='ocr_par' dir='ltr' id='par_1_100' title="bbox 2274 4196 3868 4274">
     <span class='ocr_line' id='line_1_100' title="bbox 2274 4196 3868 4274; baseline -0.006 -15"><span class='ocrx_word' id='word_1_796' title='bbox 2274 4203 2440 4259; x_wconf 89' lang='lat' dir='ltr'><strong><em>medio</em></strong></span> <span class='ocrx_word' id='word_1_797' title='bbox 2466 4218 2638 4257; x_wconf 89' lang='lat' dir='ltr'><strong><em>eorum</em></strong></span> <span class='ocrx_word' id='word_1_798' title='bbox 2665 4200 2877 4274; x_wconf 82' lang='lat' dir='ltr'><strong><em>(Matth.</em></strong></span> <span class='ocrx_word' id='word_1_799' title='bbox 2897 4199 2988 4254; x_wconf 83' lang='grc'><strong><em>18.</em></strong></span> <span class='ocrx_word' id='word_1_800' title='bbox 3009 4197 3102 4270; x_wconf 76' lang='lat'><strong><em>20)</em></strong></span> <span class='ocrx_word' id='word_1_801' title='bbox 3129 4214 3143 4265; x_wconf 90' lang='lat'><strong>;</strong></span> <span class='ocrx_word' id='word_1_802' title='bbox 3167 4206 3222 4252; x_wconf 89' lang='lat' dir='ltr'><strong><em>et</em></strong></span> <span class='ocrx_word' id='word_1_803' title='bbox 3251 4212 3455 4263; x_wconf 88' lang='lat' dir='ltr'><strong><em>rursus,</em></strong></span> <span class='ocrx_word' id='word_1_804' title='bbox 3479 4196 3545 4252; x_wconf 89' lang='lat' dir='ltr'><strong><em>Ut</em></strong></span> <span class='ocrx_word' id='word_1_805' title='bbox 3566 4199 3664 4250; x_wconf 88' lang='lat' dir='ltr'><strong><em>sint</em></strong></span> <span class='ocrx_word' id='word_1_806' title='bbox 3686 4213 3868 4261; x_wconf 86' lang='lat' dir='ltr'><strong><em>unum,</em></strong></span> 
     </span>
    </p>
   </div>
   <div class='ocr_carea' id='block_1_101' title="bbox 2275 4288 3872 4364">
    <p class='ocr_par' dir='ltr' id='par_1_101' title="bbox 2275 4288 3872 4364">
     <span class='ocr_line' id='line_1_101' title="bbox 2275 4288 3872 4364; baseline -0.006 -12"><span class='ocrx_word' id='word_1_807' title='bbox 2275 4307 2330 4354; x_wconf 85' lang='lat' dir='ltr'><strong><em>ut</em></strong></span> <span class='ocrx_word' id='word_1_808' title='bbox 2359 4305 2406 4351; x_wconf 90' lang='lat' dir='ltr'><strong><em>et</em></strong></span> <span class='ocrx_word' id='word_1_809' title='bbox 2431 4312 2522 4351; x_wconf 92' lang='lat' dir='ltr'><strong><em>nos</em></strong></span> <span class='ocrx_word' id='word_1_810' title='bbox 2546 4311 2702 4349; x_wconf 87' lang='lat' dir='ltr'><strong><em>unum</em></strong></span> <span class='ocrx_word' id='word_1_811' title='bbox 2733 4309 2906 4348; x_wconf 88' lang='lat' dir='ltr'><strong><em>sumus</em></strong></span> <span class='ocrx_word' id='word_1_812' title='bbox 2932 4291 3111 4364; x_wconf 83' lang='lat' dir='ltr'><strong><em>(Joan.</em></strong></span> <span class='ocrx_word' id='word_1_813' title='bbox 3139 4291 3228 4346; x_wconf 81' lang='grc'><strong><em>17.</em></strong></span> <span class='ocrx_word' id='word_1_814' title='bbox 3261 4289 3349 4361; x_wconf 81' lang='lat' dir='ltr'><strong><em>ll)</em></strong></span> <span class='ocrx_word' id='word_1_815' title='bbox 3375 4305 3388 4355; x_wconf 90' lang='lat'>;</span> <span class='ocrx_word' id='word_1_816' title='bbox 3418 4298 3472 4344; x_wconf 91' lang='lat' dir='ltr'><strong><em>ct</em></strong></span> <span class='ocrx_word' id='word_1_817' title='bbox 3503 4291 3714 4355; x_wconf 87' lang='lat' dir='ltr'><strong><em>iterum,</em></strong></span> <span class='ocrx_word' id='word_1_818' title='bbox 3741 4288 3872 4342; x_wconf 86' lang='lat' dir='ltr'><strong><em>0m-</em></strong></span> 
     </span>
    </p>
   </div>
   <div class='ocr_carea' id='block_1_102' title="bbox 2275 4379 3873 4452">
    <p class='ocr_par' dir='ltr' id='par_1_102' title="bbox 2275 4379 3873 4452">
     <span class='ocr_line' id='line_1_102' title="bbox 2275 4379 3873 4452; baseline -0.004 -10"><span class='ocrx_word' id='word_1_819' title='bbox 2275 4390 2414 4444; x_wconf 90' lang='lat' dir='ltr'><strong><em>nium</em></strong></span> <span class='ocrx_word' id='word_1_820' title='bbox 2455 4396 2564 4442; x_wconf 90' lang='lat' dir='ltr'><strong><em>erat</em></strong></span> <span class='ocrx_word' id='word_1_821' title='bbox 2598 4387 2770 4439; x_wconf 90' lang='lat' dir='ltr'><strong><em>anima</em></strong></span> <span class='ocrx_word' id='word_1_822' title='bbox 2802 4400 2904 4438; x_wconf 85' lang='lat' dir='ltr'><strong><em>una</em></strong></span> <span class='ocrx_word' id='word_1_823' title='bbox 2930 4427 2944 4451; x_wconf 91' lang='lat'><strong><em>,</em></strong></span> <span class='ocrx_word' id='word_1_824' title='bbox 2977 4393 3023 4437; x_wconf 90' lang='lat' dir='ltr'><strong><em>et</em></strong></span> <span class='ocrx_word' id='word_1_825' title='bbox 3049 4398 3137 4437; x_wconf 90' lang='lat' dir='ltr'><strong><em>cor</em></strong></span> <span class='ocrx_word' id='word_1_826' title='bbox 3164 4397 3322 4436; x_wconf 87' lang='lat' dir='ltr'><strong><em>unum</em></strong></span> <span class='ocrx_word' id='word_1_827' title='bbox 3352 4381 3488 4451; x_wconf 87' lang='lat' dir='ltr'><strong><em>(Act.</em></strong></span> <span class='ocrx_word' id='word_1_828' title='bbox 3524 4381 3579 4436; x_wconf 75' lang='grc'>4.</span> <span class='ocrx_word' id='word_1_829' title='bbox 3609 4380 3724 4452; x_wconf 76' lang='lat'><strong><em>59.).</em></strong></span> <span class='ocrx_word' id='word_1_830' title='bbox 3748 4379 3873 4436; x_wconf 85' lang='lat' dir='ltr'><strong><em>Non</em></strong></span> 
     </span>
    </p>
   </div>
   <div class='ocr_carea' id='block_1_103' title="bbox 2277 4472 3874 4544">
    <p class='ocr_par' dir='ltr' id='par_1_103' title="bbox 2277 4472 3874 4544">
     <span class='ocr_line' id='line_1_103' title="bbox 2277 4472 3874 4544; baseline -0.005 -7"><span class='ocrx_word' id='word_1_831' title='bbox 2277 4483 2378 4537; x_wconf 88' lang='lat' dir='ltr'><strong><em>hoc</em></strong></span> <span class='ocrx_word' id='word_1_832' title='bbox 2404 4491 2581 4536; x_wconf 89' lang='lat' dir='ltr'><strong><em>autem</em></strong></span> <span class='ocrx_word' id='word_1_833' title='bbox 2612 4481 2787 4534; x_wconf 91' lang='lat' dir='ltr'><strong><em>solum</em></strong></span> <span class='ocrx_word' id='word_1_834' title='bbox 2809 4519 2824 4543; x_wconf 89' lang='lat'><strong><em>,</em></strong></span> <span class='ocrx_word' id='word_1_835' title='bbox 2859 4476 2955 4532; x_wconf 86' lang='lat' dir='ltr'><strong><em>sed</em></strong></span> <span class='ocrx_word' id='word_1_836' title='bbox 2995 4475 3157 4531; x_wconf 87' lang='lat' dir='ltr'><strong><em>etiam</em></strong></span> <span class='ocrx_word' id='word_1_837' title='bbox 3197 4472 3338 4544; x_wconf 90' lang='lat' dir='ltr'><strong><em>quod</em></strong></span> <span class='ocrx_word' id='word_1_838' title='bbox 3381 4483 3636 4544; x_wconf 79' lang='lat' dir='ltr'><strong><em>augeatur</em></strong></span> <span class='ocrx_word' id='word_1_839' title='bbox 3672 4473 3874 4529; x_wconf 85' lang='lat' dir='ltr'><strong><em>caritas</em></strong></span> 
     </span>
    </p>
   </div>
   <div class='ocr_carea' id='block_1_104' title="bbox 2275 4565 3874 4644">
    <p class='ocr_par' dir='ltr' id='par_1_104' title="bbox 2275 4565 3874 4644">
     <span class='ocr_line' id='line_1_104' title="bbox 2275 4565 3874 4644; baseline -0.005 -16"><span class='ocrx_word' id='word_1_840' title='bbox 2275 4589 2372 4644; x_wconf 89' lang='lat' dir='ltr'><strong><em>per</em></strong></span> <span class='ocrx_word' id='word_1_841' title='bbox 2399 4570 2875 4643; x_wconf 84' lang='lat' dir='ltr'><strong><em>congregationem</em></strong></span> <span class='ocrx_word' id='word_1_842' title='bbox 2909 4584 2923 4622; x_wconf 92' lang='lat'><strong>:</strong></span> <span class='ocrx_word' id='word_1_843' title='bbox 2954 4567 3000 4622; x_wconf 91' lang='lat' dir='ltr'><strong><em>si</em></strong></span> <span class='ocrx_word' id='word_1_844' title='bbox 3033 4577 3292 4636; x_wconf 83' lang='lat' dir='ltr'><strong><em>augeatur</em></strong></span> <span class='ocrx_word' id='word_1_845' title='bbox 3315 4574 3495 4620; x_wconf 90' lang='lat' dir='ltr'><strong><em>autem</em></strong></span> <span class='ocrx_word' id='word_1_846' title='bbox 3526 4565 3743 4630; x_wconf 88' lang='lat' dir='ltr'><strong><em>caritas,</em></strong></span> <span class='ocrx_word' id='word_1_847' title='bbox 3775 4582 3874 4620; x_wconf 89' lang='lat' dir='ltr'><strong><em>ne-</em></strong></span> 
     </span>
    </p>
   </div>
   <div class='ocr_carea' id='block_1_105' title="bbox 2275 4656 3871 4730">
    <p class='ocr_par' dir='ltr' id='par_1_105' title="bbox 2275 4656 3871 4730">
     <span class='ocr_line' id='line_1_105' title="bbox 2275 4656 3871 4730; baseline -0.007 -7"><span class='ocrx_word' id='word_1_848' title='bbox 2275 4682 2427 4722; x_wconf 85' lang='lat' dir='ltr'><strong><em>cesse</em></strong></span> <span class='ocrx_word' id='word_1_849' title='bbox 2455 4674 2537 4721; x_wconf 92' lang='lat' dir='ltr'><strong><em>cst</em></strong></span> <span class='ocrx_word' id='word_1_850' title='bbox 2577 4675 2633 4719; x_wconf 90' lang='lat' dir='ltr'><strong><em>ut</em></strong></span> <span class='ocrx_word' id='word_1_851' title='bbox 2674 4664 2834 4719; x_wconf 87' lang='lat' dir='ltr'><strong><em>etiam</em></strong></span> <span class='ocrx_word' id='word_1_852' title='bbox 2872 4667 3169 4730; x_wconf 80' lang='lat' dir='ltr'><strong><em>augeantur</em></strong></span> <span class='ocrx_word' id='word_1_853' title='bbox 3197 4673 3316 4728; x_wconf 73' lang='lat' dir='ltr'><strong><em>qua:</em></strong></span> <span class='ocrx_word' id='word_1_854' title='bbox 3341 4669 3467 4712; x_wconf 87' lang='lat' dir='ltr'><strong><em>sunt</em></strong></span> <span class='ocrx_word' id='word_1_855' title='bbox 3509 4657 3628 4713; x_wconf 88' lang='lat' dir='ltr'><strong><em>Dei.</em></strong></span> <span class='ocrx_word' id='word_1_856' title='bbox 3664 4656 3871 4726; x_wconf 82' lang='lat' dir='ltr'><strong><em>Oratio,</em></strong></span> 
     </span>
    </p>
   </div>
   <div class='ocr_carea' id='block_1_106' title="bbox 2276 4746 3872 4828">
    <p class='ocr_par' dir='ltr' id='par_1_106' title="bbox 2276 4746 3872 4828">
     <span class='ocr_line' id='line_1_106' title="bbox 2276 4746 3872 4828; baseline -0.008 -15"><span class='ocrx_word' id='word_1_857' title='bbox 2276 4758 2465 4828; x_wconf 90' lang='lat' dir='ltr'><strong><em>inquit,</em></strong></span> <span class='ocrx_word' id='word_1_858' title='bbox 2495 4755 2647 4827; x_wconf 72' lang='lat' dir='ltr'><strong><em>[iebat</em></strong></span> <span class='ocrx_word' id='word_1_859' title='bbox 2676 4754 2784 4808; x_wconf 87' lang='lat' dir='ltr'><strong><em>sine</em></strong></span> <span class='ocrx_word' id='word_1_860' title='bbox 2810 4748 3180 4806; x_wconf 84' lang='lat' dir='ltr'><strong><em>intermissione</em></strong></span> <span class='ocrx_word' id='word_1_861' title='bbox 3206 4764 3238 4801; x_wconf 91' lang='lat' dir='ltr'><strong><em>a</em></strong></span> <span class='ocrx_word' id='word_1_862' title='bbox 3263 4747 3455 4818; x_wconf 90' lang='lat' dir='ltr'><strong><em>populo</em></strong></span> <span class='ocrx_word' id='word_1_863' title='bbox 3483 4746 3622 4818; x_wconf 80' lang='lat' dir='ltr'><strong><em>(Act.</em></strong></span> <span class='ocrx_word' id='word_1_864' title='bbox 3665 4746 3754 4800; x_wconf 78' lang='grc'><strong><em>12.</em></strong></span> <span class='ocrx_word' id='word_1_865' title='bbox 3787 4746 3872 4818; x_wconf 86' lang='grc'><strong><em>5).</em></strong></span> 
     </span>
    </p>
   </div>
   <div class='ocr_carea' id='block_1_107' title="bbox 2284 4839 3876 4913">
    <p class='ocr_par' dir='ltr' id='par_1_107' title="bbox 2284 4839 3876 4913">
     <span class='ocr_line' id='line_1_107' title="bbox 2284 4839 3876 4913; baseline -0.006 -7"><span class='ocrx_word' id='word_1_866' title='bbox 2284 4851 2432 4906; x_wconf 89' lang='lat' dir='ltr'><strong><em>Sicut</em></strong></span> <span class='ocrx_word' id='word_1_867' title='bbox 2469 4845 2847 4904; x_wconf 87' lang='lat' dir='ltr'><strong><em>consuetudinis</em></strong></span> <span class='ocrx_word' id='word_1_868' title='bbox 2875 4851 2947 4898; x_wconf 84' lang='lat' dir='ltr'><strong><em>est</em></strong></span> <span class='ocrx_word' id='word_1_869' title='bbox 2971 4840 3295 4913; x_wconf 87' lang='lat' dir='ltr'><strong><em>quibusdam.</em></strong></span> <span class='ocrx_word' id='word_1_870' title='bbox 3325 4839 3424 4894; x_wconf 81' lang='lat' dir='ltr'><strong><em>llic</em></strong></span> <span class='ocrx_word' id='word_1_871' title='bbox 3450 4855 3556 4894; x_wconf 90' lang='lat' dir='ltr'><strong><em>non</em></strong></span> <span class='ocrx_word' id='word_1_872' title='bbox 3587 4839 3760 4894; x_wconf 89' lang='lat' dir='ltr'><strong><em>solum</em></strong></span> <span class='ocrx_word' id='word_1_873' title='bbox 3788 4850 3876 4896; x_wconf 83' lang='lat' dir='ltr'><strong><em>est</em></strong></span> 
     </span>
    </p>
   </div>
   <div class='ocr_carea' id='block_1_108' title="bbox 2278 4931 3872 5009">
    <p class='ocr_par' dir='ltr' id='par_1_108' title="bbox 2278 4931 3872 5009">
     <span class='ocr_line' id='line_1_108' title="bbox 2278 4931 3872 5009; baseline -0.005 -10"><span class='ocrx_word' id='word_1_874' title='bbox 2278 4943 2557 5009; x_wconf 85' lang='lat' dir='ltr'><strong><em>hortatus,</em></strong></span> <span class='ocrx_word' id='word_1_875' title='bbox 2608 4938 2703 4995; x_wconf 90' lang='lat' dir='ltr'><strong><em>sed</em></strong></span> <span class='ocrx_word' id='word_1_876' title='bbox 2747 4938 2910 4993; x_wconf 88' lang='lat' dir='ltr'><strong><em>etiam</em></strong></span> <span class='ocrx_word' id='word_1_877' title='bbox 2961 4931 3330 5008; x_wconf 89' lang='lat' dir='ltr'><strong><em>reprehendit.</em></strong></span> <span class='ocrx_word' id='word_1_878' title='bbox 3383 4932 3449 4987; x_wconf 86' lang='lat' dir='ltr'><strong><em>Et</em></strong></span> <span class='ocrx_word' id='word_1_879' title='bbox 3493 4933 3872 4991; x_wconf 87' lang='lat' dir='ltr'><strong><em>consideremus</em></strong></span> 
     </span>
    </p>
   </div>
   <div class='ocr_carea' id='block_1_109' title="bbox 2277 5024 3872 5105">
    <p class='ocr_par' dir='ltr' id='par_1_109' title="bbox 2277 5024 3872 5105">
     <span class='ocr_line' id='line_1_109' title="bbox 2277 5024 3872 5105; baseline -0.008 -12"><span class='ocrx_word' id='word_1_880' title='bbox 2277 5040 2486 5093; x_wconf 88' lang='lat' dir='ltr'><strong><em>invicem</em></strong></span> <span class='ocrx_word' id='word_1_881' title='bbox 2515 5037 2567 5089; x_wconf 89' lang='lat' dir='ltr'><strong><em>in</em></strong></span> <span class='ocrx_word' id='word_1_882' title='bbox 2603 5031 3010 5105; x_wconf 84' lang='lat' dir='ltr'><strong><em>provocationem</em></strong></span> <span class='ocrx_word' id='word_1_883' title='bbox 3037 5026 3264 5081; x_wconf 89' lang='lat' dir='ltr'><strong><em>caritatis</em></strong></span> <span class='ocrx_word' id='word_1_884' title='bbox 3290 5034 3337 5080; x_wconf 87' lang='lat' dir='ltr'><strong><em>et</em></strong></span> <span class='ocrx_word' id='word_1_885' title='bbox 3365 5024 3609 5080; x_wconf 85' lang='lat' dir='ltr'><strong><em>bonorum</em></strong></span> <span class='ocrx_word' id='word_1_886' title='bbox 3639 5041 3872 5097; x_wconf 87' lang='lat' dir='ltr'><strong><em>operum.</em></strong></span> 
     </span>
    </p>
   </div>
   <div class='ocr_carea' id='block_1_110' title="bbox 2277 5116 3879 5196">
    <p class='ocr_par' dir='ltr' id='par_1_110' title="bbox 2277 5116 3879 5196">
     <span class='ocr_line' id='line_1_110' title="bbox 2277 5116 3879 5196; baseline -0.007 -13"><span class='ocrx_word' id='word_1_887' title='bbox 2277 5129 2433 5184; x_wconf 86' lang='lat' dir='ltr'><strong><em>Novit</em></strong></span> <span class='ocrx_word' id='word_1_888' title='bbox 2452 5126 2554 5181; x_wconf 91' lang='lat' dir='ltr'><strong><em>hoc</em></strong></span> <span class='ocrx_word' id='word_1_889' title='bbox 2577 5136 2788 5196; x_wconf 87' lang='lat' dir='ltr'><strong><em>quoque</em></strong></span> <span class='ocrx_word' id='word_1_890' title='bbox 2815 5119 2927 5176; x_wconf 84' lang='lat' dir='ltr'><strong><em>ﬁeri</em></strong></span> <span class='ocrx_word' id='word_1_891' title='bbox 2959 5119 3026 5175; x_wconf 90' lang='lat' dir='ltr'><strong><em>ab</em></strong></span> <span class='ocrx_word' id='word_1_892' title='bbox 3051 5131 3237 5174; x_wconf 89' lang='lat' dir='ltr'><strong><em>eorum</em></strong></span> <span class='ocrx_word' id='word_1_893' title='bbox 3265 5116 3698 5186; x_wconf 81' lang='lat' dir='ltr'><strong><em>congregatione.</em></strong></span> <span class='ocrx_word' id='word_1_894' title='bbox 3723 5116 3879 5172; x_wconf 88' lang='lat' dir='ltr'><strong><em>Sicut</em></strong></span> 
     </span>
    </p>
   </div>
   <div class='ocr_carea' id='block_1_111' title="bbox 2278 5207 3881 5279">
    <p class='ocr_par' dir='ltr' id='par_1_111' title="bbox 2278 5207 3881 5279">
     <span class='ocr_line' id='line_1_111' title="bbox 2278 5207 3881 5279; baseline -0.007 -3"><span class='ocrx_word' id='word_1_895' title='bbox 2278 5221 2420 5276; x_wconf 90' lang='lat' dir='ltr'><strong><em>cnim</em></strong></span> <span class='ocrx_word' id='word_1_896' title='bbox 2451 5218 2651 5274; x_wconf 79' lang='lat' dir='ltr'><strong><em>ferrum</em></strong></span> <span class='ocrx_word' id='word_1_897' title='bbox 2685 5213 2885 5270; x_wconf 79' lang='lat' dir='ltr'><strong><em>ferrum</em></strong></span> <span class='ocrx_word' id='word_1_898' title='bbox 2910 5211 3076 5276; x_wconf 86' lang='lat' dir='ltr'><strong><em>acuit,</em></strong></span> <span class='ocrx_word' id='word_1_899' title='bbox 3103 5209 3176 5264; x_wconf 89' lang='lat' dir='ltr'><strong><em>ita</em></strong></span> <span class='ocrx_word' id='word_1_900' title='bbox 3207 5207 3368 5264; x_wconf 90' lang='lat' dir='ltr'><strong><em>etiam</em></strong></span> <span class='ocrx_word' id='word_1_901' title='bbox 3397 5217 3690 5263; x_wconf 89' lang='lat' dir='ltr'><strong><em>conventus</em></strong></span> <span class='ocrx_word' id='word_1_902' title='bbox 3717 5222 3881 5279; x_wconf 82' lang='lat' dir='ltr'><strong><em>auget</em></strong></span> 
     </span>
    </p>
   </div>
   <div class='ocr_carea' id='block_1_112' title="bbox 2278 5302 3880 5377">
    <p class='ocr_par' dir='ltr' id='par_1_112' title="bbox 2278 5302 3880 5377">
     <span class='ocr_line' id='line_1_112' title="bbox 2278 5302 3880 5377; baseline -0.009 -6"><span class='ocrx_word' id='word_1_903' title='bbox 2278 5316 2584 5372; x_wconf 89' lang='lat' dir='ltr'><strong><em>caritatem.</em></strong></span> <span class='ocrx_word' id='word_1_904' title='bbox 2618 5309 2750 5365; x_wconf 89' lang='lat' dir='ltr'><strong><em>Nam</em></strong></span> <span class='ocrx_word' id='word_1_905' title='bbox 2783 5308 2829 5362; x_wconf 92' lang='lat' dir='ltr'><strong><em>si</em></strong></span> <span class='ocrx_word' id='word_1_906' title='bbox 2857 5306 2994 5377; x_wconf 90' lang='lat' dir='ltr'><strong><em>lapis</em></strong></span> <span class='ocrx_word' id='word_1_907' title='bbox 3019 5303 3182 5374; x_wconf 88' lang='lat' dir='ltr'><strong><em>lapidi</em></strong></span> <span class='ocrx_word' id='word_1_908' title='bbox 3212 5302 3428 5357; x_wconf 89' lang='lat' dir='ltr'><strong><em>attritus</em></strong></span> <span class='ocrx_word' id='word_1_909' title='bbox 3460 5303 3634 5371; x_wconf 82' lang='lat' dir='ltr'><strong><em>ignem</em></strong></span> <span class='ocrx_word' id='word_1_910' title='bbox 3655 5302 3880 5368; x_wconf 88' lang='lat' dir='ltr'><strong><em>emittit,</em></strong></span> 
     </span>
    </p>
   </div>
   <div class='ocr_carea' id='block_1_113' title="bbox 2286 5392 3880 5476">
    <p class='ocr_par' dir='ltr' id='par_1_113' title="bbox 2286 5392 3880 5476">
     <span class='ocr_line' id='line_1_113' title="bbox 2286 5392 3880 5476; baseline -0.008 -19"><span class='ocrx_word' id='word_1_911' title='bbox 2286 5415 2486 5476; x_wconf 84' lang='lat' dir='ltr'><strong><em>quanto</em></strong></span> <span class='ocrx_word' id='word_1_912' title='bbox 2517 5402 2686 5473; x_wconf 86' lang='lat' dir='ltr'><strong><em>magis</em></strong></span> <span class='ocrx_word' id='word_1_913' title='bbox 2707 5400 2884 5454; x_wconf 86' lang='lat' dir='ltr'><strong><em>anima</em></strong></span> <span class='ocrx_word' id='word_1_914' title='bbox 2907 5397 3102 5452; x_wconf 75' lang='lat' dir='ltr'><strong><em>anima:</em></strong></span> <span class='ocrx_word' id='word_1_915' title='bbox 3122 5394 3392 5449; x_wconf 81' lang='lat' dir='ltr'><strong><em>admixta?</em></strong></span> <span class='ocrx_word' id='word_1_916' title='bbox 3413 5393 3563 5458; x_wconf 85' lang='lat' dir='ltr'><strong><em>Vide,</em></strong></span> <span class='ocrx_word' id='word_1_917' title='bbox 3588 5407 3694 5447; x_wconf 92' lang='lat' dir='ltr'><strong><em>non</em></strong></span> <span class='ocrx_word' id='word_1_918' title='bbox 3723 5392 3880 5460; x_wconf 85' lang='lat' dir='ltr'><strong><em>dicit,</em></strong></span> 
     </span>
    </p>
   </div>
   <div class='ocr_carea' id='block_1_114' title="bbox 2281 5485 3882 5561">
    <p class='ocr_par' dir='ltr' id='par_1_114' title="bbox 2281 5485 3882 5561">
     <span class='ocr_line' id='line_1_114' title="bbox 2281 5485 3882 5561; baseline -0.009 -7"><span class='ocrx_word' id='word_1_919' title='bbox 2281 5501 2360 5554; x_wconf 79' lang='lat' dir='ltr'><strong><em>Ad</em></strong></span> <span class='ocrx_word' id='word_1_920' title='bbox 2376 5497 2802 5561; x_wconf 68' lang='lat' dir='ltr'><strong><em>aemulationem,</em></strong></span> <span class='ocrx_word' id='word_1_921' title='bbox 2817 5491 2934 5558; x_wconf 88' lang='lat' dir='ltr'><strong><em>sed,</em></strong></span> <span class='ocrx_word' id='word_1_922' title='bbox 2951 5490 3031 5544; x_wconf 83' lang='lat' dir='ltr'><strong><em>Ad</em></strong></span> <span class='ocrx_word' id='word_1_923' title='bbox 3047 5487 3451 5559; x_wconf 85' lang='lat' dir='ltr'><strong><em>provocationem</em></strong></span> <span class='ocrx_word' id='word_1_924' title='bbox 3468 5485 3716 5539; x_wconf 89' lang='lat' dir='ltr'><strong><em>caritatis.</em></strong></span> <span class='ocrx_word' id='word_1_925' title='bbox 3737 5485 3882 5552; x_wconf 86' lang='lat' dir='ltr'><strong><em>Quid</em></strong></span> 
     </span>
    </p>
   </div>
   <div class='ocr_carea' id='block_1_115' title="bbox 2281 5577 3887 5659">
    <p class='ocr_par' dir='ltr' id='par_1_115' title="bbox 2281 5577 3887 5659">
     <span class='ocr_line' id='line_1_115' title="bbox 2281 5577 3887 5659; baseline -0.007 -13"><span class='ocrx_word' id='word_1_926' title='bbox 2281 5599 2383 5655; x_wconf 88' lang='lat' dir='ltr'><strong><em>est,</em></strong></span> <span class='ocrx_word' id='word_1_927' title='bbox 2417 5590 2498 5644; x_wconf 81' lang='lat' dir='ltr'><strong><em>Ad</em></strong></span> <span class='ocrx_word' id='word_1_928' title='bbox 2526 5586 2933 5659; x_wconf 87' lang='lat' dir='ltr'><strong><em>provocationem</em></strong></span> <span class='ocrx_word' id='word_1_929' title='bbox 2959 5579 3241 5636; x_wconf 85' lang='lat' dir='ltr'><strong><em>caritatis?</em></strong></span> <span class='ocrx_word' id='word_1_930' title='bbox 3271 5577 3344 5635; x_wconf 91' lang='lat' dir='ltr'><strong><em>Ut</em></strong></span> <span class='ocrx_word' id='word_1_931' title='bbox 3373 5577 3541 5649; x_wconf 88' lang='lat' dir='ltr'><strong><em>magis</em></strong></span> <span class='ocrx_word' id='word_1_932' title='bbox 3578 5577 3800 5647; x_wconf 84' lang='lat' dir='ltr'><strong><em>diligant</em></strong></span> <span class='ocrx_word' id='word_1_933' title='bbox 3823 5587 3887 5634; x_wconf 83' lang='lat' dir='ltr'><strong><em>et</em></strong></span> 
     </span>
    </p>
   </div>
   <div class='ocr_carea' id='block_1_116' title="bbox 2282 5671 3886 5753">
    <p class='ocr_par' dir='ltr' id='par_1_116' title="bbox 2282 5671 3886 5753">
     <span class='ocr_line' id='line_1_116' title="bbox 2282 5671 3886 5753; baseline -0.006 -15"><span class='ocrx_word' id='word_1_934' title='bbox 2282 5683 2594 5753; x_wconf 77' lang='lat' dir='ltr'><strong><em>diligantur.</em></strong></span> <span class='ocrx_word' id='word_1_935' title='bbox 2640 5679 2832 5745; x_wconf 85' lang='lat' dir='ltr'><strong><em>Addit,</em></strong></span> <span class='ocrx_word' id='word_1_936' title='bbox 2871 5676 2938 5730; x_wconf 88' lang='lat' dir='ltr'><strong><em>Et</em></strong></span> <span class='ocrx_word' id='word_1_937' title='bbox 2982 5675 3232 5730; x_wconf 89' lang='lat' dir='ltr'><strong><em>bonorum</em></strong></span> <span class='ocrx_word' id='word_1_938' title='bbox 3281 5689 3524 5743; x_wconf 88' lang='lat' dir='ltr'><strong><em>operum,</em></strong></span> <span class='ocrx_word' id='word_1_939' title='bbox 3566 5681 3623 5727; x_wconf 90' lang='lat' dir='ltr'><strong><em>ut</em></strong></span> <span class='ocrx_word' id='word_1_940' title='bbox 3665 5671 3886 5742; x_wconf 84' lang='lat' dir='ltr'><strong><em>capiant</em></strong></span> 
     </span>
    </p>
   </div>
   <div class='ocr_carea' id='block_1_117' title="bbox 2285 5755 3884 5839">
    <p class='ocr_par' dir='ltr' id='par_1_117' title="bbox 2285 5755 3884 5839">
     <span class='ocr_line' id='line_1_117' title="bbox 2285 5755 3884 5839; baseline -0.008 -7"><span class='ocrx_word' id='word_1_941' title='bbox 2285 5755 2682 5832; x_wconf 64' lang='lat' dir='ltr'><strong><em>aemulationem</em></strong></span> <span class='ocrx_word' id='word_1_942' title='bbox 2712 5787 2726 5839; x_wconf 86' lang='lat'><strong>;</strong></span> <span class='ocrx_word' id='word_1_943' title='bbox 2769 5769 2982 5827; x_wconf 86' lang='lat' dir='ltr'><strong><em>merito.</em></strong></span> <span class='ocrx_word' id='word_1_944' title='bbox 3015 5767 3071 5825; x_wconf 88' lang='lat' dir='ltr'><strong><em>Si</em></strong></span> <span class='ocrx_word' id='word_1_945' title='bbox 3099 5766 3242 5823; x_wconf 90' lang='lat' dir='ltr'><strong><em>enim</em></strong></span> <span class='ocrx_word' id='word_1_946' title='bbox 3274 5765 3452 5823; x_wconf 82' lang='lat' dir='ltr'><strong><em>facere</em></strong></span> <span class='ocrx_word' id='word_1_947' title='bbox 3481 5765 3742 5836; x_wconf 84' lang='lat' dir='ltr'><strong><em>majorem</em></strong></span> <span class='ocrx_word' id='word_1_948' title='bbox 3772 5763 3884 5820; x_wconf 79' lang='lat' dir='ltr'><strong><em>vim</em></strong></span> 
     </span>
    </p>
   </div>
  </div>
