4172 6446
506 371 607 427 ιιι

501 505 561 540 τε
598 485 760 555 ζῆλον
819 481 1004 539 λαϐεῖν
1025 500 1039 514 ο
1091 483 1337 545 εἰκότως.
1370 481 1434 534 Ei
1460 479 1568 551 γάρ
1595 478 1658 531 :6
1684 478 1884 542 ποιεῖν,
1934 476 2094 548 φησὶ,

499 567 596 623 τοῦ
630 567 812 636 λέγειν
845 566 1066 638 μείζονα
1090 565 1189 637 τὴν
1217 565 1369 634 ἰσχὺν
1400 561 1513 632 ἔχει
1541 561 1676 633 πρὸς
1699 559 2058 615 διδασκαλίαν
2079 571 2095 588 ⁸

500 653 733 716 πολλοὺς
767 651 920 722 ἔχετε
957 652 1052 706 καὶ
1099 650 1260 719 ὑμεῖς
1310 646 1669 709 διδασκάλους
1701 647 1760 698 ἐν
1792 645 1872 713 τῷ
1901 642 2099 715 πλήθει

501 738 588 792 διὰ
614 737 726 790 τῶν
755 735 936 806 ἔργων
969 733 1128 787 τοῦτο
1154 731 1469 794 ποιοῦντας.
1490 731 1556 782 Τί
1584 725 2097 796 ὲστι,Προσερχώ-

499 826 652 893 μεθα
691 819 845 890 μετὰ
893 813 1189 885 ἀληθινῆς
1227 814 1522 884 καρδίας;
1577 813 1862 876 Τουτέστι,
1925 811 2097 882 χωρὶς

503 903 848 974 ὑποκρίσεως
871 918 889 934 ο
916 899 1062 954 Οὐαὶ
1101 900 1213 971 γάρ
1270 897 1492 967 καρδίᾳ
1517 896 1713 965 δειλῇ,
1771 895 1870 951 καί
1925 893 2099 964 χερσὶ

499 984 906 1054 παρειμέναις.
935 983 1144 1053 Μηδεὶς
1166 983 1329 1047 ἔστω,
1355 983 1514 1052 φησὶ,
1538 980 1741 1050 ψεῦδος
1769 981 1827 1032 ἐν
1851 979 2001 1049 ὐμίνο
2024 977 2098 1048 μὴ

499 1068 662 1138 ἕτερα
694 1067 793 1138 μὲν
825 1067 1100 1136 λέγωμεν,
1137 1065 1302 1136 ἕτερα
1330 1064 1388 1117 δὲ
1411 1064 1704 1135 φρονῶμεν
1731 1078 1744 1092 ⁸
1775 1061 1936 1117 τοῦτο
1991 1062 2098 1133 γάρ

497 1152 694 1223 ψεῦδος
715 1167 728 1181 ·
762 1150 899 1221 μηδὲ
932 1149 1352 1220 ὀλιγοψυχῶμεν
1379 1165 1392 1179 ·
1417 1147 1580 1202 τοῦτο
1609 1148 1719 1219 γάρ
1746 1148 1848 1200 οὐκ
1900 1145 2097 1218 ἀληθι·

498 1237 597 1308 νῆς
630 1235 891 1304 καρδίας·
949 1233 1064 1287 ἀπὸ
1110 1234 1221 1304 γὰρ
1279 1231 1374 1286 τοῦ
1410 1231 1486 1304 μὴ
1521 1233 1801 1286 πιστεύειν
1822 1230 1885 1284 :6
1911 1230 2091 1298 ὀλιγο-

497 1320 694 1392 ψυχεῖν
726 1323 960 1388 γίνεται.
994 1316 1121 1380 Πῶς
1149 1317 1206 1371 δὲ
1221 1315 1376 1372 ἔσται
1401 1318 1561 1370 τοῦτο
1589 1334 1604 1383 ;
1637 1315 1767 1370 Ἐάν
1814 1314 2098 1386 πληροφο-

502 1407 764 1477 ρήσωμεν
825 1402 1056 1465 ἑαυτοὺς
1082 1401 1170 1454 διὰ
1198 1403 1299 1472 τῆς
1334 1401 1594 1463 πίστεως.
1613 1397 2098 1468 Ἐρῤαντισμένοι

499 1489 610 1552 τὰς
636 1485 910 1554 καρδίας.
949 1486 1048 1538 Διά
1078 1484 1131 1536 τί
1166 1484 1241 1555 μὴ
1269 1483 1415 1550 εἷπε,
1442 1483 1864 1555 Κεκαθαρμένοι
1885 1524 1900 1550 ,
1932 1481 2093 1549 ἀλλὰ,

512 1568 1006 1640 Ἐρῤαντισμένοι
1038 1583 1057 1630 ;
1092 1566 1203 1638 Τὴν
1234 1568 1503 1639 διαφορὰν
1556 1569 1663 1622 τῶν
1723 1569 2098 1640 περιρραντη-

502 1670 638 1728 ριων
672 1653 847 1720 δεῖξαι
877 1651 1221 1722 βουλόμενος,
1248 1654 1343 1706 καὶ⁹
1374 1654 1457 1706 ὅτι
1487 1653 1549 1706 :6
1580 1652 1680 1723 μὲν
1708 1651 1804 1706 τοῦ
1852 1651 2012 1718 Θεοῦ,
2035 1650 2100 1703 :6

499 1739 561 1792 δὲ
582 1737 873 1809 ἡμέτερον.
907 1735 980 1788 Τὸ
1015 1734 1116 1806 μὲν
1145 1736 1255 1806 γάρ
1291 1733 1442 1809 [185]
1475 1735 1668 1790 λοῦσαι
1699 1736 1796 1790 καὶ
1827 1735 2098 1807 περιρρά-

501 1840 592 1876 ναι
623 1821 722 1893 τήν
755 1818 1081 1891 συνείδησιν,
1115 1819 1210 1872 τοῦ
1249 1820 1386 1874 Θεοῦ
1421 1836 1434 1850 ·
1472 1821 1534 1874 :6
1555 1821 1611 1874 δὲ
1646 1820 1790 1892 μετά
1825 1819 2094 1892 ἀληθείας

501 1906 826 1979 προσελθεῖν
855 1905 949 1958 καὶ
985 1906 1043 1957 ὲν
1069 1903 1421 1977 πληροφορίᾳ
1481 1904 1742 1970 πίστεως,
1797 1903 2095 1976 ἡμέτερον.

503 1988 640 2045 Εἶτα
663 1990 759 2042 καὶ
785 1991 850 2058 τῇ
887 1987 1072 2040 πίστει
1101 1987 1324 2043 δίδωσιν
1354 1989 1508 2060 ίσχὺν
1542 1989 1654 2043 ἀπὸ
1704 1989 1807 2058 τῆς
1838 1987 2100 2060 ἀληθείας

499 2075 596 2132 τοῦ
646 2073 1149 2142 ἐπαγγειλαμένου.
1187 2074 1255 2126 Τί
1281 2075 1421 2142 ἐστι,
1478 2074 1588 2130 Καὶ
1637 2073 2002 2144 λελουμένοι
2030 2073 2098 2127 τὸ

501 2159 676 2230 σῶμα
706 2159 881 2212 ὕδατι
912 2156 1195 2222 καθαρῷ;
1236 2158 1394 2211 Ἤτοι
1426 2159 1504 2229 τῷ
1531 2158 1811 2230 καθαροὺς
1855 2156 2099 2211 ποιοῦντι

499 2243 691 2312 λέγει,
727 2242 763 2312 ἢ
793 2241 874 2312 τῷ
925 2241 1001 2312 μὴ
1039 2241 1215 2310 ἔχοντι
1259 2235 1422 2311 αἷμα.
1478 2239 1611 2295 Εἶτα
1678 2240 2004 2312 προστίθησι
2037 2240 2100 2294 :6

500 2330 709 2384 τέλειον
737 2367 753 2392 ,
807 2326 905 2398 τὴν
949 2325 1192 2396 ἀγάπην.
1247 2327 1345 2394 Μὴ
1395 2326 1941 2394 ἐγκαταλείποντες
1981 2325 2100 2393 τὴν

500 2409 996 2482 ἐπισυναγωγὴν,
1029 2411 1220 2480 φησὶν,
1252 2410 1517 2465 ἑαυτῶν·
1554 2411 1693 2483 ὅπερ
1735 2411 1903 2478 τινὲς,
1940 2410 2098 2482 φησὶ,

501 2494 741 2560 ποιοῦσι,
773 2494 993 2556 καὶτὰς
1015 2493 1273 2558 συνόδους
1307 2493 1682 2565 διατέμνουσι,
1719 2493 1878 2547 τοῦτο
1916 2495 2104 2556 αὐτοῖς

501 2579 865 2650 ἀπαγορεύει.
883 2577 1166 2648 Ἀδελφύς
1191 2580 1302 2649 γὰρ
1323 2579 1442 2634 ὐπὸ
1462 2578 1734 2648 ἀδελφοῦ
1753 2579 2097 2647 ,βοηθούμε-

501 2683 631 2733 νος,
659 2665 738 2728 ὠς
757 2664 938 2728 πόλις
987 2661 1201 2732 ὀχυρά.
1247 2662 1437 2717 Ἀλλὰ
1477 2661 1868 2732 κατανοῶμεν
1909 2661 2103 2729 ἀλλή-

500 2754 657 2814 λους
677 2749 765 2813 είς
797 2743 1202 2815 παροξυσμὸν
1245 2744 1506 2816 ἀγάπης.
1531 2746 1597 2799 Τί
1618 2747 1758 2813 ἐστι,
1779 2745 2094 2802 Κατανοῶ-

503 2851 616 2906 μεν
661 2829 1022 2899 ἀυιλήλουω
1069 2827 1232 2894 Οἴον,
1287 2831 1340 2884 et
1395 2847 1482 2895 τις
1547 2832 1854 2903 ἐνάρετος,
1909 2830 2102 2884 τοῦτον

508 2914 832 2990 μιμώμεθα,
864 2913 1154 2984 βλέπωμεν
1184 2915 1263 2976 είς
1293 2914 1479 2976 αὑτὸν.
1535 2914 1677 2969 ὥστε
1730 2915 1953 2986 ἀγαπᾷν
2007 2913 2106 2966 καὶ

506 2999 829 3070 ἀγαπᾶσθαι
856 3015 869 3028 ·
898 2999 1010 3052 ἀπὸ
1033 2998 1143 3068 γάρ
1169 2998 1268 3069 τῆς
1298 2997 1525 3070 ἀγάπης
1554 2998 1622 3052 τὰ
1652 2997 1796 3052 καλά
1846 2997 1986 3069 ἔργα,
2013 2998 2102 3065 γε-

505 3102 709 3140 νονται.

583 3254 825 3328 β’.Μέγά
848 3254 1053 3324 ἀγαθὸν
1081 3255 1115 3326 ἠ
1141 3253 1378 3317 σύνοδος·
1404 3251 1543 3323 αῦτη
1561 3251 1672 3326 γάρ
1700 3251 1871 3324 αὐτὴν
1903 3250 2106 3324 θερμο-

508 3343 684 3415 τέραν
725 3339 1046 3408 ἐργάζεται,
1097 3337 1194 3392 καὶ
1220 3336 1282 3402 ἐξ
1324 3337 1498 3406 αὐτῆς
1549 3336 1729 3391 πάντα
1762 3337 2007 3391 τίκτεται
2039 3335 2109 3390 τὰ

463 3439 469 3447 ’
510 3424 697 3496 ἀγαθά
715 3440 728 3454 ο
761 3423 914 3476 οὐδὲν
937 3423 1048 3493 γάρ
1075 3423 1224 3475 ἐστιν
1257 3420 1488 3490 ἀγαθὸν,
1521 3420 1550 3474 6
1579 3419 1656 3491 μὴ
1679 3419 1746 3474 δι’
1774 3419 1998 3490 ἀγάπης
2017 3418 2108 3488 γί-

509 3526 685 3564 νεται.
715 3507 933 3578 Ταύτην
956 3501 1050 3560 οὖν
1104 3503 1450 3575 κυρώσωμεν
1478 3506 1558 3567 είς
1596 3504 1863 3575 ἀλλήλους
1897 3519 1911 3534 ο
1941 3502 2109 3572 Πλή-

505 3609 675 3664 ρωμα
721 3590 832 3661 γὰρ
873 3590 1066 3657 νόμου
1131 3587 1307 3641 ἐστὶν
1347 3589 1387 3656 ἠ
1427 3585 1654 3656 ἀγάπη.
1687 3587 1761 3641 Οὐ
1792 3588 1873 3640 δεῖ
1927 3588 2110 3640 πόνων

510 3681 670 3750 ἡμῖν,
703 3675 826 3728 οὐδὲ
860 3673 1124 3744 ἱδρώτων,
1156 3673 1253 3724 ἐὰν
1303 3671 1613 3742 ἀγαπῶμεν
1662 3671 1929 3742 ἀλλήλους
1961 3687 1975 3703 ο
2012 3670 2111 3724 αύ-

511 3760 751 3832 τόματός
783 3757 867 3820 τίς
897 3760 1045 3809 ἐστιν
1074 3755 1192 3819 ὁδὸς
1251 3755 1494 3827 φέρουσα
1551 3755 1690 3828 πρὸς
1735 3755 1834 3827 τὴν
1882 3755 2108 3828 ἀρετήν.

515 3845 788 3913 Καθάπερ
819 3842 930 3913 γάρ
960 3841 1054 3894 ἐττει
1075 3840 1180 3909 τῆς
1211 3839 1516 3911 λεωφόρου,
1549 3841 1647 3894 ἐάν
1674 3858 1760 3904 τις
1822 3838 1960 3912 εὕρῃ
2010 3838 2112 3910 τὴν

513 3927 713 4002 ἀρχὴν,
740 3927 1020 3998 ὁδηγεέται
1050 3923 1146 3975 ὑπ’
1174 3923 1368 3992 αὐτῆς,
1395 3924 1490 3977 καὶ
1517 3924 1578 3977 ού
1601 3923 1778 3978 δεῖται
1831 3941 2110 3994 χειραγω-

518 4014 619 4082 γοῦ
651 4031 664 4044 ’
689 4010 836 4066 οῦτω
859 4011 956 4064 καὶ
983 4007 1073 4060 ἐπὶ
1096 4007 1195 4077 τῆς
1224 4007 1471 4078 ἀγάπης,
1510 4009 1673 4080 μόνον
1714 4009 1982 4062 ἐπιλαϐοῦ
2012 4010 2113 4081 τῆς

523 4099 724 4170 ἀρχῆς.
748 4097 844 4150 καὶ
863 4093 1068 4157 εὐθέως
1095 4097 1410 4166 χειραγωγῇ
1436 4093 1527 4148 ὑπ’
1557 4095 1730 4164 αὐτῆς
1758 4095 1857 4148 καὶ⁹
1885 4094 2110 4168 εύθύνῃ.

534 4186 597 4239 Ἠ
641 4179 867 4253 ἀγάπη,
920 4178 1078 4250 φησὶ,
1127 4178 1520 4250 μακροθυμεῖ,
1579 4180 1999 4249 χρηστεύεται,
2037 4182 2111 4233 ού

518 4265 814 4336 λογίζεται
880 4262 948 4317 τὸ
1023 4262 1233 4315 κακόν.
1307 4262 1433 4317 Ἐἀν
1499 4264 1732 4334 ὲννοήσῃ
1792 4279 1878 4326 τις
1944 4263 2114 4326 αὐτὸς

517 4351 714 4406 ἑαυτὸν
744 4389 760 4416 ,
820 4347 937 4410 πῶς
980 4345 1256 4399 διάκειται
1314 4346 1454 4416 πρὸς
1508 4346 1751 4410 ἑαυτὸν,
1803 4347 1901 4399 καὶ
1967 4346 2114 4400 οῦτω

517 4434 659 4507 1:96;
710 4432 802 4485 τὸν
858 4429 1089 4500 πλησίον
1136 4428 1449 4484 διακείσθω.
1495 4430 1687 4492 Οὐδεὶς
1743 4429 1931 4498 φθονεῖ
1987 4431 2117 4482 ἐαυο

519 4519 638 4590 τῷ,
710 4515 890 4570 πάντα
955 4512 1136 4584 ἐαυτῷ
1199 4511 1421 4584 εὔχεται
1477 4514 1548 4566 τὰ
1611 4514 1835 4582 ἀγαθὰ,
1893 4514 2116 4568 πάντων

521 4601 719 4658 ἑαυτὸν
779 4599 1068 4670 προτιμᾷ,
1131 4599 1313 4651 πάντα
1368 4597 1512 4667 ὑπὲρ
1582 4595 1783 4650 ἑαυτοῦ
1861 4596 2116 4666 βούλεται

522 4687 720 4741 ποιεῖν.
765 4684 891 4736 Ἐάν
939 4683 1119 4735 τοίνυν
1160 4680 1412 4751 καὶπρὸς
1439 4680 1564 4742 τοὺς
1589 4679 1782 4742 ἀλλους
1829 4678 1975 4733 οῦτω
1995 4681 2115 4734 δια-

524 4769 802 4840 κεώμεθα,
830 4767 1009 4820 πάντα
1033 4766 1252 4820 λέλυται
1281 4765 1350 4818 τὰ
1371 4764 1542 4825 δεινά,
1595 4764 1697 4817 οὐκ
1726 4763 1866 4818 είσὶν
1897 4765 2114 4837 ἔχθραι,

523 4858 627 4910 οὐκ
653 4853 771 4907 ἔστι
802 4850 1090 4916 πλεονεξία
1123 4867 1138 4881 ο
1162 4849 1248 4912 τίς
1276 4847 1386 4919 γὰρ
1418 4847 1484 4901 ἂν
1515 4847 1691 4900 ἕλοιτο
1722 4849 2117 4923 πλεονεκτῆσαι

524 4939 745 5007 ἐαυτὸν;
773 4936 993 5000 Οὐδείς·
1026 4935 1166 4990 ἀλλά
1196 4932 1398 5003 μᾶλλον
1423 4934 1532 4987 πᾶν
1564 4933 1894 4991 τούναντίον.

597 5076 809 5132 Οὐκοῦν
829 5073 986 5128 κοινά
998 5070 1175 5126 πάντα
1191 5068 1546 5141 κτησώμεθα,
1573 5072 1666 5125 καὶ
1682 5073 1759 5144 μὴ
1777 5074 2118 5147 παυσώμεθα

531 5163 859 5229 συνάγοντες
876 5155 1124 5218 ἑαυτούς·
1153 5154 1257 5208 κᾶν
1291 5155 1452 5209 τοῦτο
1485 5157 1752 5227 ποιῶμεν,
1781 5162 2118 5230 μνησικακία

528 5245 715 5318 χώραν
755 5244 858 5297 οὐκ
874 5237 974 5296 ἃ.νέ
982 5259 1065 5311 χοι
1085 5255 1100 5270 ⁸
1119 5241 1202 5302 τίς
1216 5243 1326 5311 γάρ
1359 5241 1533 5295 ἕλοιτο
1545 5241 1614 5295 ἂν
1625 5243 1804 5314 ἑαυτῷ
1846 5263 1952 5316 μνη
1962 5262 2119 5299 σικα-

530 5332 668 5393 τιεῖν;
705 5329 788 5390 τίς
819 5327 885 5379 ἂν
902 5324 1078 5377 ἕλοιτο
1125 5323 1305 5394 ἐαυτῷ
1355 5325 1672 5395 ὀργίζεσθαι
1696 5344 1710 5394 ;
1735 5327 1858 5398 οὐχὶ
1882 5329 2121 5398 μάλιστα

535 5414 753 5468 τ.άντων
783 5411 997 5472 ἑαυτοῖς
1022 5409 1365 5477 συγγινώσκο
1376 5425 1507 5480 μεν;
1552 5411 1679 5465 Ἐάν
1700 5413 1845 5467 οῦτω
1866 5415 1959 5468 καὶ
1983 5414 2121 5485 1:96;

532 5497 658 5558 τοὺς
677 5494 906 5565 πλησίον
925 5493 1294 5565 διακεώμεθα,
1313 5497 1567 5550 οὐδέποτε
1580 5498 1734 5552 ἔσται
1756 5501 2120 5570 μνησικακία.

535 5577 690 5654 υὸί]
719 5579 833 5635 Καὶ
859 5579 977 5646 πῶς
1013 5580 1260 5648 δυνατὸν,
1289 5594 1314 5622 ει
1339 5581 1495 5654 φησὶ,
1535 5581 1627 5635 τδν
1679 5584 1914 5655 πλησίον
1945 5582 2123 5649 οὕτως

601 5814 624 5873 ἦ
650 5807 798 5873 (ἶοίὶοι-
820 5809 998 5866 Πιστὸς
1029 5811 1116 5873 γὰρ
1137 5813 1163 5860 6
1185 5811 1595 5872 ἐπαγγειλάμενος·
1638 5809 1718 5859 καὶ
1746 5810 1845 5867 πῶς
1893 5808 2117 5871 δυνατὸν,

537 5876 590 5918 el
611 5870 700 5918 huc
727 5870 875 5922 habet
897 5870 1115 5924 homiiizé
1136 5870 1452 5936 principium;

1229 364 1285 418 S.
1327 361 1613 418 JOANNIb
1650 359 2142 414 ClllnbUb'lUMI
2179 356 2500 414 ARCIIIEP.
2541 354 3091 416 CONS’IANTINOP.

3675 351 3785 419 149.

2195 477 2502 549 ἀγαπῆσαι,
2531 477 2609 542 ώς
2651 477 2814 542 αὐτὸς
2851 479 3080 544 ἐαυτὸνς
3113 477 3175 532 Et
3209 479 3284 552 μῂ
3312 480 3580 553 ἐποίησαν
3628 481 3789 536 τοῦτο

2195 561 2396 632 ιτεροι,
2432 561 2615 626 καλῶς
2648 561 2912 616 ἀδύνατον
2951 557 3092 616 εἶναι
3133 562 3296 618 τοῦτο
3357 566 3636 636 νομίζεις·
3661 565 3787 620 εἰδὲ

2194 645 2483 717 ἐποίησαν,
2508 644 2671 716 δῆλον
2687 646 2771 698 ὅτι
2791 644 2879 698 διὰ
2905 645 3184 717 ρᾳθυμίαν
3241 649 3376 721 παρ’
3434 650 3597 720 ήμῶν
3610 651 3673 704 ού
3703 649 3790 718 γί⁶

2195 748 2366 786 νεται.
2396 731 2608 794 ’Δλλως
2635 731 2694 784 δὲ
2718 771 2734 795 ,
2758 731 2911 785 οὐδὲν
2961 732 3228 786 ἀδύνατον
3278 735 3561 789 ἐπιτάττει
3597 737 3625 788 6
3655 737 3793 805 Χριο

2196 819 2362 881 στος,
2405 818 2662 885 ὅπουγε
2717 815 2907 868 πολλοὶ
2955 816 3050 870 καὶ
3102 817 3451 891 ὑπερέϐησαν
3502 819 3668 872 αὐτοῦ
3720 819 3793 872 τά

2196 902 2619 972 προστάγματα.
2668 901 2765 964 Τίς
2814 895 2908 954 οὖν
2968 901 3192 971 ἐποίησε
3224 909 3426 970 τοῦτο;
3466 903 3528 956 '0
3556 902 3791 970 Παῦλος,

2195 987 2224 1038 6
2253 986 2458 1057 Πέτρος
2482 1028 2497 1052 ,
2554 985 2665 1048 πᾶς
2692 985 2720 1036 6
2743 984 2853 1038 τῶν
2907 983 3082 1051 ἁγίων
3132 986 3313 1057 χορός.
3361 986 3501 1040 Ἀλλ’
3531 988 3626 1040 ἐὰν
3688 987 3795 1058 μὲν

2196 1070 2338 1124 εἴπω
2356 1071 2444 1126 ,ὅτι
2464 1072 2592 1132 τοὺς
2623 1067 2856 1137 πλησίον
2881 1067 3204 1138 ἠγάπησαν,
3261 1069 3415 1122 οὐδὲν
3469 1069 3612 1140 μέγα
3641 1071 3756 1141 ἐρῶ
3776 1082 3792 1097 ⁶

2193 1157 2322 1219 τοὺς
2351 1155 2583 1226 ἐχθροὺς
2612 1151 2788 1216 οῦτως
2809 1152 3126 1223 ἠγάπησαν,
3165 1150 3240 1216 ὡς
3300 1154 3400 1206 ούκ
3425 1153 3495 1206 ἄν
3511 1171 3594 1217 τις
3651 1156 3800 1223 ἀγα-

2196 1241 2392 1312 πήσειε
2413 1240 2539 1304 τοὺς
2565 1236 3012 1310 ὁμοψύχους.Τίς
3036 1236 3148 1307 γὰρ
3175 1235 3241 1290 ἂν
3268 1237 3448 1290 ἕλοιτο
3475 1237 3634 1308 ἡμῶν
3650 1238 3799 1310 ὑπὲρ

2195 1325 2306 1379 τῶν
2338 1324 2636 1396 ὁμοψύχων
2671 1325 2753 1387 είς
2779 1322 3009 1392 γέενναν
3032 1320 3318 1385 ἀπελθεῖν,
3356 1321 3566 1389 μέλλων
3585 1323 3666 1385 είς
3697 1321 3802 1392 pa.

2197 1410 2403 1465 σιλείαν
2441 1408 2666 1464 ἀπιέναι
2703 1424 2717 1473 ;
2770 1406 2997 1468 Οὐδείς·
3027 1405 3165 1460 ἀλλά
3189 1406 3219 1458 6
3253 1403 3469 1468 Παῦλος
3505 1405 3643 1474 ὑπὲρ
3681 1405 3802 1458 τῶν

2195 1492 2408 1565 ἐχθρῶν
2439 1490 2602 1546 τοῦτο
2657 1490 2854 1553 εἵλετο,
2900 1487 3010 1542 τῶν
3062 1487 3403 1542 λιθασάντων
3458 1487 3644 1553 αὐτὸν,
3685 1487 3802 1542 τῶν

2198 1577 2602 1650 μαστιξάντων.
2654 1575 2792 1629 Ποία
2825 1569 2919 1627 οῦν
2974 1575 3111 1644 ἡμῖν
3149 1571 3304 1626 ἔσται
3359 1569 3682 1642 συγγνώμη,
3710 1571 3804 1635 τίς

2195 1662 2553 1734 παραίτησις,
2584 1659 2632 1713 εἰ
2661 1657 2798 1731 μηδὲ
2813 1657 2872 1710 :6
2899 1656 3196 1710 πολλοστὸν
3230 1656 3396 1728 μέρος
3421 1656 3521 1725 τῆς
3547 1656 3800 1725 ἀγάπης,

2193 1743 2264 1821 ἦς
2303 1747 2624 1815 ἐπεδείξατο
2654 1745 2788 1814 περὶ
2843 1743 2970 1805 τοὺς
3021 1739 3251 1812 ἐχθροὺς
3279 1743 3308 1793 6
3338 1739 3571 1806 Παῦλος,
3629 1741 3804 1811 ἡμεῖς

2194 1833 2324 1904 περὶ
2353 1833 2478 1896 τοὺς
2508 1831 2699 1901 φίλους
2730 1825 3145 1897 ὲπιδειξαίμεθα
3171 1825 3198 1865 b
3222 1842 3236 1890 ;
3264 1825 3376 1878 Καὶ
3395 1826 3422 1877 6
3449 1824 3722 1895 μακάριος
3740 1823 3804 1876 δὲ

2193 1915 2439 1985 Μωῡσῆς
2471 1913 2579 1986 1:96
2607 1911 2803 1966 τούτου
2843 1909 2985 1978 ὑπὲρ
3015 1910 3122 1962 τῶν
3170 1906 3383 1979 ἐχθρῶν
3419 1907 3654 1978 ἠθέλησε
3684 1906 3805 1960 τῶν

2195 1999 2541 2055 λιθασάντων
2563 1996 2728 2050 αὐτὸν
2761 1991 3259 2062 ἐξαλειφθῆναιτῆς
3289 1990 3478 2061 βίῦλου
3499 1989 3596 2044 τοῦ
3621 1989 3764 2042 Θεοῦ
3783 2007 3800 2020 ·

2194 2085 2292 2140 καὶ
2312 2087 2341 2138 6
2363 2082 2530 2137 Δαυῒδ
2557 2083 2687 2147 τοὺς
2715 2079 3076 2140 ἀντιστάντας
3133 2075 3284 2146 αύτῷ
3333 2075 3476 2146 ὁρῶν
3534 2076 3803 2146 ἀναιρου-

2199 2168 2420 2240 μένους,
2450 2166 2616 2238 φησίν
2635 2185 2648 2199 ·
2686 2164 2840 2236 Ἐγὼ
2867 2166 2901 2218 ὁ
2928 2159 3156 2232 ποιμὴν
3179 2159 3466 2230 ἥμαρτον,
3497 2159 3595 2212 καί
3629 2155 3806 2214 οὗτοι

2194 2253 2253 2306 τι
2277 2252 2618 2319 ὲποίησαν;
2650 2249 2860 2302 καὶτὸν
2890 2245 3065 2300 Σαοὺλ
3099 2245 3180 2308 είς
3225 2247 3418 2315 χεῖρας
3457 2243 3658 2309 λαϐὼν,
3704 2243 3806 2296 ἀν-

2195 2335 2337 2388 ελεῖν
2359 2335 2462 2388 οὐκ
2494 2332 2796 2404 ἠϐουλήθη,
2823 2331 2966 2386 ἀλλά
2983 2329 3232 2394 διέσωζε,
3260 2329 3356 2382 καὶ
3383 2327 3560 2382 ταῦτα
3587 2327 3810 2398 μέλλων

2195 2420 2361 2484 αὐτὸς
2389 2419 2748 2474 κινδυνεύειν.
2788 2417 2929 2471 Είδὲ
2957 2417 3016 2470 ὲν
3061 2418 3128 2486 τῇ
3162 2414 3379 2486 Παλαιᾷ
3439 2413 3636 2480 ταῦτα,
3673 2412 3803 2466 τίνα

2197 2503 2534 2575 συγγνώμην
2555 2505 2754 2575 ἕξομεν
2775 2505 2939 2574 ἡμεῖς
2962 2503 3012 2555 οἱ
3039 2501 3098 2552 ἐν
3127 2503 3192 2570 τῇ
3226 2501 3405 2571 Καινῇ
3438 2497 3806 2568 πολιτευόμε-

2196 2609 2301 2655 νοι,
2339 2589 2442 2644 καί⁸
2477 2589 2615 2660 μηδέ
2647 2587 2786 2660 πρὸς
2817 2586 2879 2640 :6
2913 2584 3048 2639 αὐτὸ
3071 2583 3306 2646 ἐκείνοις
3365 2583 3657 2652 φθάνοντες
3695 2581 3801 2651 μέ·-

2196 2675 2450 2747 τρονςΕὶ
2500 2673 2631 2742 γὰρ,
2673 2672 2783 2726 ἐὰν
2820 2671 2907 2740 μὴ
2949 2668 3331 2738 περισσεύσῃ
3365 2670 3404 2738 ἡ
3434 2666 3800 2736 δικαιοσύνη

2198 2757 2374 2828 ημῶν
2388 2756 2584 2811 πλέον
2605 2753 2724 2809 τῶν
2747 2753 3094 2824 Φαρισαίων
3113 2751 3212 2806 καί
3234 2751 3654 2822 Γραμματείων,
3682 2751 3802 2804 οὐκ

2198 2840 2675 2909 είσελευσόμεθα
2699 2839 2787 2905 είς
2808 2837 2926 2906 τὴν
2965 2836 3297 2902 ,βασιλείαν
3339 2835 3461 2888 τῶν
3490 2832 3801 2903 οὐρανῶνο

2199 2927 2328 2981 ὅταν
2348 2927 2444 2979 καὶ
2463 2924 2686 2977 ἔλαττον
2701 2922 2928 2976 ἐκείνων
2949 2921 3187 2991 ἔχωμεν,
3207 2919 3324 2984 πῶς
3338 2916 3799 2988 είσελευσόμεθα;

2212 3005 2521 3080 Ἆγαπᾶτε,
2554 3006 2710 3078 φησὶ,
2747 3004 2894 3070 τοὺς
2925 3002 3184 3074 ἐχθροὺς
3216 3001 3406 3072 ὑμῶν,
3444 3000 3546 3056 καὶ
3579 3001 3804 3054 ἔσεσθε

2202 3094 2392 3164 ὅμοιοι
2409 3093 2518 3146 τοῦ
2527 3091 2762 3160 Πατρός
2773 3087 2943 3160 ὑμῶν
2957 3089 3064 3144 τοῦ
3079 3088 3148 3142 ἐν
3166 3086 3468 3156 οὐρανοῖς.
3487 3087 3805 3156 Ἀγάπησον

2200 3177 2382 3232 τοίνυν
2400 3175 2618 3247 ἐχθρόν·
2643 3173 2706 3226 ού
2723 3173 2832 3244 γάρ
2851 3174 3055 3227 ἐκεῖνον
3073 3173 3402 3241 εὐεργετεῖς,
3422 3168 3558 3224 ἀλλά
3580 3168 3804 3225 σαυτόν.

2204 3261 2537 3327 Πῶς;”1σος
2567 3257 2693 3330 γίνῃ
2725 3257 2885 3310 τοῦτο
2933 3255 3106 3310 ποιῶν
3143 3253 3221 3325 τῷ
3253 3252 3394 3323 Θεῷ.
3426 3253 3665 3314 Ἐκεῖνος
3703 3250 3807 3304 ἐὰν

2203 3344 2470 3416 ἀγαπηθῇ
2500 3343 2654 3414 παρά
2673 3341 2791 3408 σοῦ,
2818 3341 2972 3394 οὐδὲν
3006 3339 3158 3409 μέγα
3186 3337 3447 3408 ἐκέρδανε
3471 3352 3485 3367 ο
3508 3335 3662 3404 παρά
3689 3334 3809 3406 γάρ

2204 3429 2497 3501 ὁμοδούλου
2516 3425 2781 3497 ἠγαπήθη
2808 3441 2822 3456 ·
2850 3425 2916 3478 σὺ
2937 3423 2993 3476 δὲ
3019 3423 3114 3476 ἐάν
3137 3422 3432 3493 ἀγαπήσῃς
3457 3421 3547 3472 τὸν
3571 3419 3810 3490 69.6606-

2205 3514 2319 3580 λον,
2354 3512 2499 3582 μέγα
2513 3507 2813 3581 ἐκέρδανας
2835 3525 2848 3538 '
2869 3507 2997 3578 γίνῃ
3037 3506 3146 3577 γὰρ
3167 3506 3353 3576 ὅμοιος
3380 3503 3456 3574 τῷ
3479 3503 3616 3574 Θεῷ.
3635 3503 3811 3574 Ὀρᾷς

2206 3599 2289 3652 ὅτι
2310 3597 2411 3650 οὐκ
2437 3593 2630 3664 ἐκείνῳ
2656 3592 2881 3664 χαρίζῃ,
2917 3590 3056 3642 ἀλλά
3085 3589 3270 3660 σαυτῷ
3294 3606 3309 3656 ;
3345 3589 3530 3660 τὸγὰρ
3564 3587 3811 3641 ἔπαθλον

2207 3683 2310 3737 οὐκ
2341 3680 2538 3751 ἐκείνῳ
2557 3677 2797 3748 τίθησιν,
2827 3674 2967 3728 ἀλλὰ
2988 3673 3093 3726 σοί.
3121 3672 3186 3726 Τί
3207 3669 3322 3739 οὖν,
3349 3673 3446 3724 ἐὰν
3537 3671 3808 3742 πονηρὸς,

2210 3763 2361 3839 [185]
2390 3763 2558 3833 φησί;
2582 3759 2839 3830 Τοσούτῳ
2869 3757 3116 3829 μείζωνὸ
3140 3756 3336 3826 μισθός
3361 3773 3376 3788 ·
3402 3757 3497 3808 καὶ
3526 3756 3622 3824 τῆς
3643 3771 3814 3824 πονη-

2213 3849 2335 3922 ρίας
2357 3847 2599 3916 ὀφείλεις
2617 3842 2768 3914 αύτῷ
2801 3843 2964 3914 χάριν
2977 3841 3205 3902 εἰδέναι,
3232 3840 3338 3893 κᾶν
3359 3839 3532 3922 μυρίοι
3575 3839 3811 3922 εὐεργε-

2208 3918 2470 4002 τούμενος
2493 3925 2732 4000 κακδςῇ.
2761 3927 2823 3979 Εί
2845 3926 2918 3997 μὴ
2949 3925 3061 3995 γάρ
3081 3924 3288 3994 σφόδρα
3311 3923 3477 3985 κακὸς
3503 3918 3591 3993 ἦν,
3611 3921 3710 3973 οὐκ
3737 3922 3812 3974 ἄν

2212 4034 2296 4072 σοι
2318 4014 2526 4087 σφόδρα
2554 4014 2583 4066 6
2616 4011 2808 4083 μισθὸς
2858 4009 3094 4082 ηὐξήθη.
3129 4008 3350 4078 Ὠστεή
3383 4007 3532 4060 αἰτία
3592 4004 3687 4057 τοῦ
3726 4004 3812 4077 μὴ

2210 4101 2457 4172 ἀγαπᾷν,
2491 4097 2554 4150 :6
2573 4096 2756 4164 λέγειν
2807 4095 2890 4148 ὅτι
2934 4093 3170 4165 πονηρός
3229 4095 3400 4154 ἐστιν,
3447 4090 3587 4162 αῦτη
3650 4091 3812 4143 αξτία

2212 4187 2332 4240 ἐστὶ
2353 4182 2448 4239 τοῦ
2477 4181 2724 4252 ἀγαπᾷν.
2757 4175 2930 4250 ’Λρον
2955 4180 3053 4232 τὸν
3067 4176 3501 4248 ἀνταγωνιστὴν,
3526 4178 3618 4228 καὶ
3644 4176 3812 4227 ἀναι-

2212 4274 2328 4345 ρεῖς
2375 4268 2488 4322 τῶν
2536 4269 2820 4334 στεφάνων
2849 4263 2948 4334 τήν
3006 4263 3287 4332 ἀφορμήν.
3348 4261 3460 4330 υύχ
3505 4261 3636 4331 ὁρᾷς
3674 4261 3812 4323 τοὺς

2211 4354 2453 4426 ἀθλητὰς
2485 4364 2533 4415 ε,
2567 4351 2686 4412 πῶς
2715 4347 2986 4410 θυλάκους
3008 4349 3196 4416 ἄμμου
3232 4345 3640 4416 πληρώσαντες,
3659 4345 3813 4398 οὕτω

2212 4437 2627 4510 γυμνάζονται;
2665 4433 2758 4487 Σοὶ
2799 4431 2858 4486 δὲ
2897 4431 2960 4484 ού
3008 4430 3171 4501 χρεία
3211 4428 3564 4499 ἐπιτηδεῦσαι
3608 4427 3812 4481 τοῦτο’

2212 4524 2376 4593 γέμει
2402 4523 2430 4574 6
2461 4520 2578 4591 βίος
2633 4517 2744 4571 τῶν
2784 4514 3177 4586 γυμναζόντων
3199 4530 3258 4566 σε
3279 4552 3294 4576 ,
3351 4514 3444 4566 καί
3506 4511 3816 4565 ποιούντων

2216 4605 2464 4677 ἰσχυρόν.
2511 4604 2626 4673 Οὐχ
2674 4602 2811 4674 ὁρᾷς
2861 4601 2948 4653 ὅτι
2991 4599 3088 4652 καὶ
3126 4597 3196 4651 τά
3220 4596 3416 4667 δένδρα
3458 4597 3567 4668 ὅσῳ
3591 4597 3656 4651 ἂν
3699 4597 3815 4652 ὑπὸ

2212 4693 2436 4762 ἀνέμων
2469 4687 2773 4760 ριπίζηται,
2804 4682 3045 4753 τοσούτῳ
3069 4681 3272 4752 μᾶλλον
3308 4683 3631 4762 ἰσχυρότερα
3656 4681 3815 4749 γίνεο

2213 4793 2303 4831 ται
2319 4759 2419 4829 καὶ
2437 4759 2751 4841 πυκνότερα
2775 4787 2790 4837 ;
2811 4769 2924 4823 Καὶ
2951 4769 3114 4838 ἡμεῖς
3135 4765 3320 4819 τοίνυν
3339 4765 3406 4820 ἂν
3423 4759 3573 4836 ὦμεν
3597 4764 3815 4836 μακρό-

2215 4861 2401 4930 θυμοι,
2426 4856 2522 4910 καὶ
2547 4852 2760 4923 ἰσχυροὶ
2781 4851 3040 4922 ἐσόμεθαο
3060 4848 3244 4918 Ἀνὴρ
3259 4849 3389 4921 γὰρ,
3406 4849 3563 4919 φησὶ,
3576 4850 3814 4918 μακρά-

2214 4948 2423 5014 θύμος,
2441 4939 2638 5006 πολὺς
2657 4934 3028 5008 ὲνφρονήσει
3050 4937 3109 4988 ’ὁ
3125 4933 3193 4987 δὲ
3214 4935 3608 5004 ὀλιγόφυχος,
3635 4936 3738 5003 ὶσχ
3747 4952 3817 4987 υ-

2207 5027 2332 5098 ρῶς
2377 5026 2605 5095 ἄφρων.
2630 5023 2797 5095 Ὁρᾷς
2844 5022 2972 5074 ὅσον
3002 5018 3195 5073 τούτου
3229 5018 3290 5071 τὸ
3321 5018 3636 5089 ὲγκώμιον;
3673 5021 3814 5091 ὁρᾷς

2215 5115 2340 5166 ὅσον
2365 5109 2577 5164 ἐκείνου
2598 5107 2659 5160 :6
2679 5105 3048 5176 κατηγόρημα
3072 5099 3386 5173 ;’1σχυρῶς
3402 5101 3628 5172 ἄφρων,
3646 5120 3810 5156 τουτο

2217 5198 2368 5260 ἐστι,
2412 5194 2575 5248 πάνυ.
2611 5193 2703 5262 Μὴ
2749 5192 2932 5243 τοίνυν
2969 5186 3404 5259 μικροψυχώμεν
3457 5187 3593 5256 πρὸς
3627 5187 3817 5257 ἀλλή-

2217 5280 2458 5344 λους’ού
2489 5278 2601 5348 γὰρ
2629 5275 2740 5330 ἀπὸ
2789 5274 2890 5344 τῆς
2937 5271 3141 5343 ἔχθρας
3206 5270 3418 5338 γίνεται
3468 5270 3650 5332 τοῦτο,
3693 5272 3814 5324 ἀλλ’

2218 5365 2328 5420 ἀπὸ
2357 5363 2450 5417 τοῦ
2481 5361 2660 5432 ψυχὴν
2679 5359 2880 5430 μικράν
2916 5356 3060 5427 ἔχειν
3082 5371 3095 5383 ·
3122 5354 3196 5417 ὡς
3210 5351 3356 5427 ὲάνῇ
3387 5355 3602 5425 ἰσχυρά,
3629 5355 3817 5410 πάντα.

2218 5449 2356 5503 οἴσει
2385 5447 2606 5518 ῥαδίως,
2641 5445 2738 5496 καὶ
2762 5443 2916 5496 οὐδὲν
2948 5440 3120 5512 αὐτὴν
3153 5441 3554 5493 καταποντίσαι
3578 5438 3812 5510 δυνήσε-

2287 5741 2315 5781 1’
2349 5741 2433 5792 Sic
2453 5737 2590 5793 Colb.
2624 5736 2757 5788 Edili
2791 5737 3130 5798 ἐπιδειξόμεθα.

2289 5813 2311 5841 ε
2337 5802 2476 5854 Colb.
2501 5808 2554 5853 et
2586 5814 2738 5865 marg.
2786 5798 2960 5862 Savil.,
2988 5795 3096 5852 τοὺς
3141 5796 3340 5854 πύκτας.
3376 5795 3644 5860 Μυιὶδουσ,
3680 5809 3824 5860 βω..

2225 5879 2381 5919 εοηεε.
