4172 6494
397 370 497 429 Ml

380 494 556 551 habet
594 491 668 549 ad
693 490 1025 561 docendum,
1055 505 1218 564 quam
1245 490 1427 547 dicere
1467 509 1481 546 :
1514 490 1711 545 multos
1748 505 1845 544 vos
1878 504 2005 559 quo-

373 604 493 661 que
543 586 763 644 habetis
797 585 1054 643 doctores
1104 587 1157 641 in
1204 584 1551 640 multitudine
1596 584 1700 639 hoc
1739 583 2002 639 facientes

374 695 479 751 per
506 694 704 751 opera.
734 679 873 746 Quid
898 688 1003 745 cst,
1034 676 1353 732 Accedamus
1378 694 1495 731 cum
1524 694 1639 733 vero
1660 677 1812 731 corde
1839 676 1865 729 ?
1887 675 1998 731 Hoc

375 782 484 839 est,
521 771 738 842 absque
779 770 1059 841 hypocrisi
1091 780 1147 826 et
1173 769 1544 824 simulatione.
1601 768 1689 823 Va:
1713 768 1877 833 enim,
1911 768 1997 822 in-

382 866 515 936 quit,
566 863 722 918 cordi
770 863 974 928 timido,
1007 873 1053 917 et
1082 862 1317 917 manibus
1365 861 1626 916 dissolutis
1669 878 1730 915 ac
1772 861 1997 915 remissis

385 956 657 1029 (Eccli.2.
690 957 805 1028 14).
832 956 1074 1023 Nullum,
1120 954 1313 1027 inquit,
1360 955 1433 1010 sit
1475 954 1528 1009 in
1578 954 1733 1009 nobis
1769 952 1996 1009 menda-

382 1053 519 1106 cium
546 1068 561 1104 :
591 1066 663 1105 nc
686 1050 793 1104 alia
813 1049 1033 1119 quidem
1064 1048 1332 1114 dicamus,
1365 1048 1466 1102 alia
1491 1062 1622 1103 vero
1651 1047 1949 1102 sentiamus
1973 1062 1988 1112 ;

379 1143 480 1198 hoc
509 1152 595 1199 est
625 1143 778 1199 enim
817 1142 1160 1196 mendacium
1197 1159 1209 1194 :
1242 1156 1415 1212 neque
1448 1142 1617 1195 sitnus
1656 1140 1832 1210 pusilli
1874 1140 1991 1192 ani-

375 1239 487 1302 mi;
524 1237 633 1292 hoc
660 1235 810 1291 enim
858 1251 964 1290 nou
995 1243 1080 1290 est
1109 1233 1221 1289 veri
1266 1233 1446 1288 cordis
1472 1274 1488 1299 ,
1521 1248 1585 1287 ex
1617 1246 1681 1287 eo
1711 1231 1851 1302 quod
1881 1245 1989 1284 non

371 1330 665 1388 credamus
697 1329 935 1385 efﬁcitur
981 1337 1041 1383 ut
1082 1331 1254 1383 simus
1285 1326 1464 1397 pusilli
1491 1325 1675 1381 animi.
1707 1324 1989 1391 Quomodo

368 1434 553 1479 autem
584 1424 692 1479 hoc
739 1422 846 1478 erit
875 1423 900 1475 ?
929 1420 986 1478 Si
1023 1421 1181 1476 nobis
1225 1429 1375 1476 certo
1426 1418 1842 1491 persuadeamus
1887 1432 1989 1488 per

366 1517 552 1574 ﬁdem.
615 1516 839 1586 Aspersi
881 1515 1060 1570 corda.
1090 1514 1201 1570 Cur
1242 1529 1350 1568 non
1377 1512 1532 1576 dixit,
1559 1511 1817 1577 Mundati,
1865 1510 1982 1578 sed,

366 1610 579 1683 Asper-si
599 1611 627 1665 .’
659 1608 864 1665 Volens
896 1606 1189 1663 ostendere
1236 1603 1595 1662 differentiam
1633 1618 1820 1659 eorum
1864 1617 1986 1672 qua:

363 1712 663 1775 aspergunt
684 1743 701 1767 ,
734 1702 970 1757 alterum
1002 1699 1219 1770 quidem
1256 1698 1387 1754 dicit
1411 1712 1534 1754 esse
1567 1697 1658 1752 Dei
1686 1737 1702 1761 ,
1753 1695 1981 1749 alterum

360 1812 491 1853 vero
519 1808 802 1851 nostrum.
838 1793 1079 1850 Abluere
1105 1793 1251 1849 enim
1292 1792 1679 1848 conscientiam
1709 1800 1764 1845 et
1791 1804 1980 1860 asper-

353 1906 505 1963 gere,
554 1898 642 1946 est
688 1887 829 1954 Dei;
873 1887 928 1941 in
966 1886 1199 1942 veritate
1240 1894 1419 1939 autem
1467 1883 1726 1939 accedere
1765 1892 1819 1937 et
1857 1898 1981 1938 cum

352 1994 505 2040 certa
534 1999 601 2039 ac
640 1982 801 2053 plena
836 1996 933 2050 per
964 1978 1125 2035 ﬁdem
1162 1978 1512 2049 persuasione
1535 2018 1550 2043 ,
1582 1984 1667 2032 est
1709 1984 1976 2030 nostrum.

355 2078 567 2132 Deinde
604 2077 773 2131 etiam
809 2073 933 2128 ﬁdei
963 2073 1054 2127 dat
1087 2071 1341 2125 virtutem
1372 2084 1438 2124 ex
1468 2068 1694 2123 veritate
1732 2066 1849 2136 ejus
1888 2065 1979 2135 qui

357 2169 631 2240 promisit.
657 2165 799 2235 Quid
851 2174 970 2232 est,
1007 2163 1073 2217 Et
1119 2162 1281 2217 abluti
1322 2178 1510 2232 corpus
1559 2175 1693 2231 aqua
1740 2158 1979 2211 munda?

369 2262 505 2329 Quae
534 2262 762 2315 mundos
799 2258 988 2324 efﬁcit,
1020 2257 1183 2325 dicit,
1226 2265 1317 2312 aut
1342 2271 1463 2327 qua:
1500 2269 1605 2310 non
1638 2254 1801 2309 habet
1848 2267 1976 2307 san-

375 2355 618 2425 guinem.
646 2352 837 2407 Deinde
865 2350 1016 2405 addit
1058 2349 1112 2404 id
1142 2349 1285 2420 quod
1317 2357 1401 2404 est
1431 2347 1750 2419 perfectum,
1782 2360 1977 2416 nempe

372 2449 673 2502 caritatem.
705 2444 823 2499 Non
853 2446 1144 2499 deserentes
1172 2443 1518 2497 collectionem
1548 2451 1795 2494 nostram.
1820 2440 1975 2506 Quod

365 2541 581 2612 quidam
612 2539 834 2604 faciunt,
870 2537 1075 2607 inquit,
1114 2544 1170 2591 et
1207 2535 1461 2591 scindunt
1496 2542 1798 2590 conventus
1828 2551 1841 2587 :
1873 2533 1975 2588 hoc

356 2636 462 2689 illis
497 2643 662 2689 vetat.
700 2633 891 2686 Frater
919 2633 1060 2685 enim
1090 2647 1122 2683 a
1152 2631 1315 2699 fratre
1342 2630 1573 2699 adjutus,
1606 2638 1677 2684 est
1702 2630 1830 2683 sicut
1854 2628 1975 2684 urbs

352 2728 551 2781 munita
584 2727 605 2799 (
630 2725 786 2780 Prov.
824 2726 917 2780 18.
951 2724 1076 2794 19).
1110 2722 1217 2779 Sed
1247 2722 1629 2778 consideremus
1668 2723 1883 2776 invicem
1919 2723 1974 2776 in

348 2820 773 2889 provocationem
803 2817 1061 2871 caritatis.
1092 2816 1230 2885 Quid
1277 2825 1381 2881 est,
1429 2816 1817 2871 Consideremus
1844 2816 1976 2869 invi-

343 2928 454 2965 cem
483 2911 511 2965 ?
556 2909 617 2965 Si
643 2910 767 2979 quis
796 2908 871 2962 sit
907 2908 1109 2962 virtute
1146 2907 1442 2977 praeditus,
1490 2922 1613 2960 eum
1653 2906 1970 2973 imitemur;

340 3018 465 3058 eum
515 3003 877 3072 aspiciamus,
913 3007 971 3053 ut
1012 2999 1298 3071 diligamus
1325 3008 1380 3053 et
1424 2998 1754 3069 diligamur:
1786 3013 1909 3053 nam
1938 3013 1970 3054 a

340 3095 578 3151 caritate
615 3094 757 3147 ﬁunt
790 3093 930 3147 bona
962 3105 1148 3159 opera.

411 3184 473 3239 2.
498 3184 759 3254 Magnum
784 3182 985 3237 bonum
1015 3190 1099 3237 est
1136 3188 1434 3237 conventus
1476 3195 1541 3237 ac
1569 3180 1919 3253 congregatio
1950 3196 1968 3236 :

346 3274 464 3344 ipsa
488 3274 639 3328 "enim
659 3274 943 3330 caritatem
964 3275 1537 3343 redditardentiorem,
1554 3287 1609 3331 et
1625 3292 1690 3331 ex
1708 3292 1770 3332 ea
1793 3276 1973 3331 omnia

341 3380 657 3424 nascuntur
702 3369 844 3425 bona
870 3386 884 3424 :
918 3371 1124 3426 nullum
1152 3381 1237 3428 est
1264 3373 1407 3427 enim
1436 3372 1658 3439 bonum,
1688 3370 1830 3441 quod
1861 3385 1969 3426 non

338 3478 443 3533 per
464 3463 760 3519 caritatem
786 3463 899 3518 ﬁat.
926 3464 1059 3520 Eam
1082 3466 1244 3531 igitur
1261 3465 1403 3524 inter
1418 3481 1519 3522 nos
1544 3464 1965 3521 conﬁrrnemus:

334 3554 637 3611 Plenitudo
683 3559 830 3614 enim
869 3560 995 3629 legis
1036 3570 1109 3615 est
1139 3559 1343 3615 dilectio
1371 3559 1546 3630 (Rom.
1580 3561 1669 3615 15.
1700 3558 1816 3632 10).
1848 3558 1964 3615 Non

330 3655 425 3702 est
457 3648 624 3701 nobis
672 3664 809 3718 opus
854 3650 1147 3717 laboribus,
1190 3666 1368 3722 neque
1409 3650 1719 3718 sudoribus,
1775 3651 1821 3706 si
1865 3665 1968 3706 nos

327 3737 484 3793 alter
510 3740 752 3794 alterum
782 3740 1074 3812 diligamus
1105 3761 1118 3798 :
1149 3744 1229 3797 via
1258 3753 1343 3798 est
1368 3759 1487 3813 quae
1515 3758 1611 3798 sua
1644 3752 1837 3813 sponte
1865 3743 1965 3797 du-

329 3830 406 3884 cit
430 3831 507 3885 ad
542 3833 823 3887 virtutem.
857 3832 1006 3888 Sicut
1041 3834 1185 3889 enim
1230 3834 1283 3889 in
1329 3835 1411 3889 via
1460 3834 1701 3905 publica,
1748 3835 1793 3889 si
1839 3833 1961 3903 quis

332 3920 619 3976 invenerit
666 3923 901 3990 initium,
944 3924 1013 3978 ab
1060 3925 1178 3993 ipso
1216 3925 1453 3990 ducitur,
1502 3940 1605 3980 nec
1643 3925 1781 3980 duce
1818 3939 1956 3994 opus

335 4024 415 4069 est
440 4034 455 4069 :
485 4016 567 4069 ita
591 4016 761 4071 etiam
789 4017 842 4070 in
870 4018 1119 4080 caritate.
1148 4018 1320 4072 solum
1349 4016 1696 4088 apprehende
1719 4016 1958 4082 initium,

334 4117 387 4160 et
408 4107 709 4163 confestim
739 4109 807 4163 ab
835 4110 951 4178 ipso
977 4110 1191 4164 duceris
1218 4119 1271 4164 et
1301 4108 1571 4179 dirigeris.
1603 4108 1828 4173 Caritas,
1875 4108 1959 4162 in-

332 4201 467 4269 quit,
504 4202 716 4271 patiens
748 4211 843 4268 est,
871 4202 1089 4273 benigna
1118 4212 1212 4268 est,
1253 4218 1357 4255 non
1396 4202 1586 4271 cogitat
1631 4201 1825 4254 malum
1872 4200 1953 4270 (Ι.

332 4292 449 4348 Cor.
485 4296 582 4349 15.
616 4295 696 4365 4).
726 4293 781 4349 Si
824 4296 1026 4364 cogitet
1053 4295 1320 4364 quispiam
1357 4294 1473 4362 ipse
1510 4293 1649 4364 apud
1689 4308 1770 4359 se,
1822 4305 1958 4362 quo-

322 4386 499 4441 modo
544 4402 677 4455 erga
722 4402 803 4451 se,
846 4387 927 4441 sic
967 4395 1021 4441 et
1068 4402 1193 4457 erga
1241 4386 1545 4456 proximum
1588 4386 1660 4440 sit
1708 4384 1953 4439 affectus.

317 4476 509 4533 Nemo
558 4477 666 4532 sibi
714 4478 815 4548 ipsi
868 4478 1094 4540 invidet,
1137 4478 1317 4531 omnia
1370 4478 1508 4531 bona
1541 4477 1643 4530 sibi
1676 4487 1952 4547 precatur,

323 4572 595 4626 omnibus
620 4586 683 4625 se
713 4572 998 4640 prteponit,
1033 4586 1131 4640 pro
1175 4584 1234 4626 se
1277 4570 1394 4625 vult
1423 4570 1602 4624 omnia
1647 4569 1846 4625 facere.
1895 4569 1953 4625 Si

322 4679 463 4735 ergo
489 4665 546 4718 in
575 4664 715 4718 alios
742 4678 958 4734 quoque
979 4664 1059 4718 sic
1088 4662 1408 4731 afﬁciamur,
1426 4663 1607 4717 omnia
1632 4663 1806 4719 soluta
1829 4673 1954 4720 sunt

322 4757 473 4811 mala
508 4775 524 4811 :
575 4772 685 4810 non
728 4764 857 4810 sunt
906 4754 1218 4821 inimicitias,
1257 4769 1366 4809 non
1410 4763 1495 4809 est
1520 4754 1787 4811 avaritia:
1832 4756 1954 4827 quis

322 4853 475 4907 enim
508 4849 747 4921 cupidus
776 4864 899 4905 esse
921 4848 1189 4904 voluerit?
1206 4862 1388 4915 nemo,
1406 4846 1501 4904 sed
1534 4849 1710 4919 potius
1735 4858 1949 4905 contra.

394 4944 741 5016 lnjuriarum
766 4942 951 4996 oblivio
985 4941 1392 4996 commendatur.
1410 4940 1822 4998 -Communia
1852 4943 1952 5014 igi-

327 5046 410 5092 tur
436 5036 632 5092 omnia
665 5034 1065 5105 possideamus,
1092 5048 1193 5090 nec
1218 5049 1497 5091 cessemus
1522 5049 1624 5089 nos
1650 5035 1797 5105 ipsos
1819 5050 1952 5091 con-

323 5143 599 5201 grcgare:
635 5138 693 5182 et
721 5127 768 5182 si
798 5125 902 5181 hoc
928 5125 1211 5195 faciamus,
1234 5125 1416 5181 locum
1442 5142 1551 5181 non
1593 5126 1817 5182 habebit
1862 5127 1947 5181 in-

320 5223 476 5292 juriae
532 5229 783 5289 accepta:
827 5219 1175 5274 recordatio:
1219 5219 1340 5290 quis
1388 5219 1534 5274 enim
1596 5219 1650 5275 in
1708 5218 1949 5274 animum

327 5312 616 5370 induxerit
661 5327 692 5365 a
737 5326 799 5367 se
844 5311 946 5366 sibi
992 5310 1157 5366 illata:
1188 5310 1401 5382 injuriae
1446 5311 1797 5367 meminisse?
1828 5312 1951 5383 quis

326 5408 562 5463 voluerit
591 5405 804 5475 sibiipsi
834 5405 1037 5460 irasci?
1064 5420 1241 5460 annon
1273 5406 1516 5460 omnium
1560 5407 1799 5462 maxime
1847 5423 1949 5463 n0-

325 5503 402 5557 bis
427 5503 573 5572 ipsis
606 5499 979 5569 ignoscimus?
1005 5498 1061 5553 Si
1095 5499 1173 5554 sic
1200 5498 1380 5554 affecti
1410 5497 1672 5555 fuerimus
1701 5501 1868 5555 etiam
1898 5502 1948 5556 in

328 5597 635 5664 proximos,
666 5608 964 5663 numquam
983 5592 1086 5645 erit
1102 5591 1313 5661 injurize
1328 5600 1568 5662 accepta:
1581 5593 1891 5649 recordatio
1907 5595 1946 5648 ί.

325 5690 387 5745 Et
415 5686 729 5761 quomodo,
757 5686 954 5756 inquit,
990 5685 1106 5741 ﬁeri
1138 5694 1317 5756 potest
1361 5694 1420 5741 ut
1454 5687 1721 5757 quispiam
1754 5690 1941 5759 proxi-

322 5799 468 5839 mum
500 5794 667 5852 aeque
699 5778 888 5849 diligat
911 5786 1076 5849 atque
1114 5780 1394 5850 scipsum?
1438 5778 1495 5836 Si
1538 5780 1642 5837 hoc
1687 5783 1780 5838 alii
1840 5800 1946 5840 non

382 5906 397 5935 ²
424 5903 526 5953 llic
553 5899 729 5960 incipit
750 5896 1001 5964 homiliam
1024 5894 1283 5964 decimam
1304 5910 1478 5947 nonam
1503 5895 1637 5949 Colb.
1664 5894 1739 5949 his
1765 5899 1946 5951 verbis.

318 5970 443 6020 Fide
468 5958 671 6030 dignus
682 5966 752 6012 est
767 5960 849 6025 qui
871 5958 1005 6010 dixit
1032 5958 1329 6023 :Quomodo,
1354 5966 1445 6010 ctc.

1226 374 1293 433 IN
1336 374 1555 436 EPIST.
1589 375 1680 432 AD
1718 373 2089 433 HEBREOS.
2129 373 2289 430 CAP.
2329 373 2400 429 Χ.
2442 370 2679 431 1103111..
2721 371 2865 429 XIX.

3602 388 3705 442 “'3

2105 485 2369 553 fecerunt,
2400 494 2548 543 recte
2583 489 2861 547 existimas
2902 492 3009 550 hoc
3054 492 3171 552 ﬁeri
3211 514 3320 555 non
3368 517 3568 572 posse:
3617 509 3700 559 sin

2104 588 2285 635 autem
2310 579 2573 651 fecerunt,
2597 585 2938 656 perspicuum
2959 600 3041 644 est
3062 592 3205 661 quod
3228 593 3329 649 hoc
3360 611 3389 649 a
3418 597 3575 651 nobis
3596 614 3702 651 non

2108 671 2197 727 ﬁat
2225 681 2443 743 propter
2469 685 2706 732 nostram
2740 680 3003 749 ignaviam
3028 692 3081 738 et
3103 685 3427 742 socordiam.
3449 689 3702 757 Alioquin

2104 776 2284 822 autem
2318 767 2449 823 nihil
2482 772 2724 841 prmcipit
2748 773 2997 830 Christus
3028 777 3168 846 quod
3204 794 3308 833 non
3344 782 3513 849 possit
3544 782 3657 836 ﬁeri
3686 824 3700 847 ,

2103 875 2224 915 cum
2245 862 2404 915 etiam
2426 864 2577 917 multi
2601 864 2715 934 ejus
2736 878 3004 938 prtccepta
3025 874 3344 941 superarint.
3367 875 3499 942 Quis
3520 887 3702 931 autem

2104 950 2208 1006 hoc
2266 951 2433 1007 fecit?
2460 954 2677 1020 Paulus,
2715 956 2930 1023 Petrus,
2966 968 3106 1015 totus
3138 974 3448 1020 sanctorum
3479 967 3699 1023 chorus.

2100 1042 2207 1104 sed
2230 1043 2274 1096 si
2298 1042 2491 1098 dixero
2514 1044 2729 1114 quidem
2753 1049 2897 1117 quod
2920 1050 3224 1107 dilexerunt
3247 1057 3541 1123 proximos,
3568 1058 3703 1115 nihil

2100 1136 2277 1191 dicam
2319 1150 2572 1207 magnum
2600 1156 2615 1193 :
2646 1140 2895 1196 inimicos
2936 1143 3007 1196 ita
3047 1144 3368 1215 dilexerunt,
3400 1160 3458 1204 ut
3487 1166 3581 1207 eos
3609 1155 3699 1222 qui

2098 1236 2225 1282 sunt
2255 1231 2541 1286 unanimes
2572 1247 2734 1287 nemo
2765 1237 2934 1305 magis
2960 1237 3225 1294 dilexerit.
3257 1242 3388 1309 Quis
3410 1246 3552 1300 enim
3583 1247 3698 1301 ele-

2098 1319 2235 1389 gerit
2266 1322 2344 1378 ire
2375 1322 2426 1376 in
2452 1323 2757 1394 gehennam
2786 1343 2884 1397 pro
2914 1332 3208 1395 unanimis,
3233 1348 3355 1388 cum
3388 1336 3442 1391 in
3473 1354 3695 1407 regnum

2097 1411 2344 1469 abiturus
2395 1414 2524 1469 est?
2565 1415 2799 1473 Nullus:
2858 1421 2951 1475 sed
2998 1422 3195 1479 Paulus
3241 1426 3345 1481 hoc
3387 1429 3550 1499 elegit
3600 1448 3697 1499 pro

2095 1503 2353 1572 inimicis,
2388 1521 2488 1576 pro
2518 1507 2587 1563 iis
2617 1510 2708 1578 qui
2741 1526 2867 1565 cum
2907 1513 3177 1583 lapidibus
3204 1520 3563 1587 appetierant,
3599 1540 3697 1592 pro

2095 1595 2161 1652 iis
2204 1600 2295 1668 qui
2340 1598 2524 1670 ﬂagris
2563 1617 2685 1657 eum
2728 1604 3059 1667 ceciderant.
3090 1608 3347 1674 Quaenam
3382 1628 3510 1683 ergo
3540 1616 3697 1671 nobis

2096 1689 2311 1746 dabitur
2348 1695 2529 1760 venia,
2580 1710 2830 1765 quaenam
2872 1702 3170 1767 excusatio,
3221 1705 3265 1757 si
3306 1721 3374 1759 nc
3418 1708 3695 1764 minimam

2095 1784 2312 1855 quidem
2351 1796 2559 1856 partem
2607 1789 2935 1857 dilectionis,
2977 1809 3136 1862 quam
3183 1795 3233 1849 in
3276 1797 3521 1854 inimicos
3566 1818 3696 1856 suos

2095 1878 2330 1933 ostendit
2358 1880 2576 1945 Paulus,
2613 1897 2711 1936 nos
2739 1883 2789 1937 in
2825 1893 3043 1940 nostros
3074 1888 3278 1944 amicos
3303 1893 3696 1948 ostendamus?

2091 1968 2292 2025 Beatus
2321 1986 2534 2042 quoque
2574 1972 2785 2045 Moyses
2831 1984 2957 2030 ante
3006 1992 3126 2032 eum
3174 1997 3270 2045 pro
3306 1982 3558 2051 inimicis,
3600 1987 3693 2056 qui

2091 2061 2265 2132 ipsum
2321 2064 2594 2134 lapidibus
2641 2069 3005 2137 appetierant,
3052 2073 3225 2127 voluit
3253 2074 3420 2130 deleri
3453 2077 3520 2133 de
3553 2080 3691 2136 libro

2091 2155 2188 2213 Dei
2213 2155 2411 2230 (Exod.
2457 2158 2546 2213 52.
2579 2159 2673 2228 32)
2708 2178 2720 2213 :
2756 2161 2923 2216 David
2962 2178 3179 2234 quoque
3227 2168 3417 2224 videns
3459 2186 3553 2226 eos
3597 2174 3689 2241 qui

2089 2247 2189 2316 ipsi
2234 2249 2543 2303 restiterant
2586 2251 2845 2316 interimi,
2880 2252 3012 2308 dicit
3044 2273 3058 2309 :
3091 2253 3207 2328 Ego
3238 2269 3416 2328 pastor
3445 2265 3689 2331 peccavi;

2087 2338 2173 2392 isti
2210 2348 2379 2393 autem
2417 2341 2541 2409 quid
2588 2345 2815 2412 fecerunt
2852 2343 2931 2414 (2.
2986 2345 3115 2417 Reg.
3162 2350 3253 2404 24.
3293 2352 3422 2423 17).
3468 2353 3685 2411 Saﬁlem

2087 2444 2300 2500 quoque
2331 2444 2452 2485 cum
2486 2431 2714 2487 haberet
2755 2433 2808 2489 in
2855 2437 3129 2501 manibus.
3173 2442 3349 2499 noluit
3389 2445 3459 2501 de
3505 2448 3686 2504 medio

2087 2522 2298 2586 tollere.
2341 2523 2439 2579 sed
2470 2526 2726 2591 servavit,
2757 2526 2920 2598 idque
2948 2544 3074 2587 cum
3104 2532 3225 2604 ipse
3255 2551 3510 2595 venturus
3536 2550 3685 2597 esset

2087 2612 2142 2667 in
2170 2613 2492 2682 periculum.
2539 2614 2599 2673 Si
2638 2626 2819 2675 autem
2863 2620 2980 2678 hmc
3025 2623 3163 2680 facta
3201 2640 3337 2683 sunt
3373 2628 3431 2687 in
3479 2631 3683 2700 Veteri,

2083 2720 2372 2778 quamnam
2427 2723 2787 2781 assequemur
2841 2728 2942 2769 nos
2996 2717 3244 2777 veniam,
3287 2717 3385 2784 Qui
3428 2720 3482 2776 in
3532 2722 3685 2778 Novo

2085 2800 2251 2856 vitam
2279 2801 2511 2873 agimus,
2543 2811 2599 2859 et
2632 2819 2732 2860 nec
2759 2804 2829 2861 ad
2857 2821 2975 2861 eam
3017 2809 3234 2879 quidem
3281 2812 3349 2868 ad
3394 2830 3554 2884 quam
3607 2818 3681 2871 illi

2081 2894 2459 2963 perveniamus
2488 2899 2844 2953 mensuram?
2881 2899 3014 2955 Nam
3045 2901 3109 2956 Si
3127 2904 3335 2972 justitia
3363 2916 3540 2961 nostra
3580 2925 3683 2964 non

2079 2984 2415 3041 abundaverit
2438 2988 2555 3058 plus
2583 3006 2739 3060 quam
2767 2988 3156 3048 Pharisaeorum
3186 3006 3232 3049 et
3259 2998 3558 3063 scribarum,
3579 3017 3683 3055 non

2078 3077 2383 3135 intrabimus
2430 3082 2485 3135 in
2524 3100 2739 3154 regnum
2788 3086 3032 3141 caelorum
3060 3087 3277 3155 (Matth.
3312 3091 3364 3146 5.
3395 3092 3522 3163 20):
3557 3109 3681 3148 cum

2076 3182 2257 3230 autem
2287 3175 2450 3230 etiam
2492 3177 2671 3231 minus
2714 3177 3011 3233 habeamus
3052 3196 3212 3251 quam
3262 3183 3360 3249 illi,
3405 3188 3682 3254 quomodo

2077 3264 2434 3323 intrabitnus?
2455 3266 2686 3340 Diligite,
2720 3268 2914 3340 inquit,
2953 3272 3186 3327 inimicos
3206 3284 3414 3340 vestros,
3464 3287 3513 3330 et
3539 3279 3681 3332 eritis

2074 3357 2268 3413 similes
2297 3358 2447 3413 Patri
2472 3370 2654 3426 vestro,
2690 3364 2777 3432 qui
2807 3371 2879 3417 est
2918 3364 2972 3417 in
2994 3365 3132 3419 ralis
3153 3364 3319 3437 (Ibid.
3356 3383 3403 3421 υ.
3434 3370 3524 3423 44.
3557 3371 3675 3441 45).

2074 3449 2289 3522 Diligitc
2337 3467 2467 3524 ergo
2516 3453 2835 3509 inimicum:
2876 3470 2984 3511 non
3030 3458 3174 3513 enirn
3220 3458 3369 3514 illum
3410 3460 3681 3518 beneﬁcio

2070 3546 2267 3613 afﬁcis,
2294 3550 2387 3606 sed
2420 3552 2674 3623 teipsum.
2694 3552 3010 3622 Quomodo?
3037 3555 3141 3611 Par
3166 3555 3276 3612 Deo
3298 3555 3550 3613 efﬁceris.
3582 3558 3678 3615 llle

2070 3637 2118 3693 si
2151 3654 2182 3694 a
2228 3649 2281 3696 te
2323 3640 2486 3698 fuerit
2513 3642 2763 3714 dilectus,
2796 3663 2905 3702 non
2930 3648 3159 3703 multum
3190 3649 3323 3705 lucri
3358 3648 3484 3705 fecit
3513 3668 3528 3717 ;
3577 3649 3678 3707 fuit

2071 3732 2212 3786 enim
2233 3732 2460 3790 dilectus
2477 3752 2504 3789 a
2527 3751 2793 3793 conservo
2813 3758 2827 3795 :
2847 3750 2901 3794 tu
2919 3749 3098 3795 autem
3127 3742 3171 3797 si
3189 3757 3507 3798 conservum
3536 3742 3676 3800 dile-

2070 3824 2234 3884 xeris.
2270 3840 2519 3897 magnum
2553 3827 2723 3883 fecisti
2754 3830 2999 3898 lucrum;
3028 3833 3259 3888 efﬁceris
3283 3836 3423 3889 enim
3460 3837 3570 3891 Deo
3597 3838 3675 3891 si-

2070 3917 2234 3972 milis.
2254 3917 2419 3974 Vides
2434 3921 2576 3991 quod
2609 3922 2701 3977 tibi
2729 3923 3072 3993 gratiﬁcaris,
3102 3940 3210 3980 non
3245 3926 3362 3981 illi?
3386 3942 3505 3981 nam
3527 3944 3667 3997 prze-

2070 4010 2237 4063 mium
2266 4012 2383 4080 tibi,
2408 4030 2513 4068 non
2541 4014 2616 4069 illi
2646 4017 2920 4085 proponit.
2945 4018 3081 4086 Quid
3114 4035 3265 4084 vero,
3296 4021 3486 4090 inquit,
3522 4022 3565 4077 si
3601 4024 3672 4078 sit

2069 4103 2285 4157 malus?
2313 4104 2485 4160 Tanto
2515 4107 2689 4175 major
2710 4117 2797 4163 est
2825 4118 2912 4163 tua
2946 4125 3177 4175 merces,
3207 4119 3262 4165 et
3306 4111 3374 4166 de
3410 4114 3669 4181 improbi-

2072 4199 2177 4246 tate
2192 4193 2267 4247 illi
2286 4193 2451 4249 debes
2469 4195 2665 4251 habere
2683 4198 2928 4267 gratiam,
2951 4200 3163 4254 etiamsi
3188 4200 3669 4261 innumerabilibus

2068 4283 2136 4335 sit
2161 4283 2385 4340 affectus
2414 4286 2712 4342 beneﬁciis.
2744 4289 2875 4342 Nam
2908 4290 3009 4344 nisi
3039 4290 3192 4346 valde
3230 4292 3420 4348 fuisset
3471 4296 3665 4362 malus,

2069 4389 2174 4428 non
2199 4376 2288 4430 tibi
2309 4377 2463 4432 valde
2487 4379 2749 4434 crevisset
2776 4396 3008 4437 merces.
3027 4383 3198 4437 Causa
3224 4384 3402 4455 itaque
3422 4402 3526 4441 non
3553 4389 3673 4444 dili-

2067 4469 2246 4538 gendi,
2276 4486 2470 4540 nempe
2501 4472 2682 4528 dicere
2699 4474 2841 4545 quod
2875 4478 2944 4529 sit
2964 4477 3364 4543 malus,cadem
3392 4489 3475 4535 est
3502 4498 3669 4539 causa

2066 4562 2342 4633 diligendi.
2367 4564 2517 4620 Tolle
2559 4566 2949 4636 adversarium,
3005 4587 3198 4642 nempe
3227 4577 3623 4645 antagonistam
3651 4619 3667 4645 ,

2068 4666 2121 4711 et
2147 4673 2471 4713 coronarum
2505 4660 2649 4715 tollis
2675 4664 3040 4719 occasionem.
3068 4665 3187 4721 Non
3218 4668 3371 4724 vides
3400 4672 3671 4739 quomodo

2066 4754 2285 4809 athleta:
2313 4755 2594 4812 decertant
2623 4760 2854 4814 sacculis
2880 4775 3043 4815 arena
3084 4762 3318 4832 impletis
3345 4764 3368 4818 ?
3396 4764 3514 4819 Tibi
3566 4780 3668 4820 au-

2070 4854 2174 4899 tem
2206 4862 2311 4903 non
2343 4864 2481 4919 opus
2510 4857 2595 4905 est
2639 4851 2691 4905 in
2736 4850 2839 4905 hoc
2866 4852 3101 4907 studium
3146 4869 3384 4923 ponere:
3440 4856 3547 4909 vita
3589 4866 3673 4912 est

2069 4940 2226 5009 plena
2253 4940 2318 4996 iis
2347 4957 2467 5011 qum
2498 4950 2551 4997 te
2580 4952 2839 4999 exercent
2885 4943 3185 5013 fortemque
3230 4945 3463 5001 reddunt
3493 4963 3556 5001 ac
3583 4964 3672 5002 ro—

2065 5033 2306 5089 bustum.
2336 5032 2452 5087 Non
2486 5034 2637 5090 vides
2679 5034 2821 5105 quod
2869 5036 3034 5090 etiam
3082 5036 3305 5093 arbores
3348 5052 3455 5104 quo
3500 5038 3673 5108 magis

2065 5127 2394 5181 ventilantur
2420 5133 2475 5180 et
2503 5127 2777 5197 agitantur
2801 5142 2831 5180 a
2859 5128 3056 5190 ventis,
3089 5142 3155 5182 eo
3183 5128 3317 5182 ﬁunt
3338 5127 3591 5183 fortiores
3616 5139 3672 5184 ct

2065 5217 2387 5273 densiores?
2420 5218 2485 5273 Et
2507 5234 2603 5273 nos
2625 5234 2838 5289 quoque
2859 5219 2902 5274 si
2926 5219 3096 5273 simus
3115 5218 3264 5275 lenes
3292 5227 3346 5274 et
3374 5221 3666 5289 patientes,

2066 5310 2269 5365 erimus
2315 5310 2477 5364 etiam
2538 5311 2706 5365 fortes
2751 5319 2806 5365 et
2845 5309 3004 5364 validi
3040 5328 3053 5364 :
3090 5325 3213 5365 nam
3276 5309 3365 5365 Vir
3394 5353 3407 5377 ,
3467 5312 3664 5383 inquit,

2067 5403 2263 5472 patiens
2288 5411 2337 5455 et
2362 5402 2671 5473 longanimis
2702 5402 2892 5456 multus
2929 5412 3002 5457 est
3028 5403 3080 5455 in
3114 5404 3388 5473 prudentia
3422 5420 3441 5459 .'
3477 5406 3563 5472 qui
3591 5416 3668 5461 est

2065 5505 2235 5547 autem
2261 5493 2439 5562 pusilli
2466 5494 2647 5560 animi,
2682 5504 2753 5548 est
2775 5494 2923 5548 valde
2948 5495 3196 5564 insipiens
3220 5496 3403 5568 (Prov.
3433 5497 3515 5552 14.
3547 5498 3663 5571 29).

2066 5586 2229 5644 Vides
2260 5585 2417 5658 hujus
2443 5595 2643 5658 quanta
2666 5586 2737 5643 sit
2768 5587 2908 5653 laus,
2938 5587 3081 5645 illius
3107 5599 3305 5661 quanta
3335 5592 3610 5647 accusatio
3637 5592 3664 5649 τ

2075 5678 2239 5735 Valde
2283 5681 2548 5749 insipiens,
2579 5679 2685 5735 hoc
2713 5690 2819 5749 est,
2852 5680 3164 5737 admodum.
3194 5682 3312 5737 Non
3344 5684 3512 5739 simus
3537 5701 3669 5757 ergo

2065 5771 2245 5844 pusilli
2298 5773 2441 5829 inter
2480 5788 2581 5827 nos
2620 5773 2826 5827 animi:
2857 5788 2962 5828 non
3006 5774 3063 5827 ﬁt
3088 5774 3234 5830 enim
3266 5774 3369 5830 hoc
3397 5790 3462 5831 ex
3492 5776 3670 5831 inimi-

2065 5865 2226 5928 ciliis,
2256 5864 2353 5920 sed
2380 5880 2446 5921 cx
2474 5880 2541 5920 eo
2568 5864 2710 5936 quod
2751 5865 2949 5935 pusillo
2992 5866 3161 5923 simus
3206 5866 3406 5921 animo.
3441 5866 3593 5932 Quod
3622 5868 3668 5923 si

2067 5956 2229 6014 fuerit
2258 5956 2432 6024 fortis,
2462 5957 2643 6016 omnia
2676 5956 2833 6016 facile
2862 5957 3017 6028 feret,
3045 5971 3221 6031 neque
3251 5956 3541 6029 quidquam
3571 5973 3666 6028 po-
