4172 6458
581 375 683 432 1-55

583 505 708 559 terit
727 521 848 560 eum
880 505 1208 576 demergere,
1233 507 1326 563 sed
1349 509 1414 563 ad
1446 509 1764 580 tranquillos
1783 509 2013 567 deducet
2041 527 2166 582 por-

582 606 666 651 tus
697 613 709 650 :
741 613 874 666 quos
904 597 1056 652 detur
1090 599 1245 653 nobis
1272 601 1521 655 omnibus
1565 604 1846 673 consequi,
1890 606 2056 675 gratia
2112 616 2166 662 et

580 687 904 759 benignitate
957 691 1161 744 Domini
1214 691 1383 746 nostri
1431 693 1561 770 Jcsu
1616 694 1838 761 Christi,
1887 712 2011 753 cum
2057 714 2165 770 quo

580 847 2576 872 Mm

1283 372 1340 428 S.
1371 365 1646 426 JOANNIS
1675 361 2160 422 ειιιιγεοδτοω
2213 362 2536 423 ARClllEP.
2577 364 3111 428 CONSTAN-TINOP.

3726 388 3818 444 1η

2262 508 2407 564 Patri
2456 523 2556 562 una
2612 523 2732 562 emn
2786 516 2972 562 sancto
3025 503 3239 576 Spiritu,
3288 501 3478 574 gloria,
3539 503 3816 574 imperium,

2265 601 2456 664 honor,
2499 615 2641 654 nunc
2688 609 2742 654 et
2793 613 3026 668 semper.
3074 605 3128 652 et
3178 595 3229 650 in
3269 595 3462 649 saecula
3499 597 3816 653 srcculorum.

2265 695 2470 749 Amen-

1919 889 2263 951 HOMILIA
2316 893 2464 954 XX.

573 999 702 1056 Car.
748 997 814 1054 l0
875 1013 927 1052 ν.
969 995 1062 1051 ‘26.
1134 993 1430 1049 Voluntarie
1475 992 1608 1046 enim
1659 991 1979 1060 peccantibus
2025 991 2170 1044 nobis

645 1102 758 1159 post
788 1097 1045 1157 acceptam
1070 1086 1303 1139 notitiam
1329 1081 1574 1149 veritatis,
1591 1083 1706 1148 jam
1734 1099 1835 1136 non
1866 1083 2170 1152 relinquitur

645 1198 739 1253 pro
767 1180 984 1250 peccatis
1017 1177 1202 1240 hostia,
1233 1176 1326 1229 27.
1351 1174 1586 1228 terribilis
1611 1183 1781 1228 autem
1806 1174 2037 1244 quaedam
2073 1190 2163 1228 ea:-

646 1275 890 1346 spectatio
900 1271 1108 1345 iudicii,
1131 1281 1176 1325 et
1205 1270 1336 1342 ignis
1361 1267 1642 1334 atmulatio,
1665 1283 1780 1339 qua:
1803 1277 2175 1339 consumpturis-

647 1382 720 1428 est
747 1367 1086 1424 aduersarios.

646 1466 699 1518 l.
729 1462 1090 1530 Quaecumque
1130 1457 1353 1512 arbores
1386 1455 1677 1525 plantam,
1718 1461 1774 1509 et
1808 1453 1910 1508 alia
1947 1467 2173 1523 quoque

574 1553 815 1610 adhibita
837 1549 1112 1621 diligentia
1142 1547 1502 1619 agricolarum
1530 1545 1778 1601 manibus
1805 1555 1860 1600 et
1887 1545 2172 1601 laboribus

574 1646 824 1708 excultae,
850 1643 1053 1699 nullum
1084 1639 1264 1696 ferunt
1296 1638 1552 1703 fructum,
1579 1637 1834 1692 radicitus
1855 1637 2054 1692 avulsae
2071 1637 2161 1706 ja-

572 1739 786 1794 ciuntur
801 1737 855 1791 in
879 1737 1076 1806 ignem.
1094 1733 1225 1789 Tale
1243 1731 1370 1802 quid
1390 1732 1484 1785 iuit
1505 1731 1666 1786 etiam
1691 1731 1744 1785 in
1771 1731 2168 1788 illuminationo

573 1843 766 1898 nempe
797 1828 1137 1897 baptismate.
1157 1823 1288 1878 Nam
1316 1831 1594 1893 postquam
1619 1836 1718 1876 nos
1745 1821 1989 1877 Christus
2006 1822 2162 1893 plan-

573 1921 737 1984 tavit,
766 1927 821 1972 et
849 1917 1179 1987 spiritualem
1212 1913 1550 1984 percepimus
1577 1912 1964 1983 irrigationem,
1995 1915 2039 1969 si
2063 1915 2165 1970 de-

569 2010 696 2065 inde
721 2009 925 2063 nullum
960 2005 1187 2061 fructum
1215 2003 1569 2068 ostendimus,
1597 2012 1873 2072 exspectat
1899 2019 1996 2059 nos
2023 2006 2166 2076 ignis

569 2103 850 2173 gehennae,
869 2108 922 2154 et
939 2099 1151 2153 ﬁamma
1172 2111 1292 2166 quae
1317 2109 1424 2149 non
1453 2102 1627 2164 potest
1655 2094 1944 2163 exstingui.
1960 2094 2160 2152 Paulus

568 2209 717 2264 ergo,
732 2208 853 2249 cum
876 2190 1188 2246 adhortatus
1205 2195 1349 2242 esset
1366 2186 1430 2240 ad
1451 2185 1724 2242 caritatem
1745 2195 1800 2241 et
1819 2186 1886 2241 ad
1909 2188 2158 2246 ferendos

567 2289 771 2344 fructus
798 2285 1060 2339 bonorum
1083 2294 1329 2350 operum,
1345 2278 1593 2332 incitatos
1610 2292 1639 2330 a
1663 2277 1976 2332 melioribus
1997 2287 2051 2332 et
2070 2278 2158 2334 be-

567 2378 900 2451 nignioribus
916 2375 1182 2444 (quamam
1202 2387 1264 2427 ea
1278 2369 1589 2440 snnt?quod
1609 2370 1882 2424 introitum
1897 2369 2158 2428 habemus

567 2471 620 2526 in
653 2477 859 2533 sancta,
892 2481 1050 2535 quam
1075 2462 1304 2518 initiavit
1331 2461 1486 2516 nobis
1523 2461 1662 2515 viam
1686 2470 1958 2517 recentem
1983 2460 2023 2532 ).
2053 2460 2158 2518 hoc

566 2563 739 2630 ipsum
771 2571 957 2613 rursus
996 2555 1123 2610 facit
1163 2554 1326 2609 etiam
1359 2567 1389 2606 a
1415 2551 1773 2615 tristioribus,
1810 2551 1881 2606 ita
1908 2551 2154 2621 loquens.

565 2653 698 2708 Nam
728 2667 849 2706 cum
880 2649 1108 2705 dixisset
1137 2664 1152 2703 :
1189 2645 1314 2701 Non
1353 2645 1640 2702 deserentes
1683 2644 2029 2699 collectionem
2062 2661 2156 2700 no-

564 2752 742 2804 stram.
765 2742 892 2796 sicut
913 2737 1294 2794 consuetudinis
1321 2744 1393 2790 est
1419 2734 1741 2804 quibusdam,
1773 2735 1863 2790 sed
1887 2735 2156 2791 consolan-

565 2844 659 2900 tes,
676 2843 724 2888 et
762 2842 900 2888 tanto
937 2831 1130 2902 magis,
1171 2835 1359 2898 quanto
1396 2826 1620 2881 videritis
1659 2827 2155 2898 appmpinquantem

565 2925 698 2980 diem
723 2928 800 2996 (et
829 2925 944 2978 haec
964 2923 1162 2992 quippe
1186 2929 1272 2974 est
1291 2918 1564 2974 sufﬁciens
1588 2918 1652 2972 ad
1679 2919 2150 2991 consolationem),

562 3015 842 3084 subjunxit
884 3031 898 3066 :
958 3009 1257 3066 Voluntarie
1297 3009 1432 3062 enim
1477 3007 1800 3078 peccantibus
1842 3008 1985 3063 nobis
2039 3018 2156 3079 post

564 3119 822 3172 acceptam
874 3103 1107 3158 notitiam
1149 3099 1396 3154 ueritatis.
1444 3098 1590 3167 Opus
1615 3107 1730 3164 est,
1761 3099 1966 3170 inquit,
1996 3100 2154 3156 bonis

559 3197 837 3268 Operibus,
866 3203 921 3250 et
949 3193 1105 3248 valde
1131 3207 1265 3262 opus
1295 3199 1396 3248 est.
1454 3190 1748 3246 Voluntarie
1775 3194 1908 3247 enim
1936 3211 2152 3264 peccan-

563 3285 696 3341 tibus
723 3287 864 3340 nobis
893 3294 1004 3356 post
1031 3293 1291 3352 acceptam
1334 3282 1568 3336 notitiam
1595 3283 1849 3350 veritatis,
1889 3286 2003 3356 jam
2049 3303 2151 3342 non

560 3377 862 3447 relinquitur
897 3362 988 3446 pro
1019 3375 1234 3445 peccatis
1260 3374 1446 3428 hostia.
1479 3371 1536 3428 ld
1582 3382 1698 3441 est,
1741 3373 2032 3431 mundattts
2067 3391 2150 3444 es,

563 3470 823 3524 liberatus
866 3483 925 3524 es
963 3483 992 3521 a
1042 3467 1394 3533 criminibus,
1449 3465 1621 3521 lactus
1645 3482 1705 3522 es
1734 3466 1896 3521 ﬁlius.
1935 3467 1990 3524 Si
2021 3484 2152 3539 ergo

564 3558 852 3612 revertaris
879 3558 944 3614 ad
973 3559 1206 3630 priorem
1251 3561 1512 3640 vomitum
1530 3599 1546 3624 ,
1576 3573 1764 3614 rursus
1789 3567 1970 3616 manet
1993 3558 2151 3614 abdi-

561 3648 700 3702 catio
745 3657 798 3703 et
823 3649 981 3719 ignis,
1033 3658 1085 3705 et
1109 3665 1464 3722 qumcumque
1503 3658 1630 3706 sunt
1658 3649 1961 3720 huiusmodi
1992 3667 2006 3703 :
2037 3665 2149 3705 non

557 3749 642 3794 est
670 3740 814 3794 enim
842 3740 1077 3796 secunda
1115 3742 1311 3798 hostia.
1367 3743 1467 3799 llic
1492 3757 1682 3799 rursus
1708 3757 1809 3797 nos
1830 3741 2149 3798 adoriuntur

556 3830 648 3900 qui
695 3832 890 3887 tollunt
942 3835 1342 3902 paenitentiam,
1383 3843 1440 3890 et
1478 3834 1805 3904 quicumque
1831 3842 2151 3889 cunctantur

555 3923 741 3978 venire
765 3922 832 3978 ad
863 3925 1126 3994 baptisma
1160 3942 1174 3979 :
1205 3925 1260 3979 hi
1287 3925 1506 3996 quidem
1534 3924 1722 3979 dicunt
1752 3939 1858 3978 non
1906 3939 2030 3978 esse
2071 3924 2151 3979 eis

557 4023 728 4070 tutum
757 4017 944 4072 venire
970 4016 1036 4072 ad
1059 4017 1351 4087 baptisma,
1376 4015 1642 4087 siquidem
1672 4031 1776 4071 non
1805 4025 1888 4072 est
1913 4014 2149 4072 secunda

556 4107 805 4162 remissio
831 4126 844 4162 :
877 4108 954 4162 illi
985 4123 1113 4164 vero
1136 4108 1322 4163 dicunt
1349 4123 1454 4162 non
1477 4122 1600 4164 esse
1625 4116 1794 4162 tutum
1820 4107 1884 4161 iis
1909 4107 1997 4177 qui
2020 4121 2141 4176 pec-

555 4211 748 4255 carunt
769 4201 1028 4271 impertiri
1056 4201 1333 4273 mysteria,
1366 4201 1411 4256 si
1441 4215 1548 4256 non
1577 4208 1662 4256 est
1689 4199 1925 4256 secunda
1957 4199 2149 4254 remis-

555 4291 660 4346 sio.
701 4291 839 4359 Quid
865 4307 994 4361 ergo
1025 4291 1266 4347 dicemus
1295 4291 1572 4362 utrisque?
1617 4290 1770 4358 Quod
1795 4290 1881 4345 hic
1912 4305 2017 4344 non
2051 4288 2143 4342 tali

555 4391 738 4438 mente
783 4382 885 4439 hoc
927 4383 1156 4451 dixerit,
1190 4398 1364 4454 neque
1413 4383 1552 4438 tollit
1593 4379 2002 4453 ptenitentiam',
2048 4393 2150 4433 nec

556 4487 675 4527 eam
717 4488 838 4545 quae
880 4489 977 4544 per
1010 4474 1381 4546 pmnitentiam
1427 4473 1486 4528 ﬁt
1527 4473 1918 4542 placationem,
1973 4484 2151 4539 neque

556 4566 774 4636 expellit
804 4574 859 4621 et
881 4565 1061 4637 dejicit
1099 4582 1196 4637 per
1238 4567 1670 4637 desperationem
1696 4580 1817 4620 eum
1846 4562 1934 4632 qui
1965 4571 2046 4617 est
2074 4563 2150 4616 Ia-

559 4673 689 4731 psus
721 4678 736 4715 :
769 4673 877 4714 non
905 4670 990 4714 est
1025 4673 1194 4730 usque
1233 4658 1370 4714 adeo
1407 4657 1659 4711 inimicus
1685 4664 1886 4710 nostrte
1915 4652 2141 4716 salutis;

559 4751 655 4808 sed
682 4751 978 4808 secundum
1004 4750 1181 4806 aufert
1200 4750 1496 4814 lavacrum,
1522 4763 1629 4802 non
1653 4746 1796 4802 enim
1828 4745 1960 4800 dixit
1991 4762 2005 4800 :
2037 4744 2151 4800 Non

559 4855 643 4904 est
669 4846 900 4916 amplius
925 4845 1240 4916 paenitentia
1258 4884 1274 4909 ,
1307 4851 1419 4910 aut,
1453 4841 1570 4897 Non
1597 4851 1681 4897 est
1709 4841 1938 4911 amplius
1963 4841 2154 4896 remis-

559 4938 680 5004 sio;
729 4937 856 5005 sed,
885 4952 994 4994 non
1033 4944 1120 4994 est
1142 4936 1374 5006 amplius
1399 4933 1574 4989 hostia
1604 4949 1619 4998 ;
1653 4932 1754 4988 hoc
1782 4943 1888 4999 est,
1916 4949 2022 4987 non
2071 4941 2155 4988 est

560 5029 790 5099 amplius
813 5045 946 5085 crux
974 5027 1210 5084 secunda
1237 5045 1254 5082 :
1280 5025 1386 5080 hoc
1409 5025 1552 5080 enim
1574 5033 1731 5081 vocat
1759 5024 2008 5080 hostiam.
2037 5023 2153 5078 Una

561 5120 711 5182 enim,
741 5118 934 5188 inquit,
967 5117 1134 5172 hostia
1162 5115 1527 5171 consummavit
1551 5115 1605 5170 in
1631 5125 1929 5186 perpetuum
1951 5131 2035 5170 eos
2063 5115 2152 5184 qui

561 5213 947 5282 sanctiﬁcantur
974 5225 993 5263 :
1020 5224 1128 5264 non
1151 5209 1291 5264 sicut
1315 5207 1536 5264 Judaica
1556 5249 1572 5275 ,
1601 5223 1774 5278 neque
1801 5222 1968 5278 saepe.
2013 5207 2148 5262 Pro-

561 5313 744 5377 pterea
767 5303 910 5356 enim
935 5309 1042 5355 tam
1072 5299 1238 5355 multa
1269 5315 1469 5371 susque
1490 5299 1660 5371 deque
1683 5297 1940 5353 disseruit
1959 5298 2026 5353 de
2058 5297 2154 5353 ho-

563 5397 697 5461 stia,
747 5393 889 5464 quod
935 5393 1004 5447 sit
1048 5409 1149 5446 una
1182 5402 1238 5447 et
1266 5407 1371 5447 una
1415 5407 1565 5446 :non
1611 5390 1711 5445 hoc
1755 5389 1930 5444 solum
1961 5391 2152 5445 volens

564 5483 866 5549 ostendere,
897 5483 1036 5553 quod
1067 5484 1118 5538 in
1145 5483 1247 5539 hoc
1268 5483 1480 5539 dill'erat
1505 5498 1534 5537 a
1559 5481 1812 5544 Judaicis,
1835 5482 1964 5552 quin
1989 5483 2151 5536 etiam

566 5587 622 5632 nt
647 5575 838 5632 reddat
862 5576 1187 5646 securiores,
1217 5587 1276 5632 ut
1306 5585 1672 5646 congruenter
1700 5575 1808 5643 legi
1836 5573 2149 5630 Judmorum

645 5757 717 5818 (a)
742 5756 889 5806 Multa
909 5755 1010 5807 loca
1034 5770 1095 5820 ex
1119 5757 1210 5807 hac
1226 5753 1683 5820 homilia,_i_tem_que
1703 5767 1766 5820 ex
1783 5754 1974 5820 decima
1993 5764 2164 5820 quarta

581 5829 635 5869 et
655 5815 840 5883 decima
879 5821 1045 5883 quinta
1077 5819 1402 5883 habentur___in
1419 5815 1703 5883 florilegio
1725 5815 1910 5883 Sagilij.
1935 5815 2087 5870 Toino
2111 5820 2163 5882 5,

578 5883 755 5951 pagina
777 5878 953 5934 ωτίγ
959 5882 1037 5940 ide
1060 5887 1200 5931 notas
1217 5878 1400 5939 Savilii,
1419 5879 1569 5930 Tomo
1593 5879 1640 5938 8,
1668 5890 1777 5941 pag,
1802 5878 1910 5929 730.

2272 1016 2379 1055 non
2420 1000 2649 1070 amplius
2696 999 2852 1054 aliam
2895 1007 3210 1070 exspectent
3250 999 3504 1055 hostiam.
3571 999 3836 1056 Voluntaria

2272 1091 2404 1144 enim
2451 1089 2769 1160 peccantibus
2815 1091 2992 1156 nobis,
3047 1091 3238 1160 inquit.
3272 1089 3436 1145 Vides
3459 1091 3691 1160 quamsit
3715 1106 3825 1152 pro.

2274 1194 2472 1250 pensus
2496 1179 2560 1234 ad
2593 1179 3013 1250 ignoscendum?
3057 1178 3348 1234 Voluntarie
3367 1223 3382 1248 ,
3414 1181 3608 1250 inquit,
3633 1195 3829 1244 peccan-

2269 1273 2400 1326 tibus
2421 1270 2586 1328 nobis.
2645 1270 2942 1342 lgnescitur
2970 1272 3148 1342 itaque
3181 1271 3576 1327 involuntariis.
3607 1272 3727 1328 Post
3753 1289 3836 1327 ac.

2268 1375 2466 1432 ceptum
2530 1363 2759 1416 notitiam
2819 1363 3063 1417 veritatis.
3116 1363 3224 1416 Aut
3273 1361 3473 1417 Christi
3527 1362 3688 1428 dicit,
3752 1373 3837 1418 aut

2267 1456 2506 1510 omnium
2535 1455 2864 1526 dogmatum.
2899 1453 3022 1508 lam
3047 1472 3148 1508 non
3176 1455 3481 1526 relinquitur
3510 1471 3602 1524 pro
3628 1457 3833 1523 peccatis

2265 1549 2448 1602 hostia.
2474 1547 2579 1602 Sed
2605 1545 2731 1616 quid
2757 1546 2780 1599 ?
2825 1543 3086 1601 Terribilis
3111 1555 3275 1600 autem
3317 1545 3551 1615 quadam
3588 1555 3836 1612 exspectn-

2264 1641 2336 1694 tio
2368 1637 2590 1710 judicii,
2635 1645 2686 1692 et
2708 1637 2841 1708 ignis
2885 1637 3178 1703 (sinulatio,
3207 1653 3323 1706 qua:
3369 1647 3728 1707 consumptum
3769 1648 3832 1692 est

2268 1739 2603 1792 aduersarios.
2651 1735 3010 1791 Adversarios
3047 1748 3152 1787 non
3189 1734 3362 1786 solum
3393 1733 3524 1786 dicit
3565 1730 3834 1792 inﬁdeles,

2269 1828 2361 1883 sed
2391 1843 2485 1883 eos
2509 1827 2671 1887 etiam
2699 1826 2791 1897 qui
2819 1825 3018 1880 iaciunt
3045 1823 3314 1878 contraria
3345 1823 3530 1876 virtuti
3557 1839 3570 1885 ;
3605 1821 3683 1875 vel
3711 1819 3836 1889 quod

2270 1921 2411 1974 idem
2437 1919 2575 1989 ignis
2602 1916 2974 1988 apprehendet
2998 1919 3158 1970 etiam
3190 1915 3534 1979 domesticos,
3559 1915 3646 1981 qui
3665 1913 3837 1967 adver-

2268 2012 2460 2066 sarios.
2495 2009 2700 2066 Deinde
2731 2009 3041 2080 signiﬁcans
3070 2022 3229 2077 quam
3256 2007 3327 2060 sit
3355 2004 3515 2070 edax,
3549 2021 3666 2060 eum
3690 2003 3838 2058 veluti

2267 2103 2557 2167 animavit,
2594 2101 2781 2158 dicens
2810 2117 2824 2154 :
2857 2099 3006 2168 Ignis
3033 2097 3315 2163 temulatio,
3347 2113 3463 2166 qua:
3493 2107 3840 2166 consumptum

2274 2202 2348 2246 est
2391 2193 2732 2246 adversarios.
2780 2191 2930 2246 Sicut
2955 2191 3098 2245 enim
3126 2187 3242 2244 fera
3273 2188 3481 2242 irritata
3515 2198 3568 2243 et
3596 2187 3802 2242 efferata
3826 2226 3838 2247 .

2271 2299 2376 2338 non
2398 2285 2692 2338 cessaverit
2717 2282 2890 2338 donec
2911 2281 3146 2350 aliquem
3175 2278 3648 2350 comprehenderit
3672 2288 3721 2332 et
3747 2293 3838 2332 ex-

2268 2375 2440 2430 ederit
2473 2393 2486 2428 :
2517 2377 2588 2429 ita
2617 2376 2777 2430 etiam
2808 2375 2901 2430 ille
2931 2375 3087 2446 ignis,
3120 2383 3392 2443 tamquam
3426 2375 3688 2444 quispiam
3713 2387 3837 2443 puu-

2266 2475 2386 2520 ctus
2416 2466 2793 2528 mmulatione,
2842 2481 2979 2536 quos
3025 2464 3449 2534 apprehenderit
3477 2479 3582 2518 non
3606 2462 3836 2527 dimittit,

2265 2558 2360 2614 sed
2392 2558 2532 2613 rodit
2564 2567 2620 2614 et
2647 2558 2923 2615 dilacerat.
2953 2558 3158 2613 Deinde
3197 2558 3358 2612 etiam
3388 2556 3661 2626 subiungit
3688 2555 3838 2609 ratio-

2267 2666 2391 2706 nem
2419 2651 2709 2718 minarum,
2732 2650 2875 2722 quod
2901 2649 2951 2705 id
2979 2651 3170 2706 merito
3197 2659 3251 2705 et
3276 2649 3399 2720 jure
3429 2649 3520 2704 ﬁat
3546 2668 3560 2704 :
3587 2647 3718 2718 quod
3738 2646 3839 2716 qui-

2267 2743 2389 2798 dem
2434 2743 2645 2799 confert
2689 2743 2755 2809 ad
2799 2742 2996 2807 ﬁdem,
3039 2742 3254 2814 quando
3292 2741 3690 2798 ostenderimus
3714 2738 3841 2808 quod

2259 2833 2382 2905 jure
2416 2833 2531 2888 ﬁat.
2573 2834 2662 2889 28.
2685 2833 2899 2888 lrritam
2927 2836 3040 2906 quis
3070 2835 3264 2903 faciens
3292 2834 3459 2904 legem
3486 2832 3676 2902 .lloysis
3697 2873 3710 2895 ,
3749 2831 3842 2883 sine

2264 2928 2372 2982 ulla
2419 2926 2771 2994 miseratione,
2814 2927 3010 2981 duobus
3059 2928 3135 2981 vel
3181 2925 3341 2980 tribus
3371 2925 3589 2980 testibus
3628 2924 3838 2977 moritur.

2267 3017 2394 3074 Sine
2423 3019 2532 3072 ulla
2558 3019 2895 3082 miseratione,
2926 3018 3114 3087 inquit.
3147 3017 3322 3086 Quare
3343 3019 3498 3073 nulla
3523 3017 3695 3081 venia,
3719 3013 3844 3067 nulla

2267 3117 2350 3166 est
2400 3109 2507 3164 illic
2549 3109 2922 3165 misericordia
2955 3126 2970 3163 :
3001 3123 3322 3178 quamquam
3367 3108 3466 3163 [ex
3503 3116 3587 3163 est
3631 3106 3838 3177 Moysis:

2267 3200 2383 3271 ipse
2407 3203 2549 3255 enim
2580 3200 2742 3255 multa
2771 3199 3067 3255 constituit.
3101 3198 3238 3266 Quid
3269 3207 3350 3252 est
3370 3241 3394 3265 ,
3429 3198 3638 3251 Duobus
3663 3197 3733 3250 vel
3762 3195 3850 3247 tri--

2268 3291 2406 3346 bus?
2431 3292 2486 3347 Si
2535 3291 2663 3353 duo,
2706 3291 2918 3361 inquit,
2951 3289 3034 3344 vel
3066 3299 3172 3343 tres
3203 3289 3574 3344 testimonium
3604 3286 3838 3348 tulerint,

2265 3383 2449 3438 statim
2476 3381 2606 3436 dant
2630 3396 2836 3451 poenas.
2881 3381 2936 3436 Si
2967 3396 3095 3450 ergo
3122 3380 3173 3434 in
3197 3378 3405 3448 Veteri,
3441 3383 3528 3435 ubi
3555 3381 3636 3433 lex
3664 3376 3838 3448 bloysis

2266 3474 2327 3530 ﬁt
2357 3474 2528 3541 irrita,
2563 3483 2768 3529 tantum
2797 3483 2879 3529 est
2909 3473 3228 3542 supplicium
3264 3489 3276 3524 :
3307 3482 3514 3542 quanto
3543 3471 3704 3539 magis
3731 3466 3840 3522 hic?

2266 3566 2392 3622 Ideo
2422 3567 2493 3621 ita
2522 3566 2654 3622 dicit
2679 3584 2690 3620 :
2715 3565 2806 3620 29.
2841 3565 3044 3632 Quanto
3069 3564 3230 3635 magis
3261 3565 3456 3632 putatis
3484 3563 3728 3618 deteriora
3752 3575 3841 3612 me-

2263 3659 2364 3713 reri
2391 3657 2662 3730 supplicia,
2689 3657 2776 3728 qui
2807 3655 2854 3709 F
2857 3655 3002 3708 ilium
3030 3655 3124 3709 Dei
3159 3655 3553 3714 conculcaverit,
3580 3663 3624 3707 et
3651 3649 3841 3720 sangui-

2265 3766 2378 3804 nem
2404 3751 2688 3804 testamenti
2713 3749 2962 3820 pollutum
2982 3749 3204 3814 duxerit,
3229 3758 3274 3800 et
3297 3747 3524 3817 Spiritui
3544 3747 3719 3818 gratia:
3743 3759 3843 3796 con.

2261 3842 2518 3896 tumeliam
2542 3841 2754 3912 fecerit?

2331 3932 2386 3986 2.
2431 3933 2498 3988 Et
2531 3931 2802 4002 quomodo
2843 3931 3124 3987 conculcat
3165 3931 3437 4001 quisniam
3492 3931 3683 3986 Filium
3724 3924 3843 3981 Dei?

2259 4022 2484 4090 Quando
2503 4023 2594 4093 qui
2625 4033 2707 4077 est
2730 4023 2846 4092 ejus
2871 4022 3138 4094 particeps
3168 4022 3221 4076 in
3252 4023 3554 4093 mysteriis,
3585 4026 3842 4091 peccatum

2260 4113 2469 4181 fecerit,
2489 4114 2574 4169 dic
2597 4113 2750 4179 mihi,
2775 4129 2881 4168 non
2905 4113 3238 4169 conculcavit
3263 4128 3390 4167 eum
3409 4115 3433 4166 ?
3452 4129 3558 4167 non
3588 4105 3844 4179 despexit?

2274 4213 2341 4270 Ut
2369 4212 2511 4268 enim
2549 4211 2746 4267 nullam
2771 4210 3029 4266 habemus
3056 4209 3317 4265 rationem
3353 4225 3543 4264 eorum
3575 4224 3691 4278 qua:
3725 4219 3845 4258 con-

2267 4309 2585 4364 culcantur:
2618 4309 2690 4362 ita
2726 4307 2886 4361 etiam
2917 4305 3009 4374 qui
3032 4311 3274 4374 peccant,
3308 4304 3520 4357 nullam
3546 4300 3737 4356 Chriin
3761 4297 3843 4349 ha-

2269 4401 2398 4456 bent
2427 4401 2711 4462 rationem,
2745 4409 2801 4454 et
2826 4399 2903 4453 sic
2923 4407 3164 4470 peccant.
3185 4395 3384 4450 Factus
3405 4411 3462 4450 es
3495 4408 3687 4463 corpus
3705 4385 3854 4444 (11]ιὶ-

2268 4493 2337 4547 sti
2361 4531 2377 4558 ,
2410 4500 2464 4546 et
2487 4490 2586 4545 das
2616 4499 2670 4547 te
2698 4488 2916 4544 diabolo
2942 4486 3368 4542 conculcandum
3393 4488 3416 4539 ?
3447 4486 3510 4539 Et
3532 4483 3816 4552 sanguinem
3839 4513 3854 4537 ,

2270 4584 2474 4655 inquit,
2501 4583 2752 4653 pollutum
2781 4581 3001 4636 duxerit.
3027 4580 3164 4648 Quid
3191 4589 3273 4634 est
3299 4592 3592 4634 commune
3620 4588 3715 4628 seu
3743 4568 3854 4640 pol-

2271 4674 2473 4730 lutum?
2492 4674 2603 4729 Hoc
2625 4681 2708 4729 est
2735 4671 3094 4736 immundum,
3122 4679 3214 4724 aut
3241 4670 3376 4724 nihil
3406 4669 3639 4737 amplius
3661 4662 3855 4718 habens

2269 4783 2429 4838 quam
2473 4774 2685 4822 caetera.
2736 4764 2803 4818 Et
2837 4762 3040 4835 spiritui
3064 4761 3244 4833 gratia:
3271 4758 3645 4814 contumeliam
3671 4751 3851 4826 fecerit.

2269 4859 2402 4915 Nam
2430 4861 2518 4930 qui
2551 4857 2870 4914 beneﬁcium
2907 4871 3014 4910 non
3041 4854 3273 4922 accipit,
3324 4867 3453 4908 eum
3481 4851 3576 4921 qui
3609 4841 3857 4930 benelccit

2270 4929 2810 5007 ai‘ﬁciticontumelia.
2839 4947 2990 5002 Fecit
3026 4955 3079 5000 te
3107 4944 3309 5008 ﬁlium;
3344 4952 3404 4998 tu
3445 4950 3627 4996 autem
3653 4937 3731 4991 vis
3753 4929 3856 4986 ﬁeri

2270 5045 2498 5100 servus?
2525 5043 2703 5107 venit,
2738 5039 2878 5110 apud
2915 5049 2965 5095 te
2992 5037 3284 5106 habitavit;
3319 5045 3378 5090 tu
3416 5045 3598 5089 autem
3622 5032 3687 5085 ad
3717 5038 3764 5082 te
3786 5025 3858 5078 in-

2273 5135 2558 5191 troduxisti
2588 5133 2756 5189 malas
2781 5131 3175 5202 cogitationes?
3217 5129 3471 5184 Christus
3514 5123 3684 5179 voluit
3727 5113 3856 5188 apud

2274 5235 2328 5282 te
2367 5236 2512 5282 stare
2547 5235 2604 5281 et
2639 5224 2934 5288 collocari;
2969 5231 3022 5277 tu
3055 5230 3232 5276 autem
3257 5221 3434 5290 ipsum
3463 5216 3744 5274 conculcas
3772 5221 3858 5278 per

2273 5320 2568 5390 crapuiam,
2618 5334 2715 5389 per
2761 5315 3130 5373 ebrietatem?
3174 5313 3476 5368 Audiamus
3519 5309 3611 5380 qui
3656 5303 3858 5371 indigne

2275 5426 2459 5466 sumus
2484 5409 2777 5480 participes
2805 5407 3189 5478 mysteriorum
3237 5421 3250 5457 :
3283 5401 3572 5456 audiamus
3613 5397 3698 5467 qui
3728 5390 3855 5447 indi-

2273 5518 2379 5573 gne
2406 5501 2472 5556 ad
2500 5515 2738 5556 mensam
2768 5499 2911 5553 illam
2939 5497 3241 5554 accedimus
3268 5512 3278 5546 :
3317 5491 3520 5556 Nolite,
3547 5482 3857 5573 inquit,d_ar¢

2275 5571 2453 5648 sancta
2495 5592 2738 5658 canibus,
2781 5606 2843 5644 ne
2883 5588 3088 5660 quando
3113 5603 3170 5640 ea
3199 5583 3499 5638 conculcent
3527 5581 3632 5635 suis
3660 5571 3858 5647 pedibus

2280 5683 2494 5756 (Matth.
2526 5683 2579 5738 7.
2613 5682 2708 5750 6);
2741 5681 2840 5737 hoc
2865 5689 2976 5746 est,
3013 5694 3079 5734 ne
3105 5674 3398 5747 aliquando
3429 5670 3757 5756 despiciant,
3795 5672 3854 5714 ne

2277 5755 2551 5848 respuant.
2584 5773 2689 5830 Sed
2713 5773 2828 5828 lucc
2857 5787 2962 5827 non
2993 5769 3145 5836 dixit,
3177 5776 3230 5821 at
3255 5764 3401 5834 quod
3438 5773 3520 5818 est
3547 5755 3853 5816 terribilius.

2270 5886 2400 5928 ξνπει
2442 5885 2508 5932 ex
2548 5883 2614 5923 eo
2656 5865 2908 5939 quodest
2937 5861 3176 5920 terribile
3202 5900 3216 5926 ,
3257 5855 3586 5923 constringit
3612 5850 3850 5904 animas:
