4172 6444
397 369 514 428 145

390 503 516 548 ται,
552 480 677 537 ἀλλ’
700 482 785 546 είς
816 480 946 546 τοὺς
970 481 1268 546 εὐδιεινούς
1291 480 1494 547 ἀπάξει
1525 480 1782 550 λιμένας·
1816 474 1890 535 ὧν
1918 481 2014 550 γέ-

391 585 554 623 νοιτο
582 567 800 632 πάντας
834 567 988 636 ἡμᾶς
1015 569 1320 636 ἐπιτυχεῖν,
1354 568 1542 637 χάριτι
1576 567 1672 618 καὶ
1701 563 2012 634 φιλανθρω-

391 652 504 722 πία
538 649 636 705 τοῦ
669 649 884 722 Κυρίου
942 650 1106 720 ήμῶν
1149 647 1326 720 Ἰησοῦ
1369 648 1632 720 Χριστοῦ,
1695 648 1816 720 μεθ’
1837 643 1898 701 οὐ
1934 647 2012 718 τῷ

403 766 3318 798 ____________________.____________.

1214 363 1285 422 IN
1318 359 1543 422 EPIST.
1584 361 1677 418 AD
1710 361 2078 420 HEBREOS.
2114 363 2272 422 CAP.
2315 363 2384 421 Χ.
2425 361 2663 422 ΗΟΜΙῙ..
2703 361 2825 420 XX.

3605 355 3710 412 ιιι

2113 481 2291 552 Πατρὶ
2315 481 2432 552 ἅμα
2465 480 2544 552 τῷ
2580 481 2723 553 ἁγίῳ
2770 478 3052 550 Πνεύματι
3089 476 3238 541 δόξα,
3267 477 3492 546 κράτος,
3549 471 3708 544 τιμὴ,

2114 563 2212 616 νῦν
2265 565 2363 618 καὶ
2413 565 2534 631 ἀεὶ,
2590 564 2686 618 καὶ¹
2741 565 2821 627 είς
2868 563 2998 626 τούς
3053 561 3259 624 αἰῶνας
3313 558 3422 612 τῶν
3476 555 3710 611 αἰώνων.

2128 648 2184 701 Ἀ
2194 649 2321 720 μὴν.

1924 879 2173 932 ΟΜΙΛΙΑ
2212 880 2301 934 K'.

411 995 754 1061 Ἑκουσίως
783 994 896 1064 τὰρ
926 995 1400 1064 ἁμαρτανόντων
1418 996 1593 1063 ἡμῶν
1621 993 1775 1065 μετά
1811 994 1881 1049 τὸ
1906 997 2014 1048 λα-

471 1067 606 1122 ϐεῖν
630 1065 753 1132 τὴν
784 1067 886 1120 ἐπί
895 1082 1120 1128 γνωσιν
1152 1066 1262 1132 τῆς
1298 1066 1613 1132 ἀληθείας,
1647 1065 1850 1120 οὐκέτι
1874 1065 2011 1134 περί

467 1135 785 1206 ἁμαρτιῶν
832 1137 1232 1190 ἀπολείπεται
1284 1137 1493 1206 θυσία,
1543 1136 1766 1206 φοϐερὰ
1818 1136 1886 1189 δέ
1928 1154 2015 1206 τις

466 1205 708 1276 ἐκδοχὴ
741 1207 1020 1274 κρίσεως,
1041 1207 1141 1260 καί
1164 1208 1356 1276 πυρὸς
1386 1205 1591 1276 ζῆλος,
1615 1207 1848 1262 ἐσθίειν
1866 1205 2014 1276 μέλ-

466 1282 701 1344 λοντος
727 1276 874 1342 τοὺς
900 1278 1331 1344 ὑπεναντίους.

466 1402 541 1450 α’.
563 1395 692 1449 Τῶν
713 1392 954 1465 δένδρων
970 1395 1188 1466 ὅσαπερ
1217 1393 1284 1449 ἂν
1305 1393 1674 1465 φυτευθέντα,
1696 1393 1791 1450 καὶ
1810 1392 2014 1465 χειρῶν

390 1479 739 1550 γεωργικῶν
770 1480 867 1532 καὶ
899 1480 1001 1551 τῆς
1039 1479 1211 1549 ἄλλης
1241 1477 1566 1550 ἐπιμελείας
1599 1477 2012 1542 ἀπολαύσαντα,

393 1562 687 1634 μηδεμίαν
719 1561 1037 1633 παρέχηται
1083 1561 1194 1616 τῶν
1234 1562 1418 1616 πόνων
1443 1561 1706 1633 ἀμοιϐὴν,
1740 1559 2018 1632 πρόρριζα

389 1645 842 1701 ἀνασπασθέντα
871 1646 950 1715 τῷ
978 1647 1118 1717 πυρὶ
1157 1645 1539 1718 παραδίδοται.
1572 1645 1833 1698 Τοιοῦτον
1861 1644 1925 1713 δή
1960 1662 2015 1698 τι

390 1729 552 1804 [186]
581 1732 678 1783 καὶ
722 1730 820 1782 ἐπὶ
849 1729 945 1782 τοῦ
975 1729 1328 1800 φωτίσματος
1355 1728 1587 1798 γίνεται.
1628 1729 1882 1782 Ἐπειδὰν
1906 1729 2016 1801 7&9

388 1818 555 1887 ἡμᾶς
601 1817 629 1868 ὁ
659 1813 904 1885 Χριστὸς
935 1812 1206 1886 φυτεύσῃ,
1241 1814 1338 1868 καὶ
1374 1828 1474 1882 τρς
1523 1809 1748 1879 άῆδείας
1777 1813 2018 1868 ἀπολαύ-

390 1915 592 1966 σωμεν
623 1897 730 1968 τῆς
768 1898 1181 1967 πνευματικῆς,
1233 1892 1353 1949 εἶτα
1385 1894 1500 1965 βιον
1534 1897 1787 1968 ἄκαρπον
1816 1897 2021 1950 ἐπιδει-

389 1981 652 2052 ξώμεθα,
687 1980 802 2050 πῦρ
828 1980 978 2050 ἡμᾶς
997 1979 1261 2049 ἀναμένει
1279 1978 1339 2032 :0
1355 1979 1454 2050 τῆς
1479 1979 1730 2048 γεέννης,
1762 1981 1858 2034 καὶ
1884 1980 2019 2049 φλὸξ

389 2063 698 2128 ἄσϐεστος.
744 2065 804 2117 Ὀ
825 2063 1008 2117 τοίνυν
1037 2063 1252 2124 Παῦλος
1280 2063 1674 2134 παρακαλέσας
1691 2065 1771 2128 είς
1798 2065 2020 2137 ἀγάπην

394 2149 495 2202 καὶ
521 2147 922 2219 καρποφορίαν
952 2147 1135 2218 ἔργων
1163 2147 1411 2216 ἀγαθῶν,
1460 2146 1781 2218 προτρέψας
1821 2165 1882 2200 τε
1909 2147 2020 2200 ἀπὸ

405 2231 522 2284 τῶν
554 2232 948 2303 χρηστοτέρων
1005 2231 1201 2303 (ποίων
1253 2231 1318 2295 δὴ
1369 2230 1621 2296 τούτων;
1673 2232 1759 2285 ὅτι
1808 2231 2019 2285 είσοδον

417 2316 623 2386 ἔχομεν
645 2317 723 2378 είς
747 2315 810 2368 τά
837 2317 997 2383 ἆγια,
1035 2315 1105 2386 ἣν
1135 2315 1473 2368 ἐνεκαίνισεν
1510 2316 1644 2384 ἡμῖν
1674 2314 1795 2368 ὁδὸν
1849 2314 2022 2384 πρόσ-

418 2398 638 2470 φατον),
663 2400 880 2454 καὶάπὺ
907 2401 1020 2454 τῶν
1053 2400 1530 2471 σκυθρωποτέρων
1570 2399 1737 2454 πάλιν
1787 2399 1848 2453 :0
1886 2399 2024 2454 αὐτὸ

409 2485 579 2538 τοῦτο
614 2486 775 2551 ποιεῖ,
807 2483 956 2539 οὕτω
998 2486 1199 2553 λέγων.
1231 2482 1418 2538 Εἰπὼν
1446 2484 1557 2554 γάρ
1580 2500 1595 2516 °
1637 2485 1736 2553 Μὴ
1771 2485 2022 2555 ἐγκατα-

405 2570 738 2634 λείποντες
780 2567 902 2636 τὴν
964 2567 1438 2637 ἐπισυναγωγὴν
1492 2568 1728 2622 ἑαυτῶν
1756 2609 1773 2634 ,
1825 2569 2026 2636 καθὼς

403 2655 547 2720 ἑθος
580 2655 768 2717 τισίν,
801 2653 970 2708 ἀλλὰ
1019 2650 1559 2720 παρακαλοῦντες,
1605 2653 1705 2707 καὶ
1755 2655 2026 2719 τοσούτῳ

391 2738 672 2808 μᾶλλον,
697 2739 826 2802 ὅσῳ
845 2737 1114 2804 βλέπετε
1130 2736 1489 2808 ἐγγίζουσαν
1515 2738 1631 2805 τὴν
1650 2739 1881 2808 ἡμέραν
1906 2741 2025 2812 (καὶ

397 2824 545 2894 αῦτη
571 2825 684 2895 γάρ
717 2827 800 2888 εἰς
832 2823 1190 2894 παράκλησιν
1223 2823 1432 2894 ίκανή)·
1469 2824 1776 2894 ἐπήγαγεν·
1816 2826 2023 2880 Ἑκου-

395 2909 554 2974 σίως
575 2908 690 2977 γὰρ
723 2907 1200 2977 ἁμαρτανόντων
1221 2906 1392 2976 ήμιῖιν
1407 2907 1560 2976 μετὰ
1583 2907 1646 2961 τὸ
1673 2908 1883 2963 λαϐεῖν
1910 2909 2025 2978 τὴν

393 2993 748 3061 ἐπίγνωσιν
767 2990 878 3059 τῆς
899 2991 1215 3060 ἀληθείας.
1232 2993 1346 3051 Δεῖ,
1364 2991 1554 3060 φησὶν,
1571 2991 1753 3062 ἔργων
1778 2992 2022 3061 ἀγαθῶν,

395 3075 499 3128 καὶ
539 3075 755 3146 σφόδρα
781 3075 866 3129 δεῖ
891 3090 905 3104 ·
950 3074 1288 3140 Ἑκουσίως
1308 3075 1421 3143 γὰρ
1447 3073 1620 3143 ἡμῶν
1647 3074 2025 3144 ἁμαρτανόν-

395 3177 526 3214 των
551 3160 704 3224 μετὰ
725 3159 794 3214 τὸ
825 3158 1039 3214 λαϐεῖν
1068 3159 1188 3226 τὴν
1207 3158 1541 3227 ἐπίγνωσιν
1567 3157 1678 3226 τῆς
1709 3159 2020 3227 ἀληθείας,

396 3243 610 3296 οὐκέτι
643 3243 780 3310 περὶ
811 3239 1121 3311 ἁμαρτιῶν
1167 3241 1567 3295 ἀπολείπεται
1617 3241 1824 3296 θυσία.
1865 3244 1930 3296 Ὃ
1965 3243 2023 3296 δὲ

396 3327 582 3394 λέγει,
601 3327 860 3380 τοιοῦτόν
881 3328 1054 3380 ἐστιν’
1085 3324 1457 3398 Ἐκαθάρθης,
1479 3325 1806 3397 ἀπηλλάγης
1825 3327 2025 3398 ἐγκλη-

402 3411 626 3479 μάτων,
656 3411 895 3479 γέγονας
934 3410 1075 3474 υίός.
1127 3412 1226 3464 Ἂν
1265 3410 1451 3464 τοίνυν
1482 3411 1576 3462 ἐπὶ
1613 3409 1707 3463 τὸν
1743 3411 2020 3480 πρότερον

401 3493 608 3564 ἔμετον
631 3495 1001 3566 ἐπιστρέψης,
1029 3493 1194 3547 πάλιν
1216 3492 1562 3564 ἀποκήρυξις
1588 3493 1739 3561 μένει
1761 3493 1856 3547 καὶ
1887 3494 2018 3565 πῦρ,

400 3579 500 3630 καὶ
529 3577 635 3630 ὅσα
671 3577 904 3631 τοιαῦτα
925 3592 941 3608 ⁸
976 3577 1036 3630 οὐ
1066 3575 1176 3648 7&9
1201 3576 1320 3630 ἔστι
1365 3576 1530 3630 θυσία
1565 3578 1816 3646 δευτέρα.
1850 3577 2020 3632 Πάλιν

400 3660 652 3716 ἐνταῦθα
674 3663 810 3730 ἡμῖν
844 3660 1176 3728 ἐπιφύονται
1199 3660 1251 3713 οί
1273 3660 1374 3730 τὴν
1405 3659 1705 3731 μετάνοιαν
1729 3661 2023 3732 ἀναιροῦν-

396 3761 522 3808 τες,
577 3744 678 3798 καὶ
710 3745 827 3797 ὅσοι
881 3744 1023 3814 πρὸς
1071 3743 1134 3798 :0
1184 3742 1474 3814 βάπτισμα
1507 3743 1768 3797 ὀκνοῦσιν
1798 3745 1978 3797 ἐλθεῖν
2003 3760 2017 3774 ·

398 3831 614 3884 ἐκεῖνοι
649 3827 751 3898 μὲν
805 3827 1084 3896 λέγοντες,
1145 3826 1230 3880 ὅτι
1287 3827 1390 3880 οὐκ
1438 3826 1684 3896 ἀσφαλὲς
1730 3827 1915 3891 αὐτοῖς
1944 3826 2023 3899 τῷ

401 3913 766 3984 βαπτίσματι
807 3911 1156 3982 προσελθεῖν,
1191 3910 1330 3980 εἴγε
1354 3910 1457 3964 οὐκ
1491 3911 1640 3964 ἔστιν
1669 3912 1868 3982 ἀφεσις
1896 3911 2023 3965 δευ-

398 3999 550 4067 τέρα
582 4011 597 4026 °
633 3988 784 4050 οὗτοι
814 3995 873 4049 δέ
905 3995 1234 4066 φάσκοντες,
1270 3994 1373 4048 οὐκ
1393 3994 1642 4063 ἀσφαλὲς
1669 3991 1812 4050 εἶναι
1849 4014 2022 4067 μετα-

400 4080 604 4135 δοῦναι
639 4078 965 4152 μυστηρίων
994 4081 1111 4144 τοῖς
1149 4079 1563 4151 ἡμαρτηκόσιν,
1593 4081 1648 4134 εί
1677 4096 1743 4150 γε
1771 4081 1848 4151 μὴ
1873 4080 2022 4135 ἔστιν

402 4165 616 4232 ἄφεσις
649 4162 912 4234 δευτέρα.
969 4163 1036 4216 Τί
1067 4157 1160 4217 οὖν
1193 4162 1333 4233 πρὸς
1359 4163 1710 4236 ἀμφοτέρους
1750 4164 2020 4236 ἐροῦμεν;

408 4251 544 4303 Ὀτι
594 4248 656 4302 οὐ
687 4260 712 4288 ο
750 4247 942 4317 σκοπῷ
966 4246 1197 4318 τοιούτῳ
1233 4245 1471 4301 ἐνταῦθα
1503 4247 1668 4302 τοῦτό
1702 4266 1859 4320 φησι,
1899 4249 2024 4302 οὐδέ

401 4333 511 4402 τὴν
547 4330 852 4402 μετάνοιαν
884 4332 1123 4402 ἀναιρεῖ,
1156 4331 1189 4402 ἢ
1218 4330 1312 4383 τὸν
1349 4329 1440 4384 διὰ
1486 4332 1786 4402 μετανοίας
1833 4332 2024 4399 ἐξιλα-

406 4418 580 4488 σμδν,
629 4415 752 4469 οὐδὲ
781 4414 914 4468 ὠθεῖ
963 4415 1060 4468 καὶ
1105 4414 1440 4468 καταϐάλλει
1495 4415 1583 4470 διά
1616 4417 1716 4487 τῆς
1765 4415 2025 4485 ἀπογνώ-

405 4517 558 4564 σεως
589 4499 686 4553 τὸν
717 4498 1022 4552 ἐπταικότα
1043 4513 1058 4527 ’
1088 4499 1188 4568 οὐχ
1216 4497 1390 4562 οὕτως
1415 4498 1612 4570 ἐχθρός
1640 4501 1756 4552 ἐστι
1786 4498 1888 4568 τῆς
1917 4516 2026 4552 σωο

403 4583 617 4654 τηρίας
649 4581 752 4650 τῆς
779 4582 1062 4653 ἡμετέρας·
1081 4600 1095 4612 ο
1133 4580 1273 4634 ἀλλά
1300 4581 1354 4634 τί
1379 4597 1394 4646 ;
1425 4582 1488 4635 τὸ
1524 4581 1781 4654 δεύτερον
1803 4584 2026 4654 ἀναιρεῖ

409 4666 678 4737 λουτρόν.
710 4667 783 4718 Οὐ
807 4665 916 4736 γὰρ
940 4661 1118 4718 εἶπενο
1156 4663 1360 4718 Οὐκέτι
1399 4666 1518 4719 ἐστὶ
1561 4666 1848 4736 μετάνοια,
1879 4666 2022 4732 οὐδὲ,

409 4753 627 4806 Οὐκέτι
652 4750 804 4804 ἐστὶν
836 4751 1057 4819 ἀφεσις,
1082 4749 1238 4812 ἀλλά,
1273 4749 1447 4802 Θυσία
1476 4750 1664 4825 οὐκέτι
1692 4751 1830 4817 ἐστὶ,
1867 4769 2027 4805 τουτ-

406 4837 560 4900 έστι,
615 4834 850 4905 σταυρὸς
908 4834 1166 4904 δεύτερος
1215 4835 1401 4888 οὐκέτι
1450 4836 1568 4887 ἐστι
1604 4851 1617 4865 ·
1680 4835 1877 4889 θυσίαν
1915 4836 2025 4907 γὰρ

407 4919 582 4975 τοῦτο
623 4919 801 4972 καλεῖ.
847 4915 970 4986 Μιᾷ
1004 4917 1117 4986 γὰρ
1162 4919 1368 4986 θυσίᾳ,
1416 4920 1581 4988 φησὶ,
1641 4919 2027 4974 τετελείωκεν

405 5007 507 5069 εἷς
536 5003 603 5056 τὸ
636 5001 914 5071 διηνεκὲς
943 5001 1090 5065 τοὺς
1111 4999 1538 5072 ἁγιαζομένους
1559 5019 1572 5035 ο
1609 5002 1709 5072 οὐχ
1738 5002 1931 5074 ῶσπερ
1956 5003 2025 5057 τά

422 5087 737 5150 ἰουδαῖκὰ,
797 5085 917 5140 οὐδέ
969 5084 1251 5148 πολλάκις.
1291 5087 1392 5144 Διά
1423 5087 1534 5156 γὰρ
1581 5085 1742 5141 τοῦτο
1783 5087 2027 5142 τοσαῦτα

409 5172 538 5227 ἅνω
574 5170 673 5227 καὶ
710 5170 864 5224 κάτω
899 5169 1150 5241 διελέχθη
1186 5172 1317 5241 περὶ
1360 5171 1464 5241 τῆς
1511 5172 1703 5235 θυσίας
1730 5210 1745 5235 ,
1787 5173 1870 5226 ὃτι
1926 5174 2027 5243 μία

411 5258 517 5311 καὶ
577 5256 700 5326 μία,
731 5257 792 5310 οὐ
825 5255 984 5309 τοῦτο
1034 5256 1198 5325 μόνον
1247 5255 1574 5328 βουλόμενος
1627 5256 1894 5328 δηλῶσαι,
1943 5259 2024 5312 ὅτι

410 5342 705 5411 διενήνοχε
737 5339 889 5416 [187]
935 5340 1248 5395 Ἰουδαϊκῶν
1301 5341 1498 5414 τούτῳ,
1535 5343 1673 5397 ἀλλὰ.
1715 5343 1812 5396 καὶ
1845 5343 2025 5412 ἀσφα-

411 5424 726 5497 λεστέρους
783 5425 1039 5496 ποιῆσαι,
1083 5425 1224 5479 ὥστε
1278 5427 1479 5498 μηκέτι
1523 5427 1836 5498 προσδοκᾷν
1885 5427 2028 5481 κατὰ

412 5507 516 5562 τὸν
561 5507 858 5561 Ἰουδαϊκὸν
883 5507 1051 5576 νόμον
1087 5508 1256 5579 ἄλλην
1283 5509 1498 5564 θυσίαν.
1535 5511 1867 5577 Ἑκουσίως
1892 5510 2025 5580 γὰρ,

414 5591 620 5664 φησὶν,
660 5591 1128 5660 ἁμαρτανόντων
1152 5591 1343 5662 ἡμῶν.
1405 5593 1567 5665 Ὁρᾷς
1608 5593 1727 5658 πῶς
1781 5611 2029 5663 συγγνωη

422 5675 659 5748 μονικός
693 5678 877 5743 ἐστιν;
923 5675 1270 5743 Ἑκουσίως,
1328 5677 1516 5749 φησὶν,
1563 5677 2028 5746 ἁμαρτανόντων

486 5793 516 5824 ⁸
542 5792 737 5858 Βεηρδ.
751 5790 1202 5858 οιιιὶιιεικιιιι-ρύ...
1218 5791 1354 5858 φησί,
1374 5798 1579 5858 auclore
1603 5792 1738 5844 (ἴση).
1757 5801 1808 5844 οι
1825 5795 2027 5858 juvanle

419 5854 674 5910 Mutiano.
701 5853 897 5919 Quibus
920 5853 1033 5904 add.
1060 5853 1301 5919 Βυεεζει
1322 5855 1562 5906 Commel.

2115 995 2309 1064 ἡμῶν.
2342 994 2509 1047 Ὥστε
2542 995 2659 1056 τοῖς
2710 992 2988 1055 ἀκουσίως
3033 989 3333 1061 συγγνώμη
3373 989 3514 1042 ἐστί.
3553 993 3716 1044 Μετὰ

2114 1079 2232 1148 τὴν
2264 1080 2602 1148 ἐπίγνωσιν
2633 1076 2744 1145 τῆς
2807 1076 3120 1144 ἀληθείας.
3157 1075 3317 1130 Ἤτοι
3344 1074 3436 1128 τοῦ
3471 1073 3713 1146 Χριστοῦ

2115 1180 2305 1234 φησιν,
2361 1163 2394 1233 ἢ
2447 1161 2556 1215 τῶν
2615 1159 2906 1228 δογμάτων
2974 1160 3253 1214 ἁπάντων.
3312 1157 3525 1213 Οὐκέτι
3577 1158 3713 1226 περὶ

2114 1246 2417 1315 ἁμαρτιῶν
2468 1245 2861 1300 ἀπολείπεται
2898 1244 3104 1297 θυσία.
3171 1241 3336 1295 Ἀλλά
3370 1242 3458 1307 τί;
3490 1241 3717 1308 Φοϐερὰ

2115 1330 2182 1385 δέ
2212 1348 2305 1398 τις
2331 1329 2560 1399 ἐκδοχὴ
2589 1328 2868 1398 κρίσεως,
2900 1329 2999 1381 καί
3034 1327 3224 1395 πυρὸς
3263 1323 3446 1394 ζῆλος
3488 1325 3718 1380 ἐσθίειν

2110 1413 2452 1486 μέλλοντος
2501 1413 2647 1480 τοὺς
2710 1412 3140 1476 ὑπεναντίους.
3211 1408 3598 1470 Ὑπεναντίους
3653 1408 3716 1460 οὐ

2114 1500 2242 1561 τούς
2274 1496 2544 1560 ἀπίστους
2581 1496 2744 1567 μόνον
2782 1497 2972 1567 φησὶν,
3010 1492 3149 1548 ἀλλά
3185 1491 3284 1546 καὶ
3323 1493 3452 1554 τούς
3496 1489 3718 1543 ἐναντία

2116 1583 2459 1654 πράττοντας
2488 1583 2554 1652 τῇ
2589 1582 2761 1652 ἀρετῇ
2790 1596 2808 1610 ⁸
2862 1581 2896 1652 ἦ
2951 1581 3036 1634 ὅτι
3081 1578 3336 1640 καὶτοὺς
3373 1575 3612 1637 οἰκείους
3656 1572 3719 1625 :0

2118 1669 2249 1722 αὐτὸ
2287 1667 2521 1738 λήψεται
2547 1666 2682 1735 πῦρ,
2718 1666 2856 1737 ὅπερ
2879 1665 2978 1718 καὶ
3004 1665 3132 1727 τοὺς
3167 1661 3552 1723 ὑπεναντίους.
3583 1654 3720 1711 Εῑτα

2117 1753 2178 1806 :0
2209 1750 2572 1822 διαϐρωτικὺν
2601 1749 2768 1804 αὐτοῦ
2804 1748 3006 1817 δηλῶν,
3040 1747 3234 1818 ὥσπερ
3257 1745 3544 1816 ἐψύχωσεν
3563 1741 3718 1806 αὐτὸ,

2118 1835 2318 1905 Πυρὸς
2339 1834 2539 1904 ζῆλος,
2581 1834 2774 1898 εἰπὼν,
2798 1833 3030 1888 ἐσθίειν
3046 1831 3388 1900 μέλλοντος
3415 1827 3558 1895 τοὺς
3601 1829 3720 1882 ὑπ-

2118 1921 2456 1989 εναντίους.
2491 1919 2765 1991 Καθάπερ
2798 1920 2908 1988 7&9
2938 1918 3129 1989 θηρίον
3159 1914 3603 1988 παροξυνόμενον
3623 1910 3720 1965 καὶ

2122 2005 2326 2075 σφόδρα
2359 2003 2687 2074 χαλεπαῖνον
2739 2003 2832 2057 καὶ
2869 2001 3286 2073 ἐξηγριωμένον
3338 1999 3438 2052 οὐκ
3479 1998 3545 2051 ἀν
3579 1992 3722 2050 παύ-

2123 2107 2300 2155 σαιτο,
2337 2089 2444 2154 ἕως
2479 2088 2544 2144 ἂν
2575 2088 2732 2143 λάϐοι
2759 2089 2884 2141 τινα
2916 2089 3012 2141 καὶ
3053 2084 3373 2154 καταφάγοι
3402 2100 3416 2113 ο
3449 2081 3594 2136 οὓτω
3625 2078 3721 2132 καὶ

2120 2174 2182 2227 τὸ
2213 2172 2326 2243 πῦρ
2351 2173 2550 2232 ἐκεῖνο.
2595 2173 2852 2242 καθάπερ
2873 2189 2960 2234 τις
2992 2169 3101 2224 ὐπὸ
3134 2168 3303 2242 ζήλου
3335 2164 3718 2234 κεντούμενος,

2124 2252 2200 2312 ὧν
2249 2257 2315 2311 ἂν
2365 2255 2718 2326 ἐπιλάϐηται,
2754 2255 2856 2309 οὐκ
2895 2255 3146 2324 ἀφίησιν,
3194 2251 3330 2305 ἀλλά
3381 2248 3584 2321 τρώγει
3626 2247 3720 2300 καὶ

2122 2342 2342 2414 διασπᾷ.
2382 2337 2516 2395 Εἶτα
2549 2341 2644 2395 καὶ
2671 2341 2763 2394 τὸν
2798 2339 2961 2408 λόγον
2989 2339 3188 2406 ἐπάγει
3213 2337 3314 2407 τῆς
3347 2333 3602 2403 ἀπειλῆς,
3640 2331 3721 2385 5::

2125 2427 2378 2490 εἰκότως,
2410 2427 2496 2480 ὅτι
2531 2425 2763 2488 δικαίως
2783 2443 2797 2457 ο
2821 2427 2962 2495 ὅπερ
2989 2427 3071 2488 είς
3103 2424 3288 2476 πίστιν
3325 2423 3442 2474 ἐστὶ
3469 2417 3720 2489 συμϐαλ-

2123 2511 2378 2582 λόμενον,
2405 2511 2536 2565 ὅταν
2579 2509 2848 2579 δείξωμεν
2881 2511 2963 2562 ὅτι
3008 2507 3236 2570 δικαίως
3283 2505 3518 2574 γίνεται.
3571 2502 3724 2556 Ἀθε-

2125 2598 2314 2661 τήσας
2333 2595 2463 2664 γὰρ,
2483 2596 2640 2664 φησὶ,
2661 2593 2750 2658 τίς
2769 2593 2959 2661 νόμον
2977 2589 3295 2654 Μωῦσέως,
3312 2586 3492 2656 χωρίς
3508 2587 3725 2654 οἰκτιρ-

2119 2677 2252 2748 μῶν
2278 2679 2377 2732 ἐπί
2420 2677 2608 2731 δυσὶν
2641 2677 2678 2744 ἢ
2706 2676 2865 2745 τρισί
2893 2673 3202 2744 μάρτυσιν
3228 2669 3626 2735 ἀποθνήσκει.
3653 2697 3724 2707 -

2124 2761 2312 2829 Χωρὶς
2341 2760 2680 2831 οικτιρμῶν,
2715 2759 2902 2832 φησίν.
2936 2759 3100 2810 Ὥστε
3131 2754 3360 2825 οὐδεμία
3385 2751 3684 2822 συγγνώμη
3705 2793 3722 2814 ,

2125 2846 2302 2909 οὐδεὶς
2339 2845 2488 2908 ἕλεος
2529 2847 2696 2899 ἐκεῖ·
2765 2843 2944 2897 καίτοι
3005 2858 3071 2910 γε
3139 2839 3424 2901 Μωύσέως
3477 2839 3505 2890 ὁ
3556 2835 3726 2906 νόμος

2126 2931 2276 2984 ἐστί⁹
2331 2933 2400 2984 τά
2447 2930 2557 2999 7&9
2604 2929 2772 2983 πολλά
2826 2927 2992 2990 αὐτὸς
3049 2925 3358 2990 διετάξατο.
3431 2921 3498 2974 Τί
3549 2922 3722 2983 ἐστιν,

2139 3015 2270 3068 Ἐπὶ
2308 3014 2493 3068 δυσίν
2531 3013 2566 3081 ἤ
2594 3013 2826 3080 τρισίν;
2862 3011 2960 3063 Ἂν
2994 3009 3090 3062 δύο
3112 3008 3207 3062 καὶ
3235 3007 3390 3078 τρεῖς
3438 3004 3726 3075 μαρτυρή-

2129 3116 2284 3164 σωσι,
2333 3099 2522 3168 φησὶν,
2562 3097 2770 3160 εὐθέως
2816 3095 2916 3166 τὴν
2951 3092 3112 3162 δίκην
3161 3089 3376 3144 ἔδοσαν.
3433 3088 3496 3141 El
3542 3087 3726 3140 τοίνυν

2126 3183 2220 3236 ἐπὶ
2251 3183 2353 3252 τῆς
2383 3183 2653 3248 Παλαιᾶς,
2679 3180 2808 3234 ἔνθα
2828 3180 2856 3232 δ
2887 3176 3171 3239 Μωῦσέως
3206 3174 3484 3229 ἀθετεῖται
3533 3171 3722 3243 νόμος,

2125 3267 2364 3340 τοσαύτη
2403 3267 2646 3337 τιμωρία
2687 3284 2700 3297 ο
2733 3266 2888 3335 πόσῳ
2925 3263 3128 3334 μᾶλλον
3173 3258 3444 3327 ἐνταῦθας
3493 3257 3586 3310 Διὸ
3628 3257 3726 3310 καὶ

2125 3349 2270 3405 οὕτω
2305 3351 2440 3420 φησί
2473 3366 2487 3380 ο
2527 3351 2704 3412 Πόσῳ
2736 3347 2967 3402 δοκεῖτε
3005 3346 3286 3414 χείρονος
3326 3340 3726 3408 ἀξιωθήσεται

2125 3435 2406 3504 τιμωρίας
2435 3437 2467 3487 ό
2492 3434 2598 3487 τὸν
2620 3432 2756 3486 Υίὸν
2785 3431 2892 3486 τοῦ
2923 3430 3075 3485 Θεοῦ
3117 3425 3579 3491 καταπατήσας,
3625 3423 3726 3478 καί

2126 3520 2191 3572 τὸ
2219 3513 2364 3586 αἷμα
2390 3517 2500 3584 τῆς
2525 3516 2818 3585 διαθήκης
2848 3515 3060 3570 κοινὸν
3080 3511 3491 3584 ἡγησάμενος,
3524 3509 3622 3565 καί
3657 3508 3727 3564 τὸ

2125 3601 2373 3672 Πνεῦμα
2398 3603 2510 3670 τῆς
2548 3599 2792 3670 χάριτος
2817 3598 3179 3669 ἐνυϐρίσας;

2200 3751 2266 3823 β’.
2283 3752 2393 3806 Καὶ
2412 3751 2531 3814 πῶς
2551 3750 2866 3803 καταπατεῖ
2882 3765 2968 3812 τις
2990 3747 3083 3800 τὸν
3103 3744 3236 3800 Υίδν
3256 3741 3351 3798 τοῦ
3368 3741 3538 3810 Θεοῦ;
3554 3742 3728 3796 Ὅταν

2125 3836 2156 3888 ὁ
2182 3836 2426 3906 μετέχων
2447 3831 2615 3886 αὐτοῦ
2645 3835 2703 3886 ἐν
2729 3834 2840 3896 τοῖς
2872 3829 3220 3901 μυστηρίοις,
3248 3826 3526 3898 ἁμαρτίαν
3552 3823 3726 3897 ἐργά-

2126 3918 2312 3991 ζηται,
2344 3917 2464 3972 εἰπέ
2496 3935 2610 3989 μοι,
2643 3918 2768 3987 οὐχὶ
2800 3915 3188 3984 κατεπάτησεν
3211 3912 3411 3975 αὐτόν;
3444 3910 3564 3980 οὐχί⁸
3586 3925 3724 3962 κατ-

2126 4005 2431 4076 εφρόνησεν
2490 4001 2691 4066 αὐτοῦ;
2746 4000 3018 4070 Καθάπερ
3051 3997 3164 4070 γὰρ
3206 3996 3317 4050 τῶν
3371 4009 3727 4048 καταπατού-

2130 4088 2309 4160 μένων
2357 4086 2547 4140 οὐδένα
2581 4085 2740 4150 λόγον
2788 4083 3026 4154 ἔχομεν·
3068 4081 3215 4136 οὕτω
3266 4081 3362 4134 καὶ
3391 4079 3442 4131 ot
3469 4076 3726 4160 ἀμαρτάξ-

2127 4188 2314 4235 νοντες
2360 4167 2456 4222 τοῦ
2510 4168 2753 4238 Χριστοῦ
2807 4167 3004 4220 οὐδένα
3036 4165 3197 4233 λόγον
3237 4163 3421 4232 ἔσχον,
3459 4161 3584 4214 ὅθεν
3629 4159 3726 4212 καὶ

2126 4254 2300 4317 οὕτως
2331 4255 2602 4326 ἥμαρτον.
2634 4251 2876 4321 Γέγονας
2926 4249 3088 4320 σῶμα
3126 4245 3392 4319 Χριστοῦ,
3438 4244 3534 4298 καὶ
3567 4242 3726 4306 δίδως

2130 4339 2326 4393 σαυτὸν
2355 4338 2436 4410 τῷ
2482 4336 2741 4406 διαϐόλῳ,
2799 4334 2943 4388 ὥστε
3001 4334 3346 4387 καταπατεῖν
3374 4346 3471 4396 σε;
3509 4327 3616 4382 Kal
3657 4327 3726 4380 τὸ

2126 4421 2290 4493 αἷμα,
2326 4423 2482 4492 φησὶ,
2525 4420 2734 4474 κοινὸν
2779 4419 3190 4488 ἡγησάμενος.
3225 4413 3422 4470 Κοινὸν
3469 4412 3524 4466 τί
3565 4413 3721 4476 ἐστι;

2129 4509 2204 4563 T0
2225 4507 2557 4578 ἀκάθαρτον,
2591 4504 2741 4578 [188]
2774 4504 2806 4576 ἦ
2835 4503 2898 4557 :0
2931 4502 3102 4574 μηδὲν
3127 4500 3292 4554 πλέον
3321 4498 3446 4568 ἕχον
3467 4496 3579 4550 τῶν
3611 4495 3724 4578 λοι-

2129 4591 2271 4647 πῶν.
2299 4575 2423 4645 Καὶ*
2461 4591 2528 4644 τὸ
2559 4575 2804 4657 Πνεῦμα
2835 4585 2949 4655 τῆς
2995 4583 3238 4656 χάριτος
3273 4580 3622 4648 ἐνυϐρίσας.
3665 4575 3726 4630 Ὀ

2128 4675 2241 4747 γάρ
2266 4675 2366 4746 τὴν
2410 4673 2738 4745 εὐεργεσίαν
2771 4670 2849 4742 μὴ
2899 4668 3370 4741 παραδεχόμενος,
3408 4663 3601 4735 ὕϐρισε
3633 4660 3726 4714 τὸν

2101 4756 2595 4828 εὐεργετήσαντα.
2637 4753 2900 4824 Ἐποίησέ
2926 4771 2986 4807 σε
3021 4753 3139 4806 υίόν
3171 4769 3184 4781 ·
3236 4751 3302 4805 σύ
3341 4749 3398 4802 δὲ
3438 4747 3614 4810 θέλεις
3642 4761 3729 4813 γε-

2123 4843 2311 4897 νέσθαι
2339 4842 2526 4904 δοῦλος
2553 4859 2566 4906 ;
2603 4837 2737 4913 ἦλθε
2793 4838 3226 4907 κατασκηνῶσαι
3261 4834 3399 4906 πρὸς
3443 4833 3502 4885 σέ
3529 4849 3544 4864 ·
3575 4832 3641 4884 σὺ
3670 4829 3728 4884 δὲ

2122 4928 2442 4996 ἐπεισάγεις
2498 4925 2681 4996 σαυτῷ
2729 4925 3004 4996 πονηροὺς
3054 4920 3393 4990 λογισμούς;
3430 4918 3461 4970 δ
3489 4916 3725 4987 Χριστὸς

2121 5011 2387 5083 ¹ἡθιέλησεν
2420 5011 2732 5081 ίδρυνθῆναι
2760 5008 2898 5078 1:90;
2930 5006 2992 5060 σέ
3017 5025 3030 5039 ·
3079 5006 3144 5059 σὺ
3172 5003 3231 5056 δέ
3260 5001 3424 5055 αὐτὸν
3472 5013 3725 5083 καταπα-

2121 5082 2234 5158 τεῖς
2270 5095 2361 5147 διὰ
2396 5095 2498 5165 τῆς
2533 5092 2870 5164 κραιπάλης,
2912 5090 3003 5143 διὰ
3030 5088 3128 5158 τῆς
3172 5085 3392 5157 μέθης;
3443 5082 3725 5138 Ἀκούσω-

2126 5197 2226 5251 μεν
2268 5179 2318 5232 οἱ
2365 5177 2604 5244 ἀναξίως
2652 5178 2763 5230 τῶν
2796 5172 3118 5246 μυστηρίων
3173 5171 3524 5242 μετέχοντες,
3559 5165 3727 5251 ἀκού-

2125 5250 2308 5333 σωμεν
2344 5264 2394 5316 οἱ
2427 5261 2664 5327 ἀναξίως
2698 5258 3019 5330 προσιόντες
3055 5257 3122 5326 τῇ
3191 5251 3448 5325 τραπέζῃ
3495 5250 3682 5321 ἐκείνῃ
3708 5264 3724 5280 ⁸

2121 5347 2221 5414 Μὴ
2242 5345 2392 5399 δῶτε
2422 5345 2496 5398 τὰ
2519 5344 2676 5413 ἅγια,
2717 5341 2874 5414 φησι,
2897 5337 3234 5406 τοῖς,κυσί,
3267 5336 3510 5408 μήποτε
3543 5350 3728 5388 κατα-

2124 5429 2485 5497 πατήσωσιν
2512 5428 2583 5480 ἐν
2623 5425 2749 5492 τοῖς
2796 5423 2985 5478 ποσίν
3033 5420 3274 5476 αὐτῶν⁶
3325 5421 3600 5482 τουτέστι,
3649 5418 3724 5487 μή

2125 5530 2243 5575 πως
2273 5510 2756 5582 καταφρονήσωσι,
2821 5508 2898 5580 μὴ
2955 5506 3356 5561 διαπτύσωσιν.
3429 5502 3572 5555 Ἀλλ’
3625 5501 3727 5553 οὐκ

2133 5595 2257 5650 εἷπε
2289 5594 2471 5652 τοῦτο.
2502 5594 2618 5648 ἀλλ’
2650 5593 2678 5646 ὃ
2713 5594 2909 5646 τούτου
2941 5590 3324 5664 φοϐερώτερον
3347 5585 3417 5659 ἦν
3441 5605 3457 5622 ο
3483 5587 3592 5641 ἀπὸ
3617 5583 3728 5655 γὰρ

2133 5681 2226 5735 τοῦ
2267 5678 2497 5751 φοϐεροῦ
2533 5679 2852 5747 ἐπισφίγγει
2880 5678 2981 5742 τὰς
3005 5675 3188 5748 ψυχάς
3213 5692 3227 5708 ·
3265 5672 3452 5729 ἱκανὸν
3489 5673 3600 5741 7&9
3629 5669 3726 5724 καὶ

2134 5765 2293 5818 τοῦτο
2332 5765 2664 5836 ἐπιστρέψαι
2695 5760 3060 5834 παραμυθίας
3083 5762 3184 5832 οὐχ
3217 5755 3406 5833 ἦττον.
3449 5757 3561 5811 Καὶ¹
3585 5753 3725 5824 ὁμοῦ

2138 5864 2195 5904 τε
2225 5847 2325 5920 τὴν
2353 5835 2620 5920 διαφοράν
2653 5846 2919 5916 δείκνυσι,
2957 5845 3052 5900 καὶ
3098 5845 3198 5918 τὴν
3233 5843 3454 5898 κόλασιν
3493 5838 3588 5893 καὶ
3622 5835 3724 5909 τὴν
