4172 6494
423 392 528 451 145

420 507 604 578 κρίσιν
627 504 810 568 αὐτοῖς
837 502 1124 574 ἐφίστησιν
1148 513 1195 566 ι,
1229 500 1326 554 ἅτε
1363 498 1458 553 τοῦ
1496 499 1820 570 πράγματος
1844 498 1996 558 ὄντος

421 577 682 660 φανεροῦ.
716 588 900 652 Πόσῳ
934 584 1183 647 δοκεῖτε,
1219 581 1376 654 φησὶ,
1417 582 1694 651 χείρονος
1741 577 1998 645 ἀξιωθή-

419 685 592 725 σεται
629 669 938 739 τιμωρίας;
980 664 1245 720 Ἐνταῦθά
1292 681 1387 735 μοι
1428 665 1580 719 δοκεῖ
1611 665 1704 718 καὶ
1734 664 1862 733 περὶ
1892 661 2002 714 τῶν

425 754 744 824 μυστηρίων
779 749 1139 804 αἰνίττεσθαι.
1170 743 1308 801 Εἶτα
1338 747 1435 801 καὶ
1461 747 1768 818 μαρτυρίαν
1803 747 2004 813 ἐπάγει

419 837 615 905 λέγων·
651 831 908 900 Φοϐερὸν
933 830 1000 883 τὸ
1027 830 1318 900 ἐμπεσεῖν
1341 833 1428 897 εἰς
1449 830 1650 898 χεῖρας
1680 829 1828 883 Θεοῦ
1863 827 2004 888 (dw-

420 936 542 982 τος.
580 917 918 986 Γέγραπται
950 912 1095 982 γάρ·
1142 912 1305 982 Ἐμοὶ
1334 913 1677 980 ἐκδίκησις,
1713 911 1828 981 ἐγὼ
1865 912 2005 965 ἀντ-

421 999 712 1054 αποδώσω
735 1039 749 1064 ,
791 997 958 1067 λέγει
993 997 1210 1064 Κύριος
1230 1012 1244 1026 °
1275 995 1372 1049 καὶ⁵
1398 995 1586 1062 πάλιν,
1619 996 1834 1065 Κύριος
1889 1011 2007 1062 κρι-

419 1082 520 1136 νεῖ
566 1083 672 1136 τόν
719 1080 876 1136 λαὸν
919 1078 1131 1134 αὐτοῦ.
1203 1079 1648 1149 Ἐμπεσούμεοαν
1700 1077 1885 1146 φησὶν,
1925 1077 2005 1138 εἰς

422 1167 612 1236 χεῖρας
665 1163 906 1234 Κυρίου,
960 1162 1057 1216 καὶ
1105 1160 1180 1233 μὴ
1222 1162 1250 1201 ι’
1304 1162 1386 1224 είς
1432 1164 1622 1231 χεῖρας
1676 1159 2001 1229 ἀνθρώπων.

435 1246 573 1300 Ἀλλ’
601 1245 697 1300 ἐὰν
731 1246 806 1318 μὴ
850 1247 1249 1316 μετανοήσητε,
1287 1245 1369 1306 είς
1419 1245 1605 1313 χεῖρας
1647 1238 1783 1293 Θεοῦ
1827 1242 2005 1308 ἐμπε-

424 1331 606 1385 σεῖσθε
640 1349 655 1362 ο
696 1333 874 1384 ἐκεῖνο
906 1331 1136 1400 φοϐερόν
1165 1345 1180 1359 ·
1230 1327 1391 1381 τοῦτο
1449 1326 1602 1380 οὐδέν
1645 1327 1763 1377 ἐστι
1817 1324 1881 1376 τὸ
1925 1323 2006 1386 είς

423 1415 615 1484 χεῖρας
668 1411 973 1484 ἀνθρώπων
1017 1412 1298 1482 ἐμπεσεῖν.
1357 1411 1524 1464 Ὅταν
1574 1409 1790 1476 ἴδωμεν,
1848 1405 2016 1476 φησὶ,

422 1496 548 1550 τινὰ
578 1495 937 1565 κολαζόμενον
976 1494 1234 1559 ἐνταῦθα,
1274 1493 1348 1564 μὴ
1388 1485 1717 1562 φοϐηθῶμεν
1751 1490 1845 1542 ἐπὶ
1892 1490 2007 1550 τοῖς

424 1578 718 1649 παροῦσιν,
763 1577 902 1632 ἀλλά
929 1577 1212 1648 φρίξωμεν
1255 1576 1349 1628 ἐπὶ
1385 1576 1497 1638 τοῖς
1539 1573 1815 1644 μέλλουσι.
1847 1571 2010 1626 Κατὰ

428 1661 540 1732 γὰρ
585 1660 652 1714 τὸ
681 1661 854 1727 ἕλεος
900 1661 1084 1716 αὑτοῦ
1114 1655 1217 1713 καί
1246 1661 1286 1728 ἡ
1326 1656 1473 1728 ὀργὴ
1528 1656 1736 1722 αὐτοῦ,
1784 1654 1882 1708 καὶ
1909 1653 2009 1708 ἐπὶ

425 1743 815 1812 ἁμαρτωλοὺς
863 1743 1241 1797 καταπαύσει
1292 1745 1325 1796 ὁ
1362 1739 1550 1809 θυμός
1599 1738 1807 1793 αὐτοῦ.
1856 1737 2010 1806 Ἅμα

428 1827 522 1879 καὶ⁵
558 1826 746 1896 ἕτερόν
796 1843 848 1878 τι
897 1824 1194 1879 αἰνίττεται
1239 1822 1476 1879 ἐνταῦθα
1521 1822 1612 1876 διὰ
1663 1821 1758 1874 τοῦ
1810 1820 2004 1873 εἰπεῖν·

428 1907 594 1978 Ἐμοὶ
609 1907 938 1975 ἐκδίκησις,
952 1907 1065 1976 ἐγὼ
1085 1905 1510 1962 ἀνταποδώσω.
1528 1904 1652 1957 Ἐπὶ
1674 1902 1784 1956 τῶν
1801 1901 2011 1972 ἐχθρῶν

429 1989 588 2045 τοῦτο
618 1990 833 2061 εἴρηται
871 1989 979 2043 τῶν
1015 1989 1200 2053 κακῶς
1232 1989 1552 2052 ποιούντων,
1585 1989 1646 2041 οὐ
1672 1986 1781 2041 τῶν
1822 1985 2010 2048 κακῶς

430 2075 769 2144 πασχόντων.
841 2073 1107 2127 Ἐνταῦθα
1160 2073 1254 2127 καὶ
1309 2071 1726 2144 παραμυθεῖται
1785 2070 2008 2134 αὐτοὺς,

433 2156 716 2228 μονονουχὶ
741 2157 950 2225 λέγων·
987 2156 1157 2210 Μένει
1197 2154 1491 2219 διαπαντὸς
1525 2157 1552 2208 6
1581 2154 1712 2218 Θεὸς
1755 2154 1850 2207 καὶ
1894 2154 1961 2224 ζῇ
1993 2169 2009 2185 ·

429 2239 571 2292 ὥστε
595 2240 699 2293 κᾶν
734 2237 812 2308 μὴ
834 2238 928 2293 νῦν
953 2238 1327 2304 ἀπλάῦωσιν,
1354 2236 1582 2309 ὕστερον
1614 2235 2009 2306 ἀπολήψονται.

443 2320 717 2385 Ἐκείνους
749 2323 828 2375 δεῖ
866 2321 1168 2390 στενάζειν,
1215 2322 1316 2391 οὐχ
1346 2321 1495 2391 ἡμᾶς
1516 2337 1530 2350 ·
1566 2322 1729 2389 ἡμεῖς
1779 2319 1876 2388 μὲν
1904 2317 2014 2387 γὰρ

431 2405 514 2468 εἰς
546 2404 644 2468 τὰς
669 2403 895 2458 ἐκείνων
926 2403 1320 2474 ἐμπεσούμεθα
1354 2405 1566 2474 χεῖρας,
1595 2403 1797 2454 ἐκεῖνοι
1826 2399 1884 2452 δέ
1930 2401 2013 2462 εἰς

431 2487 532 2550 τὰς
553 2485 650 2539 τοῦ
682 2485 842 2540 Θεοῦ.
875 2487 949 2540 Οὐ
981 2487 1089 2558 γὰρ
1123 2487 1152 2538 6
1181 2484 1372 2540 παθὼν
1404 2484 1606 2553 πάσχει
1651 2481 1861 2547 κακῶς,
1899 2481 2014 2536 ἀλλ’

432 2571 463 2623 6
500 2569 671 2624 ποιῶν
701 2585 717 2600 ·
751 2568 876 2622 οὐτε
905 2571 935 2623 6
977 2567 1443 2640 εὐεργετούμενος
1487 2564 1851 2637 εὐεργετήθη,
1898 2564 2014 2619 ἀλλ’

433 2655 463 2708 6
495 2653 820 2724 εὐεργετῶν.

505 2737 693 2791 Ταῦτα
717 2733 808 2792 οῦν
837 2737 1060 2803 εἰδότες,
1091 2736 1410 2804 ἀνεξίκακοι
1443 2728 1596 2808 ὦμεν
1631 2737 1761 2808 περὶ
1800 2736 1862 2790 τὸ
1907 2734 2016 2789 πά-

437 2836 593 2890 σχειν
638 2817 846 2884 κακῶς,
879 2820 1165 2890 πρόχειροι
1210 2820 1341 2892 περὶ
1381 2818 1443 2872 τὸ
1478 2819 1630 2893 [189]
1685 2820 2013 2891 εὐεργετεῖν.

436 2903 610 2956 Τοῦτο
664 2902 723 2956 δέ
762 2902 947 2968 ἐσται,
983 2903 1050 2956 ἂν
1109 2905 1412 2974 χρημάτων
1461 2905 1894 2975 καταφρονῶμεν
1922 2902 2019 2957 καὶ

435 2986 594 3057 δόξης
628 3001 644 3018 ·
687 2987 716 3038 6
752 2984 929 3040 ταῦτα
961 2985 1030 3039 τά
1073 2986 1220 3057 πάθη
1269 2987 1705 3057 ἀποδυσάμενος,
1757 2988 2017 3042 ἁπάντων

436 3071 748 3143 ἀνθρώπων
778 3071 928 3125 ἐστὶν
962 3069 1418 3142 ἐλευθερώτερος,
1457 3073 1552 3124 καὶ
1583 3072 1747 3126 αὐτοῦ
1778 3072 1872 3125 τοῦ
1920 3073 2019 3142 τὴν

437 3154 732 3226 ἁλουργίδα
755 3154 1142 3225 περικειμένου
1178 3155 1577 3226 εὐπορώτερος.
1616 3157 1726 3225 Οὐχ
1760 3157 1891 3226 ὁρᾷς
1921 3156 2020 3207 ὅσα

438 3237 650 3307 γίνεται
681 3235 830 3290 κακά
857 3235 948 3288 διὰ
973 3237 1043 3290 τὰ
1068 3237 1322 3306 χρήματα
1346 3254 1361 3303 ;
1389 3237 1451 3288 οὐ
1496 3237 1638 3303 λέγω
1673 3237 1772 3289 ὅσα
1801 3237 1890 3289 διὰ
1921 3235 2019 3306 τὴν

439 3319 776 3388 πλεονεξίαν,
809 3319 924 3373 ἀλλ’
960 3321 1018 3372 ἐν
1049 3322 1116 3388 τῇ
1149 3319 1496 3390 προσπαθείᾳ
1523 3319 1766 3372 τούτων·
1817 3315 1930 3373 οἶόν
1967 3336 2019 3372 τι

439 3405 603 3474 λέγω·
631 3404 727 3458 Ἂν
753 3402 995 3474 ἀπολέσῃ
1017 3421 1101 3465 τις
1128 3405 1411 3474 χρήματα.
1433 3403 1636 3467 παντὸς
1664 3403 1896 3456 Θανάτου
1923 3420 2020 3473 χα-

439 3489 750 3559 λεπώτερον
779 3487 892 3556 βίον
921 3486 1008 3558 ζῇ.
1043 3486 1108 3539 Τί
1132 3485 1338 3555 ἀλγεῖς.
1361 3486 1644 3557 άνθρωπε;
1666 3488 1719 3540 τί
1741 3486 2015 3558 δακρύεις;

441 3574 526 3626 ὅτι
557 3589 618 3624 σε
653 3571 752 3640 τῆς
787 3569 1054 3639 περιττῆς
1085 3569 1335 3638 φυλακῆς
1359 3569 1666 3640 ἀπήλλαξεν
1689 3573 1717 3623 ό
1753 3571 1907 3636 Θεός;
1938 3570 2020 3623 ὅτι

441 3656 505 3707 οὐ
534 3653 678 3726 κάθῃ
704 3652 920 3724 τρέμων
952 3653 1048 3705 καὶ
1085 3651 1374 3716 δεδοικὼς;
1415 3646 1548 3704 Εἶτα
1592 3653 1658 3704 ἂν
1690 3651 1788 3722 μέν
1823 3653 1884 3704 σέ
1934 3669 2021 3715 τις

445 3737 731 3808 προσδήσῃ
771 3733 1062 3806 θησαυρῷ,
1103 3733 1349 3787 κελεύων
1389 3734 1682 3796 διαπαντὸς
1723 3735 1843 3786 ἐκεῖ
1887 3733 2022 3787 καθ-

445 3819 631 3890 ῆσθαι,
651 3820 744 3872 καὶ
775 3819 1078 3888 ἀγρυπνεῖν
1107 3817 1247 3888 ὑπὲρ
1270 3816 1587 3888 ἀλλοτρίων,
1611 3817 1818 3884 ἀλγεῖς,
1839 3815 2022 3886 δυσχε-

448 3903 652 3976 ραίνεις
682 3919 696 3933 ·
724 3904 788 3955 σύ
809 3903 867 3954 δέ
897 3901 1094 3956 σαυτὸν
1116 3901 1429 3972 προσδήσας
1461 3900 1681 3969 δεσμοξ
1703 3899 2022 3969 χαλεπωτά-

446 4003 579 4051 τοις,
614 3985 804 4054 ἐπειδὴ
838 3983 1157 4055 ἀπηλλάγης
1197 3983 1296 4053 τῆς
1340 3982 1603 4046 δουλείας,
1638 3983 1860 4050 ἀλγεῖς;
1897 3982 2024 4034 Ὄν-

446 4087 556 4133 τως
595 4066 920 4139 προλήψεως
966 4069 1106 4120 εἱσιν
1137 4068 1189 4119 αἰ
1219 4066 1387 4120 λῦπαι
1428 4068 1523 4120 καὶ
1560 4067 1613 4120 αἱ
1646 4065 1975 4135 εὐφροσύναι
2005 4104 2019 4116 .

447 4153 698 4222 καθάπερ
733 4151 841 4221 γὰρ
880 4150 1138 4220 ἀλλότρια
1166 4149 1402 4220 ἔχοντες,
1432 4148 1606 4210 οὕτως
1643 4149 1788 4201 αὐτά
1827 4146 2026 4219 τηροῦ-

450 4251 572 4306 μεν.
598 4235 714 4287 Νῦν
740 4234 879 4304 πρὸς
916 4232 1015 4296 τὰς
1044 4233 1307 4301 γυναῖκάς
1356 4249 1444 4303 μοι
1483 4235 1511 4286 6
1560 4232 1739 4300 λόγος.
1777 4226 1908 4301 Εἷχέ
1940 4248 2021 4295 τις

446 4317 585 4387 γυνὴ
611 4316 868 4379 πολλάκις
896 4315 1003 4370 ἀπὸ
1029 4315 1256 4385 χρυσίου
1289 4315 1610 4384 ὑφασμένον
1652 4313 1892 4382 ἱμάτιον,
1930 4312 2026 4366 καὶ

447 4399 609 4453 τοῦτο
635 4399 912 4459 τινάσσει,
943 4397 1263 4468 περιϐάλλει
1285 4396 1473 4462 λίνοις,
1499 4399 1657 4468 τηρεῖ
1685 4397 1822 4467 μετά
1851 4399 2027 4464 ἀσφα-

448 4483 622 4548 λείας,
643 4482 835 4552 τρέμει
859 4481 1002 4551 ὐπέρ
1038 4480 1225 4546 αὐτοῦ,
1259 4480 1354 4532 καὶ
1383 4482 1486 4533 οὐκ
1515 4479 1782 4534 ἀπολαύει
1814 4478 1981 4532 αὐτοῦ
2007 4494 2023 4511 ·

450 4566 486 4638 ἢ
519 4566 629 4636 γάρ
646 4563 1001 4633 ἐτελεύτησεν
1029 4563 1062 4632 ἢ
1097 4564 1392 4632 ἐχήρευσεν
1417 4579 1430 4592 ·
1473 4563 1530 4632 ἢ,
1560 4562 1666 4614 κᾶν
1711 4560 1879 4631 μηδὲν
1907 4559 2030 4612 τού-

450 4668 559 4705 των
584 4648 790 4719 συμὸᾗ,
830 4647 1034 4700 δέδοικε
1073 4647 1148 4716 μή
1178 4649 1244 4718 τῇ
1293 4647 1509 4716 συνεχεῖ
1547 4645 1744 4716 χρήσει
1779 4643 2026 4713 δαπανή-

455 4749 597 4786 σασα
618 4732 772 4794 αὐτὸ,
818 4731 1246 4798 ἀποστερήσειεν
1288 4729 1489 4798 ἑαυτήν
1517 4744 1529 4757 ·
1584 4725 1689 4780 κᾶν
1727 4724 1886 4788 ἄλλος
1930 4725 2031 4776 οὐκ

451 4814 824 4886 ἀποστερήσῃ,
857 4812 1154 4881 ἀποστερεῖ
1187 4809 1388 4879 ἐαυτὴν
1425 4811 1492 4879 τῇ
1525 4807 1799 4878 φειδωλία.
1867 4804 2031 4858 Ἀλλά

454 4899 779 4968 παραχωρεῖ
803 4895 1007 4966 ἐτέρας
1048 4893 1162 4946 ἀλλ’
1195 4892 1316 4946 οὐδὲ
1345 4892 1506 4944 τοῦτο
1540 4891 1698 4962 δῆλον
1729 4908 1742 4920 ·
1773 4891 1822 4942 εί
1845 4889 1901 4942 δέ
1935 4889 2030 4944 καὶ

454 4980 901 5054 παραχωρήσειε,
930 4977 1026 5031 καὶ
1060 4976 1247 5046 ἐκείνη
1273 4974 1436 5028 πάλιν
1473 4975 1677 5045 ὁμοίως
1716 4973 1867 5043 αὐτῴ
1892 4975 2032 5044 χρή-

458 5080 634 5118 σεται.
669 5063 778 5116 Καὶ
805 5063 858 5115 εί
875 5077 956 5122 τις
985 5059 1276 5130 ἐρευνήσει
1303 5058 1372 5110 τὰ
1397 5059 1452 5110 ἐν
1478 5059 1597 5120 ταῖς
1612 5056 1832 5122 οἰκίαις,
1867 5058 2034 5127 εὐρὴ-

458 5162 546 5200 σει
581 5144 652 5198 τὰ
692 5143 926 5214 μάλιστα
952 5142 1114 5211 τίμια
1141 5141 1251 5194 τῶν
1298 5139 1530 5211 ἱματίων
1561 5141 1657 5193 καὶ
1697 5140 1766 5193 τὰ
1798 5140 1936 5194 ἀλλα
1964 5141 2034 5194 τὰ

459 5228 798 5300 ὑπερέχοντα
817 5228 874 5279 ἐν
905 5225 1114 5278 πλείονι
1140 5228 1299 5296 τιμῇ,
1322 5223 1512 5294 ὥσπερ
1535 5222 1815 5294 ἐμψύχους
1838 5223 2034 5275 δεσπό-

459 5327 577 5375 τας,
610 5309 1026 5379 θεραπευόμενα
1047 5324 1060 5336 ·
1089 5308 1149 5360 οὐ
1189 5307 1297 5378 γὰρ
1327 5308 1530 5377 χρῆται
1561 5307 1743 5369 αὐτοῖς
1771 5306 2031 5375 συνεχῶς,

460 5394 598 5448 ἀλλά
625 5393 831 5446 δέδοικε
866 5393 963 5445 καὶ
987 5393 1200 5464 τρέμει,
1235 5394 1404 5462 σῆτας
1447 5396 1544 5445 καὶ
1572 5391 1643 5444 τὰ
1674 5391 1810 5444 ἀλλα
1843 5391 1911 5443 τὰ
1948 5390 2034 5460 βι-

462 5476 734 5546 6ρώσκειν
764 5473 996 5528 εἰωθότα
1051 5475 1418 5536 ἀποσοϐοῦσα,
1466 5476 1562 5528 καὶ
1604 5474 1670 5526 τὰ
1711 5473 1933 5527 πλείονα
1977 5475 2035 5525 ἐν

467 5559 697 5631 μύρῤοις
713 5557 805 5610 καὶ
825 5558 1080 5630 ἀρώμασι
1100 5559 1463 5628 τιθεῖσα,οὐδὲ
1485 5561 1648 5611 πᾶσιν
1669 5557 2037 5628 ἐπιτρέπουσα

529 5676 552 5744 ξ’
583 5674 641 5744 _I_n
674 5673 810 5744 C0“).
845 5675 1032 5744 lfgilur
1060 5681 1267 5744 ἀφίησιν.
1292 5681 1508 5744 Dgnaaus
1529 5677 1704 5744 ἐφίησι.

502 5735 557 5812 ,δ
583 5738 734 5796 Marg-
756 5734 933 5812 ‘Sa‘l'ilj',
987 5734 1266 5806 ἐμπέσωμεν
1310 5741 1409 5803 οὗν,
1453 5734 1612 5804 φησῖν,
1636 5739 1699 5794 εἰς
1721 5736 1880 5800 χεῖρας
1911 5734 2036 5786 Θεοῦ

469 5803 658 5862 ζῶντος,
691 5802 771 5850 καὶ
796 5804 878 5863 μή.

1162 388 1218 445 S.
1258 385 1544 444 JOANNIS
1576 381 2062 445 CIIRYSOSTOMI
2100 383 2418 446 A‘RCIIIEP.
2459 375 3016 446 CONSTANTINOP.

3580 375 3686 433 HO

2103 499 2204 567 τῆς
2233 501 2411 572 ὅψεως
2449 501 2858 571 καταξιωθῆναι
2911 494 3150 564 ἐκείνης,
3202 491 3320 547 ἀλλ’
3371 490 3512 561 αὐτὴ
3551 455 3696 566 πολιἱ

2102 582 2256 647 λάκις
2292 584 2431 654 μετά
2466 585 2560 638 τοῦ
2596 583 2789 651 ἀνδρὸς
2814 577 2987 634 ταῦτα
3027 577 3326 630 διατιθεῖσα
3375 574 3679 645 ἐπιμελῶς.

2174 669 2240 736 γ’.
2262 669 2374 720 Οὐκ
2391 669 2635 731 εἰκότως,
2653 665 2772 718 εἰπέ
2794 681 2904 733 μοι,
2926 657 3369 729 εἰδωλολατρείαν
3383 659 3482 728 τὴν
3501 657 3688 712 πλεον-

2104 752 2250 816 εξίαν
2293 751 2552 804 ἐκάλεσεν
2585 749 2614 799 6
2660 747 2909 811 Παῦλος;
2938 745 3113 814 Ὅσην
3149 742 3259 812 γὰρ
3289 743 3489 794 ἐκεῖνοι
3516 741 3690 812 τιμὴν

2105 834 2234 902 περὶ
2275 834 2344 886 τά
2387 832 2586 886 είδωλα
2619 829 3058 891 ἐπιδείκνυνται,
3091 825 3365 894 τοσαύτην
3398 824 3496 877 καὶ
3537 818 3687 878 οὗτοι

2105 918 2232 986 περὶ
2267 917 2337 969 τά
2367 916 2557 986 ἱμάτια
2577 926 2624 977 ο,
2656 912 2788 984 περὶ
2816 911 2886 965 τὰ
2903 909 3126 981 χρυσία.
3167 909 3350 979 Μέχρι
3375 907 3521 970 τίνος
3560 906 3690 976 βόρο

2105 997 2264 1068 6ορον
2310 997 2708 1066 ἀνακινοῦμεν;
2758 994 2921 1064 μέχρι
2967 992 3114 1055 τινος
3159 989 3238 1060 τῷ
3280 989 3441 1060 πηλῷ
3489 989 3583 1042 καὶ
3617 992 3686 1060 τῇ

2106 1081 2357 1150 πλινθεία
2382 1078 2822 1151 προσηλώμεθα;
2857 1078 3068 1145 ’Ὥσπερ
3102 1074 3213 1142 γὰρ
3247 1074 3450 1126 ἐκεῖνοι
3477 1071 3557 1142 τῷ
3580 1072 3688 1125 τῶν

2106 1163 2256 1236 [190]
2281 1163 2588 1234 Αἰγυπτίων
2613 1161 2824 1232 βασιλεῖ
2849 1159 3108 1228 ἔκαμνον,
3139 1159 3283 1212 οὕτω
3305 1155 3400 1209 καλ¹
3424 1157 3584 1226 ἡμεῖς
3611 1154 3690 1225 τῷ

2104 1247 2333 1314 διαϐόλῳ
2375 1246 2686 1316 κάμνομεν,
2715 1244 2812 1296 καὶ
2846 1239 3225 1312 μαστιζόμεθα
3269 1239 3404 1293 πολύ
3435 1238 3687 1309 χαλεπω-

2105 1331 2274 1400 τέρας
2315 1330 2607 1398 μάστιγας.
2644 1327 2757 1379 Καὶ
2793 1327 2865 1396 μή
2892 1342 3014 1378 τινα
3046 1321 3355 1393 ὑπερϐολὴν
3395 1319 3690 1390 καταγνῷς

2107 1413 2201 1466 τοῦ
2249 1412 2411 1480 λόγου
2434 1429 2450 1444 ·
2493 1411 2604 1480 ὅσῳ
2632 1409 2741 1480 γὰρ
2771 1407 3038 1479 κρείττων
3069 1405 3322 1476 σώματος
3365 1405 3513 1475 ψυχὴ
3536 1447 3550 1471 ,
3596 1422 3691 1457 το-

2110 1495 2285 1566 σούτῳ
2310 1493 2530 1566 φροντὶς
2557 1493 2840 1564 μωλώπων
2864 1488 3241 1562 μαστιζόμεθα
3257 1488 3282 1528 ά
3303 1489 3425 1543 καθ’
3449 1489 3691 1558 ἑκάστην

2109 1579 2344 1649 ἡμέραν,
2379 1576 2698 1645 δεδοίκαμεν
2733 1573 3136 1646 φροντίζοντες,
3187 1572 3503 1643 τρέμοντες.
3549 1571 3690 1623 Ἀλλ’

2110 1664 2205 1717 ἐὰν
2234 1663 2554 1732 θελήσωμεν
2583 1658 2873 1723 στενάξαι,
2913 1658 3008 1712 ἐὰν
3038 1657 3356 1727 θελήσωμεν
3388 1654 3692 1721 ἀναϐλέψαι

2111 1747 2250 1817 πρὸς
2282 1746 2374 1799 τὸν
2406 1745 2559 1811 Θεὸν,
2596 1743 2808 1814 πέμπει
2835 1744 2969 1813 ἡμῖν
2995 1741 3058 1796 οὐ
3101 1739 3360 1804 Μωῦσέα,
3400 1737 3522 1790 οὐδέ
3561 1737 3692 1817 :Aa-

2113 1813 2245 1904 ρῶν,
2272 1828 2407 1883 ἀλλά
2435 1828 2528 1881 τδν
2553 1813 2719 1881 αὐτοῦ
2744 1826 2902 1894 λόγον
2927 1825 3019 1878 καὶ
3046 1824 3147 1894 τὴν
3170 1821 3486 1886 κατάνυξιν.
3517 1813 3692 1904 Οὐτος

2111 1902 2291 1967 τοίνυν
2314 1910 2510 1975 ἐλθὼν,
2539 1910 2634 1963 καὶ
2667 1907 2956 1979 κατασχὼν
2983 1905 3142 1978 ἡμῶν
3169 1905 3269 1969 τὰς
3299 1903 3480 1974 ψυχὰς
3497 1944 3513 1968 ,
3537 1902 3692 1956 ἐλευ-

2113 1994 2344 2064 θερώσει
2372 1995 2474 2062 τῆς
2502 1993 2745 2056 δουλείας
2771 1993 2871 2062 τῆς
2897 1992 3102 2060 πικρᾶς
3128 1991 3298 2060 ἡμᾶς,
3332 1988 3511 2054 ἐξάξει
3541 1988 3690 2057 ἡμᾶς

2113 2079 2172 2146 ἐξ
2209 2077 2522 2146 Αἰγύπτου,
2559 2076 2660 2146 τῆς
2689 2076 2947 2144 ἀνονήτου
2982 2073 3077 2127 καὶ
3122 2071 3486 2144 ματαιοπόνου
3526 2086 3692 2122 σπου-

2112 2163 2232 2234 δῆς,
2259 2163 2356 2230 τῆς
2381 2159 2627 2222 δουλείας
2650 2159 2750 2228 τῆς
2776 2157 2928 2210 οὐδὲν
2955 2156 3146 2226 κέρδος
3171 2153 3422 2225 ἐχούσης.
3457 2153 3692 2206 Ἐκεῖνοι

2119 2247 2216 2318 μὲν
2253 2241 2346 2299 οὖν
2383 2241 2486 2298 κάν
2526 2241 2729 2315 χρυσία
2769 2239 3027 2302 λαὸόντες
3055 2238 3319 2308 ἐξῆλθον,
3363 2236 3458 2290 τὸν
3499 2235 3694 2306 μισθὸν

2115 2333 2214 2401 τῆς
2243 2328 2535 2398 οἰκοδομῆς
2558 2343 2571 2357 ·
2605 2326 2769 2397 ἡμεῖς
2800 2323 2858 2376 δέ
2883 2322 3038 2378 οὐδέν
3057 2338 3073 2352 ⁶
3103 2321 3200 2376 καὶ
3228 2321 3340 2374 εῖθε
3373 2319 3570 2391 μηδέν·
3593 2319 3695 2373 νῦν

2115 2413 2172 2466 δέ
2203 2413 2293 2466 καὶ
2318 2413 2478 2482 ἡμεῖς
2515 2409 2866 2480 λαμϐάνομεν
2903 2406 2963 2459 οὐ
2995 2404 3214 2477 χρυσία,
3254 2404 3392 2458 ἀλλά
3423 2403 3496 2456 τὰ
3521 2401 3695 2472 Αἰγύ-

2117 2515 2252 2552 πτου
2275 2495 2441 2561 κακά,
2459 2495 2836 2564 ἁμαρτήματα
2867 2491 2964 2544 καὶ
2994 2490 3244 2553 κολάσεις
3269 2489 3365 2543 καὶ
3394 2487 3693 2558 τιμωρίας.

2115 2580 2396 2650 Μάθωμεν
2447 2577 2631 2631 τοίνυν
2677 2574 3041 2643 ὠφελεῖσθαι,
3085 2571 3349 2642 μάθωμεν
3390 2570 3696 2640 ἐπηρεάζε-

2119 2663 2274 2718 σθαι·
2314 2661 2473 2714 τοῦτό
2508 2661 2624 2713 ἐστι
2655 2656 2981 2729 Χριστιανοῦ
3001 2673 3016 2687 ·
3045 2655 3555 2726 καταφρονήσωμεν
3583 2651 3696 2708 τῶν

2117 2746 2337 2820 χρυσῶν
2368 2744 2631 2815 ἱματίων,
2663 2740 3172 2811 καταφρονήσωμεν
3211 2737 3322 2792 τῶν
3357 2737 3698 2810 χρημάτων,

2119 2832 2206 2887 ίνα
2230 2829 2304 2902 μὴ
2327 2826 2830 2901 καταφρονήσωμεν
2843 2825 2943 2895 τῆς
2965 2821 3243 2893 σωτηρίας
3261 2822 3362 2891 τῆς
3387 2820 3696 2892 ἡμετέρας·

2120 2914 2626 2984 καταφρονήσωμεν
2653 2907 2953 2982 χρημάτων
2973 2947 2989 2973 ,
3032 2906 3126 2960 καὶ
3159 2905 3234 2976 μὴ
3266 2905 3720 2976 καταφρονήσαιεν.

2121 3018 2221 3072 μεν
2265 3002 2362 3066 τῆς
2408 2995 2626 3065 ψυχῆς·
2680 2991 2818 3064 αὐτη
2867 2991 2976 3062 γάρ
3027 2990 3174 3043 ἐστιν
3315 2987 3695 3072 κολαζομένη,

2119 3070 2258 3152 αὕτη
2299 3079 2448 3132 ἐστὶν
2478 3080 2511 3148 ἡ
2545 3074 2933 3146 τιμωρουμένη
2958 3089 2973 3102 ·
3011 3073 3196 3125 ἐκεῖνα
3235 3070 3480 3125 ἐνταῦθα’
3501 3071 3656 3141 μένει
3679 3109 3714 3135 ,.

2118 3166 2258 3234 αῦτη
2299 3163 2355 3216 δέ
2385 3164 2601 3217 ἄπεισιν
2630 3161 2764 3213 ἐκεῖ.
2793 3158 2951 3220 Τίνος
2978 3156 3187 3221 ἕνεκεν,
3225 3157 3392 3220 τίνος,
3427 3154 3547 3208 εἰπέ
3582 3172 3698 3225 μοι,

2123 3247 2493 3307 κατακόπτεις
2527 3242 2751 3306 σαυτὸν,
2790 3242 2886 3294 καὶ
2915 3240 3016 3293 οὐκ
3044 3237 3522 3310 αἰσθάνῃ;·Ταῦτα
3560 3237 3702 3308 πρὸς

2117 3332 2244 3394 τούς
2265 3329 2590 3390 πλεονέκτας
2619 3325 2780 3393 λέγω.
2809 3322 2988 3376 Καλὸν
3010 3321 3179 3376 δὲκαὶ
3207 3322 3345 3392 πρὸς
3360 3322 3486 3384 τούς
3510 3319 3705 3372 πλεον-

2119 3412 2480 3482 εκτουμένους
2551 3409 2756 3471 εἰπεῖν,
2815 3404 3010 3476 φέρετε
3059 3403 3325 3473 γενναίως
3366 3401 3464 3465 τὰς
3502 3401 3702 3455 πλεονο

2119 3497 2270 3563 εξίας
2294 3511 2308 3525 ·
2347 3491 2570 3553 ἑαυτοὺς
2607 3487 2921 3561 ἀναιροῦσιν
2951 3489 3169 3550 ἐκεῖνοι,
3190 3486 3289 3554 οὐχ
3319 3485 3484 3553 ὑμᾶς.
3524 3483 3705 3553 ’Υμάς

2124 3580 2225 3650 μὲν
2266 3573 2630 3642 ἀποστεροῦσι
2674 3571 3007 3642 χρημάτων,
3061 3569 3290 3627 ἐαυτούς
3331 3567 3389 3620 δὲ
3427 3565 3704 3637 γυμνοῦσι

2119 3664 2226 3734 τῆς
2245 3660 2456 3723 εὐνοίας
2482 3657 2575 3712 τοῦ
2611 3656 2747 3710 Θεοῦ
2775 3657 2866 3709 καὶ
2890 3657 2989 3725 τῆς
3016 3653 3270 3724 βοηθείας
3288 3668 3302 3683 ·
3336 3654 3364 3705 6
3392 3651 3451 3704 δὲ
3479 3651 3705 3734 ἐκείνης

2121 3731 2459 3815 γυμνωθεὶς,
2481 3739 2584 3793 κᾶν
2614 3739 2830 3792 ἅπαντα
2855 3735 3220 3807 περιϐάληται
3241 3735 3342 3804 τῆς
3370 3731 3706 3804 οἰκουμένης

2119 3828 2213 3881 τὸν
2242 3825 2492 3890 πλοῦτον,
2525 3825 2742 3876 πάντων
2769 3821 2888 3874 ἐστὶ
2909 3819 3233 3889 πενέστερος
3251 3833 3266 3848 ·
3291 3816 3578 3886 ὼσπεροῦν
3605 3820 3702 3874 καὶ

2121 3912 2150 3964 6
2183 3910 2399 3964 πάντων
2428 3905 2754 3976 πενέστερος
2775 3944 2790 3966 ,
2818 3902 2885 3956 ἂν
2913 3902 3118 3972 ταύτην
3149 3901 3269 3973 ἐχῃ,
3304 3901 3522 3952 πάντων
3549 3898 3705 3951 ἐστὶν

2124 3993 2530 4062 εὐπορώτερος·
2562 3989 2778 4056 Κύριος
2808 3986 2935 4058 γάρ,
2961 3987 3116 4057 φησὶ,
3147 3986 3448 4056 ποιμαίνει
3477 3998 3574 4052 με,
3587 3980 3702 4062 καί

2123 4061 2303 4134 οὐδέκ
2337 4061 2417 4146 με
2447 4073 2791 4143 ὺστερήσει.
2829 4072 2965 4125 Εἰπέ
3012 4071 3074 4141 δή
3127 4087 3250 4139 μοι,
3291 4068 3346 4122 εί
3388 4084 3513 4120 τινα
3558 4061 3706 4135 εἶχες

2124 4165 2294 4234 ἀνδρα
2324 4161 2497 4233 μέγαν
2529 4159 2624 4211 καὶ
2662 4156 3007 4226 θαυμαστὸν,
3039 4153 3185 4208 πάνυ
3216 4169 3276 4206 σε
3307 4150 3564 4218 φιλοῦντα

2125 4233 2446 4319 κηδόμενον,
2475 4239 2595 4296 εἶτα
2616 4240 2787 4308 ἔγνως
2810 4240 2892 4293 ὅτι
2921 4236 3215 4300 διαπαντὸς
3241 4235 3489 4319 ζήσεται,
3515 4234 3610 4287 καὶ
3639 4233 3704 4319 οὐ

2128 4315 2583 4400 προτελευτήσεις
2613 4319 2806 4386 αὐτοῦ,
2835 4321 2932 4375 καὶ
2966 4322 3146 4374 πάντα
3184 4336 3266 4373 σοι
3300 4317 3530 4389 παρέξει
3564 4315 3722 4386 μετά-

2129 4399 2316 4474 ἀδείας
2344 4410 2413 4464 τὰ
2449 4407 2637 4473 αὐτοῦ,
2684 4407 2824 4460 ὥστε
2868 4421 2928 4458 σε
2967 4403 3044 4468 ὡς
3077 4402 3190 4457 τῶν
3232 4401 3340 4455 σῶν
3372 4399 3702 4455 ἀπολαύειν·

2130 4493 2241 4568 ἆρα
2278 4494 2344 4548 ἂν
2373 4493 2644 4563 ἠθέλησας
2676 4487 2984 4559 κτήσασθαί
3010 4504 3100 4554 τις
3135 4483 3245 4559 ἆρα
3284 4486 3375 4549 ἀν,
3406 4486 3456 4568 εἰ
3488 4484 3706 4568 πάντων

2131 4561 2490 4646 ἐγυμνώθης,
2530 4561 2651 4642 οὐχί
2699 4587 2760 4624 σε
2813 4570 3227 4642 πλουσιωτέραν
3269 4567 3520 4638 ἐνόμιζες
3563 4561 3706 4619 εἶναι

2129 4661 2214 4714 διὰ
2251 4658 2444 4722 τοῦτο;
2477 4655 2542 4709 Τί
2569 4655 2770 4725 δήποτε
2804 4649 2898 4708 οῦν
2929 4652 3180 4716 πενθεῖς;
3207 4652 3291 4705 ὅτι
3320 4651 3579 4722 χρήματα
3603 4648 3712 4702 οὐκ

2131 4744 2315 4814 ἐχειςς
2349 4739 2465 4794 ἀλλ’
2498 4735 2668 4792 ἐννόει
2695 4737 2778 4790 ὃτι
2812 4735 3098 4808 ἀφηρέθης
3131 4735 3240 4788 τῶν
3286 4732 3708 4814 ἁμαρτημάτων

2131 4813 2229 4896 τὴν
2272 4823 2548 4877 ὑπόθεσιν.
2591 4820 2730 4873 Ἀλλ’
2776 4819 2860 4872 ὅτι
2907 4817 3094 4882 οὐσίας
3132 4815 3546 4887 ἀπεστερήθης;
3588 4813 3726 4868 ἀλλ”

2131 4907 2350 4978 ἐκτήσω
2381 4904 2476 4958 τοῦ
2503 4901 2639 4957 Θεοῦ
2668 4901 2766 4972 τὴν
2796 4899 3031 4955 εὔνοιαν.
3073 4899 3184 4953 Καὶ
3209 4899 3328 4964 πῶς
3360 4896 3705 4969 ἐκτησάμην,

2132 4993 2327 5062 φησίν;
2367 4985 2537 5053 Εἷπε,
2566 4985 2671 5040 Διὰ
2705 4983 2858 5058 [191]
2902 4985 2961 5037 τι
2986 4982 3072 5052 μὴ
3096 4981 3340 5052 μᾶλλον
3370 4980 3710 5042 ἀδικεῖσθε;

2132 5061 2284 5129 εἶπεν
2315 5073 2396 5126 ὅτι
2434 5073 2532 5124 Ἐν
2553 5069 2732 5123 παντί
2759 5065 3196 5136 εὐχαριστεῖτε·
3223 5061 3375 5118 εἶπεν
3396 5065 3479 5118 ὅτι
3509 5062 3712 5118 Μακά-

2123 5176 2244 5227 ριοι
2277 5159 2331 5210 οὶ
2377 5153 2598 5222 πτωχοί
2631 5148 2714 5217 τῷ
2761 5151 3074 5220 πνεύματι.
3125 5147 3330 5202 Ἐννόει
3364 5146 3544 5201 τοίνυν
3577 5147 3713 5215 ὅσης

2133 5240 2345 5302 εὐνοίας
2373 5235 2702 5297 ἀπολαύσεις
2722 5272 2737 5298 ,
2762 5233 2937 5287 ταῦτα
2972 5232 3062 5285 διὰ
3090 5230 3202 5285 τῶν
3231 5231 3412 5301 ἔργων
3445 5229 3714 5294 ἐπιδειξα-

2138 5323 2298 5393 μένη.
2348 5321 2443 5372 Ἐν
2488 5319 2598 5387 γὰρ
2635 5317 2796 5387 μόνον
2839 5317 3089 5386 ζητεῖται
3122 5315 3254 5384 παρ’
3294 5313 3485 5385 ἡμῶν,
3525 5312 3586 5366 τὸ
3622 5313 3714 5365 ἐπὶ

2135 5408 2301 5458 πᾶσιν
2332 5403 2674 5474 εὐχαριστεῖν
2707 5399 2784 5470 τῷ
2811 5397 2932 5468 Θεῷ
2953 5439 2968 5462 ,
3001 5399 3098 5451 καὶ
3130 5397 3315 5450 πάντα
3345 5396 3543 5466 ἔχομεν
3577 5394 3715 5466 μετὰ

2135 5486 2434 5556 δαψιλείας.
2478 5479 2602 5537 υἴόν
2631 5499 2685 5535 τι
2727 5482 2903 5550 λέγω·
2935 5479 3253 5542 ’Δπώλεσας
3299 5477 3501 5550 χρυσοῦ
3528 5477 3724 5547 λίτρας·

2203 5617 2226 5645 c
2257 5606 2380 5676 Post.
2391 5606 2496 5653 haec
2527 5605 2577 5652 in
2598 5601 2737 5654 Colb.
2759 5598 2924 5662 hiatus
2947 5601 3152 5665 grandis
3173 5606 3255 5649 est
3284 5598 3398 5662 plus
3415 5609 3560 5661 quam
3592 5596 3714 5648 dua-

2139 5683 2246 5719 rum
2272 5678 2575 5728 paginarum:

2205 5732 2232 5768 (ι
2275 5719 2442 5776 ἰόωε
2486 5724 2712 5775 vitiosus.
2738 5725 3047 5788 sConjectum
3103 5731 3201 5784 est,
3245 5721 3464 5788 τοσούτῳ
3512 5719 3714 5781 (nempe

2147 5789 2425 5855 κρείττονες)
2451 5787 2704 5850 φροντίδων
2729 5785 2960 5848 μώλωπες
2981 5786 3054 5842 αῐς
3074 5785 3408 5848 μαστιζόμεθα.
