2086 3223
214 165 273 195 “5
546 184 550 188 ~
624 170 793 200 1N'El‘lST.
815 173 861 200 AD
875 171 1062 200 'HEBBA‘IOS.
1084 174 1160 202 CAP.
1179 174 1214 203 Χ,
1235 175 1350 203 HOMIL.
1370 176 1430 203 XX.
1809 176 1865 229 H6d

187 248 190 250 .
207 223 267 253 hoc
285 224 361 254 enim
375 230 430 252 non
439 223 537 252 minus
549 231 629 259 quant
643 224 795 252 consolatio
809 225 956 253 convertit.
981 226 1017 253 Et

205 270 296 300 simul
307 269 429 299 ostendit
447 268 626 298 differentiam
639 290 647 303 ,
663 274 690 297 et
709 270 870 304 supplicium
881 292 888 303 ,
910 271 1018 305 etiudi-

185 337 187 341 .
204 316 343 348 Cinneis
356 316 445 352 ponit,
458 320 554 351 utpote
565 323 627 344 cum
641 323 686 344 res
701 317 737 343 sit
748 316 899 344 manifesta.
916 317 1017 351 Quanto

205 362 308 399 mgis,
321 361 427 398 inquit.
442 362 539 397 putatis
558 361 684 389 deteriora
697 363 789 390 mereri
811 364 936 398 supplicia
945 364 958 391 ?
969 364 1017 391 llic

206 407 279 437 mihi
291 407 401 436 videtur
410 407 493 435 etiam
504 407 633 443 mysteria
647 407 830 436 subindicare.
842 409 943 436 Deinde
959 410 1017 437 sub-

183 484 187 489 .
206 453 300 491 imit
311 453 396 481 etiam
406 452 605 486 testimonium,
621 453 715 480 dicens
724 463 734 480 :
747 454 792 481 5t.
810 454 972 481 Horreudum
983 461 1017 482 est

208 498 327 531 W8
340 499 370 526 in
383 506 477 526 luant“
490 498 542 526 Dei
551 499 669 526 viventis.
685 499 731 527 50.
746 499 877 534 Scriptum
891 505 928 527 est
939 501 1016 534 enim,

207 543 276 575 ΒΕ
296 544 434 577 uindicta,
455 547 480 571 et
499 551 546 580 ego
567 544 723 577 retribuam,
751 545 812 571 dicit
834 545 977 578 Dominus;
995 552 1018 574 et

211 596 319 630 ina,
332 595 467 625 Idicabit
482 595 606 624 Dominus
619 597 741 632 populum
755 605 839 623 suam.
857 596 1017 629 incidemus,

192 666 196 669 .
210 642 314 679 iniit,
326 643 357 671 il
371 650 469 671 manus
481 643 598 677 Domini,
612 648 639 671 et
653 651 706 670 non
720 643 746 670 in
763 651 856 670 manus
868 643 1016 670 hominum.

209 688 376 721 Solidum
385 689 474 725 agatis
487 689 688 724 paenitentiam,
701 689 728 716 in
744 689 790 716 Dei
804 695 900 716 manus
916 688 1018 715 incide-

210 735 250 765 tio
259 744 270 764 :
281 736 351 765 illud
363 741 408 765 est
420 736 542 764 terribile
558 743 566 763 :
581 735 633 763 hoc
646 736 713 763 nihil
723 739 774 765 est.
790 735 816 762 in
828 742 923 761 manus
932 734 1019 760 homi-

185 804 187 808 ι
209 789 277 812 ια
286 781 423 811 intidem.
435 782 549 816 Quando
563 781 720 814 viderimus,
737 781 832 816 inquit,
845 781 959 815 aliquem
974 780 1017 807 hic

207 829 304 867 puniti
313 850 325 862 ,
347 836 391 858 ne.
407 830 551 857 timeamus
565 828 709 863 prmsentia
720 847 728 859 ,
742 827 789 854 sed
804 831 913 861 propter
925 826 1015 852 futura

181 895 190 897 -
207 875 387 904 horreamus.
404 875 476 903 Nam
487 875 629 902 secundant
644 873 845 901 misericordiam
859 873 923 908 ejus,
935 873 972 899 ita
992 878 1016 899 et

205 923 250 951 in
259 923 332 960 ejus,
345 926 372 950 et
395 930 475 956 super
487 926 630 956 peceatores
643 921 778 956 requiescet
794 922 866 956 furor
881 920 936 955 ejus
948 919 1014 954 (Ec-

184 989 186 993 ι
205 970 253 999 τε.
268 970 298 999 11.
314 969 357 1006 η.
382 968 472 997 Simul
486 969 568 996 etiam
583 968 656 995 aliud
669 968 712 994 hic
725 968 805 994 tacite
818 966 912 993 innuit.
931 965 1013 999 Mihi,

205 1014 442 1053 ἱιῃίιηὲιιᾶεω,
450 1022 496 1050 ego
507 1019 591 1040 autem
599 1013 747 1041 retribuam.
758 1012 814 1039 lloc
822 1011 921 1038 dictum
931 1015 972 1038 est
980 1010 1014 1037 de

394 1060 468 1088 male
481 1060 594 1091 l‘aciunt,
602 1066 656 1086 non
672 1058 705 1085 de
717 1058 750 1085 iis
763 1058 808 1092 qui
823 1057 892 1084 male
905 1056 1014 1091 patiun-

211 1114 271 1137 tur.
280 1106 434 1142 etiam
450 1113 500 1134 eos
520 1105 677 1134 cumulatur
686 1104 780 1131 dicens
794 1102 986 1138 propemodum
1004 1111 1010 1130 :

217 1154 456 1192 Wet
470 1153 543 1180 Deus
563 1156 591 1179 et
605 1151 671 1179 vivit
685 1160 693 1179 :
709 1151 884 1185 quamobrem
908 1149 1012 1176 etiamsi

217 1200 524 1236 nonmomeperint,
542 1203 635 1234 postea
651 1197 791 1232 recipient.
808 1197 880 1228 Illos,
896 1204 948 1223 non
963 1204 1013 1223 nos

192 1260 194 1262 ·
213 1251 321 1284 oportet
333 1245 515 1282 iqaniseere
529 1253 536 1272 :
552 1251 614 1271 nam
630 1251 680 1271 nos
699 1242 808 1277 quidem
818 1242 971 1269 incidemus
986 1243 1011 1269 in

210 1291 442 1325 mm,
454 1291 493 1319 illi
505 1296 596 1318 autem
612 1290 638 1317 in
653 1297 748 1317 manus
763 1289 820 1316 Dei.
833 1288 925 1324 Neque
939 1289 1011 1316 enim

187 1351 190 1355 “
206 1338 255 1376 qui
267 1345 368 1374 plain
377 1341 422 1366 est
431 1337 515 1369 male,
531 1336 641 1371 patitur,
656 1335 704 1362 sed
716 1335 761 1370 qui
776 1334 855 1367 facit;
868 1342 954 1369 neque
966 1334 1011 1369 qui

206 1384 342 1414 Ιιαιειάο
348 1383 525 1417 utaﬂectus,
534 1382 661 1413 afficitur,
670 1381 717 1409 sed
725 1380 769 1416 qui
779 1380 908 1408 beneficio
916 1380 1010 1408 afficit.

240 1430 447 1459 σοιν-Μ,
464 1433 489 1458 et
510 1429 675 1464 pecuniarum
689 1427 806 1462 cupidos.
819 1441 855 1446 —-
869 1427 932 1453 llmc
946 1434 1011 1462 ergo

202 1483 269 1505 clm
279 1477 404 1506 minus
412 1496 423 1508 ,
434 1475 588 1503 tolerantes
600 1475 684 1502 simus
701 1473 735 1500 ad
756 1473 824 1500 male
837 1473 990 1508 patiendum
1000 1494 1008 1506 ,

203 1522 326 1560 prompti
340 1522 377 1550 ad
396 1520 635 1551 Inefaciendum.
650 1519 713 1547 Haec
726 1523 816 1546 autem
832 1523 911 1546 erunt
923 1519 945 1546 si
960 1527 1009 1554 pe—

199 1567 501 1604 cnniﬂdespidlm
517 1571 546 1593 et
565 1565 698 1601 gloriam:
714 1565 759 1599 qui
775 1564 823 1591 has
838 1564 920 1591 animi
942 1564 1009 1592 alle-

199 1613 443 1645 etin-eseam“,
455 1613 508 1641 erit
519 1611 646 1640 cautibus
652 1610 810 1639 hominibus
820 1610 970 1643 liberalior,
981 1614 1009 1638 et

199 1669 239 1689 eo
249 1661 314 1696 ipso
324 1659 374 1695 qui
393 1665 541 1695 purpuram
557 1657 666 1685 indutus
686 1661 729 1684 est
748 1656 842 1684 ditior.
857 1656 916 1683 Non
932 1656 1008 1683 vides

199 1713 272 1744 quot
282 1707 356 1735 male
366 1705 434 1734 ﬁant
445 1709 556 1741 propter
569 1703 718 1740 pecunias?
733 1711 785 1730 non
794 1703 859 1730 .dico
869 1711 928 1738 quze
942 1703 1009 1730 tiunt

200 1757 320 1789 mter
330 1751 473 1780 avaritiam
487 1755 515 1779 et
533 1750 609 1786 plura
621 1749 745 1777 habendi
759 1749 943 1784 cupiditatem,
959 1749 1008 1776 sed

199 1799 310 1836 quain
323 1798 383 1834 ipsa
397 1805 457 1833 quae
476 1805 509 1825 ex
525 1797 558 1824 iis
576 1795 681 1824 exsistit
693 1796 853 1823 affectione:
870 1801 898 1823 ut
916 1803 1008 1823 exem-

178 1872 182 1878 ,
197 1845 242 1883 pii
253 1851 350 1878 ausa.
362 1844 387 1872 si
401 1843 536 1880 quispiam
548 1842 673 1870 amiserit
687 1842 812 1877 pecunias
823 1861 830 1873 ,
846 1841 910 1867 vivit
923 1841 1005 1867 vitam

195 1892 304 1928 quavis
320 1894 410 1919 morte
427 1889 590 1926 graviorem.
607 1888 676 1922 Quid
691 1888 785 1921 doles,
802 1895 819 1914 ο
834 1887 924 1919 homo,
943 1886 1006 1921 quid

181 1936 387 1974 _hcrymaris?
407 1935 479 1971 quod
493 1940 520 1963 te
538 1935 610 1963 Deus
627 1942 642 1961 a
664 1939 861 1969 supervacanea
887 1932 1008 1960 liberauit

180 2006 187 2011 .
198 1983 351 2014 φίωὰὴῖ
360 1982 433 2018 quod
442 1990 495 2010 non
503 1981 600 2009 sedeas
609 1985 728 2008 tremens
736 1985 762 2007 et
769 1979 884 2006 timens?
894 1978 1006 2012 Deinde,

199 2030 226 2059 si
240 2029 307 2066 quis
322 2034 349 2057 te
369 2028 486 2064 alligarit
499 2027 640 2059 thesauro,
653 2026 750 2061 jnbens
766 2025 821 2052 illic
835 2024 930 2052 sedere
945 2031 1007 2059 per-

200 2081 292 2114 petuo
303 2081 331 2104 et
343 2076 454 2111 vigilare
473 2082 522 2110 pro
538 2073 651 2105 alienis,
666 2072 742 2100 doles
763 2076 790 2098 ct
803 2079 874 2106 mgrc
890 2070 943 2097 fers
958 2079 964 2097 :
982 2075 1009 2097 tu

190 2127 300 2152 autem
323 2129 385 2150 cum
408 2122 524 2157 teipsum
549 2119 668 2155 alligaris
687 2117 857 2153 gravissimis
879 2117 1009 2150 vinculis,

202 2169 321 2206 quando
332 2176 348 2196 a
362 2168 492 2196 servitute
512 2166 644 2194 liberatus
659 2173 698 2198 es,
712 2164 807 2191 doles?
821 2164 924 2191 Revera
940 2162 1011 2190 anti-

202 2215 308 2252 cipata:
324 2213 462 2249 opinionis
482 2215 547 2240 sunt
563 2211 674 2238 dolores
693 2215 720 2237 et
739 2210 833 2244 gaudia
852 2218 858 2235 :
876 2213 1010 2242 tamquam

203 2262 284 2291 enim
297 2260 431 2289 habentes
442 2259 541 2291 aliena,
552 2257 591 2285 sic
604 2264 650 2284 eas
660 2256 835 2283 custodimus.
846 2255 921 2282 Nunc
932 2254 1012 2281 verba

204 2307 278 2336 mihi
289 2306 325 2334 ad
339 2305 478 2333 mulieres.
490 2303 569 2338 Smpe
583 2302 663 2329 habet
675 2302 772 2328 mulier
782 2301 897 2333 aliquam
911 2304 1011 2325 vestem

205 2361 247 2383 ex
260 2359 330 2382 auro
341 2354 496 2380 eonteme
508 2369 517 2382 ,
534 2353 564 2377 et
575 2355 635 2376 ean:
656 2348 792 2378 concutit,
814 2346 867 2373 lino
883 2345 1012 2376 involvit,

207 2400 363 2436 diligenter
380 2395 513 2429 custodit,
530 2393 564 2423 de
578 2401 609 2422 ea
630 2394 708 2421 timct
729 2397 754 2421 et
776 2400 807 2420 ea
823 2399 876 2419 non
897 2390 1013 2418 fruitur:

206 2450 261 2475 ant
274 2444 350 2473 enim
371 2441 497 2474 moritur,
521 2443 568 2468 aut
587 2439 616 2466 fit
635 2439 731 2472 vidua;
754 2443 800 2465 aut
821 2437 925 2465 etiamsi
949 2436 1014 2463 nihil

192 2493 314 2522 -hortlm
329 2489 451 2521 accidat,
467 2487 564 2515 timens
580 2494 614 2514 ne
628 2485 762 2521 frequenti
776 2493 825 2512 usu
840 2492 898 2512 eam
919 2491 1013 2511 consu-

206 2538 312 2570 mens.
326 2537 445 2572 seipsam
458 2534 562 2570 privet;
582 2537 609 2560 et
631 2532 652 2560 si
673 2531 742 2559 alius
757 2539 810 2558 non
825 2531 941 2562 auferat,
964 2530 1016 2557 sei-

195 2591 294 2622 vpsam
303 2575 393 2619 privat
403 2579 581 2617 parcimonia.
596 2578 631 2605 Αι
645 2585 705 2605 eam
718 2577 794 2605 alteri
807 2576 949 2604 concedit?
963 2575 1015 2603 Sed

206 2637 306 2667 neque
316 2632 358 2657 est
368 2627 421 2655 hoc
432 2625 562 2654 evidens:
577 2624 599 2652 si
612 2628 701 2651 autem
715 2623 892 2655 concesserit,
904 2629 935 2649 ea
949 2628 1016 2656 quo-

207 2684 269 2714 que
281 2677 379 2704 rursus
391 2672 517 2701 similiter
534 2676 635 2699 utetur.
648 2670 681 2697 Et
694 2670 716 2696 si
730 2669 870 2704 quisquam
884 2672 1016 2695 scrutetur

207 2731 244 2753 ea
261 2728 326 2758 qua:
337 2723 401 2748 sunt
412 2718 440 2746 in
454 2717 558 2746 aedibus
567 2737 575 2749 ,
589 2716 709 2744 inveniet
722 2719 813 2742 vestes
826 2714 942 2741 maxime
959 2721 1018 2748 prc-

196 2771 301 2799 ἰῑωιε
313 2770 342 2794 et
354 2765 406 2793 alia
426 2762 563 2799 exquisita
578 2762 674 2797 majori
688 2761 790 2789 honore
799 2760 866 2791 coli,
883 2764 1017 2794 tamquam

208 2814 343 2845 dominos
362 2811 520 2840 animatos:
538 2816 627 2844 neque
646 2808 718 2835 enim
738 2807 778 2835 eis
796 2805 904 2834 assidue
924 2805 1017 2837 utitur,

208 2860 262 2890 sed
277 2859 356 2888 timet
365 2861 395 2886 et
403 2855 508 2889 tremit,
521 2855 608 2882 tineas
618 2858 646 2881 et
656 2853 708 2881 alia
719 2860 779 2888 quae
790 2852 879 2879 solent
888 2851 1020 2878 excedere

209 2907 340 2943 abigens,
354 2906 382 2932 et
394 2901 472 2940 plura
486 2907 593 2937 ponens
605 2899 632 2927 in
647 2898 790 2934 unguentis
803 2902 829 2926 et
844 2896 1019 2931 aromatibus,

1065 231 1151 259 neque
1166 227 1325 259 permittens
1344 228 1470 256 omnibus
1486 233 1515 257 ut
1532 236 1563 258 ea
1582 231 1691 260 illorum
1713 234 1799 262 oculis
1813 244 1859 270 pa-

1064 274 1147 302 teant,
1162 271 1209 298 sed
1231 271 1287 306 ipsa
1302 280 1374 307 saepe
1388 280 1450 301 cum
1467 275 1564 304 marito
1577 284 1608 305 ea
1624 277 1768 314 diligenter
1782 288 1858 308 com-

1062 323 1164 350 ponens
1177 320 1205 343 et
1219 318 1394 346 concinnans.

1107 368 1134 396 5.
1150 368 1245 395 Annon
1256 368 1325 402 jure,
1336 367 1380 395 dic
1394 367 1470 400 mihi,
1486 367 1666 396 idolulatriam
1680 369 1784 396 vocavit
1797 369 1872 397 Pau-

1071 414 1114 441 lus
1136 413 1298 440 avaritiam?
1312 413 1396 446 Quem
1415 413 1486 440 enitn
1504 413 1541 440 illi
1558 413 1686 441 honorem
1707 415 1869 443 exhibentes

1071 458 1149 486 idolis
1159 479 1166 491 ,
1183 466 1244 486 eum
1260 459 1304 486 isti
1316 467 1422 493 quoque
1437 459 1555 487 vestibus
1567 465 1594 487 et
1606 460 1707 488 aureis.
1722 461 1868 497 Quousun

1070 512 1177 531 omnum
1213 510 1354 532 movemus
1368 505 1380 531 ’ἰ
1415 513 1554 540 quousque
1568 506 1624 534 luto
1638 511 1665 533 et
1680 507 1807 534 lateribus
1822 507 1859 534 af-

1071 549 1115 576 fixi
1129 556 1237 576 sumus;
1263 549 1339 576 Sicut
1356 549 1427 577 enim
1446 550 1483 577 illi
1500 551 1658 579 laborabant
1675 551 1864 588 Egyptiorum

1070 597 1143 632 regi,
1159 596 1194 624 ita
1212 597 1292 624 etiam
1308 604 1358 623 nos
1372 596 1525 624 laboramus
1537 597 1654 629 diabolo.
1669 604 1696 626 et
1709 599 1798 634 ﬂagris
1811 607 1867 627 cm-

1069 643 1158 670 dimur
1178 642 1262 670 multo
1275 642 1455 677 gravioribus.
1476 643 1509 670 Et
1528 651 1562 670 ne
1583 651 1631 679 per
1646 644 1812 680 hyperbolen
1837 644 1863 672 id

1068 689 1168 717 dictum
1182 693 1260 724 putes
1275 698 1282 718 :
1298 694 1398 724 quanto
1413 689 1485 716 enim
1500 690 1588 717 anima
1611 695 1653 717 est
1666 698 1779 725 corpore
1795 698 1863 725 prte-

1067 735 1192 767 stantiur,
1209 739 1284 762 tanto
1296 735 1467 769 gravioribus
1482 742 1608 762 curarum
1628 735 1759 762 vibicibus
1772 735 1863 770 ﬂagel-

1067 780 1154 807 lanmr
1175 780 1311 815 quotidie,
1333 779 1458 807 timemus
1473 780 1579 809 solliciti
1593 784 1621 807 et
1636 785 1791 808 trementes.
1808 781 1863 809 Sed

1066 826 1089 854 si
1098 826 1212 853 velimus
1221 825 1407 860 ingemiscere,
1417 833 1438 852 Sl
1450 826 1564 853 velimus
1575 826 1608 853 ad
1621 826 1704 853 Deum
1712 827 1860 861 suspicere,

1066 873 1146 900 mittit
1159 872 1191 899 ad
1202 879 1251 900 nos
1265 879 1318 899 non
1334 872 1465 907 Moysem,
1481 879 1568 907 neque
1581 873 1728 905 Aaronem,
1742 873 1790 900 sed
1802 880 1863 900 vcr-

1065 919 1127 947 bum
1139 927 1218 947 suum
1232 919 1511 953 etcumpunctionem.
1526 919 1585 953 Ipse
1595 918 1677 954 igitur
1687 927 1748 947 cum
1758 919 1862 947 venerit

1064 970 1091 993 et
1099 965 1203 992 anitnos
1214 969 1321 1001 nostros
1332 965 1513 999 occupaverit,
1527 965 1652 992 liberabit
1662 973 1711 993 nos
1719 965 1753 992 ab
1762 966 1860 993 acerba

1059 1012 1211 1045 servitute,
1230 1011 1326 1039 educet
1339 1019 1387 1039 nos
1401 1019 1434 1039 ex
1448 1011 1566 1047 Egypto
1576 1032 1584 1044 ,
1600 1019 1616 1039 a
1629 1012 1718 1039 studio
1733 1012 1819 1040 inutili
1833 1017 1862 1041 et

1063 1059 1161 1086 frustra
1173 1059 1318 1091 laborante,
1334 1062 1362 1086 et
1372 1066 1386 1084 a
1397 1058 1527 1086 servitute
1537 1066 1597 1093 qua:
1609 1058 1676 1086 nihil
1688 1058 1768 1087 habet
1779 1059 1858 1088 lucri.

1063 1106 1150 1139 Atque
1167 1104 1213 1140 illi.
1226 1104 1332 1139 quidem
1348 1108 1410 1131 sunt
1423 1104 1525 1139 egressi
1545 1105 1634 1132 aureis
1646 1106 1764 1139 acceptis
1787 1113 1860 1133 mer-

1062 1151 1127 1177 cede
1141 1149 1326 1177 mdiftcationis
1341 1159 1347 1176 ε
1365 1157 1414 1178 nos
1433 1155 1522 1177 autem
1542 1150 1646 1177 nihilo:
1663 1156 1743 1186 atque
1756 1151 1858 1179 utinam

1062 1196 1161 1223 nihilo!
1187 1203 1257 1223 nunc
1278 1203 1341 1222 vero
1363 1196 1509 1230 accipimus
1530 1203 1584 1223 non
1603 1204 1667 1223 vasa
1687 1204 1785 1230 aurea,
1810 1197 1859 1225 scd

1062 1242 1171 1279 Egypti
1186 1243 1265 1275 mala,
1283 1247 1391 1276 peccata
1405 1249 1552 1277 poenasque
1564 1246 1592 1270 et
1606 1242 1745 1278 supplicia.
1764 1243 1857 1271 Disca-

1062 1297 1122 1317 mus
1135 1290 1215 1325 igitur
1235 1289 1376 1316 utilitatem
1392 1289 1530 1323 accipere,
1553 1288 1688 1316 discamus
1702 1288 1797 1324 injuria
1818 1289 1859 1317 af-

1061 1337 1117 1369 lici;
1139 1336 1190 1364 hoc
1204 1340 1246 1364 est
1262 1335 1408 1363 Christiani
1422 1343 1429 1361 :
1446 1335 1627 1370 despiciamus
1642 1340 1730 1363 vestes
1742 1343 1856 1369 aureas,

1059 1383 1240 1418 dcspiciamus
1255 1381 1396 1416 pecunias,
1412 1388 1446 1408 ne
1459 1386 1578 1408 nostram
1593 1381 1774 1416 despiciatnus
1787 1381 1859 1408 salu-

1060 1434 1113 1457 tcnt
1128 1438 1134 1455 :
1151 1428 1332 1463 despiciamus
1343 1427 1482 1463 pecunias.
1499 1431 1528 1455 et
1542 1435 1596 1454 non
1607 1427 1788 1463 despiciemus
1801 1428 1860 1456 ani-

1059 1482 1129 1502 mam
1143 1484 1150 1502 :
1161 1482 1192 1502 ea
1203 1479 1243 1501 est
1254 1474 1326 1501 enim
1337 1481 1397 1509 quae
1408 1473 1528 1508 punitur,
1542 1480 1572 1500 ea
1583 1479 1625 1500 est
1636 1481 1696 1509 quae
1704 1475 1857 1502 cruciatur:

1059 1520 1103 1548 illa
1115 1520 1186 1547 enim
1200 1519 1244 1547 hic
1255 1523 1375 1552 manent,
1388 1526 1419 1546 ea
1429 1526 1494 1545 vero
1507 1518 1572 1545 illuc
1582 1518 1649 1546 abit.
1664 1519 1712 1546 Dic
1722 1520 1798 1551 mihi,
1810 1527 1859 1547 cur

1059 1571 1086 1594 te
1100 1566 1214 1598 laceras,
1231 1570 1322 1593 etnon
1335 1563 1440 1593 sentis?
1454 1563 1516 1590 lltcc
1528 1563 1590 1591 dico
1602 1564 1691 1591 avaris
1701 1585 1709 1597 ,
1720 1566 1765 1600 qui
1781 1565 1859 1600 plura

1062 1610 1176 1638 habendi
1190 1611 1314 1638 laborant
1335 1611 1474 1640 aviditate.
1495 1611 1599 1638 Bonum
1613 1615 1655 1639 est
1667 1610 1748 1638 etiam
1768 1611 1802 1639 iis
1815 1610 1859 1638 di-

1061 1663 1124 1684 cere
1142 1657 1185 1692 qui
1201 1656 1235 1684 ab
1250 1657 1338 1684 avaris
1359 1656 1518 1684 fraudantur
1535 1662 1565 1685 et
1585 1656 1858 1685 circumveniuntur:

1062 1701 1130 1730 ferte
1149 1702 1254 1730 fortiter
1272 1702 1435 1730 detrimenta
1456 1703 1532 1731 vobis
1551 1703 1585 1730 ab
1603 1703 1692 1730 avaris
1707 1702 1806 1730 allata:
1821 1702 1859 1730 illi

1061 1747 1165 1782 seipsos
1175 1769 1183 1781 ,
1199 1755 1252 1776 non
1267 1756 1316 1776 vos
1334 1750 1470 1783 perimunt
1483 1757 1490 1775 :
1507 1757 1555 1776 vos
1568 1749 1675 1784 quidem
1689 1749 1795 1784 privant
1810 1756 1858 1783 pe-

1061 1794 1159 1827 cuniis,
1174 1801 1203 1821 se
1217 1799 1307 1822 autem
1322 1794 1368 1822 Dei
1382 1794 1568 1822 benevolentia
1582 1799 1608 1822 et
1623 1795 1743 1822 auxilio:
1759 1794 1803 1829 qui
1817 1798 1860 1821 est

1060 1845 1149 1867 autent
1170 1841 1214 1868 illa
1229 1840 1361 1874 nudatus,
1382 1840 1489 1869 etiamsi
1513 1842 1594 1868 totius
1608 1841 1683 1869 orbis
1697 1841 1734 1868 sit
1751 1841 1859 1868 divitias

1061 1886 1232 1920 complexus,
1249 1890 1291 1913 est
1310 1887 1429 1913 omnimn
1447 1887 1634 1922 pauperrimus
1652 1896 1659 1914 :
1683 1886 1859 1922 quemadmo-

1061 1934 1124 1961 dum
1142 1934 1329 1969 pauperrimus
1348 1934 1468 1961 omnium
1484 1935 1507 1961 si
1523 1934 1594 1961 hunc
1617 1934 1729 1967 habeat,
1745 1938 1786 1961 est
1800 1941 1860 1960 om-

1061 1980 1134 2007 nium
1147 1981 1299 2008 ditissimus
1315 1989 1322 2007 :
1340 1981 1467 2008 Dominus
1484 1981 1572 2014 enim,
1589 1981 1692 2016 inquit,
1707 1980 1789 2014 pascit
1803 1988 1859 2014 me,

1060 2032 1083 2054 et
1099 2027 1164 2054 nihil
1178 2028 1240 2054 mihi
1262 2027 1341 2054 deerit
1356 2027 1443 2061 (Prol.
1456 2027 1502 2054 2‘2.
1520 2028 1557 2062 1).
1574 2028 1622 2054 Dic
1637 2027 1720 2058 mihi,
1736 2027 1758 2054 si
1773 2027 1859 2054 virum

1062 2073 1161 2100 habeas
1171 2073 1287 2108 aliquem
1299 2080 1424 2107 magnum
1436 2078 1464 2100 et
1475 2072 1672 2104 admirabilem,
1687 2072 1734 2107 qui
1745 2076 1771 2100 te
1782 2072 1860 2099 valde

1060 2123 1142 2150 amet,
1156 2122 1184 2145 et
1199 2118 1236 2145 tui
1251 2125 1344 2145 curam
1355 2123 1447 2154 gerat;
1463 2118 1560 2145 deinde
1572 2118 1642 2146 scias
1655 2126 1715 2146 eum
1729 2122 1860 2153 perpetuo

1061 2165 1204 2197 victurum.
1221 2172 1271 2191 nec
1293 2168 1356 2191 ante
1381 2169 1407 2192 te
1436 2163 1610 2194 moriturum,
1636 2167 1662 2189 ct
1693 2172 1753 2192 eum
1770 2164 1860 2191 omnia

1060 2211 1107 2238 tibi
1119 2210 1307 2245 praebiturum,
1323 2215 1352 2238 ut
1365 2212 1405 2239 eis
1420 2219 1516 2239 secure
1530 2215 1665 2246 tamquam
1680 2211 1733 2238 tuis
1744 2211 1840 2238 fruaris
1853 2219 1859 2236 :

1060 2257 1180 2285 vellesnc
1194 2257 1295 2292 aliquid
1311 2257 1473 2292 possidere?
1490 2265 1551 2284 nam
1570 2257 1592 2284 si
1614 2257 1741 2285 omnibus
1762 2257 1861 2284 nudata

1060 2312 1145 2337 esses,
1161 2312 1250 2331 annon
1265 2304 1434 2332 existimares
1449 2309 1475 2332 te
1493 2304 1619 2331 ditiorem
1635 2304 1717 2331 esse?
1731 2304 1786 2332 Cur
1797 2311 1862 2339 ergo

1061 2352 1155 2387 luges?
1169 2351 1240 2386 quod
1257 2359 1309 2378 non
1332 2351 1432 2379 habeas
1453 2350 1601 2386 pecunias?
1620 2350 1668 2378 sed
1682 2351 1768 2386 cogita
1789 2350 1862 2386 quod

1062 2398 1110 2425 tibi
1129 2397 1164 2425 sit
1185 2398 1273 2425 ablata
1290 2402 1462 2432 peccatorum
1478 2398 1597 2425 occasio.
1613 2398 1648 2424 At
1669 2397 1740 2432 quod
1756 2397 1792 2425 sis
1807 2397 1863 2432 pri-

1061 2448 1122 2472 vata
1136 2443 1328 2471 facultatibus?
1342 2443 1390 2471 sed
1401 2443 1567 2479 acquisivisti
1580 2443 1625 2470 Dei
1636 2443 1861 2471 benevolentiam.

1062 2491 1096 2518 Et
1109 2490 1255 2526 quomodo,
1273 2490 1375 2525 inquit,
1394 2489 1541 2525 acquisivi?
1557 2489 1648 2522 Dixit,
1662 2488 1713 2516 Cur
1726 2497 1778 2516 non
1791 2490 1863 2525 inju-

1061 2538 1127 2564 rium
1139 2536 1276 2571 patimini?
1290 2536 1368 2568 dixit,
1387 2534 1420 2562 In
1431 2535 1547 2562 omnibus
1559 2534 1657 2570 gratias
1667 2535 1734 2570 agile
1748 2535 1785 2569 (ί.
1801 2534 1860 2562 Cor.

1063 2583 1089 2610 6.
1104 2583 1131 2615 7;
1148 2582 1174 2609 1.
1192 2581 1279 2609 Thess.
1296 2581 1322 2608 5.
1341 2581 1387 2615 l8)
1403 2590 1409 2608 :
1425 2580 1508 2613 dixit,
1530 2579 1603 2607 Beati
1624 2588 1749 2615 pauperes
1770 2580 1864 2616 spiritu

1063 2628 1177 2663 (Matth.
1194 2628 1221 2655 5.
1238 2626 1277 2662 5),
1298 2627 1392 2661 Cogita
1414 2626 1495 2661 igitur
1507 2631 1606 2661 quanta
1629 2626 1727 2653 frueris
1744 2626 1864 2655 benevo-

1063 2673 1145 2702 lentia
1156 2694 1163 2705 ,
1179 2673 1202 2700 si
1217 2680 1248 2700 ea
1266 2679 1313 2707 per
1328 2672 1398 2699 facta
1412 2672 1574 2699 ostenderis.
1590 2671 1656 2699 Nam
1674 2680 1755 2699 unum
1775 2673 1864 2700 solum

1063 2720 1193 2755 qumritur
1206 2726 1220 2746 a
1236 2718 1325 2752 nobis,
1340 2723 1369 2746 ut
1384 2718 1408 2745 in
1423 2717 1550 2746 omnibus
1562 2718 1615 2746 Deo
1629 2725 1739 2754 agamus
1752 2719 1863 2754 gratias,

1065 2770 1092 2793 et
1107 2765 1196 2792 omnia
1213 2763 1372 2791 habebimus
1386 2764 1498 2791 allatim.
1515 2764 1637 2799 Exempli
1656 2772 1751 2797 causa,
1769 2765 1865 2792 Perdi-

1066 2812 1127 2839 disti
1141 2810 1230 2838 decies
1245 2809 1317 2837 mille
1332 2809 1415 2837 libras
1429 2809 1508 2837 auri?
1521 2810 1662 2838 confestim
1678 2810 1733 2838 Deo
1747 2818 1795 2845 age
1806 2818 1865 2845 gra-

1068 2860 1128 2891 tias,
1145 2861 1173 2886 et
1185 2855 1349 2892 acquisivisti
1365 2857 1467 2884 centies
1478 2856 1552 2884 mille
1565 2856 1647 2884 libras
1661 2863 1709 2891 per
1725 2863 1816 2883 vocem
1832 2856 1864 2882 il-

1067 2905 1119 2932 lam
1135 2908 1161 2932 ct
1175 2902 1321 2938 gratiarum
1344 2903 1488 2930 actionem.
1506 2901 1572 2930 Nam
1595 2901 1637 2930 dic
1660 2901 1742 2936 inihi,
1757 2901 1865 2937 quando
