4172 6456
548 311 653 368 M9

550 426 685 496 μίαν
735 421 1110 492 ἐπεδείξασθε,
1168 426 1439 497 τοσαύτην
1498 404 1897 498 γενναιότητα·
1932 424 2030 479 νῦν
2073 423 2133 477 δέ

546 507 753 561 οὐκέτι.
790 507 903 560 Καὶ
922 509 952 561 ό
979 507 1337 578 παρακαλῶν,
1371 509 1516 563 οὕτω
1549 510 1790 580 μάλιστα
1821 506 2135 579 παρακαλεῖ

547 592 657 645 ἀπὸ
675 590 786 644 τῶν
812 589 1051 645 οἰκείων.
1086 591 1198 644 Kal
1228 592 1348 662 ὅρα,
1371 593 1469 663 οὐχ
1490 591 1680 654 ἁπλῶς
1714 587 1891 646 εἶπεν·
1928 593 2136 658 Ἀθλη-

548 691 655 729 σιν
682 674 1060 743 ὑπεμείνατε,
1094 672 1232 726 ἀλλά
1270 674 1410 744 μετὰ
1443 675 1768 745 προσθήκης
1804 672 1927 740 τοῦ,
1973 677 2134 729 Πολ-

547 757 691 826 λήν.
718 758 827 811 Kal
857 758 960 809 οὐκ
988 751 1110 809 εἰπε
1146 760 1515 829 πειρασμοὺς,
1539 758 1678 812 ἀλλὰ
1715 758 1967 828 ἄθλησιν,
1994 758 2134 829 ὅπερ

548 843 697 897 ἐστὶν
727 840 1008 910 ὲγκωμίου
1037 841 1217 911 ὄνομα
1261 845 1355 897 καὶ
1387 844 1632 897 ἐπαίνων
1665 845 1964 915 μεγίστων.
1997 838 2133 897 Εἰτα

548 926 645 979 καὶ
674 924 969 994 καταλέγει
1000 925 1143 980 κατά
1183 927 1372 998 μέρος.
1405 928 1692 983 πλατύνων
1721 929 1813 981 τὸν
1832 928 2011 993 λόγον,
2038 928 2134 980 καί

545 1012 672 1072 τοὺς
696 1010 952 1073 ἐπαίνους
979 1009 1208 1075 πολλοὺς
1224 1012 1418 1065 ποιῶν.
1437 1012 1562 1075 Πῶς
1587 1029 1602 1077 ;
1633 1012 1817 1068 Τοῦτο
1840 1012 1958 1082 μὲν
1979 1013 2133 1065 ὀνει-

545 1092 801 1161 δισμοῖς,
856 1094 1012 1163 φησί,
1052 1095 1153 1150 καί
1198 1098 1446 1164 θλίψεσι
1477 1095 1926 1165 θεατριζόμενοι.
1972 1096 2135 1162 Μέγα

544 1178 657 1249 γὰρ
681 1177 989 1248 ὀνειδισμὸς
1020 1179 1349 1234 καθικέσθαι
1376 1180 1627 1250 καρδίας,
1672 1180 1767 1234 καί
1793 1178 1981 1233 ἱκανὸν
2013 1178 2132 1231 δια-

546 1259 777 1330 στρέψαι
807 1260 1011 1330 ψυχὴν,
1041 1262 1136 1314 καὶ
1166 1261 1441 1316 σκοτῶσαι
1488 1262 1753 1333 λογισμόν
1777 1277 1793 1293 '
1827 1262 1991 1315 ἄκουε
2021 1263 2131 1330 γὰρ

542 1343 598 1398 τί
637 1361 804 1413 φησιν
836 1346 864 1397 ό
908 1346 1206 1416 Προφήτης
1234 1362 1248 1376 ·
1303 1345 1585 1416 Ἐτενήθη
1627 1349 1700 1400 τὰ
1748 1343 1980 1412 δάκρυά
2011 1361 2131 1413 μου

541 1424 675 1495 ἐμοί
696 1426 876 1494 ἄρτος
908 1426 1133 1495 ἡμέρας
1161 1427 1261 1481 καὶ
1286 1428 1507 1494 νυκτός
1530 1430 1602 1483 ἐν
1625 1426 1706 1493 τῷ
1725 1427 2010 1496 λέγεσθαί
2028 1442 2132 1495 μοι

543 1511 679 1563 καθ’
727 1508 996 1575 ἑκάστην
1039 1510 1293 1579 ἡμέραν
1346 1512 1469 1565 Ποῦ
1518 1511 1691 1565 ἐστιν
1730 1514 1763 1564 ὁ
1799 1511 1942 1576 Θεός
1974 1525 2130 1574 σου;

543 1592 642 1645 καὶ
670 1591 858 1645 πάλιν·
882 1593 951 1645 El
972 1595 1004 1645 ὁ
1029 1593 1246 1660 ἐχθρὸς
1269 1592 1544 1649 ὠνείδισέ
1567 1610 1666 1663 με,
1687 1593 2004 1662 ὑπήνεγκα
2028 1591 2126 1646 ἅν.

556 1673 899 1745 Ἐπειδὴγὰρ
941 1675 1149 1747 σφόδρα
1195 1676 1472 1741 κενόδοξόν
1523 1678 1641 1731 ἐστι
1669 1677 1732 1729 τὸ
1779 1675 2129 1744 ἀνθρώπινον

543 1758 725 1828 γένος,
760 1758 847 1810 διὰ
876 1758 1034 1812 τοῦτο
1073 1757 1171 1812 καὶ
1199 1759 1304 1811 ὑπὸ
1346 1760 1542 1813 τούτου
1581 1759 1780 1832 ῥᾳδίως
1824 1760 2125 1814 ἁλίσκεται.

544 1841 657 1896 Kal
690 1842 787 1911 οὐχ
816 1841 1004 1905 ἁπλῶς
1030 1837 1205 1906 εἶπεν,
1243 1842 1655 1911 Ὀνειδισμοῖς,
1691 1842 1831 1897 ἀλλά
1870 1843 1965 1897 καί
1994 1842 2129 1897 αὐτὸ

547 1922 670 1994 μετ’
699 1924 1003 1988 ἐπιτάσεως
1016 1924 1241 1995 πολλῆς,
1263 1924 1724 1995 Θεατριζόμενοι,
1747 1925 1935 1996 φησίν.
1959 1926 2130 1979 Ὅταν

545 2005 648 2078 μὲν
674 2006 784 2076 γάρ
832 2024 917 2071 τις
965 2007 1291 2077 όνειδίζηται
1322 2008 1445 2062 καθ’
1476 2009 1690 2072 ἑαυτὸν,
1724 2009 1971 2081 λυπηρὸν
2005 2008 2127 2078 μὲν,

542 2089 729 2160 πολλῷ
763 2091 821 2144 δὲ
850 2091 1033 2157 πλέον,
1078 2092 1210 2144 ὅταν
1270 2091 1365 2145 ἐπὶ
1410 2092 1652 2147 πάντων.
1700 2092 1984 2161 Ἐννόησον
2025 2091 2128 2162 γάρ

548 2190 641 2245 μοι
661 2174 785 2227 ὅσον
824 2169 894 2245 ἦν
947 2175 1143 2237 κακὸν,
1180 2176 1529 2240 ἀποστάντας
1559 2175 1662 2245 τῆς
1707 2175 2007 2244 Ἰουδαϊκῆς
2034 2191 2132 2228 τα-

544 2256 886 2327 πεινότητος.
922 2258 1017 2310 καὶ
1054 2258 1130 2320 ὡς
1175 2259 1269 2310 ἐπὶ
1312 2257 1537 2329 ἄριστον
1600 2257 1716 2328 βίον
1748 2257 2126 2329 μετελθόντας,

543 2340 641 2395 καὶ
673 2340 782 2392 τῶν
803 2340 1074 2412 πατρῴων
1099 2343 1647 2413 καταφρονήσαντας,
1680 2342 1773 2396 ὑπ’
1812 2342 1992 2396 αὐτῶν
2021 2342 2130 2397 τῶν

542 2423 760 2477 οἰκείων
780 2424 1011 2494 πάσχειν
1034 2424 1245 2491 κακῶς,
1302 2425 1399 2479 καὶ
1431 2425 1708 2496 μηδεμίαν
1734 2424 1881 2495 ἔχειν
1914 2424 2126 2494 ἀντίλη-

541 2503 658 2574 ψιν.
691 2506 807 2559 Οὐκ
838 2506 966 2576 ἔχω,
996 2508 1183 2577 φησὶν,
1216 2508 1514 2572 είπεῖν,ὃτι
1541 2505 1716 2561 ταῦτα
1739 2506 1973 2561 ἐπάθετε
2007 2508 2127 2578 μὲν,

542 2588 764 2666 ῂλγεῖτε
825 2589 903 2655 δὲ,
951 2591 1088 2645 ἀλλὰ
1138 2593 1235 2646 καὶ
1275 2591 1483 2663 σφόδρα
1529 2591 1803 2663 ἐχαίρετε.
1834 2592 1945 2646 Καὶ
1973 2592 2131 2647 τοῦτο

543 2671 817 2744 ἐδήλωσεν
862 2673 1034 2727 εἰπών
1061 2691 1075 2705 ο
1113 2672 1296 2728 Τοῦτο
1329 2673 1417 2739 δὲ,
1461 2674 1739 2728 κοινωνοὶ
1782 2674 1897 2729 τῶν
1940 2676 2130 2742 οὕτως

526 2753 1090 2824 ἀναστρεφομένων
1136 2754 1529 2825 τενηθέντες’
1583 2755 1684 2810 καί
1712 2755 1824 2827 γὰρ
1858 2756 1985 2823 τοῖς
2029 2757 2127 2811 δε-

541 2839 747 2907 σμίοις
776 2838 1278 2907 συνεπαθήσατε·
1309 2838 1407 2892 καὶ
1433 2839 1632 2903 αὐτοὺς
1661 2840 1815 2910 φέρει
1845 2841 1925 2904 εἰς
1962 2839 2128 2911 μέσον

540 2919 674 2984 τοὺς
691 2921 1048 2985 ἀποστόλους.
1074 2921 1148 2975 Ού
1183 2922 1365 2991 μόνον,
1397 2922 1585 2992 φησιν,
1629 2922 1722 2977 ἐπὶ
1752 2926 1864 2986 τοῖς
1899 2923 2127 2987 οἰκείοις

539 3003 645 3059 οὐκ
677 3003 1002 3075 ᾐσχύνεσθε,
1026 3004 1165 3058 ἀλλὰ
1191 3006 1415 3070 καὶτοῖς
1440 3005 1625 3069 ἀλλοις
1647 3007 1988 3061 ἐκοινωνεῖτε
2011 3009 2127 3072 τοῖς

538 3086 720 3142 ταῦτα
769 3086 1027 3142 παθοῦσι.
1071 3087 1245 3143 Τοῦτο
1288 3089 1382 3144 καὶ
1435 3089 1889 3161 παρακαλοῦντος
1925 3090 2126 3156 αὐτούς

540 3172 712 3226 ἐστιν.
747 3170 863 3224 Οὐκ
895 3166 1040 3234 εἰπε,
1071 3170 1272 3243 Φέρετε
1291 3173 1389 3237 τάς
1414 3172 1624 3243 θλίψεις
1666 3172 1764 3237 τὰς
1802 3173 1973 3243 ἐμὰς,
2008 3191 2126 3228 κοι-

540 3252 766 3308 νωνεῖτέ
805 3269 920 3323 μοι,
953 3252 1071 3306 ἀλλ’
1095 3253 1308 3317 ἁπλῶς,
1361 3254 1490 3322 Τοῖς
1524 3254 1798 3325 δεσμίοις
1851 3271 2122 3311 συνεπα-

545 3334 793 3404 θήσατε.
840 3334 1004 3406 Ὁρᾷς
1028 3338 1111 3390 ὄτι
1152 3338 1281 3408 περὶ
1300 3336 1494 3393 ἐαυτοῦ
1516 3354 1650 3408 φησι
1679 3339 1774 3391 καὶ
1804 3338 1915 3391 τῶν
1944 3339 2123 3393 ἄλλων

538 3416 650 3472 τῶν
675 3417 1016 3488 δεδεμένων;
1069 3416 1257 3483 Οὕτως
1314 3420 1411 3491 οὐχ
1460 3420 1742 3490 ἡγήσασθε
1778 3420 1953 3491 δεσμά
1984 3419 2122 3476 εἶναι

537 3500 611 3555 τὰ
629 3500 827 3572 δεσμὰ,
848 3501 947 3554 ἀλλ
990 3501 1181 3574 ὥσπερ
1204 3502 1439 3574 ἀθληταὶ
1465 3502 1614 3576 [195]
1649 3506 1910 3571 γενναῖοι,
1950 3503 2123 3568 οὕτως

538 3583 736 3655 ἔστητε
758 3600 773 3615 ο
807 3584 891 3638 ὅτι
917 3583 976 3638 οὐ
1014 3583 1173 3655 μόνον
1206 3587 1267 3639 ἐν
1294 3588 1409 3649 τοῖς
1439 3587 1730 3657 ὑμετέροις
1757 3586 1859 3640 οὐκ
1902 3586 2121 3641 ἐδέεσθε

538 3665 959 3739 παρακλήσεως,
998 3666 1137 3722 ἀλλά
1170 3666 1265 3721 καὶ
1312 3670 1425 3732 τοῖς
1457 3667 1637 3732 ἄλλοις
1662 3668 1916 3736 ἐγένεσθε
1946 3670 2124 3740 παρά-

538 3750 752 3820 κλησις.
778 3749 889 3803 Καὶ
914 3749 1031 3819 τὴν
1057 3748 1341 3820 ἁρπαγὴν
1370 3748 1492 3805 τῶν
1518 3752 1917 3821 ὑπαρχόντων
1953 3751 2124 3821 ὑμῶν

532 3834 686 3905 μετὰ
726 3831 916 3902 χαρᾶς
968 3832 1444 3901 προσεδέξασθε.
1475 3833 1674 3897 Βαϐαῖ,
1724 3834 1867 3903 πόση
1919 3835 2123 3906 πληρο-

537 3916 704 3987 φορία
725 3915 963 3980 πίστεως
985 3917 998 3967 ι
1025 3911 1160 3969 Εἶτα
1187 3916 1282 3969 καὶ
1302 3914 1402 3986 τὴν
1420 3915 1599 3969 αἰτίαν
1613 3915 1847 3986 τίθησιν,
1874 3917 1934 3969 οὐ
1961 3918 2121 3988 μόνον

536 4001 676 4072 πρὸς
704 3998 833 4062 τοὺς
850 3998 1048 4061 ἄθλους
1076 3998 1276 4061 αὐτοὺς
1308 3998 1667 4069 παρακαλῶν,
1699 3998 1836 4053 ἀλλὰ
1865 4001 2120 4072 καὶπρὸς

535 4083 599 4138 τὺ
640 4083 716 4153 μὴ
757 4081 1182 4152 διασαλευθῆναι
1228 4085 1328 4154 τῆς
1382 4083 1638 4149 πίστεως.
1693 4084 1799 4139 Τὸν
1852 4085 2119 4158 ὑμέτερον

535 4165 794 4226 πλοῦτον,
847 4165 1037 4235 φησὶν,
1072 4165 1454 4237 ἁρπαζόμενον
1498 4167 1757 4238 ὁρῶντες,
1808 4169 2116 4240 ἠνέγκατε⁶

535 4248 638 4320 ἢδη
688 4247 799 4317 γὰρ
828 4247 920 4300 τὸν
940 4249 999 4300 οὐ
1034 4249 1361 4320 φαινόμενον
1388 4249 1464 4315 ὼς
1489 4250 1818 4322 φαινόμενον
1865 4253 2075 4324 ἑωρᾶτε
2097 4267 2114 4284 ο

535 4332 676 4402 ὅπερ
725 4330 1053 4399 εἰλικρινοῦς
1103 4331 1342 4397 πίστεως
1393 4328 1505 4404 ἦν’
1550 4336 1647 4388 καὶ
1692 4335 1761 4388 δι’
1794 4335 1977 4391 αὐτῶν
2008 4335 2117 4390 τῶν

536 4416 716 4488 ἔργων
754 4412 924 4483 αὐτὴν
961 4415 1332 4480 ἐπεδείξασθε.
1386 4417 1461 4470 Tb
1505 4417 1605 4488 μὲν
1631 4414 1726 4472 οὖν
1774 4418 2114 4491 ἀπαργῆναι,

537 4501 672 4562 ἴσως
696 4496 797 4567 τῆς
829 4496 952 4567 βίας
1001 4492 1071 4568 ἦν
1117 4499 1225 4553 τῶν
1269 4499 1651 4570 ἁρπαζόντων,
1696 4502 1791 4554 καὶ
1844 4502 2021 4567 οὐδεὶς
2051 4502 2118 4556 ἂν

536 4582 772 4652 ἠδύνατο
792 4580 1036 4635 κωλῦσαι
1056 4599 1070 4613 ·
1095 4580 1237 4636 ὥστε
1272 4582 1485 4637 οὐδέπω
1509 4583 1668 4638 τοῦτο
1693 4585 1874 4653 δῆλον,
1918 4586 2002 4639 ὅτι
2031 4586 2120 4640 διὰ

535 4666 637 4737 τὴν
675 4664 857 4719 πίστιν
876 4664 974 4736 τὴν
1004 4666 1262 4735 ἁρπαγὴν
1292 4665 1650 4736 ὑπεμείνατε.
1690 4666 1883 4721 Καίτοι
1921 4684 1988 4737 γε
2022 4669 2119 4722 καὶ

536 4747 697 4803 τοῦτο
748 4747 905 4819 δῆλον
925 4765 940 4779 ·
986 4748 1112 4819 ἐνῆν
1138 4747 1268 4819 γὰρ,
1300 4748 1457 4818 εἰπερ
1496 4748 1807 4815 ἐϐούλεσθε,
1835 4750 1909 4824 μὴ
1941 4752 2121 4822 ἁρπα-

538 4829 705 4902 γῆναι
736 4831 810 4901 μή
842 4831 1238 4893 πιστεύσαντας
1259 4844 1273 4860 °
1301 4829 1418 4884 ἀλλ’
1446 4831 1474 4885 ὃ
1502 4831 1682 4902 πολλῷ
1703 4833 1897 4888 τούτου
1935 4834 2120 4905 μεῖζόν

537 4913 686 4967 ἐστιν
709 4915 1025 4985 ἐποιήσατε,
1059 4912 1121 4965 τὸ
1143 4913 1235 4967 καὶ
1268 4913 1407 4985 μετὰ
1431 4916 1609 4986 χαρᾶς
1640 4915 1710 4970 τά
1759 4919 1986 4971 τοιαῦτα
2033 4920 2121 4988 φέ.

542 5014 657 5071 ρειν
680 5015 693 5029 ·
722 4998 860 5069 ὅπερ
896 4993 966 5068 ἦν
995 4996 1119 5049 ὅλον
1150 4996 1528 5063 ἀποστολικὸν,
1564 4999 1659 5053 καὶ
1701 4999 1812 5053 τῶν
1850 5003 2120 5071 γενναίων

538 5081 763 5136 ἐκείνων
792 5080 943 5145 ἄξιον
967 5078 1177 5148 ψυχῶν,
1211 5078 1260 5133 οἰ
1285 5082 1674 5152 μαστιχθέντες
1707 5084 1947 5157 ἔχαιρον.
1973 5088 2116 5141 ’Υπ-

536 5164 842 5233 ἐστρεψαν
850 5163 979 5233 γὰρ,
1001 5161 1186 5233 φησὶν,
1203 5164 1322 5218 ἀπὸ
1338 5164 1662 5233 προσώπου
1674 5169 1780 5222 τοῦ
1793 5170 2117 5240 συνεδρίου

536 5250 871 5318 χαίροντες,
901 5245 991 5297 ὅτι
1028 5246 1488 5315 κατηξιώθησαν
1520 5250 1672 5318 ὑπὲρ
1696 5251 1800 5306 τοῦ
1826 5253 2119 5322 ὀνόματος

537 5329 725 5385 αὐτοῦ
744 5327 1164 5397 ἀτιμασθῆναι.
1197 5331 1255 5384 '0
1280 5331 1338 5384 δὲ
1369 5332 1505 5402 μετὰ
1535 5335 1712 5405 χαρᾶς
1754 5336 1968 5407 φέρων,
2012 5336 2118 5390 δεί-

540 5428 730 5467 κνυσιν
755 5412 837 5465 ὅτι
868 5411 980 5481 ἔχει
1016 5413 1206 5482 μισθόν
1233 5430 1372 5482 τινα,
1405 5416 1501 5468 καὶ
1548 5417 1630 5468 ὅτι
1661 5417 1723 5471 οὐ
1754 5418 1949 5489 ζημία,
1976 5420 2117 5474 ἀλλὰ

540 5492 804 5565 πρόσοδός
830 5495 944 5547 ἐστι
975 5495 1036 5549 τὸ
1083 5497 1336 5567 πρᾶγμα.
1397 5498 1508 5551 Kal
1527 5497 1607 5563 τὸ,
1632 5499 2113 5568 Προσεδέξασθε,

539 5579 639 5646 τὴν
665 5575 907 5631 ἑκούσιον
937 5579 1114 5632 αὐτῶν
1138 5581 1416 5651 ὑπομονὴν
1429 5580 1598 5653 δηλοῖ.
1627 5583 1752 5648 Πῶς
1785 5580 1878 5639 οὖν
1906 5587 2117 5641 εἵλεσθε

542 5659 639 5717 καὶ
665 5661 1057 5731 κατεδέξασθε;
1084 5665 1516 5732 Γινώσκοντες,
1572 5667 1757 5737 φησὶν,
1787 5668 1951 5738 ἔχειν
1978 5670 2117 5725 ἐαυ-

1272 312 1328 369 S.
1359 312 1645 370 JOANNIS
1674 310 2163 369 CIIIlYSOSTOMl
2201 310 2525 369 ARCHIEP.
2566 312 3114 376 CONSTANTINOP.

3710 316 3820 374 150

2241 426 2367 494 τοῖς
2401 428 2732 496 κρείσσονα
2763 427 3023 498 ὕπαρξιν
3056 430 3128 485 ἐν
3148 428 3429 499 οὐρανοῖς
3466 427 3566 483 καί
3599 427 3823 499 μένου-

2234 526 2376 564 σαν.
2401 512 2466 563 Τί
2486 513 2624 575 ἐστι,
2652 511 3019 580 Μένουσαν;
3043 512 3291 585 βεϐαίαν,
3315 514 3416 585 οὐχ
3440 517 3616 577 οὕτως
3648 512 3822 569 ἀπολ-

2235 592 2476 668 λυμένην
2498 595 2689 668 ὥσπερ
2713 597 2940 669 ταύτην.

2306 762 2372 833 β’.
2389 757 2523 819 Εἶτα
2558 764 2854 831 ἐπαινέσας
2882 765 3102 833 αὖτοὺς,
3130 765 3284 837 φησί·
3311 765 3407 833 Μὴ
3444 762 3559 821 οὖν
3590 764 3822 821 ἀποϐά-

2232 848 2383 914 λητε
2412 846 2530 914 τὴν
2562 850 2910 918 παρρησίαν
2936 849 3127 919 ὑμῶν,
3179 850 3317 916 ἥτις
3353 849 3477 916 ἔχει
3512 852 3819 918 μισθαπο-

2233 928 2455 982 δοσίαν
2474 930 2775 999 μεγάλην.
2817 933 2882 984 Τί
2908 931 3123 1001 λέγεις;
3173 932 3287 984 Οὐκ
3343 926 3521 997 εἶπεν,
3557 932 3640 985 ὅτι
3682 932 3823 985 Ἀπ-

2233 1011 2460 1065 εϐἀλετε
2482 1013 2584 1083 τήν
2614 1014 2931 1085 παρρησίαν
2958 1016 3134 1086 ὑμῶν.
3163 1016 3256 1068 καὶ
3286 1014 3695 1084 ἀνακτήσασθε,
3729 1015 3823 1069 ἵνα

2236 1094 2310 1163 μή
2343 1095 2818 1165 ἀπαγορεύσωσινο
2841 1097 2981 1158 ἀλλ’.
3011 1099 3094 1151 ὅτι
3127 1099 3322 1168 Ἔχετε
3354 1096 3547 1168 αὐτὴν,
3588 1097 3662 1167 μὴ
3681 1097 3823 1150 ἀπο-

2232 1177 2464 1247 ϐἀλητε·
2498 1177 2528 1230 δ
2572 1178 2773 1248 μᾶλλον
2803 1180 3002 1242 αὐτοὺς
3060 1180 3432 1251 ἐψυχαγώγει,
3492 1178 3588 1233 καὶ
3643 1178 3820 1232 ἐποίει

2237 1262 2532 1332 ῥωσθῆναι.
2565 1262 2684 1317 Ὀτι
2711 1263 2866 1333 ἔχετε
2898 1262 3089 1335 αὐτὴν,
3117 1265 3271 1334 φησί·
3306 1263 3368 1317 τὸ
3399 1265 3500 1333 μέν
3522 1263 3633 1334 γὰρ
3684 1263 3822 1315 ἀπο-

2234 1342 2431 1414 ϐληθὲν
2459 1345 2877 1414 ἀνακτήσασθαι
2923 1346 3110 1412 πάλιν,
3151 1347 3398 1415 καμάτου
3426 1345 3598 1398 δεῖται
3635 1345 3820 1399 πλείο-

2232 1445 2345 1496 νος,
2379 1429 2441 1483 τὸ
2467 1429 2526 1482 δέ
2560 1429 2926 1500 κατεχόμενον
2954 1431 3027 1501 μὴ
3067 1428 3350 1489 ἀπολέσαι,
3384 1431 3484 1500 οὐχ
3512 1427 3675 1483 οὕτω.
3708 1429 3819 1482 Γα-

2231 1512 2427 1577 λάταις
2479 1513 2538 1566 δέ
2580 1513 2642 1566 τὸ
2699 1513 2941 1566 ἐναντίον
2987 1512 3192 1583 γράφει
3218 1528 3233 1543 ·
3269 1514 3478 1565 Τεκνία
3515 1528 3658 1577 μου,
3694 1510 3807 1577 οὓς

2230 1596 2422 1651 πάλιν
2446 1595 2658 1659 ὠδίνω,
2681 1597 2857 1665 ἄχρις
2869 1591 2941 1653 οὗ
2964 1594 3249 1665 μορφωθῇ
3275 1596 3527 1664 Χριστὸς
3546 1595 3616 1647 ἐν
3645 1594 3815 1663 ὑμῖν⁸

2230 1680 2325 1733 καὶ
2344 1679 2590 1743 εἰκότως.
2636 1680 2867 1733 Ἐκεῖνοι
2895 1680 3121 1750 μὲνγὰρ
3153 1679 3490 1750 ὑπτιώτερον
3524 1677 3815 1740 διέκειντο,

2228 1763 2353 1817 ὅθεν
2381 1763 2566 1827 αὐτοῖς
2594 1762 2702 1816 ἔδει
2746 1762 3190 1833 πληκτικωτέρου
3220 1762 3381 1830 λόγου
3403 1779 3417 1794 ·
3443 1755 3591 1815 οὗτοι
3608 1760 3665 1814 δὲ
3719 1779 3818 1831 μι·

2231 1845 2635 1918 κροψυχότερον
2659 1887 2673 1912 ,
2704 1845 2856 1919 [196]
2886 1845 3009 1900 ὅθεν
3043 1845 3586 1919 θεραπευτικωτέρου
3608 1844 3817 1915 μᾶλλον

2231 1931 2464 1986 ἐδέοντο.
2491 1930 2584 2002 Μὴ
2641 1930 2953 2003 ἀποϐάλητε
2989 1928 3104 1997 οὖν,
3137 1931 3294 2001 φησί,
3341 1929 3443 2001 τὴν
3492 1928 3820 2001 παρρησίαν

2233 2015 2410 2086 ὑμῶν.
2434 2014 2599 2068 ’Ὥστε
2631 2015 2690 2069 ὲν
2708 2014 2994 2087 παρρησίᾳ
3017 2010 3160 2087 ἦσαν
3188 2014 3356 2085 πολλῇ
3386 2013 3524 2085 πρὸς
3543 2012 3636 2066 τὸν
3651 2012 3817 2065 Θεόν.

2232 2099 2397 2165 Ἥτις
2427 2099 2577 2169 ἔχει,
2616 2100 2776 2170 φησί,
2836 2098 3333 2168 μισθαποδοσίαν
3380 2099 3680 2167 μεγάλην.
3746 2095 3821 2149 Τί

2231 2184 2347 2237 ἐστι
2379 2183 2577 2251 τοῦτος
2609 2183 2747 2237 Τότε
2772 2183 2915 2238 αὑτά
2948 2182 3258 2255 ληψόμεθα,
3292 2182 3478 2252 φησίν.
3504 2179 3740 2243 Οὐκοῦν,
3763 2179 3819 2233 εί

2230 2266 2376 2321 κατά
2400 2266 2463 2321 τὸ
2514 2266 2709 2339 μέλλον
2747 2266 3057 2327 ἀπόκειται,
3101 2266 3162 2320 οὐ
3217 2266 3299 2319 δεῖ
3343 2263 3580 2319 ἐνταῦθα
3603 2262 3817 2334 ζητεῖν.

2231 2345 2386 2415 Εἶτα,
2418 2352 2509 2404 ἴνα
2539 2351 2613 2422 μή
2642 2368 2726 2414 τις
2760 2351 2912 2422 εῖπῃ,
2957 2349 3088 2403 Ἰδοὺ
3130 2349 3199 2403 τὰ
3242 2347 3373 2419 παρ’
3424 2347 3582 2419 ἡμῶν
3629 2345 3822 2400 πάντα.

2230 2434 2531 2505 ύπῆρκται,
2553 2432 2642 2487 διὰ
2667 2432 2826 2487 τοῦτο
2867 2430 3169 2504 προέλαϐεν
3190 2432 3392 2495 αὐτοὺς
3417 2431 3513 2484 καί
3538 2433 3606 2501 τῇ
3628 2428 3818 2483 αὐτῶν

2232 2515 2521 2587 ὑπολήψεν
2556 2515 2844 2585 μονονουχὶ
2901 2514 3060 2568 τοῦτο
3106 2514 3317 2583 λέγων·
3346 2515 3411 2568 Εἰ
3467 2515 3527 2567 ἐν
3560 2513 3819 2584 οὐρανοῖς

2210 2599 2527 2669 ’γινώσκετε
2558 2598 2705 2669 ἔχειν
2725 2598 2961 2669 ὕπαρξιν
2993 2598 3312 2670 κρείσσονα,
3369 2597 3539 2669 μηδὲν
3568 2593 3816 2650 ἐνταῦθα

2229 2683 2445 2752 ζητεῖτε
2473 2698 2487 2713 ·
2515 2682 2798 2752 ὑπομονῆς
2838 2681 2949 2753 γὰρ
2980 2680 3133 2752 ἔχετε
3163 2681 3375 2752 χρείαν,
3402 2680 3531 2750 οὐχὶ
3564 2678 3817 2751 προσθή-

2228 2783 2333 2837 κης
2352 2766 2585 2834 ἀγῶνος,
2610 2765 2698 2819 ἵνα
2746 2766 2805 2819 ἐν
2831 2768 2943 2828 τοῖς
2989 2765 3176 2829 αὐτοῖς
3211 2763 3453 2836 μείνητε,
3490 2763 3579 2818 ἵνα
3610 2762 3686 2835 μὴ
3724 2762 3817 2834 ρί-

2225 2848 2367 2918 ψητε
2395 2847 2457 2901 τὸ
2486 2847 2850 2918 ἐγχειρισθέν.
2886 2847 3115 2911 Οὐδενὸς
3148 2846 3280 2917 ὑμῖν
3322 2847 3511 2918 ἐτέρου
3556 2844 3657 2909 δεῖ,
3689 2843 3815 2897 ἀλλ’

2225 2931 2259 3002 ἢ
2289 2929 2432 2984 ὥστε
2456 2931 2672 3002 στῆναι,
2688 2931 2766 2995 ὡς
2797 2931 3087 3001 ἑστήκατε,
3112 2930 3202 2983 ἵνα
3252 2929 3392 3001 πρὸς
3423 2929 3485 2983 τὸ
3510 2927 3667 2993 τέλος
3717 2926 3817 2981 ἐλ-

2227 3016 2431 3083 θόντες,
2461 3013 2765 3086 κομίσησθε
2796 3013 2895 3085 τὴν
2923 3012 3278 3083 ἐπαγγελίαν.
3318 3008 3661 3083 ’Υπομονῆς
3697 3010 3818 3081 γὰρ

2224 3099 2415 3170 ἔχετε,
2465 3098 2624 3169 φησί,
2682 3096 2914 3167 χρείαν,
2975 3097 3077 3150 ἵνα
3132 3094 3202 3149 τὸ
3248 3095 3485 3165 θέλημα
3512 3094 3621 3150 τοῦ
3654 3091 3816 3148 Θεοῦ

2224 3182 2616 3249 ποιήσαντες.
2657 3179 2998 3249 κομίσησθε
3045 3178 3161 3247 τὴν
3215 3177 3606 3249 ἐπαγγελίαν.
3665 3176 3817 3247 Ἀρα

2225 3264 2344 3329 ένδς
2375 3264 2507 3334 ύμῖν
2535 3262 2614 3317 δεῖ
2632 3262 2820 3333 μόνου,
2867 3262 2957 3315 ἵνα
3008 3262 3343 3333 ἀναμείνητε
3388 3259 3488 3333 τὴν
3517 3259 3812 3331 μέλλησιν,

2222 3348 2322 3418 οὐχ
2352 3347 2442 3401 ἵνα
2473 3347 2751 3418 ἀθλήσητε
2792 3346 2978 3400 πάλιν.
3027 3343 3174 3416 Πρὸς
3202 3343 3296 3398 τὸν
3345 3342 3608 3412 στέφανον
3643 3341 3816 3396 αὐτόν

2224 3431 2368 3493 ἐστε,
2428 3429 2581 3501 φησὶ,
2633 3428 2761 3492 τοὺς
2812 3427 3032 3497 ἀγῶνας
3088 3429 3300 3491 πάντας
3337 3427 3629 3496 ἠνέγκατε,
3679 3426 3816 3491 τοὺς

2222 3511 2479 3597 δεσμ-οὺς,
2497 3509 2611 3597 τὰς
2631 3510 2861 3597 θλίψεις,
2893 3510 2961 3564 τὰ
2999 3510 3318 3597 ιξπάρχοντα
3355 3508 3509 3597 ύμῶν
3542 3507 3814 3597 ἡρπάγηο

2221 3594 2275 3647 τί
2317 3590 2445 3661 οὗν;
2494 3594 2639 3666 Πρὸς
2689 3594 2751 3647 τὸ
2809 3590 3222 3663 στεφανωθῆναι
3263 3592 3535 3664 ἑστήκατε
3578 3590 3813 3646 λοιπόν·

2219 3676 2380 3731 τοῦτο
2434 3676 2596 3746 μόνον
2646 3674 2865 3748 φέρετε,
2900 3676 3001 3745 τὴν
3065 3675 3330 3746 μέλλησιν
3361 3674 3458 3729 τοῦ
3510 3674 3810 3744 στεφάνου.

2221 3760 2287 3813 Ὢ
2304 3759 2535 3830 μέγεθος
2560 3759 2993 3831 παρακλήσεωςί
3024 3759 3212 3823 Οὕτως
3244 3759 3444 3824 αὐτοὺς
3472 3758 3809 3831 παρακαλεῖ,

2221 3842 2298 3907 ὡς
2318 3841 2384 3897 ἄν
2413 3860 2496 3905 τις
2518 3842 2664 3896 εἴποι
2699 3842 2838 3915 πρὸς
2873 3841 3115 3914 ἀθλητὴν
3160 3842 3370 3908 πάντας
3403 3841 3808 3909 καταϐαλόντα,

2222 3927 2317 3980 καὶ
2363 3925 2571 3996 μηδένα
2621 3927 2819 3998 ἔχοντα
2873 3926 3309 3999 ἀνταγωνιστὴν,
3368 3921 3490 3981 εἶτα
3540 3924 3812 3997 μέλλοντα

2221 4008 2643 4077 στεφανοῦσθαι,
2662 4010 2757 4063 καὶ
2777 4009 2839 4063 οὐ
2852 4008 3087 4081 φέροντα
3102 4007 3193 4063 τὸν
3216 4008 3410 4081 χρόνον
3425 4010 3654 4075 ἐκεῖνον,
3679 4007 3811 4063 καθ’

2220 4098 2281 4152 ὃν
2308 4099 2336 4152 ὸ
2360 4099 2704 4170 ἀγωνοθέτης
2732 4097 2980 4170 ἔρχεται,
3008 4098 3105 4153 καὶ
3131 4098 3315 4170 τίθησι
3363 4097 3457 4152 τὸν
3500 4098 3770 4167 στέφανον
3790 4113 3809 4129 ·

2221 4184 2428 4246 ἐκεῖνος
2449 4182 2507 4236 δέ
2538 4183 2934 4254 ἀκαρτερήτως
2949 4182 3111 4254 ἔχων,
3134 4181 3282 4237 θέλοι
3306 4181 3546 4249 ἐξελθεῖν
3575 4182 3672 4237 καὶ
3704 4199 3811 4250 φυ-

2219 4268 2362 4336 γεῖν,
2395 4265 2473 4330 ὡς
2498 4265 2575 4339 μὴ
2611 4266 2797 4336 φέρων
2826 4266 2888 4319 τὸ
2916 4265 3067 4336 δίψος
3099 4266 3196 4320 καί
3217 4265 3311 4319 τὸν
3337 4265 3605 4337 φλογμόν.
3630 4264 3808 4319 Τοῦτο

2220 4350 2402 4406 τοίνυν
2417 4350 2581 4413 αὐτὸς
2596 4349 2992 4421 αἰνιττόμενος,
3006 4349 3061 4403 τί
3074 4366 3261 4419 φησιν;
3281 4348 3413 4403 "Et:
3423 4349 3642 4419 μικρὸν
3655 4347 3813 4402 ὅσον

2220 4432 2394 4497 ὅσον,
2425 4434 2459 4487 δ
2480 4432 2801 4502 ἐρχόμενος
2826 4432 2979 4501 ἥξει,
3011 4432 3112 4487 καί
3140 4434 3213 4487 οὐ
3255 4431 3501 4502 χρονιεῖ.
3539 4431 3657 4486 Ἵνα
3695 4430 3812 4501 γὰρ

2227 4516 2304 4587 μὴ
2329 4515 2552 4585 λέγωσι,
2597 4516 2708 4570 Kal
2732 4515 2864 4570 πότε
2880 4515 3004 4588 ἥξει
3028 4531 3043 4582 ;
3075 4515 3184 4569 ἀπὸ
3206 4516 3316 4570 τῶν
3347 4514 3585 4587 Γραφῶν
3605 4514 3812 4578 αὐτοὺς

2223 4598 2539 4669 παρακαλεῖ
2564 4615 2579 4630 ·
2604 4599 2831 4671 καὶγὰρ
2867 4599 2949 4663 τδ,
2983 4600 3114 4654 Νῦν
3153 4599 3479 4669 ἐγγύτερον
3534 4596 3708 4668 ἡμῶν
3764 4598 3809 4667 ἠ

2223 4682 2509 4749 σωτηρία,
2543 4681 2669 4735 ὅταν
2695 4682 2832 4754 λέγῃ
2855 4681 3113 4752 ἀλλαχοῦ,
3141 4681 3554 4753 παραμυθεῖται
3578 4679 3808 4746 αὐτοὺς,

2222 4764 2300 4829 ὡς
2358 4763 2540 4833 ὀλίγου
2578 4764 2731 4827 ὅντος
2760 4765 2852 4818 τοῦ
2888 4763 3220 4837 ,λειπομένου
3254 4765 3474 4837 χρόνου.
3501 4764 3614 4819 Καὶ
3642 4764 3809 4818 τοῦτο

2221 4848 2321 4902 οὐκ
2346 4847 2440 4918 ἀφ’
2473 4847 2669 4903 ἑαυτοῦ
2703 4866 2889 4920 φησιν,
2932 4849 3049 4903 ἀλλ’
3076 4849 3186 4903 ἀπὸ
3216 4849 3325 4902 τῶν
3371 4847 3627 4920 Γραφῶν.
3652 4847 3719 4902 Εἰ
3745 4843 3813 4901 δὲ

2220 4930 2281 4997 ἐξ
2313 4931 2519 4986 ἐκείνου
2542 4931 2783 5001 ἐλέγετο,
2803 4931 3029 5001 Μικρὸν
3043 4931 3194 4987 ὅσον
3224 4933 3395 4997 ὅσον,
3418 4935 3451 4987 ό
3482 4932 3815 5001 ἐρχόμενος

2220 5014 2378 5081 ἣξει,
2403 5016 2503 5070 καί
2523 5017 2596 5070 οὐ
2619 5017 2879 5084 χρονιεῖ’
2908 5015 3065 5086 δῆλον
3085 5016 3168 5069 ὅτι
3192 5013 3289 5069 νῦν
3309 5014 3606 5086 ἐγγύτερός
3636 5016 3812 5071 ἐστιν.

2223 5099 2385 5152 Ὥστε
2412 5098 2588 5152 καὶτὸ
2615 5098 2905 5169 ἀναμένειν
2933 5098 3120 5169 μισθός
3134 5100 3286 5152 ἐστιν
3311 5098 3372 5152 οὐ
3400 5099 3618 5170 μικρός.
3656 5098 3721 5152 '0
3745 5097 3818 5151 δὲ

2219 5180 2471 5248 δίκαιος,
2503 5182 2690 5253 φησὶν,
2724 5182 2793 5236 ἐκ
2813 5182 3073 5246 πίστεως
3101 5180 3342 5247 ζήσεται
3363 5197 3376 5212 ”
3403 5179 3502 5236 καί
3530 5180 3641 5235 ἐὰν
3672 5179 3817 5236 ὑπο·

2219 5264 2549 5332 στείληται,
2613 5265 2725 5318 οὐκ
2775 5263 3074 5334 εὐδοκεῖή
3106 5265 3279 5333 ψυχή
3317 5281 3440 5334 μου
3501 5264 3574 5318 ἐν
3624 5263 3813 5329 αὐτῷ.

2219 5348 2449 5418 Μεγάλη
2477 5346 2618 5418 αὕτη
2644 5349 2678 5419 ή
2712 5347 3082 5419 παράκλησις,
3109 5349 3240 5402 ὅταν
3262 5347 3482 5419 δεικνύῃ
3510 5364 3596 5412 τις
3620 5346 3682 5399 τὸ
3701 5350 3814 5401 πᾶν

2219 5429 2679 5500 κατωρθωκότας,
2710 5428 2860 5502 [197]
2880 5430 2976 5484 καὶ
2991 5430 3077 5483 διὰ
3113 5431 3318 5507 μικρᾶς
3348 5430 3630 5507 ρᾳθυμιας
3643 5428 3816 5482 ἀπολ-

2218 5512 2418 5575 λύντας
2445 5511 2598 5566 αὐτό.
2639 5511 2836 5582 Ἡμεῖς
2855 5511 2924 5565 δὲ
2947 5514 3059 5567 οὐκ
3097 5506 3283 5582 ἐσμὲν
3317 5509 3676 5579 ὐποςτολῆς
3721 5513 3816 5578 είς

2221 5595 2544 5660 ἀπώλειαν,
2570 5595 2733 5650 ἀλλὰ
2755 5595 3018 5662 πίστεως
3044 5596 3131 5660 είς
3157 5599 3554 5665 περιποίησιν
3572 5593 3809 5664 ψυχῆς.

2225 5679 2399 5733 Ἔστι
2441 5677 2509 5731 δὲ
2546 5678 2769 5745 πίστις,
2801 5677 3201 5751 ἐλπιζομένων
3244 5681 3592 5745 ὑπόστασις
3627 5696 3817 5749 εἶρα,-
