4172 6444
281 314 379 376 “9

262 428 369 465 tuen
389 413 738 492 sustinuistis,
772 419 870 474 sed
900 421 1133 487 addidit,
1166 411 1437 500 Magnum.
1468 429 1574 487 Nec
1601 431 1735 488 dixit
1768 443 1886 488 tcn-

258 503 518 572 taliones,
549 507 648 563 sed
679 521 963 568 certamen
991 557 1006 580 ,
1042 518 1185 588 quod
1215 529 1299 576 est
1332 537 1528 580 nomen
1575 527 1805 580 cneomii
1835 534 1888 582 et

253 594 480 651 laudum
529 602 924 660 maximarum.
960 607 1164 665 Deinde
1201 612 1361 668 etiam
1399 625 1647 673 recenset
1681 617 1886 688 sigilla-

253 689 372 753 tim,
391 691 750 761 amplificatis
779 700 1109 766 orationem,
1138 711 1192 757 et
1215 705 1416 759 multas
1448 707 1634 762 laudes
1660 708 1884 764 addens.

256 780 594 866 Quomodo?
627 782 700 838 Et
732 787 785 840 in
818 789 982 843 altero
1024 793 1230 862 quidem
1270 797 1562 868 opprobriis
1592 809 1637 853 et
1671 799 1891 854 tribula-

263 875 477 928 tionibus
506 879 872 947 spectaculum
899 885 1047 952 facti.
1076 884 1262 956 Magna
1297 890 1442 943 enim
1467 905 1556 946 res
1585 900 1666 946 est
1691 906 1888 962 oppro-

270 965 461 1031 brium,
483 977 539 1023 et
565 968 859 1027 sufficiens
881 975 946 1029 ad
969 991 1064 1031 cor
1080 980 1448 1050 pungendum,
1471 987 1890 1054 pervcrtendum

270 1060 528 1128 animum,
562 1073 622 1118 et
651 1064 722 1119 ad
771 1068 971 1123 rationi
1023 1072 1383 1130 offundendas
1437 1078 1688 1135 tenebras
1724 1098 1736 1134 :
1767 1081 1889 1137 audi

270 1152 406 1206 enim
450 1154 583 1224 quid
627 1155 779 1212 dicat
812 1161 1077 1231 propheta
1099 1207 1113 1228 ,
1152 1163 1330 1222 Facta:
1356 1179 1475 1224 sttnt
1503 1171 1628 1225 uti/ti
1652 1174 1897 1243 lacryma:

268 1247 407 1317 panis
433 1247 518 1301 die
544 1265 610 1302 ac
640 1263 815 1319 nocte,
846 1253 969 1308 dunt
1016 1257 1205 1312 dicitur
1248 1262 1375 1316 nti/ti
1413 1265 1660 1334 quotidie,
1696 1264 1794 1322 Ubi
1820 1278 1893 1323 est

265 1338 398 1393 Deus
423 1351 545 1395 tuus
576 1343 596 1412 (
627 1341 780 1400 Psal.
821 1347 911 1402 41.
965 1349 1064 1422 ti)?
1093 1361 1144 1407 et
1173 1370 1381 1423 rursus,
1415 1358 1475 1413 Si
1507 1358 1744 1416 inimicus
1769 1363 1895 1417 mibi

260 1434 636 1501 exprobrasset,
666 1439 1032 1496 sustinuissent
1063 1444 1232 1514 utique
1261 1448 1278 1518 (
1303 1447 1449 1503 Psal.
1480 1449 1572 1506 δι.
1606 1452 1729 1525 15).
1751 1453 1895 1521 Quo-

262 1525 400 1577 niam
435 1527 586 1580 enim
627 1527 811 1584 inanis
837 1532 1025 1601 gloriae
1054 1551 1240 1592 amore
1267 1539 1476 1596 laborat
1500 1558 1669 1613 genus
1701 1545 1894 1602 Imma-

262 1633 405 1679 num,
434 1629 742 1690 propterea
771 1625 934 1680 etiam
966 1628 1036 1684 ab
1070 1629 1174 1686 hoc
1199 1635 1432 1703 capitur.
1466 1635 1577 1692 Nec
1608 1639 1784 1695 solum
1811 1640 1898 1696 di-

260 1713 353 1776 xit,
380 1714 724 1783 Oppi-obriis,
748 1718 844 1773 sed
878 1720 927 1774 id
957 1738 1173 1795 quoque
1195 1741 1319 1783 cum
1345 1745 1538 1802 magna
1565 1733 1894 1802 intentione,

257 1806 636 1874 Spectaculum
677 1813 828 1881 facti.
863 1812 998 1869 Nam
1048 1819 1263 1886 quando
1301 1821 1499 1894 aliquis
1541 1826 1756 1895 quidem
1801 1843 1898 1899 per

260 1913 321 1953 se
381 1901 613 1968 probris
670 1905 993 1974 appetitur,
1028 1919 1113 1962 cst
1167 1911 1381 1981 quidem
1435 1917 1761 1985 molestum,
1803 1921 1897 1975 sed

249 1991 431 2046 tnulto
483 1995 696 2065 magis,
729 1997 952 2067 quando
985 2014 1170 2056 coram
1214 2007 1490 2062 omnilms.
1518 2007 1650 2064 Nam
1681 2013 1856 2082 cogita
1884 2056 1898 2080 ,

249 2100 473 2152 qumso,
506 2097 775 2157 quantum
807 2099 926 2145 erat
956 2092 1181 2161 malum,
1212 2111 1331 2152 cum
1363 2097 1432 2154 ab
1464 2099 1770 2159 humilitate
1795 2105 1896 2159 Ju-

261 2175 424 2231 daEca
465 2179 854 2250 descivissent,
891 2195 944 2239 et
994 2194 1267 2260 tamquam
1316 2191 1382 2248 ad
1432 2187 1594 2250 vitam
1640 2199 1898 2269 optimam

280 2270 679 2337 transiissent,
708 2283 762 2330 et
806 2292 901 2332 res
954 2287 1212 2346 paternas
1259 2281 1672 2356 despexissent,
1718 2307 1746 2344 a
1790 2296 1903 2348 suis

284 2361 439 2414 male
470 2364 602 2430 pati,
633 2374 686 2419 et
715 2367 908 2422 mdlam
943 2369 1147 2429 habere
1179 2374 1597 2436 defensionem?
1629 2383 1743 2438 Non
1775 2401 1901 2456 pos-

281 2463 428 2516 sum,
458 2453 651 2523 inquit,
674 2455 852 2514 dicere
885 2463 1032 2531 quod
1067 2463 1181 2519 haec
1207 2468 1424 2536 quidem
1459 2473 1598 2542 passi
1627 2453 1788 2543 estis,
1808 2479 1902 2534 sed

279 2542 573 2610 delusistis;
617 2547 724 2603 imo
753 2565 888 2606 vero
917 2554 1083 2610 etiam
1115 2557 1468 2617 valdc'laetati
1501 2567 1653 2622 estis.
1694 2542 1773 2623 Et
1803 2569 1905 2626 hoc

279 2636 604 2706 significavit
625 2682 639 2705 ,
670 2641 860 2700 dicens
882 2687 898 2714 ,
927 2645 996 2700 In
1027 2647 1191 2704 altero
1231 2664 1399 2708 autem
1426 2658 1552 2711 socii
1580 2659 1705 2732 facti
1731 2678 1906 2716 eorum

279 2731 447 2782 taliter
466 2736 892 2790 conversantium
922 2753 942 2793 :
968 2757 1088 2793 nam
1115 2749 1161 2796 et
1188 2743 1366 2800 vinctis
1391 2731 1646 2820 contpassi
1672 2754 1791 2808 estis
1812 2772 1830 2809 :
1851 2764 1905 2811 et

275 2824 813 2918 apostnl'osaddncit
842 2830 895 2918 in
925 2831 1183 2918 medium.
1209 2837 1323 2918 Non
1354 2841 1553 2911 solum,
1580 2845 1772 2918 inquit,
1799 2866 1907 2908 non

272 2912 363 3010 ξοδ
388 2901 582 2966 puduit
611 2915 838 2975 propter
867 2909 1186 3005 familiares,
1211 2917 1305 2972 sed
1333 2901 1562 2982 aliorum
1592 2901 1776 3000 etiam:

267 2990 384 3046 lure
403 2997 550 3063 passi
580 3008 730 3068 sunt,
748 3001 934 3058 fuistis
961 3006 1114 3062 socii.
1142 2990 1254 3066 l'loc
1271 3023 1353 3068 est
1380 3018 1540 3074 etiam
1564 2990 1894 3087 consolatuis

265 3085 717 3196 etprihortantis.
759 3093 880 3150 Non
922 3096 1080 3165 dixit,
1113 3100 1287 3160 Fertis
1329 3123 1479 3166 meas
1520 3085 1888 3196 afﬂictiones,

263 3177 398 3278 mihi
417 3181 558 3236 estis
575 3185 735 3252 socii,
758 3187 854 3242 sed
886 3189 988 3245 hoc
1006 3201 1235 3264 tantum,
1255 3196 1446 3257 Vinctis
1474 3214 1726 3281 compassi
1748 3177 1890 3272 estis:

265 3267 433 3326 Vides
454 3275 606 3375 quod
638 3276 709 3375 de
736 3293 798 3334 se
822 3279 969 3336 dicat
985 3292 1038 3338 et
1067 3286 1133 3342 de
1151 3288 1272 3345 aliis
1294 3294 1487 3351 vinetis
1504 3302 1528 3352 ?
1548 3267 1729 3375 U'sque

259 3377 373 3417 non
389 3366 731 3426 existimatis
749 3373 964 3429 vincula
987 3392 1109 3434 es<e
1128 3385 1362 3454 vincula,
1387 3391 1480 3445 sed
1503 3366 1773 3470 tamquam
1795 3366 1895 3460 for-

259 3463 346 3508 tes
364 3466 424 3510 et
451 3461 670 3516 strenui
697 3464 919 3521 athleta:
947 3471 1209 3528 stetistis:
1234 3481 1488 3547 quoniam
1513 3461 1819 3550 nun-solum
1841 3497 1894 3554 in

255 3551 468 3604 vestris
515 3566 632 3607 non
671 3568 814 3625 opus
854 3557 1138 3619 habebatis
1167 3570 1540 3633 consolatione
1561 3621 1576 3647 ,
1609 3584 1704 3640 sed
1733 3551 1893 3646 etiam

251 3641 400 3698 alios
440 3645 585 3698 estis
627 3649 922 3705 consolati.
965 3651 1035 3708 Et
1065 3659 1300 3728 rapinam
1330 3641 1576 3726 bonorum
1619 3641 1895 3737 vestrorum

253 3746 386 3842 inim.
414 3737 626 3803 gaudio
666 3743 983 3813 suscepistis.
1020 3746 1214 3820 Papte,
1250 3769 1410 3826 quam
1456 3773 1602 3820 certa
1641 3778 1697 3824 ct
1738 3773 1896 3842 plena

261 3824 387 3930 fidei
419 3831 760 3898 persuasio!
793 3835 999 3894 Deinde
1025 3841 1183 3900 affert
1208 3824 1368 3904 etiam
1399 3824 1772 3930 causatn,lnoh
1803 3824 1896 3925 so:

1989 3861 2050 3915 ad
2103 3861 2206 3916 hoc
2254 3861 2444 3927 statis,
2497 3869 2552 3915 ut
2600 3862 2936 3918 coronemini
2981 3879 2995 3917 :

266 3920 368 3974 lum
396 3938 504 4022 eos
529 3925 838 3984 adhortans
868 3931 934 3986 ad
964 3940 1260 3996 certamina
1282 3985 1296 4012 ,
1328 3947 1423 4003 sed
1452 3920 1706 4014 etiam'ut
1730 3920 1768 4014 ab
1791 3920 1895 4022 fide

280 4026 376 4127 nqn
407 4014 637 4072 labent.
678 4018 937 4080 \‘identes
957 4069 972 4093 ,
1004 4029 1213 4101 inquit,
1238 4047 1448 4095 vestras
1475 4043 1690 4104 divitias
1715 4014 1896 4127 diripi:

274 4106 548 4166 tolerastis
577 4130 590 4166 :
619 4126 716 4168 eas
743 4117 886 4171 enim
918 4136 1037 4190 qua:
1064 4127 1304 4184 nondum
1328 4139 1661 4205 apparebant
1689 4106 1898 4210 vidistis

271 4209 553 4301 tamquam
581 4223 707 4301 qua:
740 4225 1068 4282 apparerent
1103 4238 1115 4274 :
1147 4225 1290 4294 quod
1323 4227 1550 4288 sincerae
1577 4248 1695 4294 erat
1722 4242 1842 4300 fidei

267 4303 319 4400 et
340 4295 504 4352 factis
541 4300 681 4370 ipsis
711 4319 831 4360 eam
857 4311 1193 4369 ostendistis.
1218 4318 1296 4372 Ac
1325 4337 1514 4392 rapere
1541 4295 1895 4400 quidem—erat

267 4385 504 4446 fol-uisse
533 4393 818 4452 violenti;e
846 4393 1036 4458 eorum
1064 4407 1152 4476 qui
1182 4412 1485 4485 rapiebant,
1507 4385 1608 4478 nec
1637 4385 1898 4496 potttissel

260 4483 536 4553 quiSpiam
592 4489 906 4557 prohibere.
956 4483 1321 4564 Quamobrem
1374 4483 1745 4576 nondum'est

259 4577 650 4682 perstrictum»,
680 4582 822 4651 quod
855 4599 1077 4657 propter
1101 4593 1263 4652 fidem
1296 4603 1438 4669 passi
1465 4608 1597 4664 estis
1626 4577 1892 4682 rapinam:

260 4668 425 4777 Atqui
463 4668 572 4772 hoc
602 4686 823 4743 quoque
851 4686 934 4731 est
963 4668 1307 4754 perspicuum
1340 4710 1353 4746 :
1388 4695 1588 4755 licebat

260 4759 590 4815 voluissetis
616 4803 631 4825 ,
665 4778 773 4819 non
807 4769 917 4836 pati
947 4772 1190 4844 rapinam
1218 4819 1235 4846 ,
1266 4781 1311 4836 si
1343 4800 1448 4840 ιιοη
1478 4759 1894 4859 ονοαεάίεέξιξξξ

259 4851 355 4905 sed
398 4853 554 4923 quod
598 4865 684 4910 cst
725 4857 827 4936 hoc
874 4861 1034 4934 longe
1072 4871 1242 4940 magis
1274 4871 1498 4947 fecistis,
1530 4899 1726 4958 nempe
1753 4851 1896 4952 tit-ea

262 4944 428 4998 etiam
465 4944 698 5045 [erretis
726 4964 849 5005 eum
878 4955 1079 5023 gaudio
1108 4975 1122 5014 :
1153 4963 1296 5031 quod
1329 4944 1548 5039 quidem
1579 4944 1896 5045 ρι-έιιδίηῖέί

266 5038 670 5146 apostolicum:
705 5051 758 5096 et
789 5042 1014 5115 dignum
1044 5055 1256 5123 magnis
1281 5038 1386 5116 illis
1411 5067 1608 5126 animis
1634 5114 1647 5138 ,
1677 5077 1764 5146 qui

265 5128 444 5194 gellati
493 5129 836 5198 gaudebant.
866 5135 1080 5196 lleversi
1104 5157 1223 5201 sunt
1252 5152 1396 5208 enim
1423 5198 1437 5223 ,
1471 5128 1662 5232 inquit,
1692 5128 1896 5243 afri-eia

264 5223 472 5330 concilii
504 5225 794 5330 gaudentes
819 5271 835 5296 ,
863 5234 1003 5302 quod
1035 5237 1178 5310 digni
1206 5244 1309 5298 sint
1335 5247 1496 5306 Itabiti
1538 5223 1627 5327 qui
1653 5223 1895 5330 proruto:

266 5314 1264 5430 Et"13f“."Illcerentur-contumelia
1309 5338 1329 5408 (
1351 5343 1467 5401 Act.
1515 5314 1568 5406 5'.
1626 5314 1760 5427 4i):

270 5418 452 5511 autem
491 5410 601 5466 fert
629 5427 752 5473 cum
773 5419 993 5488 gaudio,
1018 5429 1257 5484 ostendit
1279 5449 1338 5489 se
1361 5439 1562 5498 habere
1589 5410 1895 5511 mercedem

269 5500 532 5606 aliquam,
560 5513 614 5606 et
648 5509 792 5577 quod
821 5525 884 5565 ea
915 5528 1024 5568 non
1051 5517 1122 5571 sit
1147 5519 1423 5596 damnum,
1448 5532 1543 5587 sed

270 5593 331 5690 fit
361 5592 523 5663 illud,
561 5597 907 5673 Suscepistis,
938 5610 1176 5666 ostendit
1207 5592 1779 5688 voluntariam'coruvtn
1810 5592 1892 5690 to:

269 5684 577 5793 lcrantiatn.
609 5691 899 5800 Quomodo
929 5700 1170 5773 elegistis
1197 5718 1252 5764 et
1281 5720 1599 5788 suscepistis
1623 5724 1645 5779 ἲ
1681 5684 1884 5800 (quue-

265 5790 448 5834 licentes
457 5823 471 5849 ,
505 5782 706 5852 inquit,
741 5802 829 5842 eos
857 5787 1043 5847 habere
1070 5795 1122 5848 in
1147 5801 1287 5866 aclis
1311 5807 1575 5868 meliorem
1603 5813 1648 5861 cl
1676 5782 1886 5874 inab-cn-

585 5873 866 5938 ΡΑΤιιοι.
921 5878 1042 5941 Gn.
1091 5879 1318 5946 LXIII.

1122 319 1184 376 ΙΝ
1227 320 1447 379 EPIST.
1490 321 1582 377 Al)
1625 315 1990 382 llEBR.—EOS.
2033 316 2192 372 CAP.
2238 315 2302 371 Χ.
2348 313 2581 371 llOMlL.
2628 312 2768 369 XXI.

3499 315 3610 367 Ᾱΐὶυ

2003 441 2098 483 tem
2143 428 2497 482 substantiam.
2543 424 2856 488 Mancntem,
2891 423 2950 485 id,
2973 434 3071 484 est,
3105 424 3310 485 firmam
3340 439 3401 478 ac
3433 425 3604 506 ειειΙιιτ

2003 525 2131 587 lem,
2163 535 2267 577 non
2297 521 2389 587 ita,
2417 520 2557 574 sicut
2585 518 2721 584 hare,
2754 525 3090 588 pereuntem.

2083 616 2137 670 Ξ.
2189 615 2390 669 Deinde
2431 625 2678 667 cumcos
2714 609 3019 674 laudasset,
3065 609 3195 665 dicit
3229 627 3242 665 :
3285 609 3375 666 '55.
3424 611 3602 666 Nolite

1999 711 2168 779 itaque
2221 707 2449 760 amittere
2495 704 2856 771 conﬁdentiam
2903 711 3148 767 vestram,
3194 715 3307 771 qua:
3363 717 3601 776 magnam

2001 801 2147 856 habet
2177 798 2654 855 remunerationem.
2686 795 2824 864 Quid
2853 793 3033 850 dicis?
3058 794 3174 850 Non
3203 793 3336 850 dixit
3355 831 3371 858 ,
3400 793 3568 850 Amisi
3587 827 3602 838 ο

1999 894 2096 948 Stis
2122 891 2396 954 fiduciam,
2431 898 2484 943 et
2528 901 2714 944 rursus
2760 886 3021 958 acquirite
3045 930 3058 955 ,
3101 903 3168 942 ne
3197 887 3552 959 desperarent
3586 908 3598 950 ;

1998 988 2090 1043 scd
2118 1029 2132 1055 ,
2163 985 2380 1041 llabetis
2401 1024 2414 1048 ,
2447 997 2513 1037 nc
2535 981 2790 1036 amittatis
2822 999 2834 1034 ε
2865 980 3006 1051 quod
3039 981 3305 1036 efficiebat
3331 992 3390 1037 ut
3417 991 3601 1038 essent

2001 1077 2287 1134 firmiores.
2339 1076 2498 1140 liam,
2546 1072 2715 1144 inquit
2743 1114 2757 1138 ,
2812 1072 3065 1131 habetis:
3117 1089 3239 1129 nam
3283 1072 3334 1131 id
3381 1077 3597 1147 quidem

1997 1171 2140 1244 quod
2183 1180 2263 1227 est
2308 1168 2562 1224 amissum
2629 1179 2817 1221 rursus
2862 1163 3176 1236 acquirere,
3229 1163 3419 1238 majori
3464 1179 3600 1238 opus

1998 1266 2159 1321 habet
2190 1265 2374 1320 labore
2403 1278 2418 1328 ;
2459 1260 2602 1333 quod
2648 1270 2827 1315 autem
2859 1260 3162 1328 possidetur
3193 1276 3298 1314 non
3333 1261 3560 1329 perdere
3583 1305 3596 1326 ,

1997 1375 2102 1418 non
2152 1359 2244 1414 ita.
2293 1356 2497 1414 Calatis
2543 1363 2720 1408 autem
2774 1352 2902 1408 dicit
2949 1351 3283 1407 contrarium
3333 1352 3595 1420 :Filioli,

1995 1469 2118 1525 quos
2146 1453 2328 1507 iterum
2357 1450 2614 1522 parturio,
2645 1448 2803 1502 donec
2849 1451 3093 1520 formetur
3125 1447 3176 1500 in
3206 1447 3342 1501 vobis
3370 1447 3599 1503 Clu-istas

1995 1545 2156 1621 (Gal.
2203 1547 2257 1602 4.
2304 1544 2456 1614 19);
2505 1551 2560 1599 ct
2603 1542 2818 1598 merito.
2871 1541 3003 1596 Nam
3054 1540 3134 1596 illi
3179 1542 3397 1612 quidem
3445 1549 3598 1598 erant

1994 1637 2296 1715 sitpiuiores
2340 1650 2392 1696 ct
2439 1639 2786 1710 ignaviores;
2819 1636 2962 1692 unde
3010 1651 3144 1706 opus
3173 1635 3444 1691 habebant
3471 1654 3598 1692 ora-

1993 1735 2141 1790 tione
2169 1749 2288 1804 qum
2332 1732 2502 1802 magis
2550 1739 2812 1800 pungeret
2844 1747 2856 1783 :
2895 1729 2977 1783 isti
3025 1738 3204 1783 autem
3235 1740 3390 1782 erant
3431 1725 3596 1784 animi

1993 1827 2164 1899 magis
2205 1825 2384 1896 pusilli
2428 1834 2484 1880 et
2510 1823 2704 1894 ahjecti
2734 1841 2748 1890 ;
2785 1821 2925 1878 unde
2953 1821 3122 1892 magis
3161 1838 3295 1892 opus
3329 1822 3598 1879 habebant

1994 1921 2242 1974 oratione
2284 1934 2404 1991 qum
2445 1925 2658 1972 curaret
2697 1931 2759 1971 ac
2789 1924 3082 1971 recrearet.
3115 1913 3290 1970 Nolite
3319 1932 3480 1986 ergo,
3513 1919 3595 1972 in-

1992 2014 2142 2086 quit,
2201 2013 2448 2068 amittere
2500 2010 2880 2066 confidentiam
2939 2019 3196 2065 vestram.
3256 2009 3420 2065 Multa
3468 2028 3614 2086 ergo

1993 2117 2108 2162 erat
2133 2121 2322 2162 cormn
2363 2105 2414 2160 in
2447 2105 2612 2160 Deum
2648 2101 2862 2158 fiducia.
2912 2101 3040 2168 Qua:
3082 2119 3354 2174 magnam,
3389 2105 3593 2173 inquit,

1993 2199 2138 2254 habet
2176 2196 2653 2253 remunerationem.
2702 2195 2840 2263 Quid
2870 2195 2972 2250 hoc
3015 2203 3097 2250 cst
3123 2236 3137 2262 ,
3185 2195 3400 2265 inquit?
3445 2196 3613 2266 Tunc

1992 2287 2080 2347 illa
2128 2292 2486 2362 recipiemus,
2539 2289 2732 2360 inquit.
2783 2286 2925 2358 Ergo
2972 2289 3016 2342 si
3050 2288 3102 2342 in
3151 2287 3330 2343 futuro
3363 2291 3592 2360 reposita

1989 2393 2143 2448 sunt,
2175 2400 2280 2438 non
2308 2393 2523 2453 Oportet
2550 2380 2639 2437 hic
2679 2380 2944 2452 qumrerc.
2978 2377 3180 2435 Deinde
3207 2395 3276 2436 ne
3305 2381 3424 2451 quis
3448 2379 3598 2435 dictu

1990 2477 2108 2536 ret,
2157 2467 2297 2525 Ecce
2356 2470 2538 2524 omnia
2583 2471 2741 2526 nobis
2787 2475 3022 2541 prmstita
3073 2481 3200 2526 sunt
3242 2488 3255 2525 :
3303 2485 3586 2542 propterea

1989 2572 2082 2613 eos
2111 2563 2504 2632 prmoceupavit
2533 2563 2584 2617 in
2612 2577 2672 2617 ea
2702 2579 2860 2634 quam
2895 2563 2992 2633 ipsi
3019 2561 3289 2618 habebant
3311 2563 3586 2632 Opinione,

1989 2652 2376 2722 propemodum
2417 2655 2647 2711 dicens:
2678 2657 2721 2711 si
2753 2657 2804 2711 in
2844 2654 2978 2712 ca‘lo
3009 2657 3336 2727 cognoscitis
3369 2673 3464 2712 vos
3495 2656 3589 2710 ha-

1989 2735 2120 2802 bere
2182 2746 2462 2804 meliorem
2528 2750 2920 2818 substantiam,
2986 2751 3116 2805 nihil
3180 2750 3265 2805 hic
3311 2752 3584 2822 quaerite:

1990 2831 2242 2910 patientia
2287 2843 2432 2897 enim
2477 2843 2629 2898 vobis
2679 2860 2815 2915 opus
2863 2854 2984 2910 est,
3047 2861 3154 2900 non
3218 2845 3611 2921 additamenta

1987 2934 2331 3001 certationis,
2387 2945 2446 2990 ut
2490 2935 2542 2990 in
2587 2937 2789 2992 eisdem
2843 2941 3142 3006 maneatis,
3195 2955 3263 2994 ne
3305 2941 3449 3011 quod
3504 2950 3587 2998 est

1988 3025 2139 3081 vobis
2180 3027 2430 3082 traditum
2472 3029 2756 3099 abjieiatis.
2800 3027 2958 3086 Nullo
2988 3032 3095 3086 alio
3136 3029 3289 3087 vobis
3319 3043 3402 3088 est
3427 3048 3585 3103 opus,

1987 3107 2153 3187 quani
2175 3129 2229 3173 ut
2273 3119 2346 3175 ita
2393 3121 2584 3186 stetis,
2632 3131 2688 3176 ut
2731 3121 2996 3187 stetistis,
3051 3130 3109 3176 ut
3155 3138 3276 3177 cum
3307 3122 3372 3178 ad
3423 3124 3584 3178 finem

1987 3211 2341 3278 p'crvencritis
2367 3253 2380 3276 ,
2424 3212 2699 3282 accipiatis
2729 3213 3166 3284 promissionem.
3202 3215 3294 3270 56.
3333 3215 3585 3270 Patientia

1986 3304 2148 3366 enim,
2197 3303 2402 3375 inquit,
2435 3305 2574 3360 vobis
2610 3306 2897 3360 necessaria
2926 3316 3034 3373 est,
3073 3316 3128 3360 ut
3152 3308 3459 3362 voluntatem
3495 3306 3588 3362 Dei

1987 3396 2266 3463 facientes,
2327 3398 2592 3468 reportetis
2652 3399 3059 3468 promissionem.
3113 3400 3234 3456 Uno
3296 3401 3414 3456 solo
3458 3418 3588 3474 ergo

1989 3489 2143 3544 vobis
2169 3505 2307 3561 opus
2328 3501 2501 3555 est,ut
2523 3493 2841 3561 exslieetetis
2870 3491 3182 3548 dilationem
3204 3535 3218 3559 ,
3249 3509 3354 3548 non
3384 3503 3441 3549 ut
3469 3511 3587 3549 rur-

1985 3583 2078 3637 sits
2121 3584 2359 3638 certetis.
2388 3585 2468 3639 Ad
2518 3585 2731 3654 ipsam,
2777 3584 2979 3656 inquit,
3020 3585 3130 3656 jam
3170 3583 3393 3643 venistis
3428 3603 3587 3642 coro-

1985 3689 2109 3729 nam
2137 3689 2157 3740 ,°
2184 3675 2364 3730 omnia
2393 3676 2590 3732 tulistis
2619 3676 2911 3733 certamina
2932 3718 2948 3744 ,
2978 3669 3214 3747 vincula,
3244 3675 3587 3748 afflictioncs,

1987 3764 2156 3837 rapta:
2180 3776 2303 3822 sunt
2339 3777 2531 3823 vestrae
2561 3767 2842 3825 facultates
2877 3787 2890 3823 :
2924 3765 3052 3842 quid
3081 3773 3254 3842 ergo?
3287 3774 3358 3827 De
3388 3786 3589 3829 cmtcro

3041 3861 3146 3918 hoc
3192 3864 3366 3920 solum
3417 3865 3550 3920 ferte
3567 3907 3583 3932 ,

1985 3971 2201 4010 corona:
2247 3953 2439 4010 futura:
2466 3953 2804 4012 dilationem.
2837 3956 2882 4012 Ο
2913 3957 3228 4028 magnitudo
3258 3960 3584 4014 consolatio-

1985 4049 2111 4103 nis!
2162 4046 2233 4104 Ut
2270 4048 2315 4102 si
2360 4047 2479 4118 quis
2514 4048 2655 4103 dicat
2695 4047 2911 4103 athletee
2954 4049 3043 4118 qui
3073 4065 3264 4104 omnes
3295 4050 3590 4120 prosmivit

1985 4151 2041 4196 ct
2076 4142 2432 4211 expugnavit,
2462 4155 2637 4211 neque.
2675 4140 2839 4195 ullum
2875 4138 3037 4196 habet
3063 4139 3432 4198 adversarium
3464 4159 3615 4204 cmn.

1984 4250 2092 4306 quo
2112 4235 2388 4302 decertet,
2422 4240 2476 4307 et
2505 4233 2700 4288 deinde
2727 4234 2795 4288 sit
2825 4234 3168 4291 coronandus
3187 4277 3200 4303 ,
3233 4242 3286 4290 et
3313 4252 3420 4291 non
3453 4235 3588 4292 ferat

1986 4328 2117 4384 illud
2149 4338 2358 4398 tempus
2383 4342 2490 4398 quo
2520 4328 2664 4382 venit
2693 4327 3015 4398 agonotbeta
3041 4368 3059 4394 ,
3090 4337 3144 4384 et
3172 4330 3401 4400 imponit
3428 4345 3586 4385 coro-
3614 4393 3616 4396 τ

1987 4435 2109 4474 nam
2143 4435 2158 4473 :
2193 4418 2282 4473 ille
2325 4427 2505 4474 autem
2542 4434 2648 4472 non
2695 4419 2932 4474 tolerans
2961 4419 3076 4474 vult
3100 4421 3248 4477 exire
3283 4431 3336 4478 et
3369 4411 3619 4492 fugere,“

1987 4524 2046 4569 ut
2072 4513 2158 4584 qui
2207 4528 2312 4567 non
2343 4511 2478 4567 ferat
2520 4511 2664 4566 sitim
2692 4520 2748 4567 et
2772 4519 2985 4568 aestum.
3017 4512 3136 4584 Ipse
3165 4529 3293 4586 ergo
3323 4512 3428 4571 hoc
3456 4509 3616 4572 sub-4

1988 4607 2232 4662 indicans
2254 4605 2382 4677 quid
2402 4606 2531 4662 dicit
2553 4605 2691 4662 1’57.
2719 4606 2902 4661 Adhuc
2923 4607 3056 4662 enim
3083 4606 3337 4662 modicum
3359 4609 3592 4680 aliqnan-
3623 4593 3626 4596 r

1987 4701 2279 4771 tultunque,
2328 4700 2414 4770 qui
2464 4709 2701 4754 venturus
2747 4709 2819 4755 cst
2865 4701 3060 4768 veniet,
3109 4711 3156 4756 et
3200 4719 3302 4756 non
3343 4705 3588 4758 tardabit.

1985 4793 2120 4850 Nam
2153 4810 2220 4849 ne
2260 4795 2534 4862 dicerent,
2566 4804 2617 4850 et
2658 4796 2870 4866 quando
2910 4797 3132 4853 veniet?
3160 4813 3254 4852 eos
3283 4800 3594 4854 consolatur

1987 4902 2053 4943 ex
2081 4885 2398 4956 Scripturis.
2437 4883 2650 4942 Etenim
2681 4886 2897 4959 quando
2922 4886 3051 4944 dicit
3078 4884 3243 4955 alibi,
3275 4887 3495 4963 Propior
3522 4903 3595 4945 est

1983 4981 2157 5027 nastra
2180 4972 2338 5025 salus.
2363 4973 2672 5024 consolatur
2698 4987 2815 5035 eos,
2849 4979 3033 5039 utpote
3057 4987 3177 5024 cum
3208 4982 3374 5027 restet
3401 4990 3591 5044 parutn

1985 5061 2264 5134 temporis.
2311 5060 2419 5117 Nec
2467 5075 2534 5115 ex
2581 5075 2638 5116 se
2687 5059 2793 5115 hoc
2833 5060 2998 5126 dicit,
3029 5060 3123 5116 sed
3151 5071 3228 5117 ‘cx
3273 5061 3588 5133 Seriptnris.

1982 5157 2038 5212 Si
2065 5154 2208 5212 enim
2248 5154 2316 5209 ab
2358 5155 2449 5209 illo
2475 5163 2721 5225 tempore
2766 5154 3079 5222 dicebatur,
3114 5155 3295 5209 Adhuc
3334 5156 3589 5210 modicum
3647 5231 3651 5235 _

1983 5248 2389 5317 aliquantulum,
2436 5248 2523 5319 qui
2557 5263 2796 5303 rentnrus
2839 5258 2909 5303 est
2943 5249 3100 5303 veniet
3120 5291 3134 5315 ,
3166 5259 3211 5302 et
3241 5266 3341 5302 non
3370 5251 3590 5304 tardabit
3636 5269 3655 5291 ο-

1985 5341 2181 5413 (llom.
2227 5341 2316 5396 15.
2346 5343 2405 5397 Η
2433 5342 2451 5413 )
2475 5384 2488 5409 ,
2521 5351 2602 5396 est
2648 5342 2990 5414 perspicuum
3022 5341 3166 5413 quod
3193 5358 3332 5398 nunc
3359 5341 3425 5397 sit
3461 5358 3588 5414 prn-
3641 5331 3657 5410 ﬂ

1988 5435 2254 5504 piuqnior.
2300 5433 2662 5500 Quamobrem
2702 5444 2755 5489 ct
2799 5443 3116 5504 exspectare
3165 5451 3271 5489 non
3314 5449 3476 5506 parva
3509 5436 3624 5490 est

1987 5540 2214 5580 merces.
2237 5524 2328 5579 28.
2349 5525 2529 5579 Justus
2549 5534 2735 5590 autem,
2767 5526 2968 5596 inquit,
2995 5543 3057 5581 ea:
3076 5528 3179 5598 ﬁde
3201 5530 3364 5583 vivet:
3389 5530 3528 5600 quod
3547 5531 3592 5584 si
3627 5523 3630 5526 ’

1983 5618 2288 5687 subtraxerit
2304 5634 2376 5682 se,
2408 5634 2510 5671 non
2543 5617 2758 5686 placebit
2775 5619 2965 5673 anima:
2986 5635 3124 5674 mete.
3154 5619 3277 5676 [huc
3297 5637 3485 5692 magna
3509 5632 3592 5676 est
3613 5615 3628 5631 ⁴

1983 5709 2314 5777 consolatio,
2347 5724 2468 5764 cum
2501 5710 2747 5766 ostendat
2775 5727 2873 5768 eos
2908 5713 3000 5784 qui
3031 5722 3200 5768 totum
3228 5729 3377 5780 recte
3401 5730 3588 5787 gesse-

1983 5789 2105 5862 runt
2133 5845 2146 5872 ,
2180 5803 2231 5860 id
2275 5805 2447 5875 ipsum
2495 5819 2591 5876 per
2618 5805 2924 5862 socordiam
2967 5807 3236 5864 amittere.
3275 5808 3387 5864 Nos
3421 5819 3614 5864 autem-

3193 5889 3269 5952 10
