4172 6452
582 368 609 421 Ἰ
621 364 681 420 ii‘l

597 486 901 525 nouvsumus
932 469 1283 525 subtractionis
1307 471 1406 540 lilii
1430 471 1483 524 iu
1503 473 1859 542 perditionem,
1887 477 1974 529 sed
1997 476 2117 545 ﬁdei
2135 478 2187 532 iu

597 564 970 632 «requisitions»:
986 565 1187 619 anima'.
1201 562 1385 635 (CapJ
1402 562 1451 635 l)
1485 566 1533 620 l.
1552 562 1644 620 Est
1665 576 1830 621 autem
1844 570 1971 638 ﬁdes
1988 588 2190 641 speran-

595 657 776 709 darum
802 656 1077 709 substantia
1098 670 1266 709 rerum
1285 695 1298 720 ,
1323 666 1668 726 argumentum
1690 675 1790 713 non
1813 664 2186 732 apparentium.

592 746 647 797 2.
692 744 761 799 1η
807 746 901 800 hac
945 747 1079 799 enim
1133 746 1473 802 testimonium
1519 751 1819 821 consequuti
1862 762 1981 807 sunt
2023 771 2186 812 senes.

594 840 784 909 Papae!
816 838 957 910 quali
998 838 1230 901 dictione
1256 851 1339 897 est
1364 856 1522 908 usus,
1556 841 1744 899 dicens
1764 884 1780 911 ,
1819 843 2189 916 Argumentum

593 948 693 984 nou
719 935 1102 1002 apparentinm,
1127 931 1243 989 sive
1266 933 1532 989 convictio
1554 950 1739 991 eorum
1763 952 1882 1007 qua:
1907 954 2014 996 non
2042 940 2188 998 vide.

594 1019 828 1076 bantur:
858 1030 1235 1092 argumentum
1281 1024 1425 1079 enim
1465 1024 1660 1082 dicitur
1701 1026 1768 1083 de
1808 1028 1874 1084 iis
1901 1045 2021 1101 qute
2062 1042 2190 1091 sunt

592 1110 745 1166 valde
773 1111 1105 1173 manifesta'.
1125 1112 1285 1169 Fides
1307 1130 1462 1187 ergo,
1494 1117 1683 1188 inquit,
1713 1129 1795 1174 est
1820 1131 2070 1191 aspectus
2090 1139 2187 1181 eo-

590 1220 711 1260 rum
737 1220 858 1276 qua:
886 1221 991 1262 non
1019 1216 1145 1261 sunt
1167 1207 1467 1275 manifesta,
1485 1218 1540 1266 et
1564 1224 1625 1265 ea
1643 1226 1762 1281 qua:
1782 1227 1887 1269 non
1916 1214 2185 1286 videntur,

591 1293 863 1351 deducunt
887 1296 953 1351 ad
984 1297 1232 1353 eumdem
1264 1310 1465 1355 certam
1491 1303 2000 1372 persuasionem,ad
2025 1323 2193 1379 quam

591 1403 713 1458 qute
732 1387 998 1443 videntur.
1018 1387 1203 1460 Neque
1228 1406 1355 1461 ergo
1382 1390 1436 1446 in
1465 1391 1529 1446 iis
1546 1408 1665 1462 qua:
1691 1393 1939 1450 videntur
1967 1397 2093 1455 licet
2122 1400 2187 1454 ﬁ-

590 1480 713 1535 dem
747 1496 851 1535 non
880 1479 1098 1548 habere,
1125 1489 1286 1552 atque
1315 1498 1518 1549 rursus,
1554 1483 1598 1538 si
1622 1484 1688 1539 de
1714 1484 1780 1541 iis
1805 1503 1924 1558 qua:
1950 1506 2059 1546 non
2089 1506 2181 1548 ca-

592 1573 724 1629 dunt
739 1575 839 1630 sub
862 1585 1136 1647 aspectum
1161 1591 1266 1630 non
1286 1577 1519 1645 apertius
1540 1575 1699 1632 fuerit
1719 1581 1947 1651 cuipiam
1965 1597 2187 1651 persua-

593 1682 734 1732 sum,
757 1667 1000 1737 quamde
1031 1667 1094 1721 iis
1121 1683 1239 1738 qua:
1256 1666 1521 1736 videntur,
1549 1684 1655 1724 non
1687 1680 1862 1739 potest
1886 1688 2006 1729 esse
2026 1674 2180 1733 ﬁdes.

591 1757 724 1811 Nam
764 1758 1013 1828 quoniam
1050 1773 1170 1828 qua:
1208 1767 1334 1813 sunt
1376 1761 1429 1814 in
1470 1774 1566 1830 spe
1600 1776 1704 1816 non
1745 1763 1996 1819 videntur
2022 1781 2183 1836 posse

591 1848 926 1914 consistere;
975 1848 1105 1904 ﬁdes
1133 1848 1211 1903 eis
1245 1849 1412 1904 donat
1446 1851 1795 1908 substantiam
1823 1871 1838 1913 :
1890 1856 1971 1910 vel
2003 1859 2180 1927 potius

592 1956 697 1997 non
742 1940 943 2010 donat,
989 1942 1084 1998 sed
1131 1943 1233 1998 hoc
1273 1944 1446 2015 ipsum
1473 1956 1555 2001 est
1594 1963 1782 2004 eorum
1813 1952 2045 2006 essentia
2077 1969 2090 2007 :
2120 1962 2181 2010 ut

589 2033 819 2103 exempli
865 2047 1054 2100 causa,
1099 2049 1206 2090 non
1238 2035 1456 2092 advenit
1483 2040 1845 2107 resurrectio,
1890 2058 2062 2115 neque
2099 2050 2184 2101 est

589 2125 641 2178 in
671 2123 964 2179 substantia
986 2168 1000 2192 ,
1036 2125 1087 2181 id
1118 2137 1200 2183 est
1232 2143 1337 2183 nou
1368 2129 1649 2199 consistit,
1689 2131 1784 2187 sed
1820 2148 1944 2204 spes
1972 2133 2096 2190 facit
2125 2143 2184 2194 ut

588 2223 652 2262 ea
679 2209 934 2265 consistat
962 2212 1013 2265 in
1044 2222 1223 2268 nostra
1246 2217 1443 2273 anima.
1473 2216 1588 2272 iloe
1613 2228 1694 2274 est
1720 2236 1898 2276 rerum
1929 2240 2046 2294 qua:
2062 2240 2185 2295 spe-

582 2310 777 2356 rantur
817 2302 1135 2359 substantia.
1183 2305 1239 2362 Si
1285 2315 1366 2361 cst
1406 2323 1534 2379 ergo
1576 2322 1949 2380 argumentum
1993 2330 2183 2371 eorum

589 2408 710 2462 qua:
759 2408 863 2448 non
909 2395 1197 2466 videntur,
1232 2399 1369 2470 quid
1400 2415 1462 2455 ea
1490 2401 1650 2456 vultis
1680 2404 1897 2473 videre,
1931 2419 2045 2463 uta
2079 2407 2182 2466 ﬁde

579 2484 848 2541 excidatis
867 2495 920 2542 et
941 2501 969 2540 a
990 2488 1195 2557 justitia
1217 2530 1234 2557 ,
1264 2490 1310 2545 si
1338 2491 1550 2561 quidem
1569 2492 1747 2564 justus
1769 2509 1834 2551 ex
1865 2497 1969 2553 ﬁde
1997 2500 2140 2554 vivet
2157 2498 2185 2554 ἲ

591 2574 701 2630 Vos
746 2587 923 2632 autem
971 2583 1014 2634 si
1054 2595 1117 2635 ea
1156 2580 1319 2637 vultis
1364 2582 1583 2652 videre,
1632 2601 1739 2640 non
1781 2588 1910 2643 estis
1952 2591 2184 2661 amplius

589 2667 797 2723 fideles.
824 2668 1167 2740 Laborastis,
1201 2674 1375 2745 inquit
1398 2716 1412 2741 ,
1443 2676 1765 2733 decertastis
1796 2697 1809 2732 :
1840 2695 1940 2751 ego
1969 2698 2183 2755 quoque

586 2757 692 2813 hoc
708 2758 830 2815 dico
858 2779 871 2815 :
904 2763 997 2816 sed
1027 2772 1371 2835 exspectate;
1402 2767 1504 2824 hoc
1533 2770 1674 2825 enim
1700 2780 1785 2827 est
1814 2772 1985 2829 fides:
2014 2775 2180 2832 nolite

590 2848 898 2906 universum
930 2851 1018 2907 hic
1044 2869 1311 2924 quarrere.

646 2941 711 2995 .5.
741 2941 867 2998 lituo
887 2943 1030 3000 dicta
1059 2946 1273 3017 quidem
1301 2957 1426 3006 sunt
1450 2951 1517 3006 ad
1542 2952 1833 3026 Hebr-sees;
1860 2967 1946 3015 est
1994 2969 2175 3017 autem

582 3038 890 3091 communis
919 3037 1218 3095 admonitio
1249 3042 1410 3098 etiam
1439 3045 1507 3100 ad
1536 3047 1730 3103 multos
1756 3066 1825 3106 ex
1873 3052 1937 3108 iis
1967 3052 2059 3123 qui
2089 3053 2179 3111 hic

588 3139 715 3182 sunt
737 3132 1070 3203 congregati.
1086 3132 1332 3202 Quonam
1358 3139 1519 3195 modo
1536 3142 1562 3194 ἲ
1582 3140 1661 3196 Ad
1682 3158 1775 3198 eos
1807 3146 1896 3215 qui
1923 3156 2049 3202 sunt
2080 3164 2180 3218 pu-

584 3220 693 3274 silli
714 3230 768 3276 et
793 3222 986 3293 abjecti
1010 3224 1196 3281 animi.
1231 3226 1361 3283 Nam
1384 3231 1598 3301 quando
1626 3233 1861 3291 viderint
1890 3238 2061 3293 malos
2089 3255 2178 3298 res

588 3325 713 3366 suas
736 3313 872 3368 bene
898 3329 1106 3385 gerere,
1129 3332 1189 3373 se
1213 3328 1389 3375 autem
1411 3337 1535 3378 suas
1555 3324 1713 3393 male,
1739 3326 1944 3397 dolent,
1968 3331 2181 3390 tristitia

586 3402 898 3460 afﬁciuntur
913 3416 966 3460 et
981 3422 1122 3478 tegre
1140 3407 1485 3483 ferunt,quod
1502 3414 1713 3471 illorum
1729 3416 2042 3477 desiderent
2058 3437 2178 3492 sup-
2230 3454 2235 3459 -

589 3492 808 3561 plieium
832 3505 885 3550 et
913 3497 1190 3568 ultionem,
1214 3511 1267 3557 et
1294 3506 1435 3573 quod
1467 3505 1708 3562 laborum
1736 3524 1954 3566 suorum
1986 3528 2180 3583 exSpe-

571 3591 736 3640 telent
764 3588 1090 3644 mercedem.
1124 3592 1303 3648 Adhuc
1328 3596 1463 3650 enim
1489 3598 1743 3655 modicum
1771 3600 2173 3673 aliquantulum,

573 3676 675 3748 .qui
690 3688 929 3735 venturus
945 3691 1018 3736 est
1030 3699 1117 3738 ven
1125 3682 1211 3753 iet,
1224 3693 1270 3740 et
1291 3703 1390 3742 non
1405 3690 1653 3759 tardabit,
1669 3690 1879 3748 dicebat
1897 3703 2021 3751 tunc
2038 3694 2180 3753 Dau-

578 3770 692 3826 lus.
721 3771 788 3828 Et
814 3788 912 3829 nos
933 3790 1062 3847 ergo
1088 3776 1203 3833 btec
1225 3778 1470 3836 dicamus
1499 3782 1708 3854 ignavis
1732 3794 1787 3840 et
1814 3787 2133 3845 socordibus
2160 3809 2172 3846 :

587 3862 818 3920 Omnino
847 3870 948 3922 erit
966 3868 1189 3938 punitio,
1209 3874 1430 3929 'omuino
1447 3877 1626 3931 veniet
1643 3893 1658 3944 ;
1666 3875 1777 3946 jam
1794 3887 1882 3934 est
1902 3881 1954 3935 in
1976 3880 2180 3941 foribus

584 3960 930 4016 resurrectio.
986 3962 1286 4034 Undenam,
1316 3968 1510 4041 inquit,
1543 3973 1796 4029 constat?
1819 3974 1938 4031 Non
1966 3977 2088 4035 dico
2112 3996 2179 4035 ex

585 4050 898 4124 prophetis:
923 4070 1027 4111 non
1051 4060 1192 4114 enim
1223 4060 1289 4114 ad
1315 4060 1652 4121 Christianos
1677 4067 1854 4124 solum
1877 4084 2019 4127 nunc
2038 4086 2069 4128 a
2091 4088 2178 4129 me

581 4143 748 4198 verba
769 4144 937 4214 ﬁunt;
961 4148 1056 4204 sed
1080 4151 1291 4206 etiamsi
1315 4151 1385 4207 sit
1410 4151 1651 4224 Graacus,
1675 4158 1890 4216 conﬁdo
1920 4163 2096 4232 plane,
2122 4172 2178 4219 ct

570 4245 762 4292 certas
784 4241 1125 4308 probationes
1142 4242 1331 4312 affero,
1347 4255 1536 4303 eteum
1559 4247 1796 4307 docebo:
1818 4256 2177 4325 etquomodo,

573 4328 731 4386 audi.
755 4331 916 4388 Multa
945 4336 1195 4405 prmdixit
1221 4336 1489 4396 Christus.
1521 4340 1578 4397 Si
1610 4343 1699 4399 illa
1723 4360 1830 4401 non
1852 4359 2176 4417 evenerunt,

585 4436 688 4478 nec
714 4421 829 4480 bmc
848 4425 1177 4483 credideris:
1198 4430 1280 4483 sin
1304 4442 1482 4487 autem
1506 4435 1686 4490 omnia
1710 4449 2029 4506 evenerunt,
2049 4440 2177 4510 quid

574 4515 797 4573 dubitas
824 4519 892 4576 de
918 4521 1185 4592 reliquis?
1209 4523 1370 4594 Atqui
1400 4526 1581 4581 minus
1603 4537 1757 4584 esset
1788 4529 2091 4600 probabile,
2133 4535 2177 4590 si

581 4608 714 4663 nihil
761 4613 1047 4680 evenisset,
1086 4614 1191 4673 iliis
1216 4616 1440 4674 credere
1462 4660 1478 4686 ,
1507 4635 1667 4689 quam
1689 4637 1812 4678 cum
1842 4626 2021 4682 omnia
2048 4642 2177 4684 eve-

580 4711 795 4766 nerunt,
812 4701 896 4760 his
912 4721 1013 4759 non
1033 4703 1275 4763 credere.
1294 4704 1457 4779 Magis
1477 4720 1654 4766 autem
1666 4714 1913 4784 exemplo
1928 4731 2044 4773 rem
2063 4720 2175 4775 red-

572 4793 703 4849 dam
723 4795 1083 4853 manifestam.
1100 4798 1242 4853 Dixit
1256 4798 1503 4857 Christus
1525 4800 1759 4860 futurum
1778 4814 1835 4863 ut
1850 4820 2174 4879 caperentur

577 4884 945 4959 Jcrosolyma,
982 4889 1072 4944 tali
1098 4891 1410 4960 captivitate
1429 4935 1446 4959 ,
1473 4902 1534 4948 ut
1563 4896 1704 4950 nulla
1731 4912 1985 4972 umquam
2008 4901 2171 4959 fuerit

578 4976 877 5044 ejusmodi,
909 4987 965 5037 et
994 4994 1056 5035 ea
1091 4996 1197 5037 non
1237 4982 1467 5052 amplius
1489 4996 1677 5043 essent
1699 4991 1983 5049 excitanda
2008 4992 2168 5067 (Luc.

585 5068 673 5124 t9.
703 5070 798 5142 44)
823 5090 837 5125 :
860 5079 916 5126 et
939 5071 1007 5127 ad
1048 5071 1300 5129 eﬁ‘ectum
1325 5074 1555 5135 deducta
1583 5090 1668 5136 est
1697 5083 1997 5153 prmdictio.
2024 5087 2169 5144 Dixit

580 5174 829 5232 magnam
856 5162 1086 5218 futuram
1117 5165 1465 5224 afﬁictionem
1492 5189 1507 5228 :
1534 5181 1591 5227 et
1617 5174 1815 5229 evenit.
1845 5175 1993 5231 Dixit
2026 5186 2164 5233 tam-

580 5270 740 5319 quam
771 5255 943 5324 sinapi
975 5258 1294 5317 semiuatum
1318 5263 1707 5320 extendendae:
1750 5281 1872 5324 esse
1899 5269 2158 5338 pradica-

579 5343 780 5399 tiouem
828 5343 1021 5417 (Marc.
1048 5343 1579 5412 l5.2;dlault.24.2i
1618 5354 1782 5422 ;Luc.
1819 5359 1908 5416 13.
1940 5360 2031 5431 19)
2063 5380 2076 5419 :
2105 5370 2161 5419 et

576 5451 698 5490 eam
716 5434 957 5491 videmus
994 5440 1230 5508 quatidie
1260 5451 1427 5497 totum
1452 5446 1637 5501 urbem
1661 5458 1822 5505 terra:
1839 5453 2151 5522 pervadere.

570 5529 720 5582 Dixit
748 5524 980 5585 futurum
1001 5541 1056 5588 ut
1077 5534 1166 5604 qui
1193 5545 1419 5605 patrem,
1439 5548 1532 5594 aut
1554 5549 1803 5610 matrem,
1824 5556 1917 5601 aut
1933 5544 2151 5615 fratres,

639 5685 656 5714 ί
682 5681 738 5758 In
769 5680 925 5758 lidius
946 5683 1125 5758 legitur
1143 5689 1791 5758 obscuraufoeomanifesta.
1817 5694 2162 5758 sedquoniam
2202 5696 2205 5699 ί

567 5748 623 5819 tu
645 5748 851 5819 vetustis
867 5754 918 5796 et
941 5748 1225 5819 posterioris
1251 5752 1344 5819 aevi
1362 5750 1616 5805 Codicibus
1638 5748 1819 5819 lectum
1842 5748 1990 5809 fuerit
2011 5759 2162 5809 mimi-

573 5808 712 5871 testa,
737 5807 809 5858 sic
828 5807 1163 5862 incunctanter
1183 5812 1450 5874 posuimus.

1399 352 1453 407 S.
1495 352 1769 408 JO.\N.\’lS
1795 353 2151 412 CliTtYSOST
2155 351 2269 409 0M1
2306 351 2619 411 A'liCHl’EP.
2662 353 3227 421 CONSTANTINOP._

3754 349 3861 404 13?.

2291 488 2382 532 aut
2429 491 2646 531 sorores
2689 477 3045 546 reliquerint,
3091 485 3268 546 patres
3319 485 3374 532 et
3412 486 3613 534 matres
3638 476 3878 534 habeant

2292 567 2504 635 (.llault.
2536 568 2621 621 19.
2651 565 2741 638 29)
2772 584 2786 622 :
2817 576 2872 622 et
2928 566 3030 620 hoc
3078 567 3322 622 videmus
3367 583 3427 623 rc
3482 570 3595 638 ipsa
3637 569 3877 639 impleri.

2292 658 2463 721 Dixit,
2498 657 2565 711 In
2594 658 2783 712 numdo
2811 658 3128 729 aﬂiictionem
3158 658 3444 726 habebitis;
3487 660 3578 715 sed
3601 660 3873 730 conﬁdite,

2286 763 2378 818 ego
2405 748 2496 801 viri
2530 748 2777 802 muitdum
2804 747 2986 821 (Joan.
3008 750 3096 804 16.
3120 749 3210 820 ’55)
3236 766 3251 814 ;
3281 749 3384 804 hoc
3412 759 3494 805 est
3516 789 3534 815 ,
3573 750 3746 806 Nemo
3774 765 3878 806 vos

2287 842 2562 910 superabit
2588 860 2601 897 :
2634 841 2812 897 ethoc
2833 841 3078 898 videmus
3106 842 3281 912 reipsa
3304 843 3570 898 evenisse.
3590 843 3735 899 Dixit
3754 842 3881 898 fore

2278 941 2346 990 ut
2372 933 2660 989 inferortun
2684 942 2852 1004 porta:
2876 932 3134 987 adversus
3153 932 3444 988 Ecclesium
3468 948 3574 988 non
3596 934 3705 987 sint
3723 949 3877 1005 pne-

2283 1022 2528 1081 Valiturze
2564 1022 2793 1097 '(dlattlt.
2826 1024 2915 1079 16.
2946 1025 3072 1091 18),
3111 1025 3355 1095 quatuvis
3398 1028 3874 1095 perseqmrtionetu

2283 1119 2534 1188 patiatur,
2564 1126 2618 1171 et
2640 1116 2909 1171 neminem
2939 1115 3329 1170 exstincturum
3361 1129 3481 1171 esse
3531 1116 3878 1186 prtedicatio—

2283 1225 2404 1264 nem
2437 1225 2450 1262 :
2480 1217 2535 1263 et
2575 1207 2699 1263 huic
2746 1206 3080 1278 prmdictioui
3121 1206 3485 1262 testimonium
3528 1207 3635 1263 fert
3685 1225 3873 1265 rerum

2280 1300 2629 1370 experientia.
2665 1299 2825 1369 Atqui
2874 1308 2998 1353 tunc
3025 1313 3148 1353 cum
3190 1297 3306 1353 hmc
3330 1298 3572 1366 diceret,
3616 1316 3721 1355 non
3750 1311 3874 1356 erat

2279 1390 2565 1445 admodum
2598 1389 2704 1446 ﬁde
2732 1389 2949 1461 dignus.
2979 1388 3197 1455 Quare?
3220 1390 3480 1458 Quoniam
3510 1392 3685 1446 omnia
3710 1404 3872 1447 erant.

2279 1481 2440 1536 verba
2464 1524 2476 1546 ,
2509 1490 2563 1536 ct
2592 1497 2778 1536 eorum
2807 1497 2927 1552 qua:
2965 1480 3111 1536 dicta
3152 1481 3400 1548 fuerunt,
3424 1482 3661 1538 nondtun
3695 1485 3864 1539 ullam

2279 1572 2549 1642 praebebat
2572 1571 2969 1642 probationem.
2998 1570 3358 1639 Quamobrem
3382 1587 3527 1629 nunc
3541 1582 3666 1629 sunt
3693 1576 3865 1632 mulo

2276 1664 2639 1721 credibiliora.

2306 1762 2309 1767 ’
2350 1759 2499 1826 Quod
2533 1760 2687 1828 liuent
2719 1759 2897 1814 mundi
2942 1760 3229 1830 proximum
3244 1759 3516 1815 crediderit
3559 1760 3867 1832 Chrysosto-

2275 1867 2408 1923 mus.
2440 1881 2510 1893 ——
2543 1851 2716 1917 Dixit,
2759 1866 2881 1905 cum
2931 1852 3280 1923 prmdicatum
3326 1851 3485 1909 fuerit
3514 1854 3858 1923 Evangelium

2273 1920 2522 1996 omnibus
2546 1942 2815 2012 gentibus,
2844 1920 2970 1996 tunc
2994 1941 3157 1998 ﬁnem
3184 1957 3306 1998 esse
3350 1953 3630 1998 venturum
3667 1945 3899 2006 (Matth-

2271 2035 2362 2090 ει.
2390 2036 2478 2107 Li)
2515 2054 2527 2089 :
2561 2050 2687 2090 ecce
2728 2034 2795 2090 ad
2826 2034 2985 2092 linem
3023 2038 3133 2106 jam
3167 2036 3526 2105 pervenimus.
3556 2033 3682 2090 Fuit
3709 2037 3860 2093 enim

2277 2128 2621 2197 praedicatum
2651 2127 2845 2199 majori
2876 2127 3016 2197 parti
3070 2129 3217 2183 orbis
3250 2138 3405 2184 terra:
3436 2147 3451 2184 :
3478 2128 3588 2199 jam
3619 2144 3751 2201 ergo
3778 2130 3864 2183 in-

2272 2227 2376 2273 stat
2396 2217 2540 2273 ﬁnis.
2575 2218 2928 2283 llorreamus,
2961 2236 2993 2273 ο
3022 2218 3224 2277 dilecti.
3249 2219 3385 2287 Quid
3409 2234 3558 2285 vero,
3577 2218 3662 2275 dic
3684 2219 3819 2279 mihi
3836 2219 3863 2274 2

2271 2307 2337 2364 de
2367 2308 2471 2364 ﬁne
2495 2320 2548 2364 tu
2575 2324 2633 2364 es
2651 2309 2947 2363 sollicitus?
2969 2308 3083 2380 ipse
3106 2309 3317 2381 quidem
3342 2311 3452 2379 jam
3481 2326 3646 2381 prope
3664 2311 3887 2382 adest;.

2279 2383 2697 2453 uniuscujusque
2735 2394 2913 2439 autem
2941 2387 3046 2441 vita
3076 2397 3131 2443 et
3169 2405 3316 2446 mors
3344 2400 3427 2447 est
3458 2395 3812 2466 propinquior
3842 2417 3859 2450 :
3888 2470 3897 2475 .

2270 2472 2398 2528 «Dies
2419 2476 2586 2540 enim,
2619 2477 2811 2546 inquit,
2844 2488 3130 2533 nostrorum
3155 2498 3403 2537 annorum
3419 2484 3470 2538 in
3497 2486 3620 2555 ipsis
3649 2498 3869 2555 septua-

2263 2597 2268 2603 -
2274 2567 2415 2637 ginta
2434 2569 2557 2622 armi
2575 2586 2593 2633 ,'
2610 2571 2655 2623 si
2665 2585 2788 2624 ivero
2808 2570 2859 2624 in
2876 2573 3239 2642 potentatibus,
3261 2578 3513 2649 octoginta
3529 2580 3667 2634 anui.
3682 2580 3864 2653 Prope

2275 2656 2390 2712 dies
2436 2667 2517 2713 est
2555 2658 2771 2728 judicii,
2805 2661 3085 2717 timeamus
3114 2665 3347 2723 tandem.
3378 2664 3566 2723 Frater
3593 2686 3691 2724 non
3720 2676 3868 2726 redi-

2276 2749 2385 2811 mit,
2426 2749 2637 2805 redimet
2674 2752 2824 2807 homo
2868 2751 3262 2825 (Psal.89.10.
3290 2767 3336 2811 et
3383 2758 3472 2815 48.
3497 2760 3593 2831 8)?
3630 2763 3866 2820 Multum

2278 2841 2561 2909 pmnitebit
2584 2856 2681 2897 nos
2720 2844 2871 2910 illic;
2902 2846 2995 2901 sed
3036 2847 3087 2902 in
3119 2861 3292 2907 morte
3315 2853 3493 2910 nullus
3515 2855 3864 2915 conﬁtebitur

2275 2932 2398 2999 ipsi.
2420 2931 2710 3002 Propterea
2741 2935 2888 3004 dicit,
2915 2936 3290 2997 Proveniamus
3301 2946 3481 3015 faciem
3508 2948 3619 3019 ejus
3646 2951 3700 3004 in
3728 2969 3867 3009 cou-

2273 3023 2489 3094 fusione
2518 3025 2688 3095 (Psal.
2706 3027 2753 3082 6.
2771 3028 2822 3083 6.
2853 3040 2897 3084 et
2916 3030 3112 3103 94.2);
3144 3034 3245 3090 hoc
3272 3046 3373 3103 est,
3403 3041 3520 3108 ejus
3540 3043 3860 3101 adventum.

2273 3111 2404 3169 Nam
2434 3114 2521 3172 hic
2550 3117 2762 3187 quidem
2790 3118 2842 3174 id
2864 3122 3005 3191 quod
3037 3124 3320 3182 fecerimus
3344 3170 3360 3195 ,
3395 3131 3503 3184 vim
3528 3131 3708 3199 habet,
3743 3136 3863 3194 illic

2273 3215 2452 3263 autem
2469 3223 2830 3281 nequaquam.
2862 3213 2956 3268 Dic
2982 3229 3186 3284 quaeso,
3214 3218 3260 3274 si
3290 3221 3411 3291 quis
3434 3236 3533 3278 nos
3562 3224 3616 3279 in
3637 3226 3861 3285 ardenti

2273 3298 2410 3368 ignis
2454 3298 2668 3357 fornace
2712 3319 2881 3373 parvo
2937 3315 3181 3377 tempore
3218 3316 3487 3383 statuerit,
3523 3331 3629 3372 non
3671 3323 3859 3379 etruria

2272 3390 2655 3447 sustinebimus
2685 3409 2783 3464 pro
2813 3395 3153 3466 liberatione,
3182 3402 3391 3458 etiamsi
3412 3409 3670 3477 pecunias
3691 3428 3862 3482 opor-

2274 3488 2382 3534 teat
2411 3480 2736 3550 profunderc
2757 3527 2773 3552 ,
2822 3487 3035 3542 etiamsi
3084 3492 3397 3550 servitutem
3427 3498 3655 3565 subire?
3681 3480 3857 3569 Quam

2273 3573 2429 3629 multi
2459 3575 2511 3629 in
2556 3590 2748 3645 graves
2779 3581 2999 3635 morbos
3048 3581 3386 3653 inciderunt,
3416 3597 3475 3644 et
3503 3593 3672 3660 parati
3701 3609 3861 3655 erant

2270 3664 2401 3721 dare
2449 3668 2628 3721 omnia
2682 3668 2748 3723 ad
2795 3671 3189 3741 valetudinem,
3234 3677 3278 3731 si
3328 3694 3722 3752 proponeretur
3776 3689 3862 3743 eis

2271 3758 2461 3828 optio?
2488 3757 2547 3814 Si
2574 3774 2702 3830 ergo
2733 3762 2951 3817 morbus
2972 3762 3122 3819 brevi
3153 3765 3353 3830 durans
3377 3778 3624 3842 tempore
3653 3775 3723 3830 ita
3756 3794 3861 3835 nos

2270 3861 2427 3906 vexat
2452 3859 2506 3906 et
2537 3852 2780 3908 molestia
2809 3853 2998 3920 afﬁcit,
3029 3856 3158 3927 quid
3192 3858 3298 3914 illic
3324 3859 3602 3932 faciemus,
3635 3869 3860 3937 quando

2200 3960 2206 3967 ο
2269 3944 2451 3998 nullus
2477 3943 2577 3998 erit
2607 3959 2735 3999 usus
2762 3947 3312 4018 ptenltentiariQuam
3334 3956 3514 4011 multis
3543 3973 3684 4027 nunc
3711 3962 3860 4030 pleni

2268 4052 2456 4093 sumus
2486 4037 2662 4106 malis,
2687 4049 2742 4094 et
2782 4054 2889 4094 non
2918 4043 3182 4098 sentimus
3206 4043 3229 4098 ?
3255 4046 3394 4102 alter
3423 4049 3653 4107 alterum
3700 4071 3857 4110 utor-

2198 4146 2201 4153 '
2266 4130 2478 4200 demus,
2508 4133 2644 4188 alter
2659 4136 2888 4192 alterum
2913 4139 3280 4196 consumimus
3301 4141 3551 4212 iujuriam
3571 4147 3854 4219 facientes,

2265 4236 2603 4290 accusantes,
2629 4227 3042 4295 calumniantes,
3072 4231 3439 4301 proximorum
3455 4237 3690 4308 gloriam
3707 4259 3860 4313 agre

2268 4317 2520 4372 ferentes.
2550 4318 2618 4373 Et
2663 4320 2783 4375 vide
2814 4337 2926 4376 rem
2975 4338 3192 4395 gravent
3223 4344 3236 4381 :
3282 4343 3408 4384 cum
3436 4331 3671 4388 voluerit
3699 4337 3856 4405 quis-

2198 4426 2201 4429 ·
2265 4408 2409 4477 piam
2440 4409 2635 4466 laedere
2662 4414 2891 4483 proximi
2919 4416 3398 4488 existimationem,
3421 4421 3551 4494 dicit
3582 4442 3594 4477 :
3624 4425 3723 4483 llic
3764 4430 3858 4486 vel

2264 4498 2358 4554 ille
2383 4498 2489 4554 hoc
2511 4500 2645 4556 dixit
2675 4518 2689 4556 :
2716 4502 2878 4571 Deus,
2906 4504 3007 4561 hoc
3028 4507 3160 4562 mihi
3189 4510 3432 4567 condam
3457 4553 3474 4578 ,
3520 4530 3588 4570 ne
3609 4531 3698 4572 me
3722 4532 3859 4575 exa-

2263 4590 2459 4657 mines,
2487 4606 2614 4647 reus
2634 4606 2753 4649 sum
2784 4598 3042 4654 rumoris.
3074 4599 3185 4657 Cur
3210 4616 3339 4674 ergo
3367 4608 3588 4663 orunino
3613 4609 3772 4678 dicis,
3807 4614 3860 4669 si

2267 4697 2376 4735 non
2402 4682 2621 4738 credis?
2651 4700 2748 4740 Cur
2772 4687 2913 4744 dicis
2943 4689 2966 4744 ?
2992 4707 3090 4748 cur
3138 4695 3308 4753 multo
3360 4713 3577 4754 rumore
3604 4700 3742 4759 facis
3793 4715 3860 4760 ut

2261 4781 2333 4838 sit
2360 4780 2661 4836 credibile?
2690 4796 2788 4836 cur
2814 4780 3121 4837 sermonem
3150 4780 3465 4837 musmittis
3494 4780 3586 4852 qui
3630 4794 3740 4837 non
3768 4792 3863 4837 est

2262 4887 2419 4929 verus
2433 4873 2460 4928 7
2487 4882 2544 4928 tu
2570 4888 2672 4927 non
2687 4872 2886 4939 credis;
2900 4882 2954 4928 et
2978 4872 3145 4927 Deum
3162 4886 3318 4944 rogas
3342 4879 3523 4928 utnon
3540 4872 3814 4928 examinet
3838 4907 3857 4927 .

2260 4963 2379 5021 Noli
2401 4979 2529 5037 ergo
2552 4964 2733 5020 dicere
2753 5007 2769 5032 ,
2800 4964 2892 5019 sed
2914 4973 3049 5031 tace,
3078 4971 3133 5019 et
3158 4963 3224 5019 ab
3252 4963 3397 5018 omni
3427 4971 3572 5018 metu
3597 4962 3857 5019 liberate.

2332 5060 2387 5115 ι.
2427 5057 2531 5114 Sed
2561 5059 2741 5113 nescio
2760 5058 2899 5113 unde
2922 5057 3009 5112 hic
3032 5058 3250 5112 morbus
3279 5056 3471 5135 incidit
3498 5057 3550 5111 in
3576 5056 3855 5114 homines:

2260 5166 2448 5209 sumus
2490 5160 2779 5221 nugatores
2804 5192 2819 5215 ,
2871 5150 2923 5204 in
2965 5150 3141 5221 anima
3185 5160 3368 5235 nostra
3401 5150 3534 5205 nihil
3582 5161 3854 5207 remanet.

2260 5245 2401 5302 Audi
2424 5242 2710 5314 quemdam
2735 5243 3033 5313 sapientem
3060 5241 3442 5299 admonentem
3468 5252 3525 5299 et
3544 5242 3852 5298 dicentem:

2259 5336 2460 5394 Audisti
2487 5335 2689 5390 verbum
2710 5335 2737 5389 .’
2760 5335 2814 5388 iu
2843 5343 2890 5389 te
2917 5336 3166 5390 moriatur
3192 5352 3211 5400 ;
3239 5334 3459 5409 conﬁde,
3488 5351 3591 5393 non
3624 5346 3671 5389 te
3708 5351 3856 5389 rum-

2257 5438 2340 5500 pet
2358 5445 2378 5494 ;
2396 5437 2452 5484 et
2471 5443 2658 5485 rursus
2681 5469 2696 5493 ,
2716 5427 2924 5481 Audiuit
2941 5427 3143 5481 verbum
3162 5428 3370 5495 stultus,
3387 5438 3437 5483 et
3460 5429 3699 5498 parturiit
3717 5437 3856 5482 tant-

2255 5537 2409 5590 quam
2437 5538 2468 5573 α
2493 5519 2627 5589 [acie
2654 5520 2865 5590 infantis
2881 5534 2939 5572 ea
2959 5533 3073 5589 quae
3091 5518 3224 5586 parit
3241 5517 3262 5589 (
3286 5516 3448 5573 Eccii.
3472 5518 3558 5575 l9.
3592 5517 3680 5573 10.
3714 5519 3772 5572 Η
3807 5516 3851 5586 ).

2257 5614 2455 5667 Sumus
2472 5610 2702 5681 prompti
2725 5609 2791 5664 ad
2818 5609 3209 5674 accusationes,
3242 5610 3410 5679 parati
3428 5610 3493 5663 ad
3517 5609 3852 5664 condemna-

2259 5706 2453 5760 tiones.
2487 5703 2705 5757 Etiamsi
2737 5702 2943 5757 nullum
2972 5700 3116 5757 aliud
3148 5701 3348 5756 malum
3399 5700 3597 5756 factum
3642 5710 3792 5757 esset
3817 5715 3849 5755 a
3898 5760 3907 5765 ,

2260 5800 2415 5857 nobis
2438 5840 2452 5865 ,
2487 5795 2590 5853 hoc
2635 5796 2764 5853 satis
2793 5788 3036 5854 esset‘ad
3081 5809 3182 5853 uos
3211 5794 3514 5864 perdendos
3536 5835 3553 5865 ,
3596 5804 3649 5851 et
3676 5793 3846 5851 abdo.
