4172 6490
335 427 440 484 155

329 523 542 582 centius
572 521 629 578 in
667 520 978 594 gehennam
1008 537 1022 573 :
1052 519 1154 576 hoc
1200 533 1298 576 nos
1352 521 1590 591 implicat
1629 530 1685 578 et
1737 521 1962 578 involvit

331 619 497 674 malis
557 612 1081 671 innumerabilibus.
1159 611 1225 667 Et
1272 622 1331 666 ιιι
1388 613 1692 670 accuratius
1740 613 1958 680 discas,

331 706 830 778 audiPropbctam
877 704 1186 769 dicentem,
1218 704 1415 760 Sedens
1456 711 1699 761 adversus
1745 710 1960 779 fratrem

333 817 478 860 tuum
515 800 816 872 loquebaris
859 797 1036 869 (Psal.
1067 797 1152 853 49.
1185 795 1300 867 20).
1333 800 1403 852 At
1430 812 1535 852 non
1560 813 1660 870 ego
1684 839 1699 863 ,
1747 800 1958 870 inquit,

336 899 431 956 sed
472 898 591 953 ille.
624 895 743 951 lmo
785 910 918 950 vero
951 903 1006 948 tu
1041 911 1054 948 :
1087 894 1131 950 si
1167 904 1220 948 tu
1247 894 1392 950 enim
1425 909 1530 949 non
1559 894 1791 951 dixisses
1817 938 1832 964 ,
1867 895 1960 952 ille

339 1009 441 1048 non
465 988 777 1044 audivisset
809 1005 822 1042 :
856 985 1001 1058 quod
1031 985 1077 1040 si
1106 986 1270 1040 etiam
1294 995 1410 1040 eral
1438 986 1744 1053 auditurus,
1778 987 1874 1044 sed
1904 998 1958 1044 tu

339 1103 440 1142 non
470 1084 682 1140 fuisses
702 1090 896 1136 auctor
927 1081 1150 1151 peccati.
1169 1080 1303 1136 Cum
1331 1090 1574 1150 oporteat
1603 1081 1836 1152 proximi
1864 1083 1956 1137 dc-

337 1182 458 1235 licta
488 1178 678 1233 velare
706 1184 766 1232 et
795 1184 983 1245 tegere
1010 1214 1026 1238 ,
1061 1183 1117 1227 ιιι
1146 1181 1410 1243 [ιι-ιιιιθιιιι
1447 1172 1734 1242 probitatis
1762 1190 1823 1229 ea
1849 1185 1958 1230 tra-

334 1271 525 1332 ducis?
567 1268 693 1326 Non
744 1283 805 1323 es
841 1274 1128 1322 accusator
1151 1305 1168 1330 ,
1213 1264 1310 1320 sed
1344 1274 1578 1336 nugator
1603 1308 1618 1332 ,
1674 1267 1876 1322 delirus
1903 1277 1959 1324 et

337 1366 561 1422 stultus.
592 1361 644 1418 Ο
668 1359 896 1416 solertia
923 1358 938 1412 Ξ
974 1358 1203 1426 teipsum
1233 1372 1356 1410 cum
1387 1357 1478 1410 illo
1505 1357 1710 1427 pudore
1738 1359 1909 1414 allicis
1936 1401 1951 1427 ,

327 1471 382 1517 et
423 1474 538 1514 non
574 1452 796 1510 sentis?
841 1450 976 1506 Vide
1005 1457 1185 1503 autem
1231 1459 1362 1519 quot
1392 1449 1528 1503 tnala
1572 1449 1697 1504 hinc
1724 1465 1956 1504 nascan-

329 1565 414 1608 tur
447 1570 464 1606 :
495 1549 676 1604 Deum
708 1543 919 1607 irritas,
953 1541 1262 1612 proximum
1289 1541 1474 1596 dolore
1499 1541 1693 1609 aflicis,
1744 1553 1795 1598 te
1821 1558 1953 1615 sup-

329 1645 489 1717 plicio
514 1640 828 1698 obnoxium
859 1634 1064 1690 reddis.
1093 1633 1208 1689 Non
1237 1635 1394 1689 audis
1426 1635 1649 1690 Paulum
1677 1635 1951 1692 dicentem

324 1741 393 1795 de
437 1735 626 1792 viduis
667 1730 998 1788 mulieribus
1047 1745 1062 1782 :
1117 1728 1238 1783 Non
1291 1728 1461 1783 solum
1501 1740 1674 1784 autem
1728 1733 1950 1799 otiose,

323 1831 536 1902 inquit,
589 1827 848 1888 discunt,
896 1823 988 1876 sed
1015 1831 1064 1876 et
1105 1823 1393 1892 nugatrices
1436 1832 1484 1877 et
1527 1824 1749 1879 curiosa:
1776 1867 1791 1893 ,
1843 1826 1950 1880 cir-

326 1930 636 1976 cumeuntes
667 1915 874 1979 domos,
898 1923 946 1967 et
990 1914 1024 1966 Ι(
1039 1922 1247 1982 quentes
1270 1927 1384 1984 qtae
1411 1929 1512 1967 non
1541 1914 1679 1968 decet
1707 1915 1784 1986 (Ι.
1817 1915 1949 1970 Tim.

309 2007 383 2062 5.
417 2005 490 2061 i3
516 2009 558 2077 ).
605 2005 982 2075 Quamobrem
1013 2006 1177 2063 etiam
1205 2051 1218 2074 ,
1261 2008 1480 2079 quando
1511 2009 1810 2065 credideris
1839 2026 1958 2081 qua:

324 2099 598 2153 dicentur
625 2098 898 2155 adversus
947 2098 1173 2155 fratrem
1202 2142 1216 2168 ,
1257 2116 1326 2157 ne
1356 2102 1437 2158 sic
1481 2103 1700 2173 quidem
1747 2114 1964 2178 oportet

329 2193 566 2258 dicere,
623 2193 829 2249 nedum
878 2193 927 2249 si
975 2210 1084 2249 non
1119 2194 1333 2250 credas.
1377 2198 1446 2251 At
1495 2197 1639 2267 quod
1693 2206 1841 2252 tuum
1874 2207 1958 2254 est

343 2297 567 2356 scnth
592 2296 836 2356 spectas,
873 2287 1078 2342 timens
1102 2303 1170 2342 ne
1199 2295 1255 2344 te
1284 2288 1428 2344 Deus
1457 2289 1774 2345 examinet?
1806 2291 1961 2346 Time

351 2391 491 2446 ergo
539 2393 610 2433 ne
647 2377 715 2434 de
757 2381 858 2435 tuis
912 2381 1075 2451 nugis
1122 2381 1474 2436 examineris.
1521 2383 1617 2438 llic
1663 2385 1808 2439 enim
1851 2401 1961 2442 non

353 2477 514 2535 tmtes
563 2469 773 2539 dicere,
822 2471 904 2528 Ne
952 2488 1042 2528 nte
1094 2473 1236 2529 Deus
1285 2475 1557 2530 examinet
1605 2492 1702 2545 pro
1751 2481 1952 2549 nugis:

346 2561 668 2630 pianeenim
697 2579 783 2618 res
814 2565 931 2634 ipsa
959 2575 1040 2621 est
1063 2581 1238 2636 nugze.
1261 2567 1370 2622 Cnr
1395 2583 1487 2622 eas
1512 2569 1792 2625 traduxisti
1818 2571 1840 2624 ?
1867 2588 1962 2628 cur

342 2655 546 2710 malum)
591 2657 987 2726 ampliﬁcasti?
1034 2658 1139 2714 hoc
1180 2670 1487 2729 nospotest
1527 2646 1782 2730 perdere.
1819 2664 1952 2718 Pru-

337 2761 525 2816 pterea
579 2749 804 2804 diccbat
862 2751 1114 2806 Christus
1146 2793 1161 2818 ,
1211 2751 1390 2808 Nolite
1427 2755 1702 2824 judicare,
1754 2767 1809 2810 ut
1859 2774 1963 2812 non

321 2840 662 2910 judicemini.
707 2841 816 2897 Sed
877 2859 907 2895 a
941 2843 1099 2898 nobis
1145 2844 1287 2899 nulla
1327 2844 1444 2916 ejus
1483 2846 1713 2903 habetur
1783 2851 1957 2918 ratio,

329 2948 436 2987 nec
480 2949 610 3002 qua:
656 2933 942 2990 Pharisam
973 2936 1324 3002 acciderunt,
1377 2954 1477 2992 nos
1522 2940 1805 3011 castigant,
1859 2959 1962 2996 nec

326 3026 619 3084 modestos
677 3028 922 3085 reddunt
967 3044 1033 3084 ac
1089 3031 1422 3087 moderatos.
1473 3031 1568 3089 ille
1611 3051 1724 3089 rem
1779 3053 1959 3090 veram

323 3121 589 3189 dicebat,
638 3120 766 3177 Non
798 3139 913 3178 sum
960 3124 1089 3178 sicut
1132 3124 1227 3179 iste
1279 3125 1602 3194 publicanus,
1651 3136 1705 3181 ct
1749 3128 1962 3184 dicebat

325 3217 482 3272 nullo
534 3217 839 3281 audiente,
913 3227 969 3272 ct
1022 3217 1118 3272 fuit
1170 3220 1578 3274 condemnatus.
1634 3220 1688 3278 Si
1729 3224 1819 3293 qui
1865 3239 1961 3279 ve-

325 3325 447 3362 rum
499 3309 674 3372 dixit,
740 3311 837 3364 luit
875 3309 1300 3375 condemnatus,
1353 3320 1407 3366 ct
1458 3312 1596 3368 dixit
1639 3315 1788 3369 nullo
1854 3332 1951 3371 au-

1218 408 1282 464 uv
1323 406 1536 466 EPIST.
1578 408 1670 464 AD
1709 407 2074 465 “aeneus.
2115 407 2271 465 car.
2313 409 2402 466 χι.
2430 411 2673 468 .ttoan.
2719 375 2884 472 χχιι.

3570 430 3682 485 tsr

2059 527 2244 583 dieute
2292 545 2306 582 :
2349 528 2439 598 qui
2485 527 2616 583 falsa
2659 538 2714 584 et
2743 528 2812 584 tle
2838 528 3042 600 quibus
3074 544 3180 584 non
3231 540 3362 587 sunt
3399 533 3572 598 certi,
3606 538 3661 588 in

2059 634 2248 674 omnes
2277 629 2456 690 partes
2489 621 2901 690 transmittunt,
2933 623 3078 677 sicut
3109 625 3425 694 uugatcices
3455 637 3505 680 et
3539 641 3664 680 vcr-

2062 711 2207 766 bosa:
2234 712 2488 768 mulieres
2513 755 2530 779 ,
2573 713 2703 784 quid
2735 729 2842 768 non
2873 713 3000 768 mali
3035 716 3354 785 patientur?
3399 716 3528 789 quid
3559 733 3665 772 non

2060 803 2404 859 sustinebunt
2429 805 2454 859 ?
2481 803 2574 860 Οιιὶ
2600 814 2791 861 nostro
2816 805 3075 878 deinceps
3102 808 3300 863 ostium
3326 809 3668 879 imponamus

2061 905 2114 952 ct
2145 907 2350 952 vectem
2383 914 2397 951 :
2429 911 2493 952 ex
2527 898 2695 969 nugis
2727 900 2874 953 enim
2908 908 3208 956 nascuntur
3234 901 3373 956 mala
3411 902 3668 959 innume-

2061 987 2251 1044 rabilia
2287 1006 2300 1042 :
2330 996 2649 1044 evertuntur
2678 989 2871 1044 domus
2895 1031 2911 1056 ,
2943 989 3356 1062 disrumpuntur
3375 994 3624 1050 amicitia:
3647 1037 3666 1063 ,

2060 1091 2116 1136 et
2145 1081 2429 1135 innumera
2463 1081 2566 1135 alia
2602 1081 2746 1136 mala
2775 1082 3044 1138 oriuntur.
3093 1084 3170 1139 De
3211 1086 3372 1141 rebus
3399 1087 3664 1156 proximi,

2061 1192 2094 1231 ο
2126 1176 2308 1238 Ιιιιιιιο,
2340 1189 2410 1230 ne
2446 1176 2522 1229 sis
2554 1174 2823 1230 curiosus.
2860 1177 2929 1229 At
2955 1190 3014 1231 es
3050 1176 3270 1247 loquax,
3303 1189 3358 1233 et
3388 1178 3490 1234 hoc
3519 1179 3669 1234 labu-

2060 1285 2146 1325 ras
2175 1269 2349 1324 vitio?
2397 1278 2483 1322 tua
2525 1266 2593 1322 ad
2637 1268 2804 1323 Deum
2847 1266 3070 1340 loquere
3103 1287 3118 1324 :
3149 1270 3228 1325 sic
3257 1287 3366 1326 non
3408 1273 3511 1328 erit
3548 1289 3667 1327 am-

2059 1365 2201 1436 plius
2233 1363 2420 1418 vitium
2453 1377 2552 1416 nec
2581 1361 3002 1430 detrimentum,
3029 1361 3127 1417 sed
3158 1364 3532 1419 commodum.
3565 1366 3666 1422 Dic

2060 1467 2146 1511 tua
2172 1455 2382 1520 amicis,
2409 1454 2664 1525 etjustis,
2692 1463 2746 1509 et
2765 1453 2958 1528 quibus
3005 1453 3251 1517 confidis,
3302 1463 3360 1510 ut
3387 1466 3542 1511 orent
3568 1473 3666 1528 pro

2059 1549 2164 1604 tuis
2197 1547 2451 1619 peccatis.
2479 1547 2536 1602 Si
2565 1562 2686 1617 qua:
2718 1555 2844 1601 sunt
2882 1546 3106 1602 aliorum
3134 1546 3358 1615 dixeris,
3406 1550 3538 1605 nilnl
3575 1551 3671 1606 tibi

2066 1642 2287 1712 prodest
2305 1655 2480 1710 neque
2505 1640 2752 1708 lucraris,
2766 1640 2860 1695 sed
2889 1639 3050 1695 etiam
3068 1640 3211 1711 peris
3231 1657 3247 1698 :
3266 1640 3313 1698 si
3335 1650 3426 1698 tua
3443 1643 3671 1700 Domino

2069 1727 2478 1791 enuntiat-eris,
2529 1726 2750 1780 multam
2791 1726 2957 1782 habes
2997 1727 3677 1796 tiicrccdcuizbixienim,

2069 1819 2263 1892 inquit,
2290 1820 2627 1889 pronuntiabo
2644 1820 2909 1872 aduersum
2932 1836 3011 1872 me
3033 1820 3346 1889 iniquitatem
3372 1837 3536 1876 ineant
3566 1819 3679 1875 Do-

2063 1915 2222 1978 mino,
2241 1923 2284 1967 et
2303 1923 2355 1966 tu
2373 1913 2608 1967 remisisti
2625 1913 2935 1982 impietatem
2973 1913 3141 1967 cordis
3171 1912 3386 1968 mei.Vis
3398 1913 3677 1983 judicnrc-‘l

2077 2013 2164 2060 tua
2191 2005 2370 2076 judica
2398 2025 2412 2060 :
2443 2021 2601 2061 nemo
2633 2017 2682 2060 te
2709 2016 2942 2069 accusa,
2997 2006 3040 2060 si
3066 2006 3291 2076 teipsum
3313 2006 3675 2074 condemnes;

2064 2109 2503 2168 accusatautem,
2528 2102 2571 2154 si
2597 2111 2646 2154 te
2665 2116 2771 2154 non
2811 2099 3060 2171 jndices;
3101 2107 3340 2166 accusat,
3370 2101 3414 2154 si
3447 2099 3675 2170 teipsum

2072 2209 2180 2247 non
2219 2209 2430 2262 arguas;
2460 2203 2698 2259 accusat,
2728 2194 2773 2247 si
2803 2209 2908 2248 non
2937 2193 3142 2249 doleas.
3169 2193 3332 2248 Vides
3367 2193 3675 2264 quempiam

2068 2285 2251 2352 irasci,
2277 2285 2496 2352 irritati,
2525 2296 2615 2339 aut
2641 2285 2840 2356 aliquid
2879 2286 3020 2340 aliud
3069 2285 3249 2341 facere
3293 2301 3460 2354 grave
3484 2294 3537 2340 et
3587 2286 3672 2340 in-

2067 2377 2327 2446 dignum?
2347 2377 2526 2431 statim
2552 2386 2606 2432 tu
2627 2379 2799 2447 cogita
2821 2393 2938 2449 qua:
2956 2388 3080 2432 sunt
3100 2387 3207 2444 tua;
3230 2386 3285 2432 et
3307 2379 3376 2431 ita
3401 2391 3503 2432 nec
3521 2377 3672 2432 illum

2077 2468 2234 2527 Valde
2255 2468 2642 2524 condemnabis
2661 2513 2675 2532 ,
2702 2477 2801 2523 eta
2829 2477 3171 2538 peccatorum
3199 2484 3366 2524 onere
3391 2477 3443 2522 te
3472 2467 3670 2524 libera-

2075 2563 2179 2620 bis.
2226 2565 2282 2621 Si
2308 2565 2387 2620 sic
2416 2564 2582 2620 vitam
2625 2575 2864 2621 nostram
2894 2581 3288 2639 componamus
3316 2613 3335 2640 ,
3374 2572 3420 2628 si
3448 2588 3568 2629 eam
3600 2575 3682 2629 sic

2073 2673 2466 2724 exerceamus,
2512 2659 2557 2713 si
2586 2659 2837 2729 nosipsos
2882 2663 3332 2730 condemnemus,
3376 2681 3482 2720 non
3511 2668 3678 2722 multa

2077 2749 2214 2805 forte
2235 2760 2453 2819 peccata
2484 2750 2858 2820 admitti-imus,
2881 2753 3048 2810 multa
3078 2765 3260 2811 autem
3285 2756 3426 2813 bona
3453 2769 3508 2814 et
3541 2775 3678 2830 prae-

2073 2843 2216 2897 clara
2251 2842 2531 2908 faciemus,
2555 2844 2598 2897 si
2635 2845 2791 2899 mites
2813 2845 2981 2902 simus
3004 2856 3058 2902 et
3082 2847 3334 2917 modesti,
3358 2859 3413 2905 et
3440 2851 3680 2906 fruemur

2071 2935 2322 2990 omnibus
2365 2953 2486 3007 qua:
2516 2947 2643 2991 sunt
2676 2939 2940 3008 promissa
2971 2940 3037 2996 iis
3066 2941 3157 3012 qui
3193 2942 3359 2998 Deum
3391 2943 3661 3013 diligunt:
3687 2975 3690 2978 -

2072 3045 2191 3097 qua:
2221 3029 2381 3084 detur
2410 3029 2566 3084 nobis
2592 3031 2848 3086 omnibus
2873 3033 3133 3104 consequi
3162 3076 3180 3102 ,
3226 3036 3397 3104 gratia
3427 3046 3483 3091 et
3522 3037 3646 3092 lieni
3665 3067 3679 3078 -

2070 3121 2272 3189 gnitatc
2317 3121 2528 3176 Domini
2563 3123 2734 3177 nostri
2764 3122 2892 3178 Jesu
2935 3123 3136 3180 Christi
3162 3166 3176 3192 ,
3225 3142 3346 3181 cum
3379 3144 3488 3198 quo
3521 3128 3697 3183 Patrir

2074 3229 2180 3268 una
2214 3229 2334 3269 cum
2368 3225 2558 3270 sancto
2590 3215 2790 3285 Spiritu
2823 3217 2890 3272 sit
2915 3218 3107 3289 gloria,
3139 3219 3447 3290 imperium,
3479 3221 3670 3289 honor,
3696 3269 3698 3271 .

2073 3322 2212 3359 nunc
2243 3317 2296 3360 et
2325 3322 2559 3374 semper,
2593 3317 2645 3362 et
2680 3308 2730 3360 in
2763 3310 2962 3362 s:ecula
2993 3311 3341 3366 smeulorutn.
3377 3314 3580 3369 Amcu.‘

1907 3404 3684 3435 ’Ἦ

1703 3467 2048 3529 [IOMILIA
2098 3472 2306 3532 XXII.

331 3601 471 3655 Car.
528 3597 619 3651 ll.
670 3610 726 3646 v.
774 3593 830 3648 5.
879 3589 1014 3645 Fide
1060 3586 1394 3658 intelligimus
1433 3592 1614 3655 aptata
1644 3597 1749 3636 esse
1780 3579 1972 3634 saecula

410 3693 572 3748 verba
603 3689 722 3754 Dei,
749 3696 804 3740 ut
827 3701 889 3739 ea:
913 3681 1248 3737 inuisibilibus
1269 3679 1487 3733 visibilia
1511 3676 1690 3746 ﬁerent
1714 3714 1727 3728 .
1753 3673 1807 3728 4.
1839 3670 1971 3725 Fide

411 3783 712 3853 plurimam
742 3777 964 3832 hostium
993 3774 1120 3829 Abel
1147 3788 1300 3843 quam
1331 3770 1459 3826 Cain
1487 3767 1668 3822 obtulit
1703 3765 1809 3819 Deo
1836 3806 1851 3830 ,
1885 3780 1979 3834 per

412 3891 586 3945 quam
623 3867 979 3926 testimonium
1031 3874 1374 3935 consequutus
1400 3873 1472 3915 est
1505 3877 1610 3914 esse
1641 3859 1814 3928 justus
1836 3898 1851 3924 ,
1903 3865 1978 3909 te-

413 3968 735 4025 stimonium
770 3963 1068 4036 perbibente
1121 3957 1411 4012 muneribus
1443 3957 1556 4026 ejus
1601 3953 1710 4009 Deo
1745 3967 1764 4006 :
1794 3959 1842 4005 et
1884 3963 1976 4021 per

415 4062 575 4116 illam
609 4059 888 4128 defunctus
917 4053 1088 4107 adhuc
1119 4051 1365 4117 loquitur.

416 4158 466 4210 i.
503 4154 588 4226 (α)
626 4150 790 4206 Fides
812 4161 1076 4219 generosa
1099 4154 1153 4201 et
1172 4142 1405 4214 juvenili
1427 4157 1562 4212 Opus
1583 4139 1740 4194 habet
1766 4138 1972 4204 anima,

337 4261 391 4307 ct
439 4266 571 4321 qua:
645 4243 829 4298 nuntia
874 4247 1166 4311 exsuperet
1213 4236 1426 4292 sensilia
1455 4277 1470 4300 ,
1515 4242 1571 4289 et
1619 4233 1973 4286 humanarum

335 4346 622 4400 rationum
689 4341 1032 4408 pertranseat
1096 4330 1538 4387 imbecillitatem.
1629 4324 1770 4381 Fieri
1825 4324 1972 4379 enim

330 4455 444 4494 non
488 4443 681 4508 potest
725 4441 783 4486 ut
824 4429 983 4485 aliter
1010 4427 1082 4483 sit
1123 4425 1318 4492 (idolis,
1362 4422 1464 4478 nisi
1492 4421 1582 4491 qui
1614 4436 1674 4476 se
1718 4416 1973 4475 extulerit

326 4547 503 4601 supra
548 4541 775 4583 oniuem
829 4537 1173 4579 communem
1207 4517 1674 4574 consuetudinem.
1704 4512 1969 4582 Quoniam

321 4641 468 4696 ergo
520 4627 818 4677 evaserant
856 4616 1141 4672 imbecilla:
1172 4613 1519 4669 Hebraeorum
1541 4610 1754 4674 animae,
1778 4618 1830 4664 et
1853 4623 1996 4690 cm-q

326 4725 543 4789 perant
579 4711 800 4784 quidem
843 4727 871 4764 a
897 4710 1018 4775 lide,
1054 4725 1083 4763 a
1117 4709 1346 4779 negotiis
1400 4715 1603 4771 autem,
1658 4703 1727 4758 ab
1779 4702 1968 4770 animi,

328 4813 596 4880 inquam,
629 4802 1127 4878 perturbationibus
1147 4812 1197 4855 et
1227 4798 1606 4855 afﬂictionibus
1623 4796 1797 4852 allecti
1814 4805 1971 4852 erant

323 4903 524 4976 pusilli
571 4909 629 4956 et
688 4897 882 4968 abiecti
948 4894 1140 4961 animi,
1188 4903 1243 4949 et
1295 4893 1676 4959 labasccbant,
1736 4892 1965 4961 primum

325 4997 568 5066 quidem
614 5007 712 5048 eos
741 4991 812 5046 ab
846 4989 978 5060 ipsis
1008 4987 1318 5044 consolatus
1346 4995 1427 5041 est
1454 4995 1501 5041 et
1540 4985 1883 5051 exhortatus,
1912 4984 1983 5040 dio

328 5102 469 5144 cens
493 5127 513 5154 ,
553 5083 996 5138 Rememoramini
1021 5082 1268 5152 pristinos
1297 5083 1406 5138 dies
1438 5099 1457 5138 :
1487 5082 1686 5139 deinde
1716 5101 1746 5139 ιι
1777 5086 1965 5155 Scrip-

334 5193 484 5246 tura,
522 5193 654 5250 qua:
679 5174 852 5239 dicit,
885 5173 1069 5229 Justus
1114 5185 1286 5228 autem
1315 5191 1379 5229 ea:
1409 5176 1514 5244 ﬁde
1553 5177 1682 5232 vivet
1714 5178 1731 5245 (
1761 5176 1962 5233 llubac.

331 5275 387 5328 Ξ.
425 5273 483 5329 4.
515 5273 538 5341 )
574 5288 590 5324 :
621 5266 824 5325 deinde
845 5283 910 5323 ex
942 5266 1242 5323 rationibus
1267 5266 1474 5332 dicens,
1505 5267 1601 5323 Est
1629 5278 1799 5323 autem
1831 5270 1960 5338 ﬁdes

335 5382 510 5420 rerum
540 5377 666 5433 quia
712 5369 988 5430 sperantur
1017 5359 1306 5413 substantia
1330 5401 1344 5426 ,
1393 5370 1758 5432 argumentum
1789 5377 1961 5415 rerum

339 5476 452 5529 quc
481 5474 593 5512 non
626 5455 884 5509 uidentur.
925 5451 1079 5508 Nunc
1105 5462 1284 5506 autem
1317 5469 1507 5509 rursus
1545 5471 1574 5507 a
1627 5453 1924 5522 majoribus
1949 5494 1964 5521 ,

347 5551 563 5624 magnis
589 5549 704 5604 illis
732 5546 861 5600 viris
891 5554 945 5601 ct
976 5544 1386 5600 admirabililms
1411 5587 1424 5612 ,
1457 5545 1852 5616 propemodum
1880 5543 1968 5599 di-

347 5663 474 5703 cens
506 5665 520 5701 :
560 5646 623 5701 Si
670 5645 762 5700 ubi
794 5659 906 5714 pra:
938 5642 1164 5714 pedibus
1208 5651 1337 5697 sunt
1381 5641 1518 5696 bona
1547 5683 1563 5709 ,
1601 5657 1790 5696 omnes
1835 5639 1967 5697 salvi

342 5740 571 5797 luerunt
602 5738 733 5806 lidc,
781 5738 954 5794 mul.‘o
984 5736 1155 5809 magis
1178 5752 1297 5792 nos.
1332 5735 1558 5806 Quando
1585 5737 1729 5794 cnim
1757 5752 1967 5794 earum-

393 5879 468 5945 (α)
495 5877 703 5931 init-itan
728 5889 817 5940 ιτο
842 5885 984 5924 more
1009 5871 1249 5921 emittitur
1273 5884 1300 5919 a
1327 5868 1468 5921 Cclb.

2085 3578 2208 3633 dem
2260 3578 2668 3648 perpessionem
2721 3577 2928 3634 socium
3004 3576 3268 3634 invenerit
3335 3577 3510 3632 anima
3537 3620 3552 3646 ,
3607 3594 3690 3633 re-

2087 3672 2318 3742 quiescit
2367 3680 2422 3727 et
2471 3673 2720 3742 respirat.
2772 3672 2882 3727 lloc
2913 3681 2969 3728 et
3017 3672 3207 3728 infide
3237 3672 3368 3728 etin
3399 3671 3692 3726 afﬂictione

2083 3764 2211 3819 licet
2259 3763 2440 3820 videre
2471 3783 2484 3818 :
2519 3764 2585 3820 Ut
2647 3766 2750 3830 sit,
2798 3765 3002 3836 inquit,
3057 3765 3196 3819 vobis
3250 3763 3530 3819 consolatio
3602 3781 3690 3833 per

2081 3874 2195 3912 eam
2219 3873 2333 3928 quas
2360 3865 2430 3911 est
2459 3857 2590 3910 inter
2619 3873 2703 3911 vos
2729 3857 2940 3911 invicem
2989 3855 3143 3925 ﬁdem
3194 3854 3215 3929 (
3240 3855 3389 3910 Rom.
3442 3857 3492 3910 l.
3552 3855 3620 3910 12
3640 3856 3684 3928 ).

2077 3949 2177 4006 Est
2251 3950 2396 4005 enim
2470 3949 2757 4005 admodum
2829 3949 3044 4005 inlidele
3117 3964 3289 4020 genus
3356 3948 3723 4014 humanust“,

2077 4055 2130 4100 ct
2156 4044 2260 4099 sibi
2306 4059 2412 4099 non
2449 4052 2622 4114 potest
2672 4043 2980 4110 conlidere,
3028 4053 3084 4099 et
3137 4043 3289 4098 timet
3338 4059 3435 4113 pro
3465 4043 3528 4098 iis
3570 4060 3691 4114 qua:

2075 4137 2301 4208 judicat,
2343 4139 2594 4206 quoniam
2645 4146 2728 4192 est
2778 4152 2969 4206 magna
3013 4137 3062 4192 ei
3104 4151 3234 4191 cura
3279 4135 3348 4191 de
3397 4137 3695 4191 multorum

2079 4228 2353 4299 opinione.
2387 4224 2527 4290 Quid
2576 4244 2706 4298 ergo
2751 4227 2949 4284 Paulus
2998 4226 3098 4297 (a)!
3154 4225 3260 4280 Eos
3294 4227 3601 4281 couSolatur
3639 4238 3692 4281 et

2075 4321 2432 4375 exhortatum
2453 4312 2712 4384 patribus,
2731 4325 2784 4366 et
2809 4319 2965 4364 antea
2977 4308 3044 4363 ab
3057 4312 3127 4364 iis
3146 4323 3267 4380 quae
3290 4315 3422 4362 sunt
3444 4305 3499 4359 in
3527 4317 3678 4358 com-

2078 4411 2227 4467 muni
2255 4408 2491 4465 notione.
2519 4405 2654 4462 Nam
2689 4404 2944 4477 queuiam
2977 4403 3110 4458 lich
3139 4398 3635 4472 reprehendebatur
3660 4438 3692 4464 ,,

2080 4515 2350 4573 tamquam
2377 4516 2463 4556 res
2486 4513 2606 4570 qum
2633 4495 2848 4569 probari
2873 4505 2924 4550 et
2952 4492 3316 4550 demonstrari
3335 4508 3440 4547 non
3487 4489 3692 4576 possit,

2083 4607 2138 4651 et
2164 4610 2288 4666 qua}
2309 4594 2385 4648 sit
2406 4593 2584 4663 petins
2636 4589 2844 4644 fallacia
2869 4629 2885 4654 ,
2936 4596 3218 4658 propterea
3267 4584 3504 4641 ostendit
3536 4585 3680 4654 quod

2079 4703 2170 4743 res
2213 4685 2460 4740 inanima:
2507 4699 2602 4753 per
2647 4683 2808 4740 tidem
2855 4690 3001 4736 recte
3060 4680 3196 4734 liuut
3224 4721 3254 4746 ,η
3293 4694 3400 4733 non
3454 4693 3550 4748 per
3595 4693 3684 4730 ra-

2079 4780 2474 4836 tiocinationes.
2503 4777 2571 4832 Et
2595 4774 2877 4848 quomodo
2903 4774 3005 4830 hoc
3031 4774 3284 4840 ostendit,
3318 4773 3402 4828 die
3450 4771 3682 4844 quzrso?
3733 4847 3738 4856 ἢ

2080 4873 2212 4928 Fide
2239 4871 2569 4942 intelligimus
2594 4911 2610 4935 ,
2645 4870 2814 4939 inquit
2843 4910 2858 4936 ,
2893 4877 3070 4939 aptata
3094 4909 3108 4932 ,
3148 4883 3252 4922 esse
3295 4866 3488 4921 swcula
3534 4865 3682 4918 rerbo

2080 4965 2215 5031 Dei,
2275 4973 2330 5018 ut
2393 4979 2456 5018 ea:
2497 4961 2830 5015 inuisibilibus
2874 4959 3094 5014 visibilia
3137 4959 3336 5028 ﬁerent.
3399 4955 3680 5027 Liquidum

2076 5067 2160 5114 cst
2187 5099 2202 5123 ,
2247 5057 2435 5127 inquit,
2474 5054 2630 5125 quod'
2663 5071 2732 5111 ett
2781 5053 2846 5109 iis
2885 5069 3005 5124 quae
3046 5068 3151 5106 non
3195 5061 3320 5105 sunt
3363 5050 3504 5104 Deus
3555 5047 3680 5103 fecit

2078 5167 2279 5220 etrquu:
2301 5157 2460 5214 sunt;
2485 5165 2549 5203 ex
2578 5148 2642 5202 iis
2676 5163 2794 5217 quin
2811 5162 2918 5201 nou
2949 5154 3244 5214 apparent,
3277 5157 3339 5198 ea
3366 5157 3486 5212 qua:
3512 5155 3681 5212 appa-

2080 5254 2230 5308 rent;
2265 5259 2331 5299 ex
2367 5242 2430 5298 iis
2461 5257 2581 5312 quae
2621 5256 2728 5295 non
2770 5238 3069 5295 consistunt
3105 5251 3168 5292 ea
3201 5251 3319 5308 quae
3354 5234 3678 5290 consistunt.

2083 5337 2359 5392 L’ndenam
2389 5351 2518 5390 vero
2569 5334 2738 5404 liquet
2766 5331 2908 5402 quod
2941 5330 3044 5386 hoc
3080 5329 3245 5386 verbo
3284 5327 3507 5384 fecerit?
3557 5342 3683 5382 nam

2081 5431 2219 5485 ratio
2289 5428 2506 5500 quidem
2555 5427 2687 5481 nihil
2741 5427 2847 5482 tale
2890 5425 3146 5496 suggerit;
3196 5423 3290 5478 sed
3337 5422 3500 5478 etiam
3554 5435 3684 5476 con-

2081 5523 2303 5578 trarium
2333 5521 2476 5593 quod
2509 5537 2582 5576 ex
2603 5519 2987 5590 apparentibus
3017 5519 3120 5574 sint
3152 5533 3366 5586 eaquae
3395 5522 3679 5586 apparent.

2080 5621 2371 5691 Propterea
2420 5618 2656 5673 maxime
2687 5614 2998 5688 philosophi
3049 5613 3183 5670 nihil
3234 5626 3362 5668 esse
3385 5610 3570 5666 dicunt
3613 5623 3679 5664 cx

2129 5790 2202 5851 (ιι)
2227 5789 2301 5837 Ah
2326 5788 2402 5836 his
2424 5787 2592 5836 verbis
2610 5784 2858 5851 homiliam
2887 5780 3209 5851 incipitColb.
3239 5793 3250 5828 :
3277 5786 3328 5830 et
3343 5781 3432 5851 per
3454 5780 3678 5844 paginam

2067 5845 2392 5904 unmnomnia
2417 5853 2466 5900 in
2487 5852 2578 5902 isto
2603 5849 2770 5900 codice
2792 5845 3066 5911 susdeque
3092 5857 3233 5897 vetsa
3256 5849 3392 5894 sunt.
3747 5863 3757 5880 ι
