4172 6454
572 322 677 379 155

570 432 759 499 nihilo,
795 443 856 491 ut
893 438 984 509 qui
1013 425 1120 495 sinﬁt
1148 441 1429 509 animales,
1460 454 1516 501 et
1545 446 1677 505 nihil
1720 449 1954 506 tribuant
1984 452 2107 511 fidei
2140 473 2155 510 :

567 527 964 582 eonvincuntur
1005 539 1182 585 autem
1232 531 1333 603 ipsi
1382 550 1634 607 quoque,
1684 541 1899 609 quando
1951 544 2154 618 aliquid

567 630 818 684 maguum
869 628 924 673 et
969 622 1285 690 praeclarum
1327 624 1584 694 dixerint,
1630 630 1681 684 id
1714 632 1951 689 tribuere
1981 635 2152 693 lidei:

563 715 623 758 ιιι
649 707 851 770 dicunt.
899 709 1039 764 Deus
1083 722 1166 767 est
1194 715 1455 785 principio
1503 732 1695 775 carens
1736 732 1789 776 et
1836 723 2102 795 ingenitus
2136 751 2151 781 :

562 796 696 849 ratio
721 798 862 851 enim
908 814 1015 854 non
1051 801 1150 856 hoc
1198 808 1455 875 suggerit,
1496 810 1591 863 sed
1630 815 1978 869 contrarium.
2010 816 2150 872 Con-

523 918 529 923 -
557 888 733 941 sidera
761 898 938 945 autem
968 894 1097 948 mihi
1129 897 1351 951 multam
1398 900 1611 956 illorum
1641 905 1940 961 stultitiam.
1978 910 2145 965 Deum

528 980 737 1033 .dicunt
763 995 886 1037 esse
907 983 1028 1040 sine
1053 987 1316 1057 principio
1350 1008 1363 1043 :
1393 992 1535 1060 quod
1568 1003 1649 1048 est
1673 995 1829 1066 longe
1856 999 2146 1055 admirabi-

528 1071 656 1125 .l‘us
685 1087 843 1142 quam
875 1077 1017 1146 quod
1050 1078 1115 1133 sit
1144 1095 1226 1135 ex
1272 1081 1461 1137 nihilo.
1493 1084 1625 1140 Nam
1668 1089 1849 1146 dicere
1891 1093 2033 1161 quod
2075 1097 2145 1151 sit

550 1169 666 1222 sino
693 1170 976 1241 principio,
1023 1176 1166 1245 quod
1213 1178 1283 1231 sit
1324 1178 1615 1250 ingenitus,
1664 1185 1805 1251 quod
1852 1203 2025 1257 neque
2072 1205 2141 1245 ex

548 1273 630 1323 se,
664 1275 838 1330 neque
867 1278 932 1317 ex
962 1264 1071 1319 alio
1097 1267 1165 1320 sit
1185 1268 1419 1337 genitus,
1444 1281 1527 1327 est
1551 1275 1719 1343 magis
1743 1275 2139 1345 inexplicabile,

548 1365 709 1418 quam
741 1352 945 1419 dicere,
979 1357 1120 1433 quod
1151 1358 1294 1415 Deus
1322 1376 1385 1417 ea
1429 1379 1549 1433 qum
1578 1375 1701 1419 sunt
1746 1367 1933 1425 fecerit
1961 1386 2026 1426 cx
2055 1374 2141 1427 ni-

548 1439 681 1493 hilo.
710 1440 842 1497 Nam
871 1442 958 1500 hic
981 1428 1196 1516 quidem
1239 1451 1402 1506 multa
1431 1428 1556 1507 sunt
1583 1455 1881 1524 credibilia,
1913 1469 1970 1515 ut
1996 1463 2138 1532 quod

547 1531 735 1590 fecerit
774 1536 995 1607 aliquid,
1027 1541 1168 1611 quod
1204 1542 1255 1597 id
1293 1545 1433 1614 quod
1480 1547 1540 1600 llt
1582 1546 1831 1605 habuerit
1878 1531 2086 1608 initium
2121 1595 2136 1616 ,

544 1628 687 1695 quod
718 1630 935 1685 omnino
966 1631 1162 1687 factum
1195 1635 1264 1690 sit
1295 1654 1308 1689 :
1340 1637 1448 1692 illic
1492 1649 1671 1695 autem
1704 1644 1840 1709 haec,
1875 1661 1970 1715 per
1995 1663 2051 1702 se
2080 1659 2137 1704 et

542 1737 636 1775 sua
653 1733 842 1792 sponte
858 1734 958 1790 est,
984 1726 1268 1797 ingenitus,
1292 1740 1465 1800 neque
1484 1732 1695 1789 initium
1732 1734 1931 1802 habuit,
1961 1756 2136 1811 neque

543 1824 772 1885 tempus,
804 1817 938 1888 hcce,
967 1818 1054 1875 die
1077 1821 1227 1887 mibi,
1259 1838 1368 1877 non
1400 1835 1559 1895 egent
1590 1826 1695 1881 title
1716 1828 1741 1882 ?
1761 1830 1865 1885 Sed
1895 1831 1995 1887 hoc
2026 1850 2132 1890 non

534 1908 718 1976 {msuit
746 1909 885 1973 quod
914 1920 998 1967 est
1042 1913 1196 1985 longe
1225 1918 1477 1987 amplius.
1509 1919 1604 1976 sed
1649 1923 1792 1991 quod
1827 1925 2020 1989 minus,
2050 1926 2133 1981 dl-

533 2008 666 2048 cens
695 2011 711 2049 :
743 1994 878 2052 Fide
904 1999 1236 2072 intelligimus
1260 2016 1438 2077 aptata
1462 2026 1570 2065 esse
1613 2014 1801 2068 sa'cula
1828 2019 1976 2074 verba
2003 2018 2124 2083 Dei.

531 2081 957 2158 Undenamjam,
975 2091 1165 2162 inquit,
1183 2095 1317 2151 dicis
1334 2099 1472 2168 quod
1504 2101 1644 2157 Deus
1668 2105 1832 2161 verbo
1845 2111 2021 2167 omnia
2040 2081 2125 2170 fe;

527 2181 661 2232 cerit
681 2178 704 2232 ?
728 2195 849 2234 cum
878 2182 930 2236 id
961 2185 1099 2240 ratio
1125 2201 1230 2241 non
1262 2200 1543 2261 suggerat,
1574 2195 1854 2268 nullusque
1892 2201 2124 2263 adfuerit

528 2266 745 2333 quando
798 2270 934 2328 facta
984 2285 1129 2329 sunt.
1191 2276 1475 2337 Undenam
1518 2266 1923 2348 eonstat?iFide
1954 2313 1967 2350 :
1998 2295 2122 2354 fidei

524 2358 668 2412 enim
687 2376 820 2430 Opus
835 2376 914 2419 est
946 2366 1314 2439 intelligentia.
1335 2372 1460 2430 ldeo
1499 2376 1627 2433 dicit
1658 2380 1746 2436 :F
1746 2383 1827 2437 ide
1871 2386 2118 2460 intelligfe

430 2495 453 2502 ,,
522 2464 651 2504 mus.
673 2452 808 2520 Quid
829 2454 932 2511 hoc
954 2461 1140 2526 Verbo,
1164 2463 1288 2530 ﬁde,
1313 2464 1664 2540 intelligimus
1687 2475 1711 2530 ?
1738 2474 1888 2546 Quod
1920 2496 1984 2537 ex
2010 2452 2118 2540 11-οη

519 2547 901 2608 apparentibus
932 2549 1066 2606 fatua
1095 2564 1221 2610 sunt
1246 2572 1366 2628 qua:
1396 2575 1655 2633 apparent
1686 2585 1701 2624 :
1729 2566 1832 2627 hoc
1853 2575 1997 2632 enim
2034 2590 2118 2633 est

452 2708 455 2713 η
519 2634 670 2690 fides.
701 2638 832 2694 Cum
861 2654 1037 2698 autem
1056 2648 1278 2707 dixisset
1297 2653 1346 2707 id
1372 2657 1511 2724 quod
1537 2671 1617 2714 est
1638 2664 1943 2731 commune,
1975 2670 2026 2724 id
2045 2671 2113 2729 de

510 3011 758 3073 personis
789 3010 889 3068 hoc
911 3030 978 3069 ex
1001 3017 1231 3076 adverso
1259 3028 1464 3092 statuit,
1496 3030 1691 3089 deinde
1745 3037 1877 3094 vidit
1915 3056 2106 3099 nume-

509 3101 946 3169 run'rquantitate
974 3123 1094 3163 esse
1116 3126 1361 3182 paucum,
1391 3118 1518 3174 dicit
1538 3121 1605 3175 de
1632 3136 1831 3182 caetero
1860 3147 1875 3184 :
1911 3131 2106 3199 Quibus

507 3187 693 3260 dignus
720 3209 823 3249 non
851 3208 958 3252 erat
987 3206 1205 3258 mundus
1231 3207 1412 3276 (Hebr.
1438 3215 1521 3268 11.
1542 3216 1654 3287 38).
1676 3217 1807 3276 Fide
1828 3187 2105 3292 plu-rimam

506 3282 721 3339 hostium
744 3288 866 3345 Abel
885 3309 1035 3362 quam
1063 3295 1187 3352 Cain
1212 3301 1390 3373 obtulit
1425 3305 1549 3364 Deo.
1570 3282 1701 3367 Vide
1728 3282 1911 3372 autem
1938 3282 2098 3391 quem

505 3376 735 3442 primum
760 3383 925 3450 ponit,
942 3401 1064 3442 eum
1091 3391 1179 3460 qui
1204 3395 1341 3448 male
1361 3406 1442 3452 est
1466 3414 1673 3470 passus,
1696 3404 1854 3477 idque
1879 3426 1910 3466 a
1933 3376 2097 3471 fratre

504 3465 636 3521 nihil
667 3469 815 3537 heso,
846 3476 938 3531 sed
969 3479 1059 3534 Dei
1085 3497 1244 3538 causa
1265 3486 1432 3543 livore
1459 3503 1678 3550 vexato.
1704 3497 1844 3570 Ergo
1878 3507 2092 3576 propria

498 3569 617 3613 erat
647 3562 878 3630 ipsorum
909 3573 1107 3640 passio.
1144 3574 1339 3631 Etenim
1362 3596 1661 3656 easquoque
1682 3592 1877 3657 eadem,
1901 3596 2091 3670 inquit,

498 3657 638 3716 passi
677 3658 793 3712 catis
818 3676 851 3714 α
875 3664 1048 3717 vestris
1075 3668 1435 3728 coulribulibtts
1465 3666 1538 3747 (1.
1565 3677 1741 3738 Tltess.
1770 3684 1825 3740 2.
1863 3657 1989 3760 14)..
2003 3657 2092 3748 Si:

495 3744 605 3800 mul
627 3752 860 3805 ostendit
878 3752 996 3809 illos
1010 3771 1222 3826 quoque
1242 3761 1440 3818 invidia
1456 3744 1508 3821 et
1528 3768 1693 3827 livore
1716 3744 1971 3844 torqueri.
1996 3782 2091 3841 llle

494 3836 660 3892 Deum
690 3841 991 3910 honoravit,
1015 3860 1070 3903 et
1094 3862 1333 3910 mortuus
1368 3868 1473 3926 est,
1501 3866 1752 3932 quoniam
1784 3868 2087 3946 honoravit,

491 3939 544 3982 et
573 3933 806 3989 nondum
828 3950 910 3991 est
937 3953 1256 4012 assequuttts
1283 3955 1728 4016 rcsurrecdouem
1753 3979 1768 4029 ;
1800 3967 1893 4022 sed
1917 3975 2090 4027 mani—

491 4023 683 4079 festum
702 4029 918 4097 quidem
940 4031 1036 4088 fttit
1060 4051 1361 4111 promptum
1380 4056 1433 4101 et
1449 4049 1626 4108 alacre
1639 4055 1754 4125 ejus
1785 4063 1947 4120 animi
1980 4078 2087 4125 stu-

488 4116 634 4170 dium
670 4136 683 4173 :
714 4130 766 4175 et
796 4138 917 4191 qute
960 4127 1125 4194 ipsius
1171 4144 1344 4195 erant.
1370 4138 1508 4195 facta
1550 4156 1707 4213 sunt;
1735 4165 1855 4221 qum
1902 4168 2079 4216 autem

487 4224 557 4263 ex
578 4222 727 4281 parte
747 4214 834 4270 Dei
859 4228 1003 4285 sunt,
1026 4225 1260 4285 nondum
1274 4242 1399 4286 sunt
1415 4234 1464 4289 in
1481 4250 1605 4293 eum
1624 4242 2083 4310 collata.llosuam

485 4305 664 4356 autem
695 4304 782 4361 hic
804 4308 931 4365 dicit
949 4313 1253 4382 plurimam,
1278 4337 1394 4392 quae
1417 4338 1535 4384 erat
1564 4330 1946 4407 honorabilior,
1963 4360 2083 4411 quae

487 4394 815 4465 pftcclarior,
847 4414 965 4471 qua:
989 4406 1154 4476 magis
1177 4419 1499 4493 necessaria.
1520 4420 1629 4497 Nec
1659 4440 1965 4499 possantus,
1991 4435 2076 4490 in-

483 4485 618 4552 quit,
650 4488 831 4545 dicere
859 4495 1001 4561 quod
1035 4513 1139 4553 non
1177 4500 1334 4562 fuerit
1368 4488 1582 4581 accepta
1616 4531 1630 4569 :
1659 4485 1762 4574 fuit
1800 4485 1965 4578 enim,
1989 4541 2085 4582 ac-

482 4587 661 4669 cepta,
679 4589 731 4634 et
749 4580 882 4638 dixit
896 4587 961 4641 ad
980 4588 1134 4657 Cain,
1147 4594 1266 4652 Non
1281 4599 1327 4653 si
1339 4613 1473 4657 recte
1491 4604 1748 4677 obtuleris,
1765 4623 1901 4669 recte
1911 4626 2081 4673 autem

483 4656 584 4723 noh
611 4673 840 4731 diviseris
872 4677 1024 4750 (Gen.
1051 4684 1104 4739 4.
1130 4686 1204 4759 7).
1238 4692 1376 4749 Abel
1396 4708 1524 4765 ergo
1549 4704 1604 4750 et
1620 4656 1765 4756 recte
1778 4703 1994 4775 obtulit,
2022 4721 2080 4767 et

482 4772 630 4818 recte
642 4764 840 4823 divisit.
852 4769 956 4827 Sed
976 4782 1151 4832 tamen
1170 4794 1269 4848 pro
1285 4780 1367 4837 his
1383 4764 1666 4853 quamnam
1680 4797 1884 4865 accepit
1898 4815 2080 4857 remu-

483 4858 867 4917 nerationem?
897 4862 1119 4923 Occisus
1165 4872 1264 4926 fuit
1291 4889 1318 4925 a
1354 4889 1513 4930 manu
1543 4876 1724 4939 fratris
1750 4902 1766 4950 ;
1795 4898 1849 4946 et
1872 4893 2077 4955 conde.

486 4952 817 5004 tu‘uattouem
865 4966 1024 5022 quam
1079 4963 1230 5021 pater
1275 4957 1439 5011 subiit
1489 4972 1707 5039 propter
1764 4952 2076 5034 peccatum,

482 5051 604 5091 eam
649 5038 852 5107 primus
903 5044 1142 5113 suscepit
1183 5044 1273 5113 qui
1303 5060 1361 5100 se
1409 5059 1554 5105 reete
1604 5038 1867 5121 gesserat,
1916 5065 1971 5110 et
2017 5070 2085 5113 eo

477 5129 723 5196 gravium
743 5142 827 5187 est
851 5148 1063 5204 passus.
1082 5136 1222 5205 quod
1245 5146 1338 5193 eta
1368 5137 1529 5197 fratre
1555 5151 1609 5196 et
1638 5144 1859 5213 primus.
1883 5147 1946 5202 Et
1965 5147 2081 5203 haec

481 5224 629 5277 recte
651 5225 836 5296 gessit,
867 5225 935 5281 ad
962 5225 1165 5280 nullum
1199 5230 1599 5299 respicienuad
1632 5253 1790 5305 quem
1819 5239 1961 5292 enim
1991 5255 2077 5295 re-

481 5315 679 5379 spexit.
698 5323 753 5368 et
774 5315 851 5369 sic
877 5315 1044 5370 Deum
1071 5314 1396 5375 honoravit?
1422 5323 1487 5377 ad
1514 5335 1716 5394 patrem
1741 5340 1793 5384 et
1812 5330 2074 5386 matrem?

480 5402 573 5456 sed
606 5402 680 5457 illi
710 5419 803 5472 pro
826 5404 1099 5460 beneﬁciis
1125 5426 1245 5464 eum
1279 5412 1574 5470 affecerunt
1621 5422 1967 5476 Contumelia.
2005 5426 2076 5480 At

477 5492 546 5547 ad
579 5492 840 5548 fratrem?
866 5498 959 5549 sed
992 5496 1105 5567 ipse
1148 5519 1357 5572 quoque
1388 5521 1509 5559 eum
1555 5509 1729 5593 allegit
1762 5511 2072 5582 ignominia.

478 5588 520 5637 Λ
555 5597 615 5639 se
644 5586 825 5654 itaque
870 5586 1066 5643 bonum
1118 5593 1412 5650 adiuvenit.
1445 5596 1638 5668 Et'.qui
1671 5586 1839 5655 lauto
1869 5596 2090 5659 honore
2132 5594 2137 5598 ’

476 5687 598 5731 erat
630 5677 844 5749 dignus,
872 5682 997 5752 qttid
1025 5686 1264 5756 patitur?
1297 5689 1645 5745 interimitur.
1681 5692 1882 5750 Deinde
1912 5696 2071 5752 aliam

475 5770 627 5833 ponit
654 5770 889 5839 laudem,
922 5776 1108 5833 dicens
1142 5797 1153 5833 :
1188 5778 1287 5837 [ἐν
1316 5797 1473 5851 quam
1525 5785 1862 5842 testimonium
1889 5802 2074 5844 consc-

1330 335 1387 392 S.
1412 336 1689 397 JOANXIS
1727 338 2191 397 CHRYSOSTOMI
2229 341 2539 399 ARClllEP.
2581 343 3110 411 CONS'I‘ANTINOI".

3751 367 3863 426 156

2263 469 2448 528 quam:
2489 473 2563 518 est
2607 481 2716 521 esse
2747 469 2944 539 justus,
2993 476 3335 535 testimonium
3379 486 3673 552 perhibetote
3713 494 3869 551 donis

2261 553 2373 617 eius
2394 551 2536 620 Deo;
2563 564 2610 611 et
2636 573 2728 626 per
2766 560 2910 616 illam
2936 562 3210 635 defunctus
3248 551 3417 635 adhuc
3444 577 3689 644 loquitur.
3716 577 3905 684 ρηιμ(

2261 643 2422 684 mmln
2447 654 2623 684 nlllnm
2656 650 2815 684 alii...
2837 668 3050 684 mum..-
3075 662 3283 684 ---μμ
3316 667 3436 684 .__..
3575 672 3588 684 .
3850 680 3862 684 -

2260 643 2422 699 modo
2446 654 2625 702 autem
2654 650 2815 707 aliter
2837 668 3050 725 quodue
3075 662 3287 731 accepit
3315 643 3681 728 testimonium
3712 643 3899 746 q'uod

2254 737 2327 791 sit
2344 736 2523 804 justus
2548 740 2571 795 ?
2601 740 2803 799 Dicitur
2828 747 2968 813 ignis
2989 749 3338 813 descendisse
3364 771 3421 815 et
3448 736 3863 839 consumpsisse
3918 830 3928 839 ,

2250 829 2370 897 ejus
2400 830 2605 888 hostias
2635 852 2649 890 :
2682 852 2806 893 nam
2838 853 2935 908 pro
2963 842 3076 909 illo,
3109 845 3191 900 Ad
3218 850 3424 907 Abelem
3450 829 3752 926 omnin-et
3776 867 3853 918 ad

2248 921 2364 989 ejus
2389 925 2646 993 sacriﬁcia
2675 926 2925 987 Dominus
2944 950 2966 988 :
2991 936 3126 992 dixit
3151 941 3390 1010 quidam,
3424 946 3488 1000 Et
3511 921 3855 1028 iucendit(a).

2247 1012 2345 1079 Qui
2394 1029 2521 1085 ergo
2550 1018 2734 1077 verbis
2780 1034 2836 1079 et
2883 1024 3039 1083 factis
3077 1031 3227 1093 justo
3272 1036 3391 1088 tulit
3435 1012 3851 1115 testimonium,

2247 1102 2436 1157 videns
2464 1122 2585 1161 eum
2618 1120 2838 1181 propter
2868 1118 3041 1184 ipsum
3085 1121 3155 1178 de
3185 1127 3364 1179 tnedio
3408 1131 3704 1203 sublatum,
3738 1155 3851 1195 non

2243 1208 2367 1248 eum
2397 1196 2704 1271 vindicavit,
2729 1203 2826 1259 sed
2850 1206 2994 1263 sivit.

2309 1285 2361 1339 εξ..
2402 1289 2584 1342 Vestra
2608 1303 2786 1349 autem
2805 1311 2910 1351 non
2931 1299 3001 1354 ita
3026 1316 3085 1358 se
3107 1302 3307 1361 habent
3335 1325 3350 1362 :
3379 1314 3650 1379 quomodo
3671 1321 3842 1387 enim,

2232 1370 2327 1447 qui
2355 1387 2413 1433 et
2439 1382 2728 1452 proxibetas
2750 1384 2964 1444 habetis
2989 1402 3042 1446 et
3063 1398 3312 1468 excntpla
3337 1370 3843 1470 tet-innumerabiles

2235 1470 2631 1530 consolationes
2658 1486 2712 1531 et
2741 1481 2892 1549 signa
2935 1492 2991 1539 et
3041 1483 3181 1543 facta
3233 1492 3488 1549 miracula
3512 1498 3537 1551 ‘l
3564 1499 3841 1566 Quamob-

2234 1577 2349 1618 rem
2372 1575 2491 1620 erat
2527 1566 2658 1623 illud
2690 1586 2814 1627 vere
2843 1574 2997 1631 fides.
3030 1578 3287 1646 Qua-nam
3320 1588 3463 1641 enim
3509 1591 3641 1647 vidit
3672 1599 3837 1653 mira-

2231 1654 2376 1720 cula,
2402 1664 2459 1711 ut
2484 1659 2732 1718 crederet
2755 1663 2855 1720 sibi
2878 1664 3114 1725 futuram
3145 1673 3406 1731 bonorum
3440 1692 3834 1746 remuneratio-

2227 1744 2392 1800 nem?
2417 1763 2596 1804 annon
2637 1767 2705 1808 ex
2752 1755 2863 1809 sola
2899 1759 3004 1815 [ide
3050 1762 3215 1834 eleg’t
3243 1768 3534 1827 virtutem?
3560 1777 3700 1843 Quid
3745 1794 3835 1839 est

2225 1835 2377 1906 illud,
2411 1840 2474 1894 Et
2504 1859 2594 1904 per
2622 1844 2770 1897 illam
2798 1848 3069 1908 defunctus
3097 1858 3266 1912 aditus
3287 1859 3553 1926 loquitur?
3572 1835 3650 1924 De
3683 1835 3833 1944 ipsos

2223 1929 2279 1986 in
2308 1933 2528 1989 tnultam
2573 1936 2817 2008 injiceret
2843 1949 3300 2014 desperationem,
3347 1963 3581 2014 ostendit
3608 1929 3729 2017 eum
3759 1982 3828 2023 ex

2218 2036 2370 2095 parte
2390 2030 2667 2099 accepisse
2695 2040 3213 2103 compensationem.
3245 2044 3571 2113 Quomodo?
3598 2054 3818 2127 Magna,

2218 2117 2409 2188 inquit,
2438 2119 2554 2191 ejus
2603 2121 2833 2179 habetur
2875 2142 3002 2182 cura
3031 2143 3087 2186 et
3112 2137 3475 2196 consideratio
3501 2160 3517 2196 :
3541 2144 3644 2202 hoc
3672 2152 3822 2206 enim

2219 2211 2579 2267 suhindicavit
2607 2214 2815 2282 dicens,
2846 2217 2913 2273 Et
2941 2220 3111 2277 adhuc
3138 2225 3382 2296 loquitur.
3414 2232 3526 2289 Hoc
3552 2247 3656 2303 est,
3689 2254 3821 2297 erm

2211 2304 2455 2374 sustulit,
2486 2307 2584 2362 sed
2614 2323 2722 2364 non
2765 2326 2887 2366 cum
2926 2329 2996 2371 eo
3033 2320 3254 2375 sustulit
3296 2323 3525 2394 gloriam
3556 2341 3608 2384 et
3637 2331 3821 2387 bona-

2229 2410 2342 2450 rem
2370 2414 2384 2451 :
2411 2411 2517 2453 non
2544 2409 2624 2455 est
2656 2401 2743 2457 ille
2768 2415 3013 2464 mortuus
3044 2427 3060 2465 :
3089 2428 3189 2468 nec
3213 2430 3310 2473 vos
3336 2434 3467 2487 ergo
3488 2425 3817 2485 moriemini.

2215 2476 2425 2541 Quanto
2450 2482 2593 2535 enim
2620 2486 2868 2551 graviora
2899 2493 3022 2560 quis
3053 2509 3241 2561 passus
3272 2476 3456 2562 fuerit,
3490 2516 3557 2556 eo
3581 2512 3666 2558 est
3695 2520 3819 2559 ma-

2208 2563 2293 2634 jor
2315 2568 2433 2639 ejus
2446 2571 2633 2643 gloria.
2650 2576 2942 2645 Quomodo
2954 2584 3130 2643 adhuc
3155 2587 3390 2659 loquitur
3402 2592 3426 2633 ν
3440 2593 3552 2649 Hoc
3572 2606 3652 2651 est
3666 2608 3724 2652 et
3743 2599 3818 2653 si-

2206 2672 2369 2726 gnum
2393 2664 2622 2737 vivendi,
2638 2673 2850 2742 etquod
2872 2676 2940 2728 ab
2960 2680 3208 2734 omnibus
3235 2693 3478 2750 canatur,
3498 2687 3551 2742 in
3572 2689 3808 2745 admira-

2210 2749 2352 2807 tione
2389 2754 2647 2816 habeatur
2695 2772 2752 2819 et
2790 2766 2979 2822 beatus
3017 2781 3335 2831 censeatur:
3363 2778 3452 2847 qui
3497 2779 3639 2834 cnim
3686 2781 3814 2835 aliis

2208 2844 2391 2901 suadet
2412 2857 2469 2903 ttt
2489 2850 2597 2906 sint
2613 2855 2765 2923 justi,
2795 2856 3051 2930 loquitur.
3085 2862 3200 2918 Non
3245 2844 3447 2921 tantum
3467 2870 3609 2924 enim
3636 2872 3813 2928 efﬁcit

2205 2936 2396 3003 oratio,
2425 2952 2679 3009 quantum
2702 2945 2842 3001 illius
2897 2954 3192 3021 perpessio.
3240 2956 3386 3012 Sicut
3427 2960 3570 3014 enim
3611 2961 3808 3016 cadum

2209 3032 2582 3088 tantummodo
2610 3048 2873 3106 apparens
2934 3040 3187 3113 loquitur,
3227 3046 3295 3100 ita
3326 3048 3487 3105 etiam
3526 3052 3634 3119 ille,
3673 3053 3808 3109 dum

2204 3113 2432 3175 habetur
2471 3122 2526 3179 in
2585 3128 2863 3186 memoria.
2903 3130 3020 3189 Non
3060 3134 3105 3189 si
3143 3142 3379 3207 seipsum
3438 3143 3805 3211 pra'dicatset.

2203 3224 2310 3264 non
2336 3210 2390 3266 si
2414 3213 2561 3273 mille
2602 3217 2812 3291 linguas
2838 3222 3130 3290 habuisset,
3164 3238 3220 3285 et
3269 3210 3516 3300 vivisslat,
3548 3235 3601 3290 in
3653 3247 3802 3294 tanta

2201 3299 2412 3370 fuisset,
2461 3318 2520 3362 ut
2550 3325 2691 3366 nunc
2716 3324 2823 3379 est,
2853 3315 3227 3378 admiratione.
3260 3324 3374 3380 [loc
3417 3336 3518 3393 est,
3551 3328 3666 3386 ha-c
3693 3333 3833 3386 nou'

2201 3395 2336 3452 llunt
2387 3399 2605 3470 impune
2646 3421 2745 3462 nec
2790 3416 3015 3476 temere,
3048 3428 3150 3469 nec
3196 3426 3547 3485 prtetereunt.
3577 3422 3631 3478 5.
3669 3422 3807 3480 Fide

2200 3488 2380 3546 Enoclt
2406 3496 2686 3553 translatus
2712 3510 2785 3554 est
2808 3542 2824 3565 ,
2872 3519 2936 3558 ne
2961 3506 3149 3561 videret
3187 3522 3441 3577 mortem;
3469 3525 3516 3567 et
3540 3530 3641 3570 11011
3670 3518 3805 3573 inve-

2198 3582 2449 3652 niebatur,
2480 3590 2602 3659 quia
2627 3591 2743 3645 tulit
2769 3593 2916 3649 illum
2955 3596 3206 3654 Dominus
3239 3616 3258 3655 :
3283 3619 3403 3657 nam
3433 3615 3553 3660 ante
3578 3609 3803 3662 transla-

2197 3675 2383 3731 tionem
2419 3684 2759 3737 testimonium
2788 3685 2934 3742 habet
2962 3693 3098 3759 quod
3138 3692 3389 3761 placuerit
3418 3695 3548 3753 Deo.
3580 3699 3636 3753 ϐ.
3673 3700 3803 3757 Sine

2196 3767 2301 3836 ﬁde
2337 3780 2507 3826 autem
2539 3775 2852 3841 impossibile
2894 3790 2967 3835 est
2997 3782 3199 3850 placere
3232 3784 3338 3840 Deo
3367 3803 3386 3842 :
3415 3790 3621 3845 credere
3660 3793 3799 3846 enim

2195 3871 2391 3928 oportet
2422 3864 2739 3920 accedentem
2766 3870 2835 3922 ad
2866 3870 3026 3926 Deum
3050 3876 3172 3943 quia
3212 3888 3302 3941 cst,
3335 3889 3382 3933 et
3426 3881 3801 3948 inquirentibus

2193 3966 2247 4004 se
2274 3967 2622 4010 remtmerator
2651 3960 2728 4027 ﬁt.
2769 3961 2863 4015 llic
2891 3963 3147 4033 majorem
3177 3971 3413 4025 ostendit
3444 3971 3603 4028 [idem
3632 3992 3797 4045 quam

2194 4042 2353 4097 Abel.
2381 4044 2598 4111 Quare?
2648 4049 2914 4116 Quoniam
2961 4055 3173 4111 etiamsi
3215 4070 3336 4127 post
3386 4061 3537 4117 illum
3582 4042 3751 4122 fuerit
3779 4107 3798 4130 .

2195 4142 2370 4189 tamen
2403 4153 2522 4205 qme
2548 4139 2598 4193 in
2639 4140 2730 4194 illo
2759 4142 2894 4198 facta
2931 4144 3142 4202 fuerant
3189 4150 3531 4210 sufﬁciebant
3572 4157 3638 4209 ad
3667 4174 3797 4213 eunt

2191 4227 2562 4282 avertendum.
2588 4231 2870 4299 Quomodo
2893 4236 2916 4289 ?
2945 4237 3298 4295 Prtesciverat
3321 4243 3461 4299 Deus
3481 4247 3626 4316 quod
3647 4260 3799 4307 esset
3830 4308 3837 4313 ,

2192 4318 2457 4385 periturus
2489 4337 2503 4373 :
2536 4320 2671 4377 dixit
2699 4325 2842 4401 enim
2870 4326 2935 4383 ad
2975 4326 3105 4384 Cain
3138 4348 3153 4386 :
3191 4330 3443 4401 Peccasti,
3473 4353 3537 4391 ne
3567 4341 3798 4408 amplius

2189 4408 2467 4477 adjeceris.
2492 4413 2577 4468 Ab
2607 4414 2724 4485 ipso
2754 4418 2850 4472 fuit
2877 4418 3191 4490 honoratus,
3231 4436 3285 4481 et
3329 4426 3503 4496 ipsum
3550 4446 3660 4485 non
3708 4445 3798 4490 est

2190 4498 2351 4553 ultus.
2384 4500 2452 4555 Et
2476 4518 2574 4558 nec
2602 4505 2703 4560 hoc
2731 4522 2853 4563 eum
2892 4510 3073 4581 injecit
3101 4515 3151 4587 in
3178 4516 3407 4587 aliquam
3434 4522 3601 4578 animi
3626 4528 3794 4594 :cgri-

2188 4591 2444 4646 tudinem.
2464 4592 2579 4647 Non
2605 4595 2739 4651 dixit
2762 4601 2901 4670 apud
2932 4618 3014 4669 se,
3046 4605 3177 4673 Quis
3245 4623 3373 4663 usus
3424 4622 3510 4668 est
3543 4591 3793 4674 laborum

2185 4688 2239 4734 et
2265 4682 2665 4748 periculorum?
2691 4692 2825 4746 Abel
2843 4692 3007 4749 Deum
3028 4695 3327 4766 honoravit,
3352 4712 3404 4756 et
3432 4703 3479 4758 ei
3505 4718 3663 4775 opem
3683 4724 3793 4764 non

2186 4772 2319 4829 tulit.
2340 4777 2402 4829 Ei
2432 4777 2576 4831 enim
2600 4781 2688 4849 qui
2707 4796 3037 4852 excesserat,
3068 4789 3192 4859 quid
3224 4792 3423 4860 profuit
3452 4772 3791 4866 supplicium

2183 4878 2289 4932 quo
2311 4865 2594 4925 danmatus
2621 4870 2932 4930 fuitfrater?
2961 4880 3230 4946 quomodo
3255 4892 3433 4937 autem
3463 4865 3577 4944 ﬁeri
3611 4902 3794 4958 pote~t
3835 4876 3846 4886 ’

2183 4944 2239 5009 ut
2268 4956 2380 5027 ipse
2417 4962 2542 5017 inde
2584 4964 2816 5035 aliquam
2861 4972 3125 5041 acceperit
3173 4972 3792 5041 utilitatem?Pon.tmtts

2180 5063 2303 5104 eum
2320 5067 2510 5122 graves
2523 5054 2738 5112 dedisse
2756 5075 2942 5128 paruas
2962 5062 3128 5132 :Quid
3146 5065 3212 5120 ad
3233 5082 3356 5122 eum
3380 5071 3467 5140 qui
3486 5082 3569 5128 est
3590 5075 3657 5128 de
3680 5093 3792 5133 me-

2181 5143 2271 5195 dio
2297 5144 2579 5201 sublatus?
2605 5148 2746 5204 Nihil
2783 5154 2889 5209 tale
2920 5170 3019 5211 nec
3043 5156 3199 5224 dixit,
3245 5176 3345 5215 nec
3383 5152 3658 5234 cogitavit,
3688 5172 3784 5231 sed

2184 5235 2265 5289 his
2294 5241 2546 5296 omnibus
2586 5247 2960 5310 pra-terruissis
2989 5251 3240 5320 cognovit
3270 5253 3411 5322 quod
3442 5256 3485 5309 si
3504 5267 3587 5311 est
3619 5260 3785 5323 Deus,

2185 5343 2427 5396 j-taneest
2443 5337 2601 5388 etiam
2619 5348 2994 5393 remuneratur
3011 5357 3024 5394 :
3043 5357 3365 5415 quamquam
3382 5348 3618 5403 nondum
3636 5354 3787 5419 quid.

2182 5422 2321 5488 p'atn
2344 5424 2670 5481 sciebantde
2702 5432 3116 5487 resurrectione.
3147 5436 3397 5494 Siautetn
3422 5439 3489 5494 de
3538 5458 3785 5499 resurre-

2246 5532 2320 5597 (a)
2340 5531 2577 5583 Hebralca
2599 5530 2762 5616 verba.
2778 5545 2895 5589 sunt.
2909 5543 3031 5616 ξιτ-11
3046 5545 3177 5603 πη
3197 5544 3278 5592 ubi
3297 5544 3601 5599 'l‘heodotiou
3625 5557 3798 5616 vertit,

2184 5615 2245 5653 ut
2268 5616 2468 5685 ινιγῡρτεν
2491 5613 2511 5653 1
2543 5615 2652 5685 θεάςἶ
2682 5616 2729 5656 et
2743 5607 2959 5685 incen_dtt
3000 5618 3154 5663 neas.
3191 5622 3259 5685 ut
3276 5616 3446 5665 videas
3472 5620 3529 5685 in
3554 5607 3796 5685 Hexaplrs

2182 5667 2379 5725 nostris,
2405 5666 2600 5723 (leui,
2626 5667 2684 5727 4;
2712 5678 2765 5719 et
2783 5676 3094 5722 conﬁrmatur
3117 5688 3181 5722 ex
3202 5675 3482 5728 Hiorouvmi
3510 5666 3793 5749 tristitudine
3841 5688 3847 5693 ’

2182 5726 2362 5749 :|.:.L....
2422 5728 2571 5749 0...“...
2612 5740 2684 5749 η--.
2818 5747 2829 5749 _
2907 5740 2921 5749 .
2950 5741 2960 5749 .
3140 5745 3150 5749 _

2181 5726 2382 5796 ibidem.
2422 5728 2574 5790 Syrus
2609 5740 2775 5781 autem
2817 5740 2965 5784 vcrttt
3002 5749 3063 5786 καὶ
3086 5745 3285 5798 ηδδέαιφιν
3308 5750 3327 5789 ό
3353 5753 3455 5803 οων,
3502 5752 3550 5796 ct
3584 5745 3792 5798 libenter

2145 5817 2149 5821 -
2181 5788 2371 5851 arrepit
2399 5788 2542 5840 licus.
