2086 3223
254 3 883 33 ‘mdc

159 235 449 265 semensum
457 237 580 266 sciebam
590 243 618 267 et
635 239 678 267 hic
693 239 820 268 videbant
832 243 978 280 contraria.

158 281 468 319 *Wl'eluut
480 291 488 313 :
499 291 610 320 quanto
621 284 707 322 magis
721 287 789 314 nos?
804 295 891 322 neque
906 289 977 315 enim

159 326 418 363 -mt-de
437 330 660 363 resurrectione,
688 338 777 366 neque
800 330 834 358 ad
861 331 984 366 exempla

158 374 471 412 Mittere.
483 374 541 403 ηπ
549 375 658 410 quidem
673 376 760 411 ipsum
778 376 841 405 fecit
855 385 916 405 emn
929 378 985 413 pla—

162 420 350 462 mou
366 420 436 449 nihil
450 421 589 456 receperit
600 442 608 454 ,
623 421 672 450 Dic
688 422 755 450 Inibi
770 431 776 449 :
794 423 898 451 sciebat
911 423 982 459 quod

381 471 585 495 remuneratur.
616 467 781 496 Uudenam?
808 469 885 497 Abcli
910 470 982 497 enim

167 512 293 542 sub
320 511 504 542 reddiderat.
534 513 716 548 Quamobrem
743 515 795 543 alia
822 517 981 551 suggerebat

171 560 271 595 mi.-
288 559 364 589 Ides
384 563 479 588 autem
505 561 642 588 contraria
670 561 704 589 iis
727 569 787 596 qum
810 562 981 590 videbantur.

161 605 379 643 il!va
389 625 399 640 ,
415 606 512 640 inquit,
526 606 638 634 videatis
651 614 700 635 vos
713 607 756 635 hic
771 607 836 635 nihil
850 609 980 644 recipere.

169 659 205 682 κ
214 651 432 688 peri-rhenum.
445 651 588 686 Quomodo
598 652 650 680 ﬁde
664 653 810 681 translatus
819 654 866 681 iuit
874 654 982 682 Euoeh?

161 698 303 734 “iam
323 697 512 726 translationis
524 706 604 727 causa
619 698 670 727 fuit
683 700 754 736 qttod
774 701 828 728 Deo
841 702 979 736 placuerit.

163 743 348 781 nam
369 744 590 780 Deoplacuerit,
613 752 694 773 causa
713 745 764 773 fuit
781 746 858 775 ﬁdes.
875 747 942 776 Nam
957 749 980 776 si

165 790 330 820 «acim
341 790 419 826 quod
440 795 603 826 accepturus
622 797 696 821 esset
707 792 959 822 remunerationem
971 816 979 829 ,

159 838 307 876 modo
322 838 383 867 Deo
393 838 565 874 placuisset?
579 838 643 867 Sine
658 840 709 874 ﬁde
722 845 808 868 autem
822 841 980 876 impossibile

163 884 322 922 «me
339 884 411 913 Dio.
433 884 596 919 Quomodo?
618 885 645 914 Si
658 887 730 915 enim
751 888 896 916 crediderit
907 889 980 925 quis—

162 933 234 968 pia-
248 939 317 963 κίε
329 932 419 960 Deum
433 936 462 960 el.
475 934 736 966 remunerationem,
768 934 811 962 ltic
825 936 978 964 mercedem

304 977 382 1007 Hine
396 977 490 1006 evenit
515 982 544 1006 ut
560 979 615 1006 Deo
631 980 774 1014 placuerit.
790 980 899 1009 Credere
910 983 978 1010 enim

155 1019 449 1062 ,μεταμάθοιεηί
463 1023 500 1051 ad
520 1023 603 1052 Deum
614 1026 683 1061 quod
697 1031 753 1060 est,
783 1035 837 1055 non
851 1028 915 1064 quid
930 1029 975 1057 sit.

157 1070 505 1109 ὃήἠξωωηάωάυηι
513 1073 584 1107 quod
593 1073 638 1106 sit,
648 1081 715 1109 opus
726 1074 761 1102 sit
771 1075 822 1103 ﬁde
831 1081 857 1103 et
868 1084 919 1105 non
932 1085 975 1104 ra-

374 1117 443 1155 quid
456 1118 494 1146 sit
507 1119 611 1148 ratione
620 1121 812 1156 comprehendi
823 1128 910 1158 potest
921 1124 976 1157 isi,

167 1161 494 1200 mutator,
507 1165 560 1194 ﬁde
568 1173 635 1202 opus
646 1167 737 1202 habet,
758 1173 852 1197 etnon
871 1171 977 1199 rationi-

459 1214 653 1247 snntessenlize
662 1216 854 1251 comprehendi
864 1223 977 1253 possunt

167 1259 399 1288 Mt
417 1267 547 1296 quanam
561 1261 633 1289 enim
647 1262 820 1290 ratiocinatio
834 1272 866 1292 ea
889 1270 976 1300 potest

163 1305 303 1343 "ﬁt!
320 1306 436 1343 (litbus
466 1307 539 1335 enim
569 1307 663 1336 dicunt
685 1317 749 1337 casu
781 1311 844 1338 i'erri
870 1312 972 1339 omnia.

161 1350 414 1388 militiai-in
429 1353 559 1381 omnibus
575 1361 628 1381 non
645 1354 800 1389 credamus,
818 1364 870 1383 non
887 1358 973 1385 solum

160 1398 188 1425 in
208 1398 461 1432 'mmti‘one,
500 1399 549 1427 sed
573 1400 654 1427 etiam
676 1400 702 1427 in
733 1400 784 1429 hoc
810 1402 868 1437 ipso
901 1403 972 1438 quod

157 1445 195 1472 Iit
222 1444 317 1477 αὔ.
348 1450 470 1481 pereunt
520 1445 599 1473 nobis
629 1447 740 1474 onmia?
775 1448 853 1476 Multi
885 1455 973 1477 autem

156 1491 440 1529 qua-Elquoinodo
452 1492 602 1520 translatus
615 1493 649 1520 sit
662 1493 766 1526 Enocll,
784 1499 810 1522 et
821 1502 869 1522 cur
881 1500 971 1523 trans-

157 1538 250 1572 ΕΜ,
273 1544 370 1567 ειωτ
390 1544 446 1566 non
469 1543 593 1566 mortuus
619 1539 655 1567 sit
678 1547 765 1575 neque
789 1541 864 1576 ipse,
887 1550 974 1577 neque

157 1584 301 1619 ειίενιέῑ
321 1584 347 1614 si
366 1583 457 1613 adhuc
483 1585 597 1620 vivunt,
620 1586 757 1621 quomodo
779 1587 886 1620 vivant,
903 1593 928 1615 et
945 1587 971 1615 in

156 1627 333 1663 qilhbitu.
343 1627 399 1657 Sed
409 1629 523 1658 omnino
535 1637 765 1665 supervacaneum
777 1634 818 1657 est
831 1630 887 1657 luce
901 1637 974 1665 quaa-

157 1675 233 1703 γεω.
252 1674 326 1703 Nam
349 1674 424 1711 quod
450 1675 498 1704 ille
520 1667 647 1711 quidem,
674 1683 773 1712 nempe
797 1675 913 1708 Enoch,
938 1675 973 1702 sit

156 1720 335 1755 translatus;
363 1721 408 1750 hic
426 1729 509 1755 vero,
531 1730 628 1756 nempe
640 1722 713 1750 Elias
723 1744 731 1755 ,
745 1722 780 1750 sit
795 1726 951 1756 assumptus
964 1741 972 1753 ,

154 1767 297 1796 dixerint
316 1767 473 1803 Scriptum
489 1777 498 1797 :
512 1768 557 1797 ubi
579 1774 668 1797 autem
690 1769 763 1803 sint,
794 1773 821 1796 et
837 1768 974 1803 quotuodo

149 1814 227 1849 sint,
242 1819 301 1843 non
310 1814 404 1843 itidem
417 1815 595 1853 adjecerunt:
606 1823 660 1843 non
669 1815 784 1851 amplius
798 1815 870 1843 enim
881 1814 975 1841 dicunt

135 1864 144 1868 ‘
154 1868 243 1898 Illum
255 1869 321 1897 qum
334 1866 398 1890 sunt
412 1862 576 1890 necessaria.
588 1861 655 1889 Nam
668 1862 725 1889 haec
738 1862 846 1897 quidem
859 1859 974 1888 transla-

156 1906 197 1938 tio
216 1906 294 1935 facta
309 1906 362 1935 fuit
384 1908 477 1935 statim
494 1908 529 1935 ab
546 1908 676 1941 exordio;
701 1912 730 1935 ut
745 1908 862 1934 ltumana
878 1911 972 1934 natura

143 1950 239 1988 -ιῦφι
262 1954 428 1989 acciperet,
452 1953 526 1990 quod
553 1959 581 1982 et
605 1961 680 1982 mors
704 1954 917 1985 dissolveretur,
947 1957 975 1979 et.

147 1998 262 2029 ,ωειιί
302 2000 428 2036 tyrannis
455 2000 595 2028 deleretur
618 2008 626 2027 :
647 2000 737 2036 quod,
763 2000 871 2035 inquam
900 2007 974 2026 mors

158 2044 399 2074 “veretur:
433 2045 582 2073 translatus
620 2046 693 2073 enim
727 2046 777 2073 luit
811 2054 865 2073 non
902 2053 974 2072 mor-

148 2092 241 2125 fu,
270 2089 325 2119 sed
348 2097 388 2118 no'
411 2090 517 2119 videret
539 2095 664 2118 tnortem.
687 2091 831 2126 Propterea
850 2090 973 2124 addidit,

139 2134 248 2168 ,νίν-ι
279 2139 328 2164 est
367 2136 532 2168 translatus,
565 2136 627 2172 quia
666 2136 768 2171 placuit
796 2137 862 2164 Deo.
899 2136 975 2164 Sicut

159 2184 240 2213 enim
252 2188 337 2220 pater
350 2183 485 2219 quispiam
499 2183 618 2211 minatus
630 2182 685 2210 ﬁlio
697 2203 705 2216 ,
727 2183 785 2210 vult
796 2183 904 2218 quidem
918 2188 975 2210 sta-

115 2242 120 2247 ο
139 2253 144 2256 .
157 2230 211 2259 tius
222 2229 321 2258 atinas
334 2229 479 2258 remittere
489 2250 499 2263 ,
514 2229 623 2265 quando
637 2229 718 2257 fuerit
732 2230 868 2262 minatus;
890 2230 973 2257 susti:

105 2272 108 2273 ν
136 2281 208 2306 ια
232 2282 332 2305 ..κω
357 2281 387 2305 ot
405 2281 564 2304 constanter
590 2277 730 2312 perdurat,
743 2282 772 2305 ut
785 2277 893 2305 interim
910 2285 975 2305 eum

154 2324 325 2360 met-ot
337 2322 503 2358 adtnoneat,
524 2324 637 2352 stabiles
650 2329 678 2352 et
705 2324 797 2352 ﬁrmas
811 2325 903 2352 siuens
917 2332 976 2352 ma-

157 2370 357 2403 lent-ins;
375 2370 413 2398 ita
426 2370 512 2398 etiam
526 2370 615 2405 Deus,
630 2378 707 2398 more
722 2370 778 2399 fere
792 2371 906 2398 dixerim
922 2371 973 2398 hu-

157 2424 249 2446 m
258 2420 343 2451 ,hon
356 2416 560 2450 sustinuitrsed
572 2417 665 2445 statim
680 2417 799 2445 ostendit
816 2418 887 2453 quod
902 2425 976 2445 mors

148 2466 197 2494 ﬁt
209 2463 321 2493 ωιιυ.
348 2463 384 2492 ει
397 2464 516 2500 primum
537 2464 602 2492 sinit
617 2472 679 2493 esse
695 2464 760 2500 justi
775 2470 907 2497 mortem,
929 2473 977 2500 per

154 2511 253 2540 Im
264 2509 367 2539 volens
377 2515 487 2539 terrere
497 2514 613 2546 patrem.
628 2510 730 2538 Volens
744 2510 815 2538 enim
830 2510 975 2538 ostendere

135 2550 140 2555 ’
158 2557 238 2594 Μ
253 2562 355 2586 mera
367 2561 411 2585 ut
424 2557 513 2584 llrrna'
524 2561 554 2585 et
565 2557 670 2585 stabilis
684 2558 817 2585 sententia
829 2581 836 2590 ,
851 2565 903 2584 non
919 2562 976 2585 sta-

158 2605 214 2633 ﬁ-
234 2603 330 2632 n‘nloc
341 2623 350 2636 ,
369 2603 418 2631 sed
433 2603 517 2631 etiam
537 2610 600 2632 eum
613 2603 659 2639 qui
676 2604 727 2639 ipsi
743 2604 844 2639 placuit
859 2604 977 2639 subjecit

158 2651 324 2688 ﬁnitio,
339 2649 449 2679 beatum
461 2671 469 2683 .
482 2651 610 2687 inquam,
626 2651 701 2678 illum
713 2651 827 2679 Abclem
845 2660 852 2678 :
867 2656 894 2679 et
911 2659 980 2686 pene

159 2698 259 2728 sum
351 2697 430 2725 illum
443 2697 586 2725 transtulit
600 2697 694 2725 Enoeh
708 2698 856 2725 viventem.
876 2698 910 2725 Et
926 2707 979 2726 non

136 2759 138 2762 ν
160 2745 241 2774 ill.
263 2742 430 2776 mitavit,
450 2750 486 2770 ne
500 2742 628 2778 protinus
653 2742 767 2771 nimium
794 2743 979 2777 cenliderent;

161 2790 304 2820 adhunc
328 2789 466 2818 transtulit
482 2789 638 2822 viventem;
662 2797 711 2824 per
732 2789 845 2818 Abelem
866 2790 977 2826 quidem

162 2841 294 2871 terreris,
321 2843 372 2872 per
385 2835 460 2864 bene
481 2841 573 2864 autem
590 2835 660 2864 dans
673 2836 763 2864 zelum
776 2841 804 2864 et
826 2838 980 2866 :emniatio-

136 2902 139 2903 ν
164 2887 274 2913 mut
292 2882 354 2911 Deo
366 2881 519 2918 placerent.
535 2882 598 2916 Quo
612 2882 641 2909 tit
656 2887 686 2909 ut
701 2882 757 2911 Deo
769 2891 823 2910 non
836 2884 959 2918 placeant
973 2906 980 2917 ,

163 2929 210 2966 qui
221 2925 320 2958 omnia
335 2935 400 2957 casu
427 2928 471 2965 agi
497 2932 526 2957 ct
553 2927 617 2957 ferri
632 2928 735 2963 dicunt,
751 2931 779 2956 ct
804 2933 856 2954 non
881 2933 977 2962 cxspc-

521 179 685 214 tx‘er‘ts'r.
705 178 953 216 'Ao'tIEBuzeos.
974 188 1052 218 car.
1073 190 1119 219 Xl.
1141 192 1257 222 unum.
1283 194 1366 224 xxu.

1776 193 1830 221 158

1032 245 1107 270 ctant
1122 249 1386 282 remunerationem,
1412 252 1482 277 utet
1496 253 1601 285 gentes.
1629 250 1663 278 lis
1688 251 1760 278 enim
1785 252 1830 286 qui

1030 289 1117 324 ipsum
1131 291 1269 326 inquirunt
1284 301 1333 329 per
1347 302 1430 330 opera
1445 299 1473 324 et
1485 297 1669 332 cognitionem
1685 302 1726 325 est
1741 306 1832 326 rentu-

1024 339 1143 365 ‘nerator
1158 337 1208 374 (tt).

1068 384 1096 411 5.
1110 384 1177 412 Cum
1199 393 1264 421 ergo
1278 385 1409 415 habemus
1423 395 1667 424 remuneratorem,
1683 390 1772 417 omnia
1789 389 1830 418 fa-

1031 429 1145 464 ciamus,
1157 438 1190 458 ne
1205 432 1341 466 privemur
1351 434 1474 462 mercede
1483 443 1542 470 qua:
1554 435 1633 463 datur
1641 436 1676 464 ob
1686 437 1810 465 virtutem
1822 446 1829 465 :

1029 479 1070 503 est
1084 476 1154 504 enim
1166 477 1257 505 multis
1272 480 1487 514 prosequendum
1506 481 1632 518 lacrymis
1644 482 1724 510 talem
1738 482 1829 518 dCSpi-

1028 529 1091 551 cere
1102 525 1359 554 remunerationem.
1369 526 1404 555 Ut
1414 528 1486 555 enim
1496 529 1527 556 iis
1536 530 1579 564 qui
1593 530 1680 565 ipsum
1689 535 1829 565 quaerunt,

1033 574 1075 597 est
1097 570 1219 599 redditor
1233 573 1383 606 mercedis,
1399 574 1433 601 ita
1450 574 1492 607 iis,
1513 577 1557 610 qui
1578 576 1665 610 ipsum
1682 584 1734 603 non
1756 584 1829 611 quae-

1029 621 1108 649 runt,
1129 618 1318 652 contrarium;
1358 619 1491 654 Quaerite,
1516 621 1619 657 inquit,
1648 627 1672 649 et
1699 623 1828 650 invenietis

1029 661 1125 697 (Mat/1.
1139 664 1165 691 7.
1180 664 1219 700 7).
1236 664 1379 699 Quomodo
1391 672 1481 694 autem
1498 672 1586 702 potest
1602 668 1716 695 inveniri
1734 669 1828 695 Domi-

1027 710 1096 737 nus?
1110 710 1202 746 Cogita
1217 712 1354 747 qumnodo
1375 713 1511 741 invenitur
1525 721 1621 741 aurum
1634 735 1642 747 ,
1659 722 1719 741 cum
1736 715 1828 742 multis

1027 754 1174 784 laboribus.
1191 756 1327 790 Manibus,
1342 758 1439 794 inquit,
1455 759 1517 786 meis
1532 764 1605 786 noctu
1620 765 1708 786 contra
1719 768 1788 793 cmn,
1805 765 1828 787 ct

1027 810 1077 829 non
1090 811 1147 829 sum
1161 802 1281 838 deceptus
1304 804 1390 840 (Psal.
1404 805 1449 833 76.
1463 806 1503 841 ὅ).
1520 805 1577 833 lloc
1591 810 1631 833 est
1643 827 1651 839 ,
1667 806 1738 833 sicut
1753 814 1828 840 qua:-

1028 849 1114 877 rimus
1127 849 1199 885 quod
1214 851 1304 885 periit,
1315 851 1351 878 ita
1362 852 1445 879 Deum
1459 860 1624 888 qua-ramus.
1635 853 1732 880 Annon
1745 857 1826 880 totum

1028 901 1146 924 mentem
1165 897 1228 925 illuc
1242 899 1446 926 convertimus?
1468 907 1558 927 annon
1572 907 1668 927 omnes
1690 900 1827 927 exainina-

1027 941 1108 968 mus?
1120 949 1210 970 annon
1222 950 1335 978 peregre
1347 943 1560 978 proﬁciscimur?
1579 953 1669 972 annon
1687 945 1826 980 pecuniam

1027 988 1204 1023 pollicemur?
1230 990 1262 1017 Ut
1275 992 1392 1026 exempli
1404 999 1484 1019 causa
1497 1012 1503 1024 ,
1519 992 1541 1019 si
1556 993 1668 1027 perierit
1683 993 1760 1021 nobis
1774 993 1826 1020 ali-

1027 1035 1088 1068 quis
1110 1034 1180 1062 ﬁlius
1191 1056 1199 1069 ,
1222 1036 1286 1071 quid
1300 1044 1354 1064 non
1367 1037 1494 1072 agimus?
1521 1046 1601 1073 quam
1615 1043 1732 1070 terram,
1754 1039 1825 1074 quod

1028 1090 1103 1110 mare.
1117 1091 1171 1111 non
1185 1083 1308 1111 obinuts'l
1335 1092 1425 1112 annon
1441 1085 1570 1120 pecunias
1581 1106 1588 1118 ,
1616 1090 1643 1113 et
1663 1085 1758 1113 domos
1769 1106 1776 1118 ,
1800 1090 1826 1113 et

1026 1130 1117 1157 omnia
1131 1130 1247 1165 denique
1257 1131 1336 1166 hujus
1351 1131 1508 1159 inventione
1520 1131 1669 1167 posteriora
1682 1132 1826 1159 ducimus?

1025 1181 1054 1204 et
1067 1177 1088 1204 si
1103 1176 1287 1205 invenerimus
1300 1199 1307 1209 .
1332 1177 1485 1205 detiuemus
1497 1199 1505 1210 ,
1526 1178 1737 1213 constringimus
1748 1199 1754 1208 ,
1772 1186 1825 1205 non

1027 1223 1214 1258 relinquimus.
1242 1222 1276 1251 Et
1291 1224 1432 1259 qumsiluri
1448 1224 1538 1251 omnia
1562 1224 1682 1259 gerimus
1708 1225 1825 1252 utinve-

1027 1270 1132 1297 niamus
1144 1269 1169 1297 id
1181 1269 1251 1305 quod
1266 1270 1393 1305 quaeritur
1407 1279 1414 1298 :
1429 1274 1530 1306 quanto
1540 1270 1623 1306 magis
1637 1270 1662 1297 id
1675 1270 1700 1297 in
1717 1270 1772 1297 Deo
1785 1276 1826 1298 est

1026 1317 1192 1351 iaciendum,
1208 1325 1268 1345 eum
1293 1317 1440 1353 qumrendo
1458 1322 1592 1352 tamquam
1604 1317 1703 1352 aliquid
1723 1326 1756 1345 ex
1780 1326 1827 1345 nc-

1025 1364 1168 1392 cessariis!
1195 1365 1248 1391 imo
1263 1372 1326 1392 vero
1342 1372 1394 1392 non
1420 1364 1454 1391 ita
1466 1385 1473 1397 ,
1494 1364 1541 1391 sed
1566 1356 1649 1391 multo
1661 1364 1754 1399 magis.
1773 1365 1825 1392 Sed

1026 1411 1153 1445 quoniam
1172 1418 1265 1438 smnus
1291 1410 1438 1442 imbecilli,
1466 1410 1563 1437 saltem
1589 1410 1660 1437 sicut
1683 1416 1710 1437 tu
1727 1411 1826 1445 qua-ris

1029 1457 1155 1491 pecunias
1173 1461 1231 1484 tuas
1242 1477 1250 1490 ,
1262 1462 1308 1484 aut
1323 1457 1417 1489 lilium,
1434 1465 1525 1492 quatre
1543 1457 1637 1484 Deum.
1666 1457 1718 1484 Pro
1732 1465 1764 1484 co
1777 1465 1824 1484 an.

1027 1510 1080 1530 non
1099 1503 1297 1538 peregrinaris?
1321 1511 1412 1530 annon
1427 1509 1476 1538 pro
1497 1503 1620 1538 pecuniis
1633 1510 1664 1531 es
1677 1503 1823 1538 aliquando

1029 1552 1142 1580 peregre
1158 1546 1314 1580 profectus?
1327 1554 1417 1574 annon
1440 1547 1531 1573 omnia
1551 1546 1657 1574 curiose
1675 1547 1826 1575 scrutaris?

1027 1598 1117 1618 annon
1138 1591 1246 1626 quando
1273 1592 1407 1620 inveneris
1420 1613 1427 1625 ,
1449 1596 1512 1620 tunc
1533 1591 1665 1620 conﬁdis?
1692 1593 1823 1627 Quanta,

1028 1636 1132 1671 inquit,
1159 1642 1183 1664 et
1205 1637 1460 1674 invcnietic(.i1ntllt.
1478 1638 1558 1674 7.7).
1583 1638 1648 1665 Nam
1672 1646 1732 1673 qua:
1753 1647 1828 1674 quat-

1024 1688 1134 1715 runtur,
1149 1690 1243 1718 magna
1257 1688 1336 1718 egent
1349 1683 1527 1711 sollicitudine
1539 1704 1546 1716 ,
1574 1683 1600 1711 in
1617 1683 1672 1712 Deo
1686 1684 1803 1711 maxime
1816 1694 1823 1711 ι

1028 1729 1111 1756 multa
1145 1731 1216 1757 enim
1249 1735 1311 1757 sunt
1347 1738 1407 1766 quae
1441 1730 1607 1766 prohibent,
1637 1732 1722 1759 multa
1757 1737 1821 1759 sunt

1028 1783 1088 1810 qute
1109 1775 1251 1803 offundunt
1275 1777 1418 1810 tenebras,
1443 1777 1527 1804 multa
1546 1782 1608 1804 sunt
1631 1784 1692 1812 qua:
1715 1784 1826 1805 sensum

1028 1826 1150 1849 nostrutn
1171 1827 1274 1850 arcent.
1286 1823 1362 1850 Sicut
1384 1822 1456 1850 enim
1480 1823 1521 1850 sol
1542 1827 1583 1851 est
1602 1822 1780 1857 manifestus,
1803 1828 1832 1851 et

1028 1868 1154 1896 omnibus
1169 1869 1195 1895 in
1215 1869 1303 1896 medio
1319 1870 1496 1904 proponitur,
1510 1877 1562 1898 nec
1582 1877 1650 1905 opus
1664 1875 1708 1898 est
1722 1875 1753 1898 ut
1767 1878 1830 1898 eum

1029 1923 1181 1950 qumramus
1197 1924 1205 1947 ;
1220 1915 1261 1943 sin
1277 1921 1367 1943 autem
1382 1924 1431 1944 uos
1447 1917 1520 1951 ipsos
1532 1916 1707 1950 ini‘odiamus,
1721 1917 1831 1945 etiamsi

1029 1961 1119 1988 omnia
1136 1962 1319 1995 invertamus,
1339 1963 1425 1990 multo
1440 1963 1532 1991 labore
1556 1964 1635 1991 nobis
1654 1972 1722 1999 opus
1742 1969 1783 1992 est
1801 1970 1831 1993 ut

1028 2007 1271 2040 solemintucamur
1283 2009 1334 2036 :ita
1348 2008 1391 2036 bic
1403 2017 1520 2045 quoque,
1532 2010 1554 2036 si
1570 2010 1595 2037 in
1609 2010 1740 2045 profundo
1753 2011 1833 2038 mala.

1030 2062 1087 2081 rum
1103 2055 1286 2090 cupiditatum,
1298 2055 1321 2083 si
1335 2056 1488 2083 intenebris
1503 2056 1584 2083 animi
1603 2057 1832 2091 perturbationum

1030 2105 1056 2127 et
1070 2108 1159 2128 rerum
1182 2109 1242 2136 qum
1253 2102 1285 2128 ad
1297 2101 1366 2129 hanc
1378 2102 1457 2128 vitam
1474 2103 1608 2137 pertinent
1634 2110 1684 2131 nos
1708 2103 1834 2130 iniodcri-

1029 2154 1101 2179 mus,
1118 2146 1161 2174 vix
1171 2155 1277 2174 sursum
1288 2148 1443 2182 aspicimus,
1454 2148 1495 2174 vix
1508 2155 1558 2175 nos
1571 2149 1708 2183 erigimus.
1723 2149 1773 2182 Qui
1789 2154 1830 2176 est

1030 2193 1135 2221 inferne
1149 2194 1276 2227 infossus,
1287 2201 1339 2229 quo
1353 2195 1438 2229 magis
1447 2202 1554 2222 sursum
1570 2195 1716 2229 aspexerit,
1730 2202 1763 2222 eo
1777 2203 1833 2222 ma«

1029 2241 1071 2276 gis
1089 2241 1164 2268 venit
1191 2241 1225 2268 ad
1253 2241 1350 2269 solem.
1375 2241 1518 2269 Pulvercm
1544 2249 1608 2277 ergo
1638 2241 1808 2269 excutiamus
1825 2263 1832 2273 ,

1030 2287 1108 2314 nobis
1117 2287 1267 2322 impositam
1282 2287 1422 2323 caliginem
1434 2287 1630 2323 perfringamus
1642 2296 1649 2315 τ
1662 2288 1744 2315 densa
1757 2293 1834 2315 estet

1031 2334 1192 2368 constipata,
1205 2338 1292 2362 etnon
1303 2334 1367 2361 sinit
1381 2341 1430 2361 nos
1438 2341 1544 2362 sursum
1553 2334 1684 2369 aspicere.
1694 2334 1835 2367 Quomodo

1031 2384 1137 2411 autem,
1154 2380 1248 2415 inquit,
1264 2380 1439 2415 periringitur
1463 2387 1494 2407 ea
1509 2380 1612 2407 nubes?
1636 2379 1664 2407 Si
1688 2380 1833 2407 attraxeri-

1031 2434 1092 2454 mus
1106 2426 1196 2454 radios
1219 2426 1347 2462 spiritalis
1362 2426 1427 2454 solis
1440 2447 1448 2460 ,
1475 2426 1540 2453 solis
1556 2426 1679 2461 justitim,
1702 2426 1724 2453 si
1739 2434 1835 2453 manus

1032 2473 1065 2501 ad
1076 2473 1171 2501 celum
1187 2473 1343 2501 attollamus
1356 2482 1362 2500 :
1380 2473 1507 2505 Elevatio,
1520 2472 1615 2507 inquit,
1626 2480 1748 2499 "inimum
1762 2481 1832 2499 meu-

1032 2528 1090 2547 rum
1108 2519 1262 2554 sacri/icium
1288 2519 1455 2554 vespertinum
1475 2518 1563 2554 (Psal.
1580 2518 1643 2545 ΗΟ.
1658 2518 1689 2552 2)
1704 2526 1710 2544 :
1725 2518 1747 2545 si
1771 2526 1832 2545 cum

1037 2566 1161 2594 manibus
1184 2570 1301 2593 nentem
1324 2572 1432 2601 quoque
1456 2564 1642 2591 sustollamus.
1665 2563 1748 2592 Scitis
1774 2572 1832 2599 quae

1034 2614 1106 2647 dico,
1131 2620 1181 2640 vos
1195 2613 1239 2647 qui
1260 2612 1393 2647 mysteriis
1409 2611 1474 2639 estis
1493 2610 1587 2638 initiati
1601 2620 1608 2638 :
1623 2610 1735 2638 fortasse
1750 2618 1831 2645 agno-

1033 2660 1109 2688 scitis
1128 2659 1200 2694 quod
1221 2659 1322 2685 dictum
1335 2661 1387 2691 est.
1403 2657 1554 2692 perspicitis
1567 2656 1639 2692 quod
1653 2656 1733 2684 tacite
1747 2656 1831 2683 inuui.

1035 2706 1147 2733 Sursum
1163 2705 1285 2732 tollamus
1296 2709 1412 2731 nostram
1422 2703 1623 2738 cogitationem.
1632 2702 1697 2730 Novi
1708 2710 1757 2737 ego
1771 2703 1843 2730 mu?-

1036 2758 1077 2781 tos
1086 2752 1157 2780 viros
1171 2759 1185 2778 a
1196 2757 1264 2779 terra
1273 2751 1329 2779 fere
1337 2750 1531 2786 pendentes,et
1541 2749 1608 2777 ultra
1620 2749 1729 2778 modum
1741 2755 1836 2776 niaims

1035 2799 1226 2829 extendentes,
1249 2803 1276 2825 et
1298 2805 1370 2832 πει-ε
1390 2796 1508 2824 ferentes
1529 2796 1600 2831 quod
1616 2804 1667 2823 non
1681 2795 1765 2831 possit
1780 2794 1838 2822 ﬁeri

1037 2851 1067 2875 ut
1079 2846 1132 2874 sint
1148 2847 1174 2873 iu
1192 2853 1254 2873 aere
1270 2844 1394 2877 sublimo,
1419 2848 1446 2871 ct
1458 2845 1492 2872 ita
1504 2847 1644 2879 precantes
1662 2850 1830 2877 cummagna

1074 2897 1110 2928 (ιι)
1125 2897 1150 2921 1η
1170 2896 1222 2921 Inec
1234 2896 1308 2921 verba
1327 2895 1419 2921 desinit
1433 2895 1541 2921 humilia.
1561 2895 1591 2921 Ει
1607 2894 1717 2927 qualum
1729 2900 1755 2919 In
1772 2893 1843 2920 Coll‘.

1042 2930 1103 2954 mire
1115 2927 1213 2953 confusa
1226 2932 1250 2954 et
1262 2929 1383 2960 permixta
1395 2931 1460 2953 sunt.
